3962 6180
445 330 554 389 235

1406 327 1464 382 S.
1506 323 1854 382 A'GOBARDI
1892 319 2197 378 EPISCOPI
2235 318 2719 379 LUGDUNENSIS

3591 322 3700 378 πο

449 448 730 515 primitias.
757 444 850 496 sed
879 445 1040 498 etiam
1087 444 1300 500 tertiam
1327 453 1536 514 partem
1566 444 1684 500 sicli
1722 447 1866 499 omni
1910 453 2022 498 stu-
2050 439 2102 498 Α
2126 445 2271 504 runt,
2308 446 2362 492 et
2386 453 2512 493 suos
2541 437 2748 506 utique,
2805 451 2910 491 non
2951 436 3156 491 alienos
3180 475 3193 500 ,
3245 447 3442 489 nomen
3484 433 3697 490 Domini

446 543 537 596 dio
567 539 840 610 religionis
879 537 1150 595 ferventes
1199 542 1463 596 curabant
1489 540 1797 606 exsolvere;
1851 538 2022 593 adim-

448 631 653 698 plcntes
699 627 1076 698 proculdubio
1114 640 1441 699 prmceptum
1479 629 1612 699 legis
1639 670 1654 696 ,
1708 645 1826 699 quce
1857 630 2018 684 dicit:

446 719 577 773 Cum
602 720 794 774 vovet-is
841 729 1012 774 votum
1049 719 1270 775 Domino
1331 720 1436 774 Deo
1487 732 1596 785 tuo,
1633 737 1737 774 non
1787 720 2022 773 tardabis

450 810 693 875 reddere;
732 812 857 880 quia
887 810 1108 882 requiret
1148 810 1298 864 illum
1330 811 1589 865 Dominus
1626 811 1765 865 Deus
1797 819 1939 875 tuus,
1975 819 2024 864 et

447 903 492 955 si
521 912 755 955 moratus
783 901 967 968 fueris,
997 901 1322 972 reputabitur
1347 902 1441 953 tibi
1462 901 1515 954 in
1538 911 1826 970 peccatum.

518 991 631 1044 XII.
673 990 802 1057 Qum
825 990 986 1045 verba
1018 989 1220 1044 idcirco
1241 990 1330 1044 hic
1350 990 1600 1058 ponenda
1623 989 1828 1060 putavi,
1852 999 1911 1042 ut
1939 1005 2024 1044 re—

451 1081 640 1150 ligiose
669 1080 840 1135 ﬁdelis
866 1081 1096 1149 quisque
1118 1080 1446 1145 consideret,
1479 1080 1604 1148 quia
1636 1079 1680 1133 si
1715 1079 1789 1133 illi
1815 1079 1906 1148 qui
1935 1094 2029 1134 vo-

451 1177 619 1223 vetet
644 1171 796 1223 tarde
825 1169 1020 1233 reddit,
1054 1169 1283 1224 tarditas
1315 1169 1430 1239 ipsa
1473 1170 1528 1223 in
1557 1177 1841 1239 peceatum
1870 1185 2028 1239 repu-

451 1259 675 1323 tabitur,
704 1258 872 1312 multo
902 1259 1090 1327 utique
1117 1257 1334 1326 majoris
1359 1260 1606 1314 criminis
1635 1277 1761 1314 reus
1801 1269 1906 1325 est,
1933 1261 2025 1330 qui

449 1363 549 1403 nec
578 1348 728 1402 tarde
755 1349 897 1418 quod
925 1349 1074 1403 vovit
1095 1348 1343 1403 exsolvit.
1384 1349 1443 1402 Si
1465 1364 1593 1403 vero
1615 1350 1661 1404 is
1687 1350 1780 1419 qui
1805 1350 2024 1419 propria

447 1449 568 1494 vota
600 1455 706 1493 non
731 1439 926 1505 reddit,
957 1437 1187 1494 inﬁdelis
1215 1453 1336 1494 esse
1360 1440 1718 1504 convincitur,
1741 1439 1894 1507 juxta
1921 1441 2024 1496 Ec-

448 1531 772 1596 clesiastem,
803 1529 893 1599 qui
915 1530 1044 1585 dicit
1071 1530 1356 1600 displicere
1378 1530 1488 1586 Deo
1514 1530 1781 1586 inﬁdelem
1810 1540 1864 1586 et
1887 1531 2022 1585 stul-

449 1634 558 1679 tam
585 1624 1024 1694 promissionem,
1052 1631 1108 1678 et
1134 1623 1375 1678 omnium
1404 1623 1596 1679 melius
1639 1639 1759 1680 esse
1789 1639 1897 1678 non
1925 1638 2019 1678 vo-

449 1731 576 1770 vere
599 1730 759 1784 quam
783 1722 904 1784 post
921 1722 1064 1780 vota,
1089 1717 1358 1785 promissa
1395 1730 1503 1770 non
1523 1715 1780 1780 reddere;
1813 1723 2016 1785 quanto

2123 526 2546 582 eommaculasse
2565 526 2838 591 dicuntur,
2861 534 2917 580 et
2935 527 3004 580 ob
3025 527 3127 580 hoc
3151 524 3468 594 gravissima
3492 524 3700 579 ultione

2122 616 2462 686 plectuntur;
2497 616 2728 671 ﬁdeliter
2770 617 3053 686 religiosus
3097 615 3324 685 quisque
3369 615 3697 678 consideret,

2124 716 2326 778 quanto
2357 707 2822 764 irremediabiliori
2853 708 3036 763 furore
3087 708 3233 776 digni
3271 715 3418 772 sunt,
3468 707 3561 776 qui
3591 722 3699 761 nou

2125 799 2298 853 solum
2327 799 2574 870 proprios
2596 798 2725 853 olim
2747 811 2933 854 servos
2956 814 2985 852 a
3005 813 3065 852 se
3084 797 3167 852 vel
3191 813 3220 850 a
3242 797 3557 867 parentibus
3585 799 3699 852 suis

2125 887 2374 943 libertate
2403 888 2634 942 donatos
2663 900 2689 928 α
2720 889 2776 941 in
2831 887 3111 942 servitium
3167 895 3461 952 revocant,
3510 901 3699 942 verum

2126 981 2290 1035 etiam
2311 979 2379 1034 ab
2407 980 2528 1035 aliis
2561 979 2784 1035 libertos
2813 979 2986 1035 factos
3004 1021 3017 1043 ,
3048 987 3104 1033 et
3129 995 3158 1033 a
3185 978 3560 1033 liberatoribus
3586 980 3700 1034 suis

2127 1072 2415 1142 patrocinii
2459 1080 2516 1127 et
2546 1071 2876 1126 defensionis
2912 1087 3074 1126 causa
3096 1070 3353 1124 Ecclesia:
3403 1071 3697 1141 delegatos,

2127 1170 2316 1217 contra
2345 1161 2428 1217 fas
2470 1161 2841 1230 multipliciter
2867 1160 3127 1232 allliguut,
3157 1162 3410 1230 omnique
3438 1164 3699 1218 servitute

2126 1250 2471 1320 deprimunt,
2504 1251 2647 1305 nulla
2696 1251 2954 1305 Ecclesiae
2984 1251 3070 1305 vel
3119 1251 3485 1306 sacerdotibus
3512 1252 3700 1307 relicta

2123 1349 2416 1411 potestate,
2450 1340 2541 1410 qui
2565 1356 2658 1398 eos
2680 1350 3031 1411 patronorum
3072 1342 3189 1396 vice
3217 1342 3352 1395 tueri
3384 1342 3696 1397 debuerant.

2127 1430 2486 1487 Vehementer
2520 1448 2746 1503 prorsus
2771 1448 2967 1487 nomen
2998 1431 3210 1486 Domini
3247 1448 3277 1486 a
3312 1433 3508 1489 talibus
3547 1451 3701 1490 com-

2121 1525 2457 1592 maculatur;
2515 1526 2814 1594 domusque
2855 1525 2992 1594 ejus,
3027 1539 3146 1594 quae
3169 1533 3253 1579 est
3288 1523 3562 1592 Ecclesia,
3592 1529 3702 1581 vio-

2132 1613 2305 1669 lenter
2351 1615 2641 1684 prazdatur,
2675 1622 2731 1668 et
2777 1622 2950 1667 mater
3004 1613 3241 1668 ﬁdelium
3292 1615 3699 1679 exhonoratur;

2127 1703 2286 1773 hujus
2311 1704 2541 1772 injuria,
2569 1703 2756 1774 procul
2791 1703 2952 1758 dubio
3003 1713 3058 1757 et
3091 1703 3189 1758 Dei
3238 1714 3342 1759 est.
3397 1705 3465 1758 Et
3491 1705 3556 1760 de
3597 1705 3702 1760 hac

450 1803 670 1873 majoris
697 1805 993 1876 impietatis
1015 1821 1140 1860 reus
1161 1814 1265 1871 est,
1297 1806 1386 1875 qui
1411 1821 1474 1860 ea
1511 1821 1630 1876 quae
1651 1805 1742 1860 alii
1763 1814 2027 1860 voverunt

2141 1795 2345 1864 quidem
2368 1797 2666 1861 sententia,
2698 1796 2903 1864 absque
2945 1795 3174 1850 aliorum
3222 1796 3437 1852 lmsione
3464 1803 3491 1864 ,'
3517 1802 3702 1852 lorsan

451 1913 514 1951 ac
533 1895 903 1951 reddiderunt
930 1903 1171 1966 usurpat,
1207 1896 1432 1960 invadit,
1454 1895 1658 1965 diripit,
1691 1903 1748 1950 et
1773 1896 2030 1965 diripien-

452 1991 520 2043 da
547 1986 812 2048 concedit,
841 1983 1527 2056 perversequejudicando,
1546 1985 1632 2040 vel
1661 1985 1926 2040 fallaciter
1949 1993 2030 2042 te-

453 2077 756 2142 stiﬁcando,
791 2085 952 2146 atque
985 2076 1144 2145 impie
1169 2076 1516 2146 perjurando,
1546 2092 1574 2129 a
1598 2076 1758 2130 domo
1778 2075 1873 2129 Dei
1901 2074 2031 2128 alie-

451 2183 579 2224 nare
610 2167 844 2224 festinat.
875 2167 963 2221 ubi
991 2166 1060 2221 ab
1081 2166 1198 2222 aliis
1225 2174 1350 2221 vota
1373 2174 1426 2224 et
1455 2165 1666 2223 reddita
1690 2181 1754 2222 ac
1786 2165 2029 2238 delegata

455 2269 582 2318 sunt
607 2262 619 2314 !

525 2354 659 2409 XIII.
702 2353 954 2425 Legimus
982 2354 1037 2408 in
1066 2353 1244 2408 Libris
1278 2352 1487 2424 Regum
1507 2392 1522 2417 ,
1545 2352 1695 2422 quod
1735 2365 1841 2405 non
1875 2350 2032 2405 modo

453 2446 752 2502 laudabiles
775 2486 790 2511 ,
830 2460 1015 2500 verum
1039 2445 1206 2499 etiam
1232 2442 1689 2516 reprehensibiles
1739 2455 1916 2511 reges,
1966 2455 2030 2494 ea

453 2551 572 2605 qua:
599 2543 783 2606 patres
824 2534 1039 2589 illorum
1070 2541 1334 2589 voverant
1379 2547 1482 2587 nec
1532 2531 1897 2596 reddiderant,
1930 2531 2034 2600 ipsi

454 2627 754 2682 intulerunt
799 2627 852 2680 in
887 2625 1106 2680 domum
1138 2624 1372 2690 Domini,
1402 2631 1458 2678 et
1493 2623 1548 2678 in
1581 2623 1865 2678 thesauros
1893 2619 2029 2690 ejus.

455 2719 515 2776 Si
545 2735 675 2791 ergo
700 2718 952 2774 laudatur
991 2717 1164 2787 pietas
1213 2715 1445 2770 ﬁliorum
1482 2722 1710 2784 paterna
1743 2721 1866 2768 vota
1913 2713 2037 2767 red-

457 2811 702 2868 dentium
725 2850 738 2874 ,
771 2824 802 2864 e
845 2808 1119 2863 contrario
1148 2807 1296 2862 omni
1327 2813 1410 2862 est
1433 2805 1810 2881 exsecratione
1834 2804 2037 2874 dignis-

458 2906 656 2962 simum
685 2903 730 2958 si
752 2902 927 2971 patris
951 2907 1134 2956 votum
1157 2899 1298 2954 ﬁlius
1334 2897 1635 2962 subtrahat,
1669 2897 1920 2966 quodque
1947 2896 2036 2952 ille
2106 2919 2124 2938 ο

455 2993 708 3060 contulit,
735 2993 827 3048 hic
841 2991 1056 3048 auferre
1076 3008 1184 3046 non
1207 2999 1434 3046 metuat.
1454 2989 1675 3060 Legitur
1694 2990 1749 3044 in
1766 2989 2036 3044 volumine

451 3083 706 3140 Jeremite
733 3083 1034 3153 propheta,
1065 3083 1206 3152 quod
1242 3090 1487 3152 tempore
1530 3080 1622 3136 illo
1657 3080 1930 3151 principes
1981 3089 2038 3136 et

358 3185 361 3187 '
458 3173 745 3227 universus
779 3171 1010 3242 populus
1036 3172 1274 3226 inierunt
1315 3178 1571 3240 pactum,
1630 3177 1690 3224 ut
1735 3171 2035 3225 dimitteret

457 3265 827 3334 unusquisque
857 3278 1070 3318 servum
1120 3277 1296 3327 suum,
1350 3260 1636 3317 Hebraeum
1683 3260 1936 3316 videlicet
1980 3270 2036 3315 et

457 3354 762 3419 llebraeam,
785 3353 876 3422 qui
901 3360 1080 3407 tamen
1099 3353 1154 3407 in
1176 3353 1526 3422 sequentibus
1546 3351 1706 3407 amici
1727 3359 1783 3406 et
1801 3353 2035 3422 proximi

459 3457 525 3499 ac
552 3442 748 3499 fratres
769 3442 1047 3510 dicuntur,
1083 3451 1140 3498 et
1181 3443 1320 3498 ultra
1358 3443 1438 3499 eis
1458 3458 1566 3498 non
1603 3443 2033 3510 dominarentur,

457 3534 813 3604 conversique
839 3534 1093 3603 deinceps
1114 3533 1445 3589 retraxerint
1493 3549 1681 3588 servos
1726 3541 1782 3589 et
1807 3535 2035 3590 ancillas

459 3639 586 3680 suas
606 3665 621 3692 ,
654 3639 790 3695 quos
814 3624 1133 3689 dimiserant
1152 3623 1355 3681 liberos
1376 3665 1391 3690 ,
1449 3632 1505 3680 et
1544 3623 1954 3696 subjugaverint
1983 3626 2036 3683 in

461 3713 694 3770 famulos
730 3729 796 3770 ac
821 3713 1072 3770 famulas.
1103 3714 1276 3782 Quam
1325 3713 1395 3770 ob
1435 3730 1652 3770 causam
1680 3715 1917 3786 graviter
1945 3715 2040 3770 ad-

464 3821 679 3863 versum
705 3820 806 3862 eos
829 3804 925 3860 Dei
957 3804 1038 3860 ira
1068 3820 1355 3871 succensa.
1381 3804 1478 3861 tali
1495 3805 1615 3860 illos
1643 3805 1872 3876 percth
1893 3820 2040 3860 com-

463 3895 820 3952 minationum
845 3894 1081 3964 procella
1111 3910 1126 3949 :
1166 3893 1289 3962 Vos,
1316 3896 1584 3966 inquiens,
1618 3896 1808 3950 reversi
1827 3896 1965 3956 estis,
1992 3905 2040 3949 et

461 3986 881 4043 cmnmaculastis
909 4003 1094 4042 nomen
1115 4004 1289 4041 meum
1307 4028 1323 4053 ,
1367 3998 1416 4042 et
1443 3987 1724 4042 reduxistis
1762 3987 2041 4058 unusquis-

457 4094 559 4147 que
579 4093 779 4131 servum
803 4092 956 4130 suum
983 4085 1032 4130 et
1058 4076 1306 4131 ancillam
1325 4117 1340 4142 ,
1379 4089 1502 4149 quot
1526 4079 1848 4133 dimiseratis
1871 4088 1927 4132 ut
1963 4095 2043 4133 es-

463 4174 574 4218 sent
605 4163 784 4228 liberi,
833 4173 880 4218 et
915 4164 1238 4234 subiugastis
1281 4183 1389 4220 eos.
1437 4166 1720 4238 Propterea
1760 4167 1871 4221 Iure
1913 4168 2042 4224 dicit

469 4253 721 4308 Dominus
776 4266 795 4306 :
845 4250 944 4310 Vos
993 4271 1098 4308 non
1148 4255 1369 4310 audistis
1399 4273 1517 4323 me,
1571 4267 1628 4312 ut
1683 4259 2042 4330 praedicat-etis

469 4343 759 4397 libertatem
795 4345 1148 4416 unusquisque
1174 4344 1330 4414 fratri
1358 4357 1405 4400 et
1431 4349 1599 4403 amico
1632 4366 1748 4404 suo.
1793 4347 1930 4405 Ecce
1949 4367 2041 4421 ego

2127 1885 2274 1955 loqui
2297 1901 2406 1940 non
2431 1901 2735 1956 possumus.
2763 1884 2820 1940 Si
2845 1887 2931 1940 cui
2961 1895 3138 1941 tamen
3166 1886 3330 1941 libeat
3355 1888 3706 1942 considerare

2133 1975 2424 2044 patienter,
2455 1975 2597 2029 valet
2625 1976 2894 2045 inspicere
2922 1986 3126 2047 quanto
3149 1978 3266 2033 ιιωο
3308 1986 3548 2049 tempora
3594 1980 3708 2033 sint

2131 2064 2317 2134 pejora
2337 2106 2351 2131 ,
2378 2080 2541 2135 quam
2571 2066 2792 2122 fuerunt
2815 2077 2975 2122 antea
3007 2068 3168 2122 etiam
3205 2067 3296 2123 illa
3331 2085 3450 2140 qua:
3479 2070 3578 2124 sub
3623 2071 3706 2123 in-

2131 2155 2380 2212 ﬁdelibus
2409 2158 2762 2212 transierunt.
2792 2157 2874 2212 Illi
2909 2173 3142 2228 namque
3171 2159 3275 2214 diis
3315 2159 3450 2225 suis,
3479 2159 3570 2229 qui
3595 2175 3706 2215 non

2131 2256 2289 2305 erant
2312 2249 2410 2315 dii,
2435 2251 2531 2304 sed
2555 2265 2721 2320 opera
2759 2266 3012 2305 manuum
3025 2268 3240 2319 eorum,
3268 2253 3526 2308 honorem
3547 2254 3672 2309 exhi
3689 2284 3706 2295 ο

2134 2341 2351 2406 bebant,
2394 2356 2495 2396 nec
2539 2356 2726 2395 eorum
2755 2357 2911 2396 sacra
2952 2343 3069 2396 ausi
3090 2351 3253 2398 erant
3280 2343 3504 2398 violare.
3553 2344 3707 2399 Nunc

2135 2439 2316 2486 autem
2349 2431 2404 2485 hi
2449 2431 2643 2500 quibus
2691 2431 2894 2485 dictum
2918 2437 3021 2497 est,
3065 2431 3284 2485 Honora
3316 2433 3599 2487 Dominum
3641 2435 3707 2488 de

2135 2531 2227 2575 tua
2247 2520 2560 2584 substantia,
2613 2535 2768 2574 versa
2799 2521 2918 2576 vice
2959 2523 3298 2577 exhonorant
3326 2522 3608 2578 Dominum
3639 2524 3708 2579 de

2137 2627 2265 2677 sua;
2293 2626 2415 2666 cum
2439 2625 2548 2665 non
2573 2609 2746 2665 solum
2770 2611 3154 2666 ecclesiastica:
3176 2613 3388 2668 familia:
3414 2613 3710 2669 abutuntur

2137 2699 2398 2766 servitiis,
2432 2699 2529 2754 sed
2568 2707 2623 2754 et
2647 2699 2872 2756 libertos
2894 2698 3010 2770 ejus
3056 2703 3352 2758 miserabili
3401 2703 3712 2774 deprimunt

2137 2791 2424 2847 servitute.

2215 2881 2308 2938 XV
2317 2921 2332 2934 .
2364 2883 2533 2938 Porro
2545 2885 2687 2954 quod
2701 2884 3014 2955 ignorantes
3026 2885 3198 2942 Deum
3212 2902 3422 2954 verum,
3440 2887 3713 2959 falsosque

2143 2971 2404 3038 colentes,
2442 2972 2756 3044 diligentius
2780 2974 3025 3030 deferant
3050 2979 3218 3033 sacris
3239 2993 3301 3033 ac
3343 2981 3715 3036 sacerdotibus

2144 3061 2280 3127 suis,
2300 3077 2461 3131 quam
2476 3078 2620 3117 nunc
2633 3063 2896 3134 plerique,
2913 3065 2967 3119 in
2984 3081 3137 3121 sacra
3151 3068 3378 3122 historia
3390 3069 3718 3126 manifestis-

2065 3124 2108 3187 Ο
2142 3153 2278 3207 sime
2303 3156 2736 3208 demonstratur:
2763 3171 2882 3227 qua:
2905 3158 3524 3230 narratbeatumloseph
3543 3169 3716 3216 totam

2140 3251 2340 3297 terram
2359 3241 2494 3313 Aigy
2505 3244 2578 3312 pti
2592 3241 2885 3312 subjeeisse
2898 3245 3189 3314 Pharaoni,
3206 3258 3404 3318 prater
3417 3259 3614 3304 terram
3628 3265 3718 3304 sa-

2138 3338 2440 3401 cerdotum,
2462 3351 2581 3404 qua:
2611 3352 2641 3390 a
2657 3352 2782 3408 rege
2793 3339 2873 3393 eis
2891 3340 3087 3394 tradita
3111 3339 3316 3406 fuerat;
3339 3343 3533 3410 quibus
3545 3351 3598 3396 et
3612 3351 3720 3397 sta-

2138 3436 2253 3483 tuta
2269 3427 2474 3482 cibaria
2489 3442 2554 3481 ex
2572 3428 2781 3484 horreis
2794 3430 3024 3502 publicis
3035 3434 3434 3503 praebebantur,
3449 3445 3502 3489 et
3515 3415 3718 3491 ideirco

2137 3534 2245 3573 non
2258 3526 2384 3573 sunt
2396 3519 2656 3589 compulsi
2673 3523 2906 3578 vendere
2919 3526 3288 3592 possessiones
3300 3540 3445 3580 suas.
3466 3525 3579 3593 Qua
3591 3527 3644 3581 in
3659 3529 3721 3581 re

2137 3609 2472 3682 pensandum
2485 3617 2589 3677 est,
2605 3620 2802 3680 quanta
2819 3613 3093 3683 diligentia
3107 3617 3415 3670 sacerdotes
3427 3631 3552 3671 suos
3563 3631 3723 3672 vene-

2141 3710 2410 3769 rarentur,
2432 3703 2626 3774 quibus
2659 3719 2767 3760 non
2800 3705 2972 3760 solum
3004 3707 3225 3762 donaria
3256 3721 3409 3762 sacra
3447 3708 3697 3763 ministra

2139 3795 2292 3862 bant,
2311 3797 2404 3852 sed
2419 3805 2475 3851 et
2501 3810 2816 3851 communes
2835 3797 2986 3851 cibos
3015 3805 3125 3852 tam
3145 3798 3373 3853 sollicite
3385 3798 3719 3876 prtebebant,

2139 3897 2200 3950 ut
2219 3904 2320 3944 nec
2344 3903 2664 3959 comparare
2693 3904 2786 3944 eos
2811 3897 3140 3960 paterentur.
3171 3889 3242 3945 At
3261 3907 3402 3946 nunc
3423 3893 3474 3945 in
3497 3891 3724 3962 quibus-

2141 3977 2263 4034 dam
2293 3979 2446 4044 locis,
2464 3978 2642 4033 nullus
2663 3979 2795 4034 ordo
2816 3978 3112 4044 hominum,
3141 3981 3254 4034 sive
3275 3981 3384 4034 sint
3404 3980 3581 4043 liberi,
3605 3980 3725 4034 sive

2142 4071 2324 4137 servi,
2365 4071 2432 4126 de
2460 4071 2796 4126 habitatione
2826 4086 2922 4125 sua
2954 4080 3064 4126 tam
3096 4072 3293 4127 inﬁdus
3320 4082 3405 4128 est
3437 4083 3497 4127 ut
3533 4086 3723 4127 sacer-

2144 4161 2327 4228 dotes;
2362 4169 2422 4214 ut
2459 4169 2585 4232 pote
2612 4162 2705 4232 qui
2730 4161 2877 4216 nullo
2924 4163 3082 4218 modo
3113 4164 3288 4218 securi
3319 4179 3440 4218 esse
3488 4163 3720 4232 possint,

2144 4271 2245 4313 nec
2286 4257 2428 4311 scire
2454 4264 2588 4327 quot
2639 4256 2829 4311 diebus
2877 4256 3172 4311 Ecclesiam
3222 4256 3306 4311 vel
3356 4255 3725 4311 habitaculum

2145 4365 2300 4404 suum
2323 4350 2402 4406 eis
2425 4349 2626 4404 habere
2654 4349 2726 4403 sit
2754 4349 2982 4404 licitum.
3010 4349 3169 4405 Certe
3209 4366 3331 4404 cum
3355 4350 3582 4419 populus
3627 4349 3724 4404 Ju-

463 4431 693 4503 μνᾶνάὶεο
730 4432 1019 4488 libertatem
1047 4472 1062 4499 ,
1105 4433 1178 4488 ait
1219 4433 1508 4500 Dominus,
1563 4436 1632 4490 ad
1676 4435 1945 4507 gladium,
1992 4447 2041 4492 et
2067 4471 2120 4530 Β
2146 4441 2334 4495 daieus
2358 4440 2413 4494 in
2447 4441 2648 4510 templo
2674 4439 2928 4507 Domini,
2969 4451 3165 4511 praeter
3193 4455 3280 4495 res
3318 4456 3524 4505 sacras,
3554 4441 3723 4494 etiam

465 4532 656 4592 pestem
685 4565 702 4591 ,
769 4533 818 4580 et
874 4525 1064 4595 famem
1089 4566 1104 4591 ,
1162 4534 1214 4579 et
1253 4525 1389 4580 dabo
1430 4544 1518 4582 vos
1549 4529 1608 4582 in
1644 4531 2038 4584 commotionem

467 4617 667 4672 cunctis
710 4617 880 4688 regnis
918 4628 1089 4673 terrm.
1121 4619 1188 4673 Et
1223 4626 1345 4690 post
1381 4635 1550 4689 pauca
1589 4621 1754 4676 infert
1796 4641 1808 4676 :
1851 4623 1920 4676 Et
1943 4627 2042 4679 erit

467 4710 821 4764 morticinium
846 4726 1026 4764 eorum
1073 4711 1128 4764 in
1168 4727 1340 4764 escam
1369 4710 1667 4766 volatilibus
1702 4712 1815 4768 caeli
1841 4755 1857 4780 ,
1883 4725 1931 4769 et
1961 4717 2044 4771 be-

470 4797 585 4852 stiis
620 4807 794 4852 terrm.

544 4887 685 4944 XIV.
724 4889 911 4960 Itaque
935 4891 981 4946 si
1010 4891 1085 4945 illi
1116 4893 1205 4962 qui
1257 4905 1445 4948 servos
1494 4893 1750 4953 Hebratos
1796 4898 2046 4956 dimissos

461 4977 619 5046 juxta
661 4977 831 5050 legem
868 4978 1089 5047 liberos,
1143 4982 1341 5037 iterum
1375 4982 1430 5037 in
1466 4985 1748 5041 servitium
1801 4996 2047 5044 retraxe-

2151 4545 2468 4586 communes
2495 4538 2710 4600 ageret,
2749 4539 2912 4600 atque
2962 4531 3016 4584 in
3051 4532 3281 4586 sacratis
3333 4531 3486 4584 atriis
3515 4529 3729 4584 venalia

2149 4623 2361 4678 diversa
2385 4621 2708 4686 collocaret;
2740 4636 3046 4691 quanquam
3069 4631 3125 4676 et
3163 4623 3335 4692 ipsum
3371 4623 3518 4677 licite
3547 4635 3735 4675 sacro-

2150 4728 2271 4767 rum
2299 4728 2464 4767 causa
2495 4712 2612 4768 ﬁeri
2641 4721 2945 4782 putaretur,
2975 4723 3033 4766 ut
3055 4714 3288 4769 oblaturi
3310 4713 3594 4776 sacriﬁcia,
3627 4729 3733 4769 nec

2151 4805 2218 4860 de
2265 4820 2363 4859 suo
2415 4805 2708 4869 habentes,
2763 4803 2920 4860 facile
2976 4807 3336 4875 comparanda
3381 4805 3729 4869 invenirent;

2151 4907 2332 4952 tamen
2359 4896 2642 4954 Dominus.
2681 4903 2742 4950 ut
2785 4896 2975 4950 domus
3004 4911 3114 4951 suae
3140 4903 3198 4952 et
3240 4896 3408 4966 patris
3453 4910 3639 4951 curam
3669 4911 3735 4951 se

2151 4988 2354 5043 habere
2384 4995 2736 5052 monstraret,
2767 4985 2912 5055 quod
2939 4986 3085 5042 nullo
3111 4985 3215 5041 alio
3265 4987 3319 5042 in
3369 4987 3489 5042 loco
3536 4986 3735 5042 fecisse

1810 5077 2083 5137 BALUZII
2117 5078 2346 5137 NOTAE.

540 5171 564 5198 ο
592 5157 658 5211 In
705 5161 970 5216 servitium
1021 5172 1281 5216 revocant.
1338 5163 1573 5218 Vetitum
1617 5164 1765 5219 illud.
1822 5164 2052 5222 Servum

469 5228 613 5282 enim
641 5226 890 5285 libertate
925 5232 1178 5285 donatum
1217 5247 1474 5288 revocare
1509 5234 1562 5286 in
1599 5236 1912 5289 servitutem
1945 5253 2052 5292 non

469 5296 630 5360 licet,
678 5299 780 5378 nisi
825 5301 981 5378 titulo
1020 5301 1238 5378 ingrati.
1288 5302 1486 5378 verum
1526 5303 1672 5357 nullo
1709 5307 1868 5378 modo
1897 5321 2055 5375 posse

473 5371 715 5438 revocari
755 5383 854 5438 eos
889 5372 979 5438 qui
1024 5371 1280 5427 Eeclesize
1323 5373 1550 5438 delegati
1599 5383 1761 5438 sunt,
1814 5371 2055 5432 decrevit

475 5436 711 5515 synodus
735 5435 1065 5515 Arattsicana
1099 5443 1272 5513 prima
1303 5457 1424 5497 can.
1444 5435 1512 5515 17_:
1549 5459 1566 5491 ‹
1585 5435 1918 5515 -ΙηγΕόοιθςὶθ
1946 5463 2058 5501 ma-

474 5507 766 5576 numissos,
797 5507 881 5560 vel
916 5525 1011 5576 per
1042 5507 1422 5567 testamentum
1471 5511 1727 5567 Ecclesia:
1775 5530 2054 5574 commen-

475 5576 653 5655 datos,
685 5575 728 5655 si
758 5577 880 5644 quis
907 5575 1304 5655 in__servitutetn
1323 5622 1337 5645 ,
1369 5581 1451 5655 vel
1484 5582 1830 5651 obsequium,
1866 5585 1953 5640 vel
1985 5586 2053 5640 ad

477 5643 804 5723 colonariam
843 5647 1202 5723 conditionem
1233 5643 1540 5720 imprimere
1577 5643 1896 5723 tentaverit,
1940 5656 2056 5709 ani-

475 5714 852 5776 madversione
882 5715 1248 5773 ecclesiastica
1291 5714 1637 5789 c'oerceatur;
1671 5743 1691 5779 υ
1743 5725 1836 5795 qui
1879 5714 2054 5794 canon

2226 5178 2342 5225 stea
2375 5169 2632 5238 repetitus
2665 5178 2750 5224 est
2786 5170 2839 5224 iu
2874 5170 3104 5226 concilio
3131 5171 3436 5226 Arelatensi
3472 5169 3734 5225 secundo.

2187 5239 2540 5294 lauumissum
2578 5254 2738 5306 porro
2779 5241 2833 5293 in
2873 5241 3136 5303 Ecclesia,
3179 5257 3209 5294 a
3249 5242 3467 5297 domino
3496 5255 3600 5294 non
3637 5254 3740 5308 po-

2157 5311 2322 5365 tuisse
2353 5309 2417 5361 ad
2448 5310 2759 5364 servitutem
2799 5311 3069 5374 revocari,
3111 5313 3272 5366 etiam
3313 5310 3468 5364 titulo
3498 5309 3737 5380 ingrati,

2156 5379 2315 5434 docet
2360 5392 2457 5431 nos
2483 5392 2674 5451 canon
2721 5380 2789 5434 34
2834 5382 3072 5451 ejusdem
3123 5381 3335 5436 concilii
3380 5379 3739 5451 Arelatensis.

2155 5451 2384 5518 Impium
2408 5448 2553 5519 enim
2576 5457 2680 5512 est,
2707 5459 2765 5504 ut
2789 5448 2929 5519 quod
2961 5451 3016 5504 in
3046 5452 3286 5507 Ecclesia
3310 5451 3404 5505 Dei
3430 5450 3751 5505 considera-

2159 5521 2302 5575 tione
2330 5533 2360 5571 a
2388 5518 2602 5572 vinculo
2627 5518 2903 5576 servitutis
2937 5521 3251 5586 absolvitur,
3292 5522 3508 5576 irritum
3535 5520 3749 5576 habea-

2160 5599 2277 5651 tur;
2331 5596 2390 5640 ut
2433 5587 2668 5657 loquitur
2712 5605 2882 5644 canon
2923 5591 2953 5642 7
2992 5591 3206 5646 concilii
3244 5607 3278 5644 v
3311 5591 3746 5648 Aurelianensis.

2161 5657 2294 5714 Vide
2319 5657 2484 5713 etiam
2511 5660 2797 5715 concilium
2828 5661 3216 5719 Matisconense
3242 5662 3558 5716 secundum.
