3962 6180
338 420 445 477 ΞΞἿ

1286 432 1415 489 LIB.
1459 436 1547 491 DE
1589 437 2137 498 DlSPENSATIONE
2179 446 2374 503 ECCL.
2421 448 2697 527 RERUDL

3526 468 3633 523 958

342 532 547 605 legitur
572 573 588 598 ,
631 532 869 604 ﬂagellis
904 538 1033 595 talia
1080 552 1302 614 agentes
1338 547 1642 606 eliminavit
1682 554 1747 608 de
1798 562 1928 609 tem-
1968 559 2019 618 Α
2044 557 2146 612 ἄιε.
2174 559 2434 634 Nunquid
2455 574 2659 638 tempus
2681 570 2820 625 vobis
2848 581 2924 627 est
2956 584 3011 629 ut
3036 576 3281 634 habitetis
3311 581 3367 636 in
3391 582 3631 642 domibus

340 621 451 694 plo.
482 621 689 680 Penset
714 626 881 696 igitur
901 628 988 682 cui
1013 630 1194 700 placet
1217 649 1285 690 ex
1317 634 1475 693 factis
1510 648 1565 695 et
1615 643 1795 698 verbis
1841 644 1941 700 Do-

340 712 510 778 mini,
530 715 581 768 si
611 714 667 769 in
697 714 815 784 ejus
830 714 992 773 domo
1011 721 1158 778 aliud
1179 722 1382 794 aliquid
1403 730 1638 784 vendere
1658 747 1766 786 non
1788 732 1936 803 licet,

335 813 550 875 quanto
579 806 758 877 magis
794 807 969 877 ipsam
998 810 1221 867 domum
1260 814 1441 873 facere
1469 819 1627 876 nefas
1654 831 1741 877 est
1772 840 1938 880 vena-

339 893 469 948 lem.
496 893 826 952 Sacerdotes
864 898 1277 971 Egyptiorum,
1329 914 1573 980 tempore
1618 911 1779 970 famis
1802 956 1817 982 ,
1858 917 1935 972 ita

335 983 564 1041 aluntur
591 987 728 1057 stipe
758 989 998 1057 publica,
1034 1002 1094 1047 ut
1133 998 1514 1064 possessiones
1543 1017 1672 1059 suas
1700 1006 1936 1063 vendere

336 1091 449 1132 non
477 1080 897 1149 compellantur.
929 1083 1082 1140 Nunc
1106 1101 1216 1143 non
1244 1090 1416 1145 solum
1442 1097 1819 1162 possessiones
1838 1116 1931 1157 ec-

333 1166 692 1237 clesiasticaz,
726 1173 824 1227 sed
857 1174 984 1244 ipsae
1028 1177 1194 1232 etiam
1224 1191 1251 1220 ι
1280 1180 1541 1239 Ecclesiae
1564 1200 1688 1241 cum
1716 1203 1932 1258 posses-

331 1260 586 1318 sionibus
612 1266 1012 1322 venundantur.
1072 1269 1188 1327 Nec
1240 1273 1307 1328 de
1334 1274 1443 1331 illis
1479 1293 1645 1347 quam
1689 1283 1928 1337 maxime

332 1355 605 1411 audemus
639 1359 840 1425 dicere,
870 1375 1101 1430 quorum
1120 1367 1308 1435 proavi
1343 1376 1438 1425 aut
1464 1370 1630 1426 abavi
1676 1382 1927 1430 constru-

328 1454 541 1500 xerunt
569 1450 848 1518 ecclesias,
876 1468 944 1508 ac
968 1455 1278 1512 ditaverunt
1300 1500 1316 1525 ,
1344 1468 1399 1516 ct
1429 1466 1770 1521 testamentis
1792 1467 1927 1522 scri-

327 1536 443 1604 ptis
472 1544 639 1609 atque
670 1540 895 1598 ﬁrmatis
931 1545 1109 1602 nullos
1133 1563 1192 1604 se
1235 1550 1518 1607 habituros
1546 1554 1789 1611 haeredes
1815 1558 1923 1613 nisi

325 1627 628 1685 ecclesiam
655 1640 708 1686 et
736 1642 980 1692 rectores
1016 1638 1135 1709 ejus
1160 1638 1651 1711 denuntiaverunt;
1699 1655 1755 1702 et
1778 1664 1923 1705 nunc

325 1720 435 1792 ipsi
467 1733 657 1778 contra
679 1726 938 1795 pietatem
964 1729 1252 1799 majorum,
1275 1733 1322 1788 si
1344 1736 1582 1804 parietes
1604 1738 1707 1793 sibi
1737 1741 1923 1797 vendi-

324 1828 461 1869 care
487 1817 769 1886 potuerint
793 1857 810 1883 ,
856 1834 964 1874 non
995 1828 1209 1876 tantum
1245 1838 1312 1879 ea
1341 1841 1463 1895 qua:
1511 1842 1542 1881 3
1574 1838 1919 1887 οοηεῐνυοῑο-

322 1906 479 1961 ribus
499 1907 693 1962 collata
712 1918 862 1975 sunt,
887 1911 980 1966 sed
998 1921 1055 1967 et
1077 1913 1246 1969 multa
1267 1931 1385 1984 quae
1404 1917 1649 1988 plerique
1674 1920 1914 1977 ﬁdelium
1943 1928 1989 1988 B

322 1998 477 2068 bpro
520 1999 818 2068 sepulturis
852 2012 945 2057 aut
969 2004 1209 2073 qualibet
1236 2006 1524 2065 devotione
1567 2011 1672 2066 alia
1710 2012 1915 2069 ibidem

318 2098 718 2156 sacraverant,
751 2107 875 2146 cum
906 2094 1038 2164 ipsis
1058 2095 1308 2153 ecclesiis
1333 2100 1569 2156 vendere
1589 2100 1799 2158 licitum
1821 2119 1915 2174 pu-

317 2187 465 2238 tant.
494 2180 645 2235 nullo
675 2182 1022 2251 prohibente.

386 2269 533 2325 XV].
561 2271 763 2326 Verum
799 2274 928 2344 quia
951 2291 1018 2331 ex
1041 2277 1201 2334 domo
1230 2277 1479 2347 Domini,
1532 2297 1652 2352 quae
1696 2283 1803 2340 fuit
1854 2287 1910 2344 in

314 2360 683 2429 Hierusalem,
713 2367 931 2421 occasio
962 2368 1116 2424 nobis
1165 2380 1375 2441 sumpta
1432 2374 1648 2431 videtur
1698 2386 1759 2433 ut
1805 2378 1907 2435 ista

316 2452 383 2507 de
424 2452 691 2509 Ecclesiis
722 2456 1059 2524 diceremus,
1095 2476 1164 2516 ne
1210 2461 1350 2519 forte
1396 2464 1594 2536 aliquis
1641 2476 1796 2538 putet
1842 2485 1906 2527 ea

310 2558 437 2622 qua:
466 2542 543 2600 de'
558 2545 646 2600 illa
677 2547 988 2604 referuntur
1016 2566 1124 2606 non
1148 2555 1423 2622 pertinere
1453 2557 1519 2612 ad
1545 2558 1734 2615 domos
1755 2561 1904 2617 basi-

311 2617 550 2690 licarum
580 2678 596 2703 ,
637 2638 946 2710 intelligat,
988 2643 1079 2697 cui
1110 2617 1234 2699 talis
1258 2645 1599 2717 subrepserit
1626 2652 1901 2721 cogitatio,

309 2741 372 2781 ea
402 2743 574 2783 causa
624 2729 742 2785 ﬁeri
769 2731 1067 2801 ecclesias,
1118 2750 1224 2805 qua
1251 2745 1308 2793 et
1357 2739 1473 2809 ipsa
1518 2742 1708 2799 domus
1760 2745 1904 2801 facta

306 2826 435 2883 est,
469 2818 542 2873 ad
591 2818 915 2877 laudandum
955 2824 1207 2881 videlicet
1258 2827 1449 2896 Deum,
1495 2833 1563 2887 ad
1609 2834 1905 2904 deprecan-

307 2909 444 2965 dum
473 2951 490 2977 ,
532 2913 602 2967 ad
626 2912 1074 2983 sacriﬁcandum;
1116 2918 1259 2974 sicut
1289 2920 1404 2989 ipse
1432 2919 1692 2979 Salomon
1730 2926 1902 2982 aediﬁ-

305 3009 468 3057 cator
493 3010 551 3057 et
572 3004 854 3060 dedicatur
880 3004 1122 3074 ejusdem
1144 3010 1332 3081 templi
1355 3011 1410 3065 in
1436 3013 1685 3071 oratione
1703 3031 1898 3073 conse-

304 3094 574 3150 crationis
594 3111 707 3152 suae
729 3098 808 3152 ait
831 3097 1095 3155 Domino:
1127 3100 1190 3158 Si
1211 3102 1399 3158 caelum
1436 3115 1485 3160 et
1512 3107 1627 3162 cwli
1650 3108 1899 3166 caelorum

303 3203 412 3242 που
437 3197 486 3242 te
508 3191 760 3260 capiunt,
789 3203 986 3264 quanto
1011 3196 1176 3266 magis
1201 3197 1388 3253 domus
1413 3200 1515 3255 ista
1541 3217 1699 3272 quam
1728 3203 1897 3274 azdiﬁ-

301 3280 466 3333 ωυἱὲ
501 3277 610 3335 Sed
630 3282 701 3335 ad
723 3284 822 3337 hoc
846 3293 1049 3339 tantum
1075 3286 1219 3357 facta
1246 3297 1321 3343 est
1349 3298 1405 3343 ut
1427 3291 1676 3362 respicias
1702 3294 1897 3348 oratio-
1924 3286 1968 3348 C

302 3385 425 3423 nem
448 3372 586 3424 servi
633 3374 737 3436 tui,
770 3382 820 3428 et
863 3374 1270 3433 obsecrationem
1318 3380 1435 3451 ejus
1456 3422 1471 3449 ,
1500 3380 1725 3439 Domine
1751 3384 1895 3440 Deus

297 3475 489 3525 meus;
519 3471 576 3515 ut
595 3465 803 3535 aperias
836 3466 1016 3522 oculos
1036 3477 1155 3524 tuos
1181 3486 1339 3542 super
1366 3471 1581 3527 domum
1605 3474 1763 3530 istam
1782 3476 1897 3531 die-

298 3552 397 3607 bus
446 3570 512 3608 ac
542 3555 802 3611 noctibus.
846 3557 1064 3615 Exaudi
1089 3577 1266 3633 preces
1293 3562 1484 3632 famuli
1533 3567 1611 3621 tui
1641 3578 1692 3622 et
1712 3567 1892 3640 populi

297 3641 378 3695 tui
413 3641 608 3710 Israel,
636 3646 935 3719 quicunque
961 3651 1189 3704 oraverit
1238 3660 1287 3705 te
1329 3652 1388 3707 in
1416 3652 1533 3709 loco
1572 3656 1695 3710 isto.
1746 3657 1891 3725 Qua-

295 3742 525 3804 propter
552 3739 701 3793 omni
723 3738 829 3794 ﬁde
853 3742 1109 3813 omnique
1138 3744 1352 3801 ratione
1374 3747 1637 3819 quidquid
1655 3751 1711 3805 in
1737 3752 1828 3808 illa
1855 3769 1888 3809 a

296 3824 599 3883 cultoribus
630 3828 715 3883 vel
735 3834 1205 3902 eontemptoribus
1232 3835 1441 3892 licitum
1482 3840 1599 3896 sive
1639 3840 1885 3899 illicitum

236 3946 247 3961 .
292 3922 509 3986 gestum
549 3924 659 3983 est,
690 3927 747 3973 et
767 3918 1031 3991 quidquid
1053 3923 1121 3978 de
1145 3923 1255 3988 illa,
1290 3932 1403 3981 tam
1450 3927 1520 3984 ad
1548 3928 1883 4001 diligentiam

290 4009 728 4076 exstruentium,
782 4026 944 4082 quam
995 4015 1063 4070 ad
1109 4016 1491 4089 negligentiam
1528 4021 1882 4087 cessantium,

288 4112 385 4153 seu
413 4097 482 4154 ad
507 4098 771 4155 malitiam
797 4104 1188 4160 destruentium
1206 4146 1221 4170 ,
1252 4107 1558 4176 pertinens,
1613 4124 1881 4167 memora-

287 4192 403 4251 tur,
422 4186 816 4246 aediﬁcatamm
843 4193 1193 4250 basilicarum
1212 4198 1480 4268 exempla,
1504 4200 1878 4271 auctoritates,

284 4289 342 4332 α
366 4277 552 4334 cultus
574 4295 698 4337 esse
719 4285 1011 4339 tenendum
1063 4293 1167 4342 est.
1196 4286 1554 4360 Consequens
1599 4305 1730 4364 ergo
1774 4295 1882 4350 erit

284 4373 344 4420 ut
377 4367 635 4437 religiose
669 4374 1105 4443 perpendamus,
1157 4377 1396 4447 qualiter
1442 4379 1702 4439 Dominus
1748 4398 1878 4456 erga

283 4464 743 4520 restaurationem
766 4466 1009 4537 ejusdem
1034 4470 1253 4542 templi,
1283 4481 1340 4527 et
1362 4473 1699 4546 negligentes
1726 4477 1879 4533 dam-

280 4563 395 4621 net,
425 4566 484 4612 et
506 4558 733 4616 devotos
762 4571 1097 4630 remuneret,
1146 4579 1214 4619 ex
1261 4566 1445 4622 verbis
1472 4583 1596 4639 qua:
1640 4585 1740 4640 per
1763 4570 1871 4643 Ag—

277 4661 457 4718 μου]
488 4650 810 4722 prophetam
852 4653 1129 4726 loquitur,
1172 4656 1360 4712 dicens

275 4739 443 4795 dicit:
457 4741 720 4800 Nondum
741 4746 879 4801 venit
900 4756 1103 4818 tempus
1140 4748 1328 4804 domus
1349 4749 1570 4808 Domini
1594 4753 1864 4823 aediﬁcan-

1419 4676 1432 4712 :
1488 4636 1726 4730 Populus
1769 4636 1870 4717 iste
1893 4636 1948 4697 D

2044 650 2299 722 laqueatis
2320 696 2335 722 ,
2368 666 2417 712 et
2444 658 2631 717 domus
2665 652 2766 718 ista
2794 665 3001 723 deserta
3018 670 3044 723 ?
3072 669 3145 725 Et
3189 689 3330 728 nunc
3360 677 3473 732 [nec
3501 680 3630 737 dicit

2039 738 2302 798 Dominus
2324 750 2652 805 exercituum
2688 766 2707 805 :
2738 751 2930 811 Ponite
2950 759 3111 815 corda
3134 771 3303 817 vestra
3338 782 3495 836 super
3519 771 3630 824 vias

2039 843 2253 890 uestras.
2282 837 2595 899 Seminastis
2622 847 2866 917 multum,
2902 861 2950 906 et
2988 854 3243 912 intulistis
3269 877 3491 930 parum;
3538 883 3630 919 co-

2037 930 2293 998 medistis,
2318 944 2368 989 et
2392 954 2495 992 non
2523 942 2646 996 estis
2667 946 2851 1000 satiati
2873 964 2892 1013 ;
2925 947 3149 1016 bibistis,
3179 960 3227 1005 et
3253 969 3356 1007 non
3375 956 3498 1010 estis
3518 959 3628 1014 ine-

2037 1018 2229 1088 briati;
2261 1029 2542 1095 operuistis
2586 1049 2674 1088 vos
2693 1076 2708 1101 ,
2755 1045 2805 1091 et
2853 1055 2958 1092 non
2990 1042 3115 1095 estis
3144 1041 3423 1113 calefacti;
3458 1055 3509 1100 et
3536 1050 3626 1121 qui

2033 1113 2294 1167 mercedes
2313 1122 2666 1189 congregavit,
2690 1125 2833 1179 misit
2852 1142 2941 1181 eas
2963 1129 3018 1182 in
3036 1130 3306 1185 sacculum
3329 1143 3622 1204 pertusum.

2032 1198 2164 1255 Herc
2188 1204 2316 1259 dicit
2335 1205 2596 1266 Dominus
2622 1216 2945 1270 exercituum
2968 1237 2986 1275 :
3027 1217 3216 1275 Ponite
3244 1224 3405 1278 corda
3451 1238 3623 1285 vestra

2028 1305 2187 1361 super
2204 1295 2315 1349 vias
2339 1306 2559 1366 vestras,
2608 1306 2875 1360 ascendite
2923 1310 2979 1362 in
3016 1321 3278 1379 montem,
3322 1328 3528 1386 portate
3552 1319 3620 1373 li-

2031 1398 2218 1452 gnum,
2261 1396 2311 1441 et
2336 1390 2597 1459 wdiﬁcate
2627 1396 2874 1464 domum;
2899 1410 2947 1454 et
2974 1405 3309 1472 acceptabilis
3339 1410 3469 1464 mihi
3495 1413 3617 1479 erit,

2025 1484 2074 1528 et
2094 1476 2450 1547 gloriﬁcabor,
2476 1485 2606 1540 dicit
2627 1487 2907 1547 Dominus.
2926 1492 3249 1565 Respexistis
3273 1501 3343 1555 ad
3364 1476 3615 1575 amplius,

2025 1575 2072 1621 et
2091 1584 2208 1624 ecce
2229 1570 2430 1640 factum
2454 1586 2530 1630 est
2567 1580 2742 1636 minus
2770 1596 2788 1634 :
2813 1596 2862 1638 et
2884 1586 3136 1643 intulistis
3174 1591 3231 1645 in
3270 1570 3517 1663 domum,
3566 1608 3618 1653 et

2021 1661 2287 1731 exsuﬁlavi
2339 1663 2492 1720 illud.
2529 1666 2701 1734 Quam
2754 1666 2817 1726 ob
2862 1679 3125 1732 causam?
3167 1680 3297 1735 dicit
3353 1661 3615 1743 Dominus

2020 1752 2363 1809 exercituum.
2392 1756 2532 1823 Quia
2557 1760 2742 1818 domus
2768 1782 2884 1820 mea
2909 1774 3116 1824 deserta
3142 1781 3239 1838 est,
3262 1782 3310 1827 et
3338 1791 3426 1831 vos
3455 1777 3602 1847 festi-

2014 1844 2158 1898 natis
2171 1851 2528 1923 unusquisque
2557 1854 2614 1908 in
2639 1855 2853 1913 domum
2881 1877 3053 1916 suam.
3088 1861 3316 1936 Propter
3336 1869 3434 1925 hoc
3455 1844 3613 1943 super

2017 1948 2108 1987 vos
2127 1936 2375 2003 prohibiti
2395 1952 2520 1997 sunt
2549 1945 2665 2000 cwli
2701 1964 2764 2002 ne
2792 1949 2979 2006 darent
3012 1971 3203 2022 rorem,
3235 1969 3282 2013 et
3319 1969 3461 2017 terra
3485 1980 3610 2035 pro-

2016 2023 2181 2081 hibita
2210 2039 2285 2084 est
2308 2048 2372 2087 ne
2398 2034 2547 2091 daret
2571 2054 2781 2108 germen
2820 2058 3010 2109 suum;
3037 2056 3085 2099 et
3112 2051 3291 2103 vocavi
3314 2052 3603 2109 siccitatem

2014 2133 2173 2187 super
2199 2128 2418 2191 terram,
2449 2135 2501 2180 et
2539 2144 2700 2200 super
2724 2143 2946 2199 montes,
2979 2145 3028 2191 et
3069 2154 3228 2209 super
3272 2142 3528 2209 triticum,
3556 2156 3607 2200 et

2011 2223 2170 2279 super
2196 2212 2392 2280 vinum,
2432 2225 2483 2271 et
2510 2235 2669 2289 super
2708 2220 2877 2277 oleum
2899 2266 2914 2291 ,
2963 2235 3011 2281 et
3038 2245 3360 2303 qua’cunque
3407 2236 3606 2306 profert

2010 2299 2228 2370 humus,
2258 2316 2308 2359 et
2336 2323 2494 2385 super
2516 2310 2751 2367 homines
2771 2354 2784 2379 ,
2819 2324 2869 2369 et
2899 2299 3061 2388 super
3070 2299 3340 2392 jumenta,
3373 2337 3423 2380 et
3450 2345 3609 2400 super

2012 2409 2218 2448 omnem
2247 2395 2482 2452 laborem
2529 2418 2803 2458 manuum.
2835 2406 2903 2461 Et
2951 2420 3078 2478 post
3126 2412 3303 2483 aliqua
3354 2434 3367 2470 :
3414 2395 3605 2481 Ponite

2008 2486 2169 2541 corda
2197 2497 2367 2544 vestra
2397 2507 2462 2545 ea:
2488 2493 2575 2548 die
2598 2496 2719 2560 ista,
2748 2507 2797 2552 et
2823 2501 2879 2554 in
2902 2502 3162 2572 futurum,
3191 2526 3223 2562 a
3244 2509 3329 2564 die
3357 2516 3598 2570 vicesima

2006 2583 2054 2628 et
2082 2585 2273 2648 quarta
2312 2581 2435 2634 noni
2470 2584 2663 2639 mensis
2690 2625 2705 2652 ,
2743 2605 2776 2641 a
2807 2588 2893 2643 die
2936 2608 3042 2662 qua
3076 2594 3423 2663 fundamenta
3444 2602 3599 2672 jacta

2004 2680 2128 2724 sunt
2163 2673 2341 2744 templi
2369 2674 2618 2745 Domini,
2661 2683 2837 2751 ponite
2860 2701 3018 2758 super
3045 2704 3137 2742 cor
3157 2701 3404 2748 vestrum.
3436 2693 3597 2751 Nun-

2003 2762 2132 2832 quid
2162 2779 2337 2820 semen
2367 2766 2420 2821 in
2458 2770 2688 2839 germine
2711 2782 2821 2839 est,
2858 2786 2909 2830 et
2931 2777 3108 2834 adhuc
3148 2781 3316 2847 vinea,
3349 2794 3398 2838 et
3428 2786 3594 2856 licus,

2002 2860 2053 2906 et
2086 2852 2545 2926 malogranatum,
2582 2870 2631 2915 et
2674 2861 2876 2934 lignum
2906 2867 3057 2924 olivae
3097 2887 3203 2926 non
3244 2852 3476 2945 ﬂoruit?

2002 2943 2086 2998 die
2113 2945 2213 2999 ista
2237 2945 2558 3006 benedicam.
2602 2950 2659 3007 Si
2685 2952 2779 3009 ﬁlii
2810 2956 2978 3014 Israel
3005 3001 3021 3027 ,
3061 2943 3331 3033 nuper'de
3359 2969 3590 3039 captivi-

2003 3040 2114 3088 tate
2165 3038 2442 3107 regressi,
2498 3043 2628 3111 quia
2675 3045 2955 3118 negligunt
2983 3061 3294 3112 restaurare
3334 3038 3593 3130 templum

2000 3122 2238 3195 Domini,
2290 3139 2441 3189 tanta
2477 3138 2764 3197 sterilitate
2808 3141 3096 3213 feriuntur,
3130 3148 3369 3221 itemque
3397 3122 3594 3212 funda-

2001 3220 2202 3276 mentis
2218 3220 2403 3291 jactis,
2430 3242 2555 3283 mox
2578 3231 2725 3285 omni
2748 3231 3129 3294 benedictione
3156 3250 3586 3317 cunctarumque

2001 3321 2185 3365 rerum
2213 3310 2546 3374 fecunditate
2568 3321 2937 3392 cumulantur,
2965 3335 3180 3384 constat
3197 3330 3444 3401 profecto
3467 3310 3583 3391 ma-

1998 3396 2202 3454 ximum
2227 3402 2506 3476 religionis
2529 3424 2655 3465 esse
2668 3411 2865 3468 divinae
2879 3414 3061 3471 domui
3078 3418 3413 3490 diligentiam
3438 3426 3589 3484 adbi-

1995 3487 2155 3558 bere;
2185 3506 2416 3566 eamque
2439 3500 2736 3574 negligere,
2762 3519 2982 3562 causam
3002 3509 3240 3568 miserite
3259 3522 3423 3589 atque
3445 3517 3584 3576 inlc-

1995 3578 2221 3639 licitatis
2245 3586 2499 3645 existere.

2063 3670 2227 3771 IiVll.
2270 3673 2379 3733 Sed
2407 3687 2461 3734 et
2488 3680 2619 3771 illud
2645 3686 2910 3744 attentius
2933 3692 3386 3752 considerandum
3426 3702 3575 3771 quod

1992 3760 2048 3814 in
2080 3761 2183 3817 hac
2212 3768 2500 3836 prophetia
2520 3770 2750 3844 legitur:
2776 3775 2847 3829 Et
2867 3780 3137 3836 suscitauit
3160 3782 3305 3839 Deus
3329 3760 3577 3857 spiritum

1988 3849 2281 3910 Zorobabel
2308 3858 2480 3927 ducis,
2509 3872 2558 3916 et
2578 3865 2821 3935 spiritum
2845 3869 2976 3924 Iesu
3003 3875 3314 3943 sacerdotis,
3345 3849 3395 3932 et
3425 3882 3582 3953 spiri~

1985 3953 2098 3998 tum
2120 3946 2442 4019 reliquorum
2473 3952 2538 4007 de
2566 3957 2709 4009 omni
2727 3958 2943 4029 populo.
2969 3959 3042 4018 Ut
3074 3980 3142 4020 ex
3169 3965 3275 4024 hoc
3292 3946 3581 4042 perspicue

1985 4033 2352 4108 intelligatur,
2395 4042 2784 4115 obsequentem
2818 4053 3116 4121 quemlibet
3167 4066 3223 4113 et
3275 4033 3573 4121 amatorem

1982 4126 2167 4196 templi
2189 4127 2308 4195 Dei.
2332 4132 2553 4189 domum
2584 4152 2705 4194 esse
2734 4137 2969 4212 Spiritus
3002 4149 3207 4213 sancti;
3236 4166 3362 4207 cum
3390 4158 3569 4213 mani-

1982 4213 2121 4272 feste
2150 4230 2441 4290 appareat,
2471 4241 2579 4281 non
2612 4228 2789 4285 solum
2828 4231 3071 4291 ﬁdelium
3113 4239 3363 4310 spiritum
3397 4248 3572 4303 susci—

1982 4314 2130 4363 tasse
2159 4317 2291 4368 tunc
2314 4312 2510 4381 Deum,
2542 4325 2602 4372 ut
2626 4334 2749 4375 cum
2785 4324 2934 4378 omni
2959 4324 3146 4383 laetitia
3173 4333 3432 4405 omnique
3464 4337 3575 4394 ala-

1979 4399 2176 4459 critate
2195 4401 2413 4459 domum
2441 4404 2537 4464 Dei
2564 4422 2826 4480 cuperent
2864 4414 3202 4486 instaurare,
3236 4425 3330 4478 sed
3342 4399 3416 4479 tet
3444 4426 3571 4482 inli-

1977 4489 2179 4546 delium
2204 4508 2426 4564 regum,
2477 4495 2607 4571 Cyri
2638 4502 2911 4570 videlicet,
2946 4522 3012 4562 ac
3032 4508 3202 4575 Darii,
3235 4520 3291 4567 et
3313 4512 3571 4573 Artaxer-

1978 4579 2065 4636 xis
2098 4599 2111 4635 :
2143 4583 2237 4652 qui
2262 4598 2372 4639 non
2395 4594 2605 4642 tantum
2643 4589 2917 4648 licentiam
2945 4596 3249 4654 aediﬁcandi
3278 4601 3566 4671 dederunt.

1972 4685 2161 4727 verum
2174 4680 2231 4729 et
2248 4672 2578 4744 adjutorium
2601 4681 2950 4750 praebuerunt
2969 4684 3264 4757 lignorum,
3284 4689 3562 4761 frumenti,

1968 4768 2023 4816 et
2042 4761 2179 4831 vini,
2199 4770 2257 4819 et
2275 4765 2403 4832 etei,
2429 4782 2495 4823 ac
2514 4768 2665 4837 salis,
2687 4778 2742 4825 et
2762 4786 3042 4841 pecorum,
3065 4784 3122 4831 et
3142 4778 3281 4835 dona
3302 4781 3448 4848 auri,
3478 4793 3564 4839 at—

1630 4889 1901 4949 BALUZII
1937 4891 2172 4951 NOTIE.

345 5003 373 5065 ξ
412 4989 666 5065 Ecclesia:
698 5010 821 5048 cum
857 5011 1078 5065 possess.
1107 4998 1493 5058 venundantur.
1539 5000 1704 5065 Origo
1735 5006 1863 5061 mali

274 5059 435 5115 istius
458 5064 693 5132 petenda
720 5071 808 5120 est
838 5059 907 5120 ex
951 5070 1299 5125 concessione
1321 5085 1504 5125 rerum
1532 5059 1864 5131 ecclésiasti;

272 5144 482 5203 carum,
511 5149 633 5203 quae
660 5135 796 5190 viris
823 5136 1174 5195 saecularibus
1199 5139 1341 5195 facta
1381 5139 1576 5197 fuerat.
1611 5144 1746 5200 Nam
1783 5146 1862 5202 illi

271 5202 537 5283 ecclesias
566 5203 671 5283 sibi
707 5206 863 5261 datas
900 5222 1022 5262 cum
1052 5211 1492 5283 possessionibus
1531 5216 1858 5283 retinebant,

269 5278 324 5354 ξι
456 5272 703 5354 btet-edes
730 5291 859 5332 suos
875 5272 1324 5354 transferebant;
1358 5291 1415 5337 ut
1439 5291 1588 5354 patet
1618 5301 1681 5339 ex
1716 5285 1805 5342 lib.
1843 5272 1861 5343 ἰ

268 5338 682 5428 (Ξειρίιιιιδτίιιιξιξ
708 5361 830 5428 cap.
866 5348 989 5428 HO...
1020 5359 1073 5428 et
1099 5349 1239 5406 libro
1262 5338 1464 5428 vicap‘.
1491 5352 1581 5428 il.
1622 5338 1861 5428 Recepto

266 5421 448 5493 autem
478 5415 645 5493 semel
667 5415 930 5493 bocijure,
945 5420 1166 5493 dubium
1192 5415 1427 5477 non'luit'
1443 5425 1595 5493 quin,
1614 5415 1860 5483 sicut'in—

267 5488 353 5536 ter
370 5484 623 5564 hau-edes
646 5484 811 5564 dividi
838 5497 1108 5564 poterant,
1133 5491 1361 5564 distrahi
1386 5484 1601 5564 quoque
1625 5507 1680 5552 et
1700 5500 1861 5556 vendi

366 5562 526 5638 sent,_
556 5558 612 5638 si
656 5573 746 5638 res
797 5559 1108 5638 inferret.
1170 5562 1325 5630 Quod
1356 5558 1529 5621 hodie'
1550 5583 1763 5638 quoque
1806 5569 1860 5623 in

366 5564 511 5619 sent,
564 5564 612 5611 si
656 5573 746 5613 res
797 5564 871 5612 ita
923 5564 1108 5615 ferret.
1170 5564 1325 5630 Quod
1356 5564 1516 5621 hodie
1550 5583 1657 5638 quo
1697 5584 1763 5623 ue
1806 5569 1857 5623 in

263 5564 445 5705 alia
475 5625 688 5705 obtinet
724 5630 903 5699 quoad
940 5631 1180 5688 decimas
1207 5649 1344 5705 quas
1378 5647 1575 5691 vocant
1613 5583 1857 5695 inleoda-

265 5697 369 5747 tas.
402 5695 513 5753 Eas
543 5698 689 5769 enim
723 5695 1066 5769 possessores
1111 5695 1484 5759 transmittunt
1521 5708 1589 5762 ad
1618 5709 1862 5765 baaredes

232 5764 241 5769 “
265 5775 540 5842 nosLaut
573 5768 694 5842 aliis
722 5764 1173 5842 vendunt,_prout
1200 5775 1412 5830 animus
1440 5775 1643 5833 tulerit.

334 5833 365 5876 δ
392 5834 508 5895 Pro
532 5841 840 5904 sepulturis.
879 5833 1092 5900 Ex’h'oc
1129 5842 1278 5901 fonte
1315 5854 1375 5902 ut
1409 5845 1702 5917 plurimum
1742 5866 1862 5922 pro-

1970 5014 2187 5106 dierum
2202 5019 2618 5106 possessiones,
2654 5023 2967 5106 latifundia,
2991 5038 3056 5106 et
3076 5032 3226 5106 agri,
3254 5050 3321 5106 ex
3360 5034 3559 5106 quibus

1970 5085 2137 5163 ditata
2167 5094 2222 5140 et
2242 5088 2572 5163 ampliﬁcata
2592 5102 2676 5148 est
2699 5085 2966 5152 Ecclesia:
2990 5085 3393 5159 Exisi’im'aban?
3403 5085 3556 5163 Exilii}

1970 5153 2153 5210 ﬁdeles
2179 5153 2371 5239 melius
2390 5158 2501 5239 sibi
2548 5160 2940 5239 futurumpost
2960 5153 3114 5225 his};
3126 5153 3388 5239 iiih'nii'éi

1970 5228 2616 5320 rumtiecclesiastico‘rum
2645 5228 2894 5320 precibus
2938 5228 3557 5320 adjuvarcntur.;dtque

1968 5303 2028 5349 ut
2067 5295 2123 5351 id
2154 5299 2294 5369 apud
2323 5313 2425 5395 eos
2452 5295 2788 5395 obtinerent,
2819 5295 3088 5367 curabilnt
3119 5311 3174 5366 in
3199 5295 3556 5395 primis—Eor-

1966 5379 2100 5448 pora
2136 5383 2233 5448 sua
2264 5370 2479 5448 sepeliri
2505 5375 2571 5428 ad
2598 5376 2879 5448 ecclesias,
2909 5393 3014 5448 qua
3048 5370 3279 5439 transire
3305 5370 3552 5445 solebant

1968 5436 2073 5517 viri
2116 5436 2493 5527 ecclesiastici,
2520 5452 2580 5497 ut
2608 5436 2988 5527 defunctorum
3016 5436 3283 5527 memoria
3306 5436 3553 5527 quotidie

1965 5506 2235 5587 ineorum
2278 5511 2551 5587 mentibus
2597 5525 2968 5587 renovaretur.
3016 5506 3551 5587 Interiniwreusuas

1963 5575 2285 5665 delegabant
2312 5580 2686 5665 Ecclesimtut
2711 5584 2794 5639 vel
2829 5601 2895 5665 ex
2937 5575 3042 5646 hac
3069 5575 3550 5665 wmﬁbriﬁ'réiﬁi

1963 5645 2202 5739 butiorne.
2225 5649 2437 5733 facilius
2466 5645 2713 5739 homines
2747 5645 3550 5739 essitaren’turiard'imploran-

1964 5717 2087 5796 dam
2108 5718 2217 5812 Diei,
2228 5718 2659 5812 misericordiam
2666 5740 2779 5812 pro
2928 5732 3019 5801 qui
3040 5717 3549 5812 dedstigiiﬁiiqib

1962 5783 2071 5854 jam
2104 5787 2366 5878 ρξξυεξειε
2411 5800 2585 5878 eam.
2622 5783 2769 5878 viae
2819 5783 3018 5856 librum
3043 5783 3103 5858 ξνῐ
3115 5783 3545 5878 ’ὀρᾗῖἰὶὶἐὲιῗιῖιῖ

1963 5872 2080 5929 cap.
2104 5856 2236 5935 285,
2261 5859 2388 5937 293,
2422 5860 2551 5932 3%,
2584 5870 2641 5921 et
2662 5864 2863 5930 librum
2890 5886 2987 5941 vn,
3016 5856 3134 5945 cap.
3146 5856 3287 5933 vigil;
