4010 6184
375 457 480 513 239

379 586 483 642 que
509 567 738 636 argenti,
769 576 894 618 cum
921 556 1253 630 principibus
1300 554 1431 608 suis.

381 636 832 717 Pilachabzeorum,
848 647 1090 706 nonnulli
1111 659 1264 719 reges
1279 659 1406 713 erga
1437 639 1695 709 templum
1718 636 1813 689 Dei
1835 649 1952 686 mu-

383 753 527 808 niﬁci
569 748 735 804 fuisse
763 749 1150 803 memorantur,
1181 740 1238 791 in
1268 737 1464 806 quibus
1497 741 1552 785 et
1579 730 1830 785 vindicta:
1857 725 1950 778 Dei

386 844 588 912 pariter
613 839 864 910 leguntur
885 835 940 888 in
967 847 1060 888 eos
1085 831 1176 900 qui
1204 829 1542 898 diripuerunt
1592 822 1674 878 vel
1718 821 1954 889 diripere

383 933 561 989 conati
583 938 709 986 sunt
738 944 866 983 vasa
895 941 1082 988 sacra;
1121 924 1263 977 sicut
1307 920 1376 974 de
1426 916 1696 970 Antiocho
1725 927 1871 981 rege,
1901 918 1955 966 et

384 1023 690 1082 Heliodoro,
725 1019 816 1088 qui
844 1033 874 1070 a
905 1015 1132 1070 Seleuco
1159 1012 1360 1065 missus
1392 1008 1584 1069 fuerat,
1617 1005 1670 1058 in
1703 1010 1954 1072 promptu

383 1127 468 1174 est
497 1112 828 1169 meminisse.
857 1109 994 1162 Ecce
1036 1106 1130 1158 ﬁlii
1161 1101 1346 1162 Israel,
1380 1095 1747 1153 fundamentis
1771 1091 1955 1161 templi

380 1208 559 1277 iactis,
587 1203 867 1258 confestim
899 1199 952 1252 in
968 1196 1216 1252 omnibus
1243 1189 1661 1252 benedicuntur;
1707 1182 1958 1277 differen-

385 1272 467 1353 tes
492 1311 649 1366 opus,
680 1292 878 1346 acriter
903 1303 1001 1359 pro
1041 1283 1368 1354 negligentia
1395 1277 1776 1350 flagellantur;
1815 1272 1959 1327 dire-

384 1400 566 1462 ptores
597 1401 896 1446 sacrorum,
939 1375 1281 1436 irrevocabili
1315 1371 1581 1428 sententia
1609 1369 1954 1422 damnantur.

383 1459 518 1535 Cum
544 1492 672 1547 ergo
699 1473 854 1528 nobis
885 1485 990 1525 non
1030 1466 1224 1522 sullicit
1251 1465 1317 1518 ad
1347 1459 1675 1530 exemplum,
1703 1471 1825 1510 cum
1847 1462 1958 1508 tam

386 1565 753 1637 multipliciter
779 1577 876 1632 per
903 1566 1040 1613 totas
1063 1555 1372 1624 Scripturas
1413 1551 1654 1618 legamus
1677 1552 1733 1615 et
1756 1559 1957 1637 cogno-

387 1635 602 1715 scamus
629 1656 844 1709 domum
886 1649 985 1705 Dei
1013 1648 1260 1716 diligere,
1288 1642 1598 1713 religiosum
1623 1653 1766 1703 esse,
1795 1635 1961 1705 negli-

387 1765 538 1823 gere,
562 1745 952 1816 irreligiosum;
983 1739 1235 1808 diripere,
1261 1735 1517 1803 impium;
1543 1742 1836 1798 omnesque
1861 1741 1960 1782 sua

387 1820 658 1909 recepisse
679 1835 894 1895 merita,
917 1840 972 1887 et
990 1844 1178 1886 omnes
1206 1825 1476 1897 principes
1489 1838 1674 1878 eorum
1697 1821 1789 1891 qui
1809 1820 1959 1875 dixe-

1327 441 1390 494 S.
1430 433 1778 494 AGOBARDI
1813 427 2122 485 EPlSCOPl
2161 419 2635 480 LUGDUNENSIS

1479 550 1539 605 In
1581 547 1732 602 libris
1781 543 1944 596 etiam
1976 542 2023 600 Λ
2049 535 2206 591 Jesus
2228 535 2496 593 Christus,
2526 531 2616 601 qui
2645 526 2905 583 Ecclesia
2932 539 3041 580 sum
3072 523 3302 578 formam
3334 531 3388 577 et
3421 524 3628 579 instru—

3521 413 3628 470 με)

2051 630 2284 684 ctionem
2313 625 2574 696 praemisit
2601 621 2760 676 factis
2782 628 2839 674 et
2859 618 3041 683 dictis,
3065 617 3207 672 sicut
3226 616 3486 686 scriptum
3509 625 3628 683 est;

2052 718 2184 783 Qua:
2223 715 2369 785 coepit
2400 713 2554 768 Jesus
2589 713 2760 782 facere
2813 719 2859 763 et
2913 708 3129 771 docere;
3159 707 3465 776 praevidens
3490 707 3632 762 futu-

2054 822 2174 862 rum
2202 821 2321 860 esse
2346 814 2403 859 ut
2430 805 2482 858 in
2511 801 2768 858 Ecclesiis
2792 799 3032 854 thesauri
3065 798 3299 852 ﬁdeliter
3327 813 3356 852 a
3386 797 3635 854 ﬁdelibus

2053 913 2115 951 ac
2142 895 2482 950 laudabiliter
2505 909 2534 948 a
2563 891 2830 962 religiosis
2851 891 3232 954 conderentur,
3262 897 3426 958 atque
3446 897 3631 944 custo-

2052 989 2316 1052 direntur,
2355 995 2410 1041 et
2439 983 2898 1056 perniciosissimo
2929 998 2958 1036 a
3002 981 3212 1036 furibus
3252 980 3636 1036 fraudarentur

2055 1080 2246 1152 (Fures
2273 1079 2596 1151 generaliter
2623 1077 2763 1141 dico,
2790 1075 2931 1130 sicut
2953 1074 3005 1127 in
3031 1073 3286 1144 Apostolo
3315 1073 3632 1141 accipimus,

2055 1174 2145 1228 ubi
2166 1173 2242 1227 ait
2271 1187 2284 1225 :
2315 1171 2420 1238 Qui
2463 1169 2776 1240 iurabatur,
2821 1168 2940 1238 jam
2990 1184 3093 1221 non
3141 1167 3365 1236 furetur,
3398 1168 3466 1221 de
3486 1166 3634 1222 omni

2056 1265 2262 1321 scilicet
2281 1257 2569 1318 inhbnesto
2594 1257 3030 1330 quaestu),voluit
3051 1259 3102 1312 in
3125 1259 3229 1314 hac
3251 1274 3308 1314 re
3330 1259 3630 1329 praeﬁgere,

2056 1364 2115 1410 ut
2147 1355 2278 1420 dixi,
2313 1352 2543 1407 formam
2572 1351 2833 1406 Ecclesia:
2861 1364 2995 1415 sua),
3024 1350 3091 1404 ad
3128 1365 3264 1420 quos
3291 1365 3422 1404 usus
3469 1350 3638 1406 babe-

2057 1451 2267 1509 rentur,
2295 1452 2348 1498 et
2376 1457 2484 1514 qua
2507 1441 2611 1496 ﬁde
2631 1448 3018 1503 tractarentur,
3051 1439 3136 1493 vel
3162 1453 3266 1508 qua
3289 1439 3637 1494 damnatione

2058 1536 2204 1607 digni
2231 1543 2416 1591 essent
2446 1534 2758 1588 fraudantes
2776 1572 2790 1597 ,
2821 1549 2947 1588 cum
2975 1531 3068 1586 tali
3116 1532 3220 1588 ﬁne
3249 1531 3415 1586 Judas
3441 1532 3638 1586 abierit

2059 1626 2113 1680 in
2134 1625 2312 1681 locum
2334 1641 2509 1679 suum.
2542 1624 2598 1678 In
2635 1639 2740 1693 qua
2771 1623 3133 1692 disputatione
3164 1623 3454 1692 praedictus
3477 1621 3638 1676 Pater

2060 1725 2194 1780 tres,
2223 1715 2329 1769 nisi
2358 1714 2535 1780 fallor,
2564 1712 2894 1769 differentias
2912 1713 3178 1766 furtorum
3203 1720 3259 1766 et
3285 1711 3462 1765 furum
3487 1711 3634 1776 facit,

2060 1806 2127 1862 de
2148 1805 2373 1876 privatis
2402 1804 2668 1869 videlicet,
2699 1803 2950 1874 publicis,
2977 1817 3040 1856 ac
3065 1801 3262 1855 divinis
3289 1802 3471 1856 rebus.
3499 1801 3634 1855 Nam

388 1891 904 1988 tereditate
923 1891 1279 1995 possidearrtus
1301 1891 1662 1971 sanctuarium
1675 1912 1794 1977 Dei,
1816 1911 1961 1980 posi-
1987 1900 2035 1959 B
2063 1911 2185 1953 cum
2205 1896 2364 1995 alicui
2381 1895 2605 1995 .homilli
2632 1893 2936 1995 dﬁ‘l’mpl‘io
2962 1892 3217 1995 διεξεπξο
3242 1891 3443 1995 aliflllld
3467 1891 3637 1995 Ῑυΐπξ

389 2036 472 2078 tos
505 2030 598 2077 aut
630 2017 906 2092 ponendos
927 2022 988 2070 ut
1011 2019 1185 2068 rotam
1207 2017 1262 2065 et
1283 2009 1425 2064 sicut
1449 2005 1705 2078 stipulam
1729 2012 1853 2058 ante
1882 2001 1961 2056 fa-

389 2113 525 2167 ciem
554 2109 738 2164 venti?

459 2202 643 2276 XVlll.
689 2200 795 2255 Sed
817 2197 1048 2254 forsitan
1078 2192 1275 2264 aliquis
1299 2191 1414 2247 haec
1446 2189 1500 2244 in
1547 2187 1729 2243 Veteri
1774 2184 1964 2240 Testa-

390 2302 575 2351 mento
597 2293 712 2348 ﬁeri
741 2289 1045 2360 oportuisse
1067 2285 1374 2347 contendat,
1397 2281 1451 2336 in
1474 2279 1624 2334 Novo
1653 2285 1833 2332 autem
1855 2290 1963 2330 non

390 2394 669 2453 tantopere
711 2379 994 2436 servanda.
1027 2373 1354 2439 Meminerit,
1405 2369 1652 2441 quisquis
1704 2367 1792 2423 ille
1838 2373 1962 2432 est,

388 2474 654 2530 Dominici
679 2471 934 2540 exempli,
964 2469 1107 2538 quod
1128 2483 1196 2522 ex
1220 2465 1401 2521 verbis
1431 2460 1759 2532 evangelicis
1788 2457 1963 2514 sancti

391 2564 702 2619 intellexere
723 2561 931 2614 Patres.
961 2557 1146 2612 Refert
1161 2569 1390 2624 namque
1410 2549 1740 2622 evangelista
1767 2548 1962 2602 mulie-

389 2670 503 2710 rem
531 2653 816 2722 quamdam
855 2649 1150 2705 accessisse
1199 2645 1265 2700 ad
1308 2643 1592 2700 Dominum
1618 2681 1633 2707 ,
1688 2640 1962 2711 pedesque

390 2743 506 2812 ejus
532 2742 754 2796 unxisse
775 2759 787 2793 :
812 2754 912 2808 pro
932 2752 1036 2807 qua
1064 2752 1122 2791 re
1143 2747 1488 2790 murmurans
1508 2730 1756 2800 proditor
1775 2727 1963 2791 Judas,

394 2834 469 2886 ait
507 2850 520 2884 :
572 2829 639 2884 Ut
668 2829 792 2902 quid
834 2829 1053 2899 perditio
1089 2827 1198 2879 Ita’c
1235 2822 1524 2893 unguenti?
1599 2817 1780 2874 Potuit
1828 2819 1965 2873 enim

391 2924 682 2980 venundari
732 2920 913 2985 multo,
961 2928 1006 2972 et
1053 2917 1173 2970 dari
1199 2913 1533 2993 pauperibus.
1568 2911 1650 2966 Ad
1674 2909 1815 2981 quod
1840 2910 1967 2964 sub-

388 3017 622 3088 jungcns
646 3013 975 3083 evangelista
1005 3027 1016 3064 :
1052 3008 1202 3074 Ha’c,
1235 3007 1427 3076 inquit,
1460 3004 1682 3070 dicebat,
1715 3020 1818 3058 non
1839 3003 1964 3074 quia

394 3109 457 3161 de
492 3105 663 3176 egenis
697 3101 982 3174 pertinebat
1015 3099 1082 3152 ad
1114 3110 1253 3161 eum,
1285 3095 1375 3150 sed
1400 3095 1523 3167 quia
1546 3092 1635 3163 fur
1661 3102 1796 3160 erat,
1815 3102 1865 3148 et
1892 3091 1966 3145 lo-

393 3196 535 3250 culos
565 3193 780 3260 habens,
811 3209 872 3245 ea
903 3205 1019 3261 qua:
1062 3187 1422 3250 mittebantur,
1471 3184 1795 3254 exportabat.
1825 3181 1964 3248 Quid

2061 1984 2250 2056 procul
2273 1984 2432 2040 dubio
2453 1990 2635 2038 reatus
2653 1983 2744 2047 sit,
2761 1981 2928 2036 multo
2946 1980 3118 2050 major
3138 1981 3203 2035 de
3227 1981 3462 2051 publico.
3492 1982 3636 2051 quod

2060 2086 2118 2132 et
2142 2089 2166 2118 α
2194 2076 2340 2148 leges
2363 2074 2543 2130 saeculi
2583 2072 2927 2143 sacrilegium
2972 2081 3320 2126 vocaverunt.
3368 2071 3484 2125 Jam
3514 2061 3668 2126 vero

2063 2167 2131 2223 de
2170 2167 2488 2233 Dominicis,
2521 2165 2576 2220 id
2603 2173 2710 2231 est,
2737 2163 3120 2219 ecclesiasticis
3168 2163 3458 2229 thesauris,
3488 2161 3638 2217 frau-

2065 2258 2196 2313 dare
2227 2257 2431 2327 aliquid
2477 2255 2641 2327 (quod
2684 2254 2826 2324 apud
2853 2269 2953 2310 nos
2979 2254 3287 2325 specialiter
3315 2254 3342 2292 b
3371 2254 3640 2325 sacrilegii

2065 2347 2281 2402 nomine
2301 2335 2603 2416 censetur),
2638 2345 2771 2398 adeo
2803 2343 3040 2399 immane
3089 2343 3266 2398 scelus
3315 2358 3435 2397 esse
3463 2344 3640 2398 mani-

2064 2425 2262 2493 festum
2293 2445 2398 2502 est,
2437 2445 2496 2491 ut
2529 2436 2621 2507 qui
2649 2434 2811 2490 istum
2841 2434 3209 2497 committant,
3241 2436 3295 2489 in
3325 2443 3526 2489 sortem
3551 2433 3643 2489 Ju-

2067 2529 2148 2584 (ιω
2195 2527 2486 2598 deputandi
2541 2525 2765 2580 minime
2817 2525 3150 2581 duliitentur.
3189 2523 3323 2580 Cum
3369 2539 3500 2596 ergo
3529 2525 3643 2580 haec

2066 2620 2141 2674 ita
2168 2634 2225 2674 se
2256 2619 2523 2684 habeant,
2561 2632 2794 2686 cumque
2841 2617 2908 2672 de
2953 2616 3195 2688 praefatis
3234 2618 3394 2672 rebus
3450 2617 3641 2674 illicito

2068 2705 2271 2781 aliquid
2317 2711 2370 2764 in
2422 2710 2598 2765 dando
2624 2751 2638 2774 ,
2681 2710 2994 2782 accipiendo
3017 2752 3032 2776 ,
3063 2711 3146 2765 vel
3180 2712 3460 2767 retinendo
3488 2728 3646 2768 usur-

2066 2817 2218 2873 pare,
2248 2799 2414 2856 furari
2436 2801 2534 2867 sit;
2570 2809 2762 2870 penset
2781 2801 2869 2871 pia
2894 2816 3066 2866 mens,
3092 2810 3293 2872 quanta
3319 2803 3532 2858 cautela
3558 2818 3644 2858 res

2068 2901 2240 2963 egeat.

2142 3003 2282 3059 XIX.
2325 3003 2623 3074 Quaesitum
2652 3010 2738 3058 est
2760 3004 2957 3068 etiam,
3000 3005 3082 3058 vel
3119 3005 3286 3074 quaeri
3314 3005 3516 3075 potuit,
3552 3020 3648 3060 cur

2069 3096 2331 3151 Dominus
2369 3094 2713 3149 exactoribus
2742 3094 3000 3163 publicis,
3046 3095 3138 3163 qui
3176 3095 3432 3149 dixerunt
3463 3093 3646 3158 Petro,

2072 3185 2325 3256 Magister
2361 3195 2524 3240 vester
2543 3201 2649 3241 non
2683 3183 2835 3240 solvit
2871 3185 3179 3240 didrachma
3207 3186 3271 3240 de
3291 3186 3508 3254 (oculis,
3538 3203 3647 3242 non

393 3293 570 3340 autem
592 3257 853 3337 Dominus
867 3257 932 3333 de
951 3277 1140 3332 loculis
1163 3275 1386 3338 faceret,
1403 3273 1705 3328 ostenditur
1726 3286 1789 3326 ex
1814 3279 1967 3342 parte
1995 3257 2038 3318 C
2071 3278 2282 3333 dederit
2303 3285 2583 3344 stateram,
2617 3277 2710 3332 sed
2733 3277 2952 3332 Petrum
2981 3294 3012 3332 α
3037 3292 3189 3333 mare
3223 3279 3420 3333 direxit
3438 3319 3456 3342 ,
3503 3289 3564 3333 ut
3583 3280 3648 3335 de

391 3393 454 3431 ex
479 3391 544 3430 eo
563 3374 708 3444 quod
726 3387 847 3427 cum
868 3369 1016 3448 Judze
1041 3367 1341 3437 egredienti
1363 3381 1392 3419 a
1415 3379 1495 3430 se,
1519 3371 1574 3419 et
1592 3363 1836 3433 ingresso
1851 3363 1964 3433 jam

393 3467 594 3521 Satana
609 3465 660 3517 in
686 3476 764 3526 se,
781 3461 1029 3525 dixisset,
1050 3457 1200 3522 Quod
1219 3455 1370 3524 facis,
1389 3454 1472 3524 fac
1493 3453 1668 3520 citius,
1685 3452 1966 3508 audientes

395 3552 642 3624 discipuli
671 3555 997 3621 putaverunt
1037 3545 1181 3616 quod
1204 3543 1422 3615 juberet
1450 3542 1527 3596 illi
1551 3549 1609 3596 ut
1635 3548 1842 3596 emeret
1870 3557 1966 3596 ne.

391 3644 629 3699 cessaria
648 3643 715 3696 ad
729 3641 870 3696 diem
895 3639 1110 3700 festum,
1135 3644 1226 3689 aut
1253 3643 1310 3688 ut
1337 3633 1523 3706 egenis
1549 3632 1753 3702 aliquid
1774 3633 1961 3687 daret:

392 3733 533 3804 quod
564 3731 750 3802 utique
775 3745 881 3784 non
913 3732 1188 3798 putarent,
1221 3724 1324 3778 nisi
1351 3733 1510 3777 antea
1537 3721 1654 3776 ﬁeri
1682 3719 1959 3776 vidissent.

392 3825 592 3881 Verum
622 3823 746 3894 quia
774 3818 1060 3890 quaasitum
1090 3823 1188 3880 est,
1234 3831 1330 3870 cur
1352 3814 1642 3879 Dominus,
1677 3813 1768 3885 qui
1797 3814 1963 3869 disci-

390 3913 534 3986 pulis
555 3911 765 3967 dixerat
791 3924 804 3962 :
835 3906 1017 3962 Nolite
1057 3912 1270 3976 portare
1305 3917 1517 3966 aurum,
1569 3918 1731 3974 neque
1778 3919 1966 3972 argen-

391 4014 531 4068 tum,
588 4017 749 4072 neque
791 4015 862 4053 ws
891 3999 947 4051 in
991 3995 1138 4049 zonis
1189 3995 1400 4061 vestris,
1441 4008 1542 4046 nec
1594 3993 1840 4062 permisit
1872 4008 1966 4048 eos

392 4095 534 4150 ferre
562 4094 708 4147 aliud
734 4093 789 4144 in
810 4092 895 4144 via
917 4130 934 4154 ,
977 4088 1083 4143 nisi
1115 4088 1321 4157 virgam
1347 4094 1574 4150 tantum,
1609 4086 1720 4155 ipse
1744 4085 1796 4138 in
1821 4084 1968 4139 locu-

391 4189 457 4242 lis
487 4187 769 4239 thesauros
823 4180 1104 4244 habuerit;
1153 4179 1389 4246 disputat
1435 4177 1501 4230 de
1531 4176 1614 4230 his
1639 4216 1652 4240 ,
1696 4176 1749 4229 in
1792 4192 1962 4245 quan-

392 4287 503 4332 tum
534 4273 804 4329 recordari
829 4271 1017 4334 valeo,
1054 4271 1244 4324 beatus
1289 4268 1621 4336 Augustinus
1675 4266 1754 4338 (In
1801 4267 1956 4323 Joan.

392 4367 575 4421 Tract.
609 4381 640 4419 ι.
694 4378 811 4433 cap.
852 4361 978 4433 12);
1013 4359 1248 4431 dicitque
1295 4360 1437 4430 quod
1485 4358 1747 4415 Dominus
1776 4369 1962 4416 noster

2066 3386 2165 3425 ore
2189 3370 2353 3440 piscis
2385 3369 2630 3424 tolleret?
2657 3369 3103 3441 Responsumque
3132 3380 3218 3427 est
3263 3387 3294 3426 a
3339 3373 3646 3430 doctoribus

2066 3458 2344 3525 Ecclesiae,
2369 3459 2494 3528 quia
2518 3458 2782 3516 Dominici
2803 3460 2962 3515 loculi
2991 3462 3045 3514 in
3073 3477 3342 3531 pauperes
3365 3471 3422 3517 et
3455 3463 3647 3518 indies

2065 3551 2232 3606 festos
2269 3551 2754 3621 expendebantur;
2800 3561 3004 3607 etcum
3040 3555 3313 3622 exegisset
3349 3556 3648 3612 necessitas

2065 3641 2122 3698 in
2168 3641 2427 3696 alimenta
2471 3641 2860 3711 discipulorum
2903 3644 3115 3698 Domini
3171 3645 3336 3711 (sicut
3385 3647 3646 3718 scriptum

2073 3738 2160 3787 est
2202 3749 2215 3784 :
2262 3730 2523 3801 Discipuli
2556 3742 2728 3785 autem
2774 3733 3015 3788 abierunt
3051 3735 3106 3789 in
3140 3736 3397 3790 civitatem
3427 3747 3482 3791 ut
3508 3738 3646 3792 cibos

2063 3820 2335 3892 emerent),
2362 3820 2603 3877 noluisse
2629 3821 2916 3878 Dominum
2944 3840 3056 3878 rem
3079 3841 3373 3895 pauperum
3397 3828 3452 3882 in
3473 3830 3647 3899 publi-

2065 3930 2187 3970 cam
2231 3915 2572 3969 exactionem
2617 3913 2834 3970 mittere
2855 3957 2871 3981 ,
2910 3916 3005 3972 sed
3032 3917 3389 3986 omnipotenti
3424 3921 3645 3984 virtute.

2065 4005 2210 4075 quod
2245 4005 2430 4078 utique
2451 4021 2746 4076 pauperum
2781 4023 2888 4063 non
2915 4015 3064 4077 erat,
3112 4011 3179 4064 de
3212 4012 3348 4065 mari
3375 4011 3559 4067 tollere
3595 4021 3645 4066 et

2067 4096 2200 4153 ﬁsco
2243 4098 2468 4153 reddere
2506 4098 2774 4165 voluisse,
2812 4107 2871 4155 ut
2899 4099 3126 4157 formam
3157 4103 3310 4158 daret
3349 4104 3644 4179 discipulis,

2065 4203 2229 4258 quam
2275 4187 2530 4243 Ecclesiae
2588 4191 3052 4246 commendarent.
3116 4191 3278 4248 Juxta
3315 4210 3476 4264 quam
3534 4195 3646 4251 for.

2066 4293 2209 4332 mam
2256 4286 2564 4334 statuerunt
2595 4289 2618 4318 ο
2653 4280 2792 4336 sacri
2825 4296 3062 4338 canones
3108 4285 3327 4339 modum
3362 4301 3450 4340 res
3480 4287 3638 4343 eccle

2066 4369 2314 4424 siasticas
2341 4370 2724 4439 dispensandi;
2768 4372 2979 4428 scilicet
3015 4381 3075 4428 ut
3112 4375 3167 4429 in
3200 4375 3408 4432 alendis
3437 4379 3623 4448 egenis

1736 4473 2009 4534 BALUZII
2044 4479 2276 4534 ΝΟΤᾸΞ.

1736 4479 2009 4536 BALUZII
2044 4479 2276 4536 NOTAE.

461 4585 484 4611 ι
510 4569 670 4647 Leges
698 4567 977 4647 star-cnﬁdo
1021 4571 1122 4647 est,
1150 4562 1296 4635 leges
1322 4562 1524 4647 civiles.
1565 4562 1758 4647 Esstat
1774 4577 1958 4647 autem
1988 4577 2039 4635 1)
2066 4581 2267 4647 nuntur
2309 4569 2513 4647 in_foro_
2537 4571 3077 4647 qualiscunquefurti
3109 4575 3476 4643 etpeculatus,
3522 4577 3638 4647 (Pe-

389 4643 503 4698 ltatc
529 4633 613 4693 lex
643 4639 694 4692 in
720 4637 870 4691 libris
894 4633 1301 4696 Pandectarutn,
1335 4633 1371 4686 ι.
1401 4634 1450 4695 9,
1483 4633 1542 4687 Ι).
1574 4634 1642 4686 ad
1684 4634 1720 4688 ι.
1757 4634 1961 4694 Iuliam

389 4710 581 4784 pecnl_.,
615 4709 847 4784 ubihtee
884 4708 1046 4784 verba
1077 4702 1635 4784 [fanti‘jurniseons'ulti
1657 4704 1964 4784 referuntur

388 4773 454 4836 ex
498 4773 637 4834 libro
675 4776 931 4846 singulari
949 4776 1046 4849 _de
1079 4773 1304 4829 Judiciis
1335 4773 1585 4849 Publicis.
1643 4791 1662 4823 ‹
1700 4775 1962 4849 sacrilegi

389 4851 563 4921 capite
595 4842 909 4921 puniuntur.
945 4844 1086 4921 Sunt
1109 4851 1287 4921 autem
1324 4842 1592 4921 sacrilegi,
1622 4844 1712 4911 qui
1751 4842 1962 4921 publida

390 4913 544 4976 sacra
574 4913 1016 4985 compilaverunt.
1061 4913 1129 4964 At
1157 4913 1247 4981 qui
1274 4913 1694 4985 privatasacra,
1721 4915 1803 4968 vel
1833 4918 1962 4972 tedi-

389 4990 538 5045 culas
572 4980 926 5054 incustoditas
953 4980 1314 5054 tentaverunt,
1345 4980 1575 5054 amplius
1606 4997 1765 5051 quam
1795 4985 1961 5054 fures,

390 5061 566 5134 minus
588 5072 748 5134 quam
764 5053 1019 5134 sacrilegi
1045 5059 1338 5134 merentur:
1361 5051 1540 5134 Quare
1563 5055 1713 5134 quod
1727 5051 1961 5134 sacrum,

389 5120 1027 5199 quodv'e'admissum_in
1072 5120 1335 5199 sacrilegii
1384 5120 1596 5199 crimen
1617 5125 1792 5199 cadat,
1837 5120 1960 5181 dili-'

389 5191 574 5270 genter
609 5194 1055 5270 considerandum
1097 5199 1216 5270 est.“
1242 5191 1420 5270 Eabeo
1456 5193 1961 5270 trigesim_o__oetavo

390 5261 746 5337 posteriorum
786 5263 1087 5337 peculatum
1115 5261 1304 5337 deﬁnit
1335 5261 1577 5337 pecuniae
1614 5265 1960 5337 publicaeaut

389 5331 556 5390 iacne
583 5331 804 5400 furtum,
829 5351 934 5389 non
971 5334 1038 5388 ab
1062 5346 1127 5386 eo
1161 5331 1359 5402 factum
1387 5331 1539 5400 cujus
1566 5331 1806 5402 periculo
1834 5335 1955 5401 fuit,

390 5415 445 5462 et
473 5407 594 5460 ideo
627 5407 880 5459 :edituum
921 5405 973 5458 in
1003 5403 1088 5458 his
1117 5417 1236 5524 (suae
1270 5400 1318 5454 ei
1353 5404 1550 5456 tradita
1568 5400 1704 5458 sunt
1740 5400 1959 5474 pecula-F

390 5485 502 5524 tum
534 5490 637 5524 non
667 5475 970 5524 admittere.
1008 5493 1027 5524 ι
1076 5472 1121 5524 Α
1187 5471 1326 5524 hunc
1352 5470 1528 5524 locum
1555 5476 1857 5524 resnexisse
1881 5477 1959 5524 vi-

390 5485 502 5530 tum
534 5490 637 5528 non
667 5475 970 5529 admittere.
1008 5493 1027 5527 ι
1076 5470 1158 5543 Aid
1187 5471 1326 5526 hunc
1352 5470 1528 5527 locum
1555 5470 1857 5543 respexisse
1881 5477 1959 5529 vi-

390 5546 545 5600 detur
588 5543 915 5615 Augustinus
971 5545 1039 5615 Ain
1087 5542 1342 5597 Tractatu
1411 5542 1854 5615 quiinquagesimo
1902 5547 1957 5599 in

388 5605 700 5670 Joannem:
729 5611 925 5684 ¢_Eeee
969 5613 1112 5666 inter
1155 5619 1372 5666 sanctos
1419 5605 1502 5666 ést
1543 5605 1730 5684 Iudas,
1762 5605 1957 5684 inquit,

343 5689 354 5696 '
388 5700 514 5740 ecce
542 5683 730 5754 furest
753 5681 951 5754 Judas;
975 5691 1048 5746 et,
1077 5696 1146 5754 ne
1171 5693 1504 5754 contemnas,
1534 5681 1620 5754 fur
1643 5681 1956 5754 sacrilegus,

387 5769 495 5811 non
518 5753 903 5824 qualiscunque
927 5751 1044 5824 fur_;
1076 5751 1161 5803 fur
1185 5751 1502 5824 loculomm,
1532 5753 1624 5807 sed
1653 5751 1959 5824 Dominico-

389 5820 890 5890 mmfloculorum,
929 5821 1022 5876 sed
1055 5835 1352 5874 sacrorum.
1412 5820 1468 5875 Si
1503 5824 1725 5877 crimina
1762 5823 1961 5881 discer-

2065 4642 2274 4715 culatus
2294 4641 2436 4715 enim
2465 4641 2659 4695 dicitur
2693 4641 2892 4715 furtum
2918 4645 2983 4698 de
3010 4661 3067 4699 re
3097 4641 3328 4715 publica,
3357 4656 3406 4702 et
3436 4641 3539 4702 non
3564 4651 3634 4704 sit

2058 4712 2334 4791 judicatur
2369 4710 2602 4791 _furtum_
2632 4711 2727 4791 rei.
2759 4713 2988 4791 privata:
3040 4710 3146 4784 quo
3195 4719 3356 4791 modo
3393 4718 3639 4791 publica);

2064 4780 2267 4850 quanto
2303 4780 3032 4857 vehementius_judicaudus
3058 4780 3155 4857 est
3197 4780 3642 4857 sacrilegus'fur',

2065 4867 2171 4905 non
2215 4852 2568 4921 undecunque
2610 4851 2816 4916 tollere,
2859 4855 2952 4907 sed
2987 4855 3052 4908 de
3089 4856 3329 4910 Ecclesia
3371 4851 3578 4911 tdllere.
3619 4851 3638 4912 ὁ

2067 4921 2340 5044 Laudas);
2412 4923 2500 4975 hic
2557 4921 2706 4976 locus
2781 4923 2835 4976 in
2893 4921 3031 4977 libro
3093 4941 3144 4979 v1
3209 4926 3639 4997 Capitularium.

2067 5006 2185 5044 ean.
2219 5007 2250 5044 ο
2329 5031 2340 5043 .

2066 5006 2185 5045 can.
2219 5006 2340 5044 OUZ.

2175 5030 2185 5042 .
2219 5007 2340 5044 ουτ.

2135 5007 2470 5128 ἓδίιειήιεειὶἱ
2513 5061 2722 5114 nomine
2757 5073 3011 5116 censetur.
3055 5064 3428 5120 ExstaLenim
3466 5081 3530 5122 ea
3574 5069 3644 5124 de

2067 5145 2126 5203 re
2154 5129 2240 5183 lex
2279 5130 2332 5182 in
2370 5129 2507 5203 libro
2533 5143 2586 5182 vi
2613 5129 3020 5203 Capitularium,
3052 5150 3168 5203 cap.
3199 5135 3342 5188 3‘25:
3393 5155 3412 5185 ι
3450 5135 3640 5192 Scien—

2065 5198 2190 5254 dum
2227 5208 2308 5252 est
2338 5199 2588 5280 omnibus
2621 5198 2763 5280 quod
2795 5198 3137 5280 sacrilegium
3169 5206 3238 5259 sit
3266 5221 3355 5260 res
3383 5207 3641 5262 Ecclesiae

2063 5284 2384 5392 quocunque
2422 5267 2579 5349 modo
2625 5267 2929 5353 injustenb
2975 5267 3232 5357 Ecclesiis
3269 5277 3466 5344 quibus
3518 5277 3644 5344 jure

2099 5339 2325 5392 cbentur
2360 5338 2577 5392 auferri.
2615 5348 2670 5392 et
2700 5357 2755 5392 in
2777 5341 2922 5392 aliud
2947 5345 3249 5392 transfert-.1-
3283 5366 3300 5392 ι
3339 5346 3466 5392 Vide
3503 5348 3644 5392 litim

2099 5339 2325 5392 cbentur
2360 5338 2577 5397 auferri.
2615 5348 2670 5393 et
2700 5341 2755 5394 in
2777 5341 2922 5398 aliud
2947 5345 3249 5400 transferri.
3283 5338 3304 5399 ἱ
3339 5346 3466 5402 Vide
3502 5338 3644 5403 libro

2061 5411 2179 5461 eod.
2199 5423 2329 5478 cap.
2355 5409 2458 5462 9285
2483 5416 2537 5462 et
2559 5405 2682 5463 505.

2102 5489 2154 5557 _°
2185 5476 2335 5533 sum
2363 5495 2602 5562 canones.
2651 5479 2857 5562 Quippe
2881 5483 3048 5562 veteri
3072 5483 3328 5562 Ecclesia":
3355 5495 3642 5562 consuetu-

2063 5546 2210 5623 dine,
2251 5563 2370 5615 qme
2409 5557 2462 5600 et
2503 5563 2532 5601 a
2563 5546 2807 5623 conciliis
2851 5561 2906 5606 et
2940 5570 2969 5606 a
3001 5553 3257 5608 Romanis
3294 5558 3640 5623 pontiﬁcibus

2063 5616 2378 5698 confirmata
2403 5626 2506 5698 est,
2541 5634 2628 5673 res
2651 5616 3427 5698 Ecclesiarumquadrifariam
3452 5628 3640 5682 divisae

2061 5695 2236 5769 erant,
2267 5696 2324 5742 ut
2363 5688 2450 5769 hic
2476 5704 2693 5769 quoque
2736 5701 2890 5769 notat
2910 5688 3247 5769 agebamus.
3278 5694 3484 5769 Harum
3513 5713 3641 5769 pore

2063 5760 2267 5838 tionem
2311 5760 2484 5838 prima
2532 5760 2842 5838 pertinebat
2873 5762 2940 5818 ad
2964 5760 3296 5833 'episcowm
3319 5806 3332 5826 ,
3365 5760 3533 5838 altera
3568 5768 3639 5822 ad

2061 5825 2500 5894 clericos,’tertia
2532 5825 2599 5883 ad
2627 5830 2847 5886 alendus
2871 5825 3381 5905 pauperesfquarts
3421 5837 3638 5892 demum
