4010 6184
345 474 444 533 ΞΗ
1279 472 1412 530 ιω.
1454 472 1544 530 DE
1582 468 1899 530 DISPENSA

2001 472 2131 531 DNE
2167 472 2367 531 ECCL.
2410 471 2682 533 REBUH.
3513 477 3624 538 2η

340 592 397 650 in
424 589 806 648 sustentandis
852 589 1098 655 clericis,
1149 588 1206 645 in
1245 589 1566 661 reparandis
1592 588 1833 655 fabricis,
1862 596 1939 644 at-
1964 592 2015 652 Α
2038 597 2330 660 ponerent,
2378 588 2543 663 legati
2578 589 2815 646 Romani
2850 588 2969 647 sive
3013 587 3357 663 imperatoris
3384 609 3496 651 non
3526 599 3625 656 ad.

340 694 442 752 que
478 682 535 735 in
566 689 845 736 rectorum
872 678 1186 749 supplendis
1220 679 1642 735 necessitatibus
1662 678 1936 749 expende-
2032 690 2207 738 erant.
2250 681 2441 738 Melius
2466 682 2601 737 mihi
2630 682 2836 737 sentire
2867 680 3141 751 videntur,
3180 683 3272 754 qui
3319 686 3621 745 secundum

339 780 576 831 rentur:
613 782 778 845 prout
801 782 1114 829 sanctorum
1143 774 1388 843 exempla
1415 776 1833 839 commendant,
1877 782 1935 829 et
2031 774 2244 828 Domini
2273 774 2500 839 dictum,
2543 774 2634 829 ubi
2662 773 2769 828 duo
2794 773 2877 829 vel
2904 782 3016 829 tres
3056 773 3113 833 in
3153 777 3374 833 nomine
3404 778 3619 835 Domini

339 884 511 940 usque
534 868 603 923 ad
628 866 879 937 proxima
907 875 1151 936 tempora
1189 866 1517 922 custoditum
1549 881 1671 922 esse
1694 883 1801 922 non
1831 867 1932 921 du-

337 958 487 1013 bium
518 964 625 1012 est.
666 955 746 1011 Ex
780 955 938 1011 laicis
969 956 1198 1025 denique
1235 971 1342 1011 non
1383 956 1556 1011 solum
1584 971 1931 1027 possessores

336 1062 622 1104 sacrarum
648 1062 865 1110 rerum,
907 1059 932 1086 ι
963 1047 1056 1101 sed
1091 1062 1192 1102 nec
1224 1047 1628 1119 dispensatores
1656 1049 1773 1104 ﬁeri
1800 1064 1928 1120 per-

336 1140 602 1196 mittunt:
648 1139 781 1209 quin
822 1138 1001 1208 potius
1032 1139 1060 1178 δ
1088 1153 1402 1196 (economos
1443 1140 1512 1195 de
1537 1141 1761 1211 proprio
1782 1140 1927 1196 clero

335 1230 459 1303 eligi
491 1230 899 1300 praecipiuntur,
932 1236 987 1284 et
1014 1245 1194 1300 agros,
1222 1231 1434 1297 vineas,
1464 1240 1629 1302 atque
1657 1232 1924 1303 mancipia

336 1321 400 1375 ad
425 1336 586 1375 usum
616 1320 802 1386 tribui,
832 1335 939 1375 non
966 1320 1072 1375 nisi
1099 1321 1335 1388 clericis,
1361 1322 1662 1388 monachis,
1687 1324 1928 1395 peregri-

336 1412 535 1481 nisque
570 1409 895 1466 concedunt.
936 1409 1014 1465 De
1038 1426 1143 1480 qua
1173 1427 1232 1467 re
1259 1411 1305 1467 si
1329 1412 1452 1484 quis
1474 1412 1789 1483 diligentius
1810 1415 1925 1471 vult

334 1516 634 1573 agnoscere
658 1501 787 1570 quid
802 1501 888 1555 vel
911 1501 965 1555 in
991 1500 1186 1570 quibus
1209 1502 1454 1557 conciliis
1475 1502 1707 1569 dicatur,
1734 1502 1920 1575 legens

334 1592 400 1646 do
431 1601 489 1646 et
518 1590 844 1647 revolvendo
871 1599 1185 1663 cognoscat.

402 1680 525 1738 XX.
565 1681 765 1738 Verum
807 1684 934 1754 quia
979 1691 1108 1740 sunt
1151 1684 1240 1753 qui
1270 1694 1291 1723 ο
1330 1681 1636 1740 Gallicanos
1681 1699 1921 1741 canones

331 1782 423 1826 aut
466 1772 696 1827 aliarum
739 1773 1019 1843 regionum
1063 1781 1255 1843 putent
1294 1789 1402 1828 non
1451 1775 1825 1845 recipiendos,
1854 1791 1920 1832 eo

2029 875 2387 939 congregatos
2417 873 2740 938 agnoscunt,
2782 866 3073 922 Dominum
3101 883 3317 939 quoque
3346 871 3488 929 inter
3524 886 3620 928 eos

2028 956 2249 1012 aﬂ‘uisse
2294 972 2403 1011 non
2452 955 2742 1019 dubitant,
2794 964 2850 1011 et
2891 970 3019 1012 eum
3046 958 3142 1027 qui
3180 958 3482 1017 Ecclesiam
3509 977 3617 1018 non

2027 1048 2303 1113 audierit,
2354 1048 2501 1102 sicut
2527 1047 2803 1102 ethnicum
2843 1055 2900 1102 et
2927 1047 3277 1117 publicanum
3306 1050 3616 1109 habendum

2027 1135 2274 1191 credunt.
2360 1134 2681 1205 Ubicunque
2735 1135 2880 1189 enim
2937 1136 3189 1193 catholici
3243 1139 3616 1197 Ecclesiarum

2026 1236 2271 1282 rectores
2298 1241 2401 1297 pro
2432 1226 2798 1282 Ecclesiarum
2830 1226 3157 1283 utilitatibus
3184 1245 3312 1285 cum
3339 1230 3434 1287 Dei
3456 1232 3616 1288 timo-

2025 1334 2089 1373 re
2112 1318 2169 1372 in
2191 1319 2309 1388 ejus
2355 1318 2576 1373 nomine
2605 1326 2663 1372 et
2701 1318 2907 1374 honore
2948 1319 3314 1388 conveniunt,
3350 1322 3612 1393 quidquid

2021 1407 2049 1448 ά
2081 1415 2449 1463 consonanter
2474 1408 2680 1464 sanctis
2706 1406 3011 1479 Scripturis
3040 1417 3304 1476 statuunt,
3329 1411 3461 1467 nulli
3483 1426 3609 1483 pro-

2021 1501 2107 1556 cul
2135 1501 2297 1556 dubio
2323 1499 2628 1571 spernenda
2654 1540 2670 1567 ,
2715 1501 2826 1555 imo
2864 1503 3175 1557 veneranda
3207 1504 3458 1560 omnibus
3485 1520 3609 1562 esse

2021 1592 2257 1648 debent:
2286 1591 2432 1661 quod
2452 1590 2543 1646 illa
2570 1606 2735 1661 quam
2764 1592 2998 1648 maxime
3023 1594 3348 1650 auctoritate
3363 1594 3604 1664 fulcitur,

2019 1683 2145 1752 quia
2176 1683 2301 1737 bina
2327 1696 2425 1752 per
2455 1696 2631 1737 annos
2656 1681 2898 1753 singulos
2923 1683 3151 1739 concilia
3180 1683 3298 1739 ﬁeri
3328 1697 3385 1742 et
3411 1686 3605 1743 Roma-

2020 1774 2075 1828 ni
2100 1771 2387 1843 pontiﬁces
2414 1773 2793 1839 decreverunt,
2833 1781 2889 1828 et
2907 1788 3101 1846 magna
3122 1775 3351 1831 concilia
3375 1775 3607 1833 sollicite

332 1864 476 1932 quod
504 1862 667 1934 legati
688 1863 939 1929 Romani,
966 1879 1059 1918 seu
1084 1863 1426 1934 imperatoris
1447 1905 1462 1930 ,
1494 1864 1548 1919 in
1576 1879 1765 1920 eorum
1789 1881 1919 1922 con-
2021 1864 2488 1919 commendarunt.
2531 1863 2755 1919 Rectius
2780 1862 3025 1934 profecto
3046 1863 3226 1922 facere
3252 1865 3482 1931 uidetur,
3510 1868 3605 1937 qui

331 1957 612 2012 stitutione
654 1970 762 2012 non
807 1954 1183 2022 interfuerint,
1215 1964 1387 2011 restat
1416 1963 1474 2011 ut
1506 1957 1671 2012 etiam
1699 1966 1916 2014 sancto-
1946 1940 1993 1999 Β
2019 1957 2326 2026 ubicunque
2353 1970 2677 2027 magnarum
2716 1955 3042 2027 synodorum
3082 1964 3283 2013 statuta
3323 1958 3600 2025 deﬁciunt,

330 2064 449 2104 rum
478 2049 904 2105 clarissimorum
938 2051 1159 2105 Patrum
1188 2050 1492 2116 doctrinas,
1535 2059 1590 2106 et
1619 2053 1916 2125 expositio-

330 2155 449 2206 nes,
473 2140 829 2209 diversosque
858 2148 1125 2195 tractatus
1143 2181 1158 2205 ,
1190 2148 1250 2195 ut
1281 2149 1407 2196 sunt
1437 2141 1716 2213 Cypriani,
1747 2142 1914 2198 Atha-

329 2232 511 2298 nasii,.
538 2230 754 2298 Hilarii,
804 2230 1137 2303 Hieronymi,
1181 2231 1487 2304 Augustini,
1538 2234 1768 2289 doceant
1800 2250 1908 2289 non

327 2338 448 2379 esse
468 2324 810 2396 recipiendos
842 2342 857 2380 :
898 2325 1023 2394 quia
1058 2339 1181 2380 cum
1212 2324 1330 2381 haec
1356 2334 1674 2394 tractarent,
1709 2329 1789 2384 vel
1817 2346 1912 2386 ex-

2016 2057 2240 2120 propter
2262 2050 2507 2105 insuetas
2530 2057 2874 2121 emergentes
2894 2064 3089 2106 causas
3123 2051 3465 2122 antiquorum
3492 2061 3603 2108 εω-

2018 2152 2154 2210 tuta,
2197 2141 2528 2213 themerito
2546 2139 2987 2212 reprehendenda
3012 2154 3120 2196 non
3147 2149 3295 2208 sunt,
3328 2144 3600 2209 sequenda

2017 2236 2313 2299 deliberat,
2342 2249 2511 2305 quam
2547 2234 2641 2304 qui
2679 2248 2746 2290 ea
2785 2248 2906 2304 quae
2952 2234 3069 2303 ipse
3102 2233 3301 2300 sentit,
3350 2246 3373 2274 ο
3411 2250 3600 2290 eorum

2016 2327 2276 2383 sensibus.
2299 2327 2599 2398 anteponit.
2638 2324 2975 2382 Firmissime
3005 2326 3228 2382 omnino
3260 2334 3418 2382 teneo
3444 2327 3600 2411 quod

1678 2436 1812 2492 BAL
1823 2439 1953 2495 UZlI
1990 2435 2222 2494 NOTAE.

324 2529 736 2609 expendebatnr
771 2524 838 2609 ad
869 2528 1266 2609 reparationem
1293 2526 1667 2609 ecclesiarum.
1705 2530 1772 2584 Et
1794 2531 1911 2609 haec

323 2595 548 2670 quidem
577 2605 703 2670 sunt
723 2596 1023 2652 notissima.
1050 2595 1157 2670 Sed
1186 2606 1364 2670 tamen
1388 2598 1434 2652 si
1458 2599 1580 2670 quis
1599 2613 1662 2670 ea
1691 2601 1911 2670 probari

325 2665 472 2736 velit.
529 2667 695 2721 habet
739 2682 900 2736 quem
951 2665 1198 2723 consulat
1242 2665 1440 2723 librum
1474 2665 1767 2725 'clarissiini
1808 2671 1910 2728 viri

324 2735 551 2819 Joannis
571 2735 798 2820 Launoii
834 2738 1066 2820 theologi
1094 2736 1421 2820 farisiensis
1458 2740 1525 2795 de
1553 2738 1696 2795 Cura
1724 2741 1909 2797 Eccle-

323 2809 418 2863 sia:
442 2822 544 2876 pro
569 2808 786 2863 miseris
806 2816 861 2862 et
884 2807 1231 2879 pauperibus.

323 2890 420 2960 nt:
454 2875 1325 2960 Sed'nec.dispensatores._.yibro
1353 2893 1401 2932 vr
1427 2876 1897 2960 Capitular.,_ca_p.

319 2946 427 3003 294
455 2964 467 2999 :
500 2966 522 2998 ε
556 2946 734 3004 Laicis
766 2946 1018 3018 quamvis
1056 2948 1323 3018 religiosis
1364 2946 1522 3003 nulla'
1549 2952 1616 3005 de
1655 2946 1907 3007 ecClesi'a-

317 3018 476 3093 stieis
500 3018 845 3093 facultatibus
866 3018 1067 3090 aliquid
1093 3019 1412 3089 disponendi
1440 3018 1639 3091 legitur
1664 3038 1903 3093 unquam

318 3089 584 3143 attributa
609 3089 858 3145 facultas.
897 3110 915 3144 ι
958 3089 971 3090 ί
1364 3134 1371 3143 ,

390 3158 419 3199 δ
443 3157 764 3231 ιΕερηοπιοδ
792 3160 857 3231 de
881 3157 1293 3231 ηνοῃνὶιιειειιθο.Δ
1321 3155 1604 3229 Sumptum
1650 3161 1795 3217 istud
1833 3176 1901 3219 ex

2015 2530 2164 2584 tione
2208 2528 2419 2583 locutus
2460 2532 2545 2583 est
2585 2527 2652 2582 de
2693 2525 2958 2582 divisione
2998 2525 3342 2583 Collectionis
3388 2539 3500 2581 suae
3539 2526 3598 2582 in

2018 2609 2129 2656 tres
2157 2598 2342 2659 libros,
2379 2598 2595 2653 demum
2619 2597 2737 2653 hinc
2762 2597 2949 2667 addit:
2984 2615 3004 2649 ι
3044 2597 3102 2653 In
3136 2596 3332 2667 quibus
3370 2596 3414 2650 si
3443 2595 3593 2667 quis»

2014 2684 2178 2740 quam
2220 2666 2425 2792 aliguid
2470 2667 2677 2723 invenit
2718 2667 2786 2723 de
2828 2666 3024 2722 talibus
3071 2666 3314 2723 conciliis
3354 2666 3473 2736 quat
3500 2674 3597 2721 aut

2016 2738 2289 2792 desnicien
2330 2753 2359 2791 a
2411 2745 2505 2792 aut
2548 2754 2656 2792 non
2702 2737 3013 2792 recipienda
3061 2736 3301 2792 iudicat.
3350 2736 3595 2792 ignoscat

2016 2736 2359 2810 despicienda
2411 2745 2505 2792 aut
2548 2754 2656 2793 non
2702 2737 3013 2810 recipienda
3056 2736 3301 2810 iudicat,
3350 2736 3595 2810 ignoscat

2012 2807 2319 2882 paupertati
2348 2823 2539 2863 sensus
2568 2808 2758 2863 nostri.
2782 2807 2900 2882 _Ni)s
2926 2809 3353 2882 tamendignum
3377 2807 3596 2882 deputa-

2009 2877 2146 2943 inus,
2175 2879 2527 2951 plurimorum
2562 2879 2913 2951 sententiam,
2945 2877 3282 2950 singulorum
3304 2877 3591 2951 suspicio-

2007 2948 2605 3021 nibus'przeferendam,
2641 2957 2695 3004 et
2721 2949 2776 3003 in
2803 2948 3217 3020 quibuscimque
3230 2948 3404 3021 rebus
3429 2964 3591 3021 genev

2007 3018 2213 3075 ralium'
2231 3018 2587 3076 conciliorum
2614 3018 2989 3075 auctoritatem
3018 3018 3587 3083 non‘habemusfma-

2042 3092 2087 3146 is
2131 3106 2318 3145 earum
2371 3091 2722 3160 synodorum,
2750 3105 2871 3162 qua:
2891 3105 2989 3161 per
3016 3090 3587 3162 singulasprovincias

2029 3163 2182 3242 actae
2210 3168 2363 3242 sunt“,
2412 3174 2579 3242 quam
2604 3160 2904 3242 .proprium
2952 3160 3199 3216 nostrum
3221 3175 3468 3242 "sensum
3503 3175 3588 3215 se-

315 3244 526 3324 canone
544 3229 614 3324 ἓξ
638 3230 871 3324 conc-iliik
876 3228 1330 3324 Chalcedonensis
1353 3246 1369 3285 :
1392 3228 1482 3300 qui
1513 3246 1685 3285 canon
1715 3242 1900 3303 postea
1928 3261 1972 3324 ρ
2005 3231 2298 3324 quendum.
2325 3229 2567 3324 Denique
2604 3228 2902 3324 ipsak'sacra
2936 3240 2990 3285 et
3023 3230 3290 3312 generalia
3319 3245 3584 3324 canonum

312 3298 672 3355 conﬁrmatus
695 3310 780 3356 est
806 3301 875 3355 ab
895 3298 1335 3370 imperatoribus,
1362 3298 1569 3369 usuque
1595 3317 1690 3370 per
1710 3298 1899 3359 omnes

316 3369 519 3440 ubique
548 3372 853 3439 provincias
882 3369 1162 3440 receptus;
1190 3378 1251 3424 ut
1277 3369 1457 3425 Marca
1481 3369 1718 3427 ostendit
1751 3374 1807 3428 in
1843 3374 1903 3430 li-

316 3438 643 3510 bro—octavo
669 3442 738 3496 de
760 3438 1092 3510 Concordia,
1108 3440 1283 3510 capite
1312 3440 1396 3494 18.

390 3519 413 3548 ε
443 3507 745 3566 Gallicanos
777 3515 1020 3566 canones.
1066 3507 1190 3565 iam
1222 3518 1377 3565 antea
1415 3508 1793 3570 adnotavimus
1831 3517 1899 3572 ad

314 3578 515 3653 librum
551 3582 812 3653 adversus
850 3582 1043 3653 Legem
1069 3580 1421 3647 Gundebadi,
1462 3598 1715 3653 magnam
1761 3587 1901 3643 anti-

313 3651 497 3720 quitus
545 3651 715 3708 fuisse
753 3650 1119 3708 reveréntiam
1168 3650 1895 3723 canonumiGallicanorum;

315 3736 778 3807 neque.nunc.ea
808 3723 996 3807 repleti.
1020 3729 1105 3807 est
1131 3737 1284 3807 opus.
1326 3720 1458 3807 illud
1500 3720 1901 3807 inpraesentia?

314 3790 435 3845 mm
457 3792 799 3863 admonuisse
829 3790 1085 3863 sufﬁciat,
1108 3790 1180 3847 ex'
1199 3793 1302 3847 hoc
1326 3790 1600 3863 Agobardi
1626 3794 1745 3850 loco
1769 3810 1897 3852 con-

312 3869 460 3933 stare
504 3878 611 3917 non
654 3862 949 3919 credidisse
987 3862 1220 3933 majores
1269 3862 1485 3933 nostros
1527 3867 1895 3921 necessariam

310 3931 877 4006 fuisseprtcsentiam
909 3931 1209 4006 legatorum
1254 3932 1526 4006 pontificis
1565 3935 1794 3989 Romani
1841 3937 1897 3992 in

311 4001 557 4058 conciliis
605 4001 1097 4074 regionalibus'aut
1138 4001 1589 4074 provincialibus,
1633 4019 1897 4062 canones-

311 4088 417 4144 que
454 4074 507 4128 in
536 4074 617 4129 eis
647 4071 895 4130 decretos
919 4071 1428 4144 perinde'valuisse,
1458 4087 1521 4144 ac
1548 4074 1592 4127 si
1623 4073 1695 4127 illi
1726 4076 1896 4130 inter-

308 4141 558 4216 fuissent.
586 4144 753 4216 Unde
776 4141 1131 4216 conﬁrmatur
1160 4141 1732 4216 ingerpretatiogquam
1769 4160 1893 4216 ver-

309 4211 396 4268 bis
419 4213 696 4270 Benedicti
723 4214 924 4275 Levita:
957 4214 1176 4269 adhibet
1201 4211 1381 4268 Marce
1426 4214 1479 4274 in
1523 4211 1616 4269 lib.
1646 4222 1801 4270 sexto
1826 4211 1894 4272 de

309 4281 633 4354 Concordia,
674 4300 799 4354 cap.
821 4284 913 4340 27.
956 4284 1278 4340 Benedictus
1303 4283 1447 4339 enim
1498 4284 1550 4338 in
1576 4283 1892 4354 praefatione

308 4351 434 4408 libri
485 4354 659 4423 quinti
703 4351 1094 4425 Capitularium
1138 4368 1204 4408 ex
1248 4366 1314 4409 eo
1366 4351 1594 4425 quoque
1626 4355 1784 4411 valde
1831 4372 1891 4414 se

307 4425 693 4498 commendare
709 4424 868 4498 putat
894 4426 1010 4498 haec
1033 4424 1291 4498 capitula,
1316 4424 1461 4498 quod
1495 4433 1551 4498 et
1586 4426 1643 4480 in
1668 4427 1891 4498 synodis

307 4441 690 4507 commendare
677 4441 868 4550 Ἀἑιιιιειι
895 4441 1010 4507 haec
1033 4441 1291 4506 capitula,
1316 4441 1461 4507 quon
1495 4441 1551 4481 et
1586 4442 1643 4480 ιιι
1668 4441 1889 4498 synoats

306 4510 337 4568 a
368 4493 673 4568 qufaClO“
728 4504 987 4568 oguntino
1019 4497 1162 4568 sedis
1195 4495 1714 4568 apostolicaenlegato
1741 4497 1889 4553 cele-

306 4510 337 4547 a
368 4510 645 4551 nonnacio
677 4510 987 4619 ntogununo
1019 4510 1162 4550 senis
1195 4510 1501 4565 aposmucae
1537 4510 1714 4568 legato
1741 4510 1887 4553 cete-

304 4564 485 4636 bratis
519 4566 735 4621 condita
794 4565 996 4630 uerint,
1036 4566 1276 4634 adeoque
1315 4566 1608 4636 apostolica
1649 4568 1887 4625 auctori-

2005 3300 2220 3357 (lecreta
2248 3301 2583 3373 prmcipiunt,
2613 3309 2673 3355 ut
2703 3301 2788 3373 bis
2816 3301 2869 3355 in
2901 3300 3044 3356 anno
3070 3316 3177 3373 per
3196 3300 3586 3373 singulaspro-

2000 3373 2207 3426 vincias
2235 3371 2611 3441 episcoporum
2647 3371 2953 3427 celebretur
2990 3371 3300 3437 concilium,
3326 3380 3382 3426 et
3400 3372 3587 3442 plena-

2000 3443 2137 3497 riam
2173 3443 2436 3514 synodum
2461 3442 2648 3514 dicunt
2670 3456 2790 3498 esse
2833 3442 2922 3497 ubi
2951 3459 3074 3514 cum
3106 3443 3220 3499 suis
3261 3442 3583 3514 dimcesanis

1999 3512 2449 3586 metropolitanus
2487 3512 2650 3567 fuerit
2685 3514 2985 3586 episcopus.
3029 3513 3166 3570 Cum
3199 3528 3331 3586 ergo
3366 3513 3441 3568 ita
3467 3528 3581 3584 spe

1999 3583 2157 3639 cialia
2180 3583 2431 3640 concilia
2455 3598 2521 3638 ex
2547 3583 2882 3652 generalium
2917 3586 3241 3639 auctoritate
3271 3584 3429 3649 ﬁunt,
3456 3583 3581 3639 cen-

1999 3662 2108 3709 stat
2144 3654 2350 3709 nullum
2383 3667 2543 3724 posse
2567 3655 2634 3709 de
2661 3669 2851 3725 eorum
2888 3654 3091 3725 aliquid
3127 3654 3435 3725 improbare
3470 3662 3581 3709 sta-

2001 3725 2147 3789 tutis,
2178 3725 2281 3779 nisi
2312 3739 2437 3796 eum
2466 3725 2558 3795 qui
2600 3724 2805 3796 apertis
2838 3724 3052 3780 indiciis
3087 3726 3325 3796 potuerit
3355 3725 3578 3779 convin-

1997 3808 2126 3851 cere
2160 3810 2255 3851 eos
2292 3794 2695 3851 aliuua’contra
2724 3795 2884 3850 ﬁdem
2923 3804 3016 3851 aut
3046 3794 3225 3849 mores
3252 3794 3422 3849 bonos
3449 3808 3579 3849 con-

1996 3865 2257 3920 stituisse.
2294 3883 2316 3919 ι
2361 3865 2636 3920 Hactenus
2674 3873 2830 3921 vetus
2873 3865 2964 3921 ille
2997 3865 3254 3920 collector
3289 3881 3302 3918 :
3332 3878 3491 3932 quem
3527 3865 3574 3918 si

1996 3933 2267 4003 Agobardi
2311 3943 2645 4003 coaetaneum
2693 3933 2860 3989 fuisse
2900 3934 3125 3999 dixero,
3173 3933 3421 3989 fortassis
3467 3949 3574 3988 non

1996 4002 2289 4075 aberrabo._
2310 4002 2446 4057 Nam
2471 4002 2647 4075 nullos
2674 4018 2908 4060 canones
2932 4005 3085 4071 citat,
3115 4018 3279 4073 quam
3305 4018 3401 4060 eos
3427 4004 3574 4075 ipsos

1995 4089 2134 4198 gues
2168 4072 2600 4198 laudareéiotuit
2622 4071 2965 4145 Agobardus,
3007 4074 3063 4130 id
3099 4071 3202 4143 est,
3240 4071 3574 4159 canoneset

2028 4151 2211 4198 ecreta
2254 4151 2405 4198 Dant!
2446 4158 2567 4198 cum
2609 4159 2729 4198 ante
2775 4151 2891 4198 tum
2940 4146 3228 4198 exstabant
3276 4162 3333 4198 ιιι
3372 4144 3570 4198 Codice

2028 4151 2211 4199 ecreta
2254 4142 2567 4214 pontiﬁcum
2609 4142 2729 4214 quin
2775 4151 2891 4200 tum
2940 4146 3228 4203 exstabant
3276 4146 3333 4202 in
3372 4144 3570 4202 Codice

1994 4211 2560 4288 Canonumﬁcclesigc
2590 4211 2898 4271 Gallicanae.
2925 4217 3076 4288 Quod
3116 4225 3297 4273 autem
3321 4216 3566 4288 Agobar-

1993 4285 2093 4360 dus
2121 4284 2607 4360 et_collectorgis_te
2641 4294 2821 4360 vetus,
2857 4295 2921 4342 ut
2954 4284 3320 4360 regionalibus
3348 4284 3402 4342 εἰ
3442 4304 3568 4359 pro-

1992 4354 2312 4411 vincialibus
2347 4356 2592 4411 conciliis
2617 4357 2999 4414 auctoritatem
3020 4354 3256 4425 'addant,
3284 4354 3564 4414 aiunt'eo-

1992 4440 2111 4480 rum
2128 4425 2559 4501 celebrationem
2593 4427 3068 4501 esseimperatamg
3097 4444 3139 4501 a7
3157 4429 3365 4501 magnis
3389 4439 3445 4484 et
3481 4446 3569 4501 ge-

1991 4496 2267 4552 neralibus
2302 4495 2568 4563 conciliis,
2598 4506 2658 4552 ut
2680 4497 2763 4553 bis
2799 4495 2853 4552 in
2891 4514 3032 4554 anno
3056 4495 3378 4564 habeantur,
3418 4495 3565 4553 suin—

2030 4575 2143 4621 tum
2171 4575 2255 4622 est
2293 4580 2360 4621 ex
2389 4581 2598 4622 canone
2618 4567 2651 4622 5
2677 4566 2910 4631 Nicaano,
2942 4568 3012 4622 20
3031 4567 3384 4632 Antiocheno,
3413 4577 3469 4622 et
3497 4570 3564 4624 i9

306 4611 677 4689 ῐᾰῶἶινῖιῖἕιῖ
685 4611 996 4705 Ϊεῖἷιὶὶὂὶί
1014 4611 1888 4707 εέᾆῖιέὖῐῖαΑὲἷῆῐιιῖἱῖῥίᾶιῖἷέῐιὶι
1910 4611 1964 4671 Ι)
1987 4611 2451 4692 Εἱιῐὶὲέεῐόηέἷιεῖῗ
2459 4611 2649 4691 "Liui?
2677 4611 3384 4693 ‘ééi'iiiwéoiﬂaéiiiiwi’iiiiii’
3396 4611 3562 4695 sua:

307 4706 544 4777 maxima
593 4721 659 4777 ex
706 4714 861 4777 parte
910 4706 1162 4762 roborata
1195 4705 1402 4777 eadem
1449 4705 1795 4762 auctoritate.
1827 4709 1884 4763 ld

303 4774 448 4847 enim
486 4774 889 4847 intelligendum
920 4784 1005 4832 est
1030 4778 1129 4847 dei
1141 4775 1313 4847 tribus
1349 4778 1640 4847 postremis
1665 4777 1886 4847 Capitu-

242 4886 249 4895 .
306 4844 503 4900 larium
540 4844 712 4918 libris,
752 4856 813 4902 ut
851 4848 1080 4918 ipsemet
1100 4844 1424 4918 Benedictus
1462 4846 1620 4902 docet
1664 4847 1715 4902 in
1742 4844 1884 4904 libro

305 4930 403 4988 vn,
441 4916 731 4988 cap._5'l7:
770 4937 787 4967 ‹
822 4916 1054 4972 maxime
1094 4916 1254 4971 trium
1293 4916 1607 4970 ultimorum
1651 4918 1883 4988 capitula

305 4985 531 5058 istorum
568 4986 828 5042 librorum
862 4988 1154 5058 apostolica
1190 4994 1319 5040 sunt
1340 4996 1529 5058 cuncta
1564 4985 1884 5058 auctoritate

306 5056 590 5127 roborata,
632 5059 757 5127 quia
803 5056 1177 5113 his'cudeudis
1209 5056 1442 5111 maxime
1483 5057 1779 5127 apostolica
1807 5059 1885 5114 in-

305 5124 496 5198 terfuit
519 5124 735 5198 legatio.
770 5148 789 5181 ι

375 5193 403 5233 ἀ
436 5192 799 5252 ϐοηεόηαηιεν
825 5198 1020 5251 sanctis
1060 5194 1365 5268 Scripturis.
1423 5197 1608 5268 Itaque
1654 5197 1732 5253 sic
1765 5213 1883 5268 per-

303 5279 527 5338 suasum
556 5275 694 5333 erat,
726 5268 924 5322 nullius
952 5267 1206 5338 momenti
1242 5283 1361 5323 esse
1385 5267 1596 5338 regulas
1623 5267 1883 5324 ecclesia-

303 5336 490 5408 sticas,
541 5338 707 5408 etiam
760 5340 816 5392 in
862 5337 1323 5408 synodiseditas,
1380 5336 1484 5392 nisi
1518 5347 1880 5395 consonarent

306 5407 507 5477 sanctis
552 5405 868 5477 Seripturis.
897 5405 1038 5474 'Quo
1074 5406 1262 5477 ﬁebat,
1312 5417 1371 5463 ut
1417 5408 1627 5477 quoties
1649 5408 1879 5465 Romani

306 5476 589 5599 sontiﬁces
630 5476 699 5532 ad
742 5478 975 5549 synodos
1015 5476 1289 5532 mitterent
1323 5476 1579 5548 epistolas
1618 5478 1672 5533 in
1712 5493 1878 5534 causa

342 5546 452 5599 dei.
479 5548 716 5599 enisconi
762 5547 1068 5599 congregati
1111 5548 1483 5599 examinarcnt
1526 5564 1594 5599 an
1639 5549 1878 5599 cnistolm

342 5546 452 5619 dei,
479 5548 716 5617 episc0pi
762 5546 1068 5619 congregati
1111 5546 1503 5619 examinarent_
1526 5564 1594 5603 an
1639 5549 1878 5619 cpistola:

307 5615 407 5672 illa:
433 5615 795 5688 congruerent
833 5615 1003 5673 sacris
1031 5615 1357 5742 Scri‘pturis;
1389 5626 1448 5671 ut
1482 5617 1598 5672 fuse
1639 5615 1878 5675 ostendit

308 5682 483 5742 Karca
516 5687 573 5742 in
598 5688 736 5742 libro
768 5704 804 5742 v
826 5689 893 5742 de
919 5687 1128 5742 Coucor
1164 5688 1235 5742 ia.

308 5682 483 5743 Narca
516 5682 573 5744 in
598 5688 736 5744 libro
768 5704 804 5742 v
826 5689 893 5743 de
919 5682 1235 5743 Concordia.

375 5767 400 5797 ο
436 5756 642 5813 Eorum
674 5758 911 5813 sensibus
948 5758 1231 5827 anteponit.
1292 5757 1577 5828 Agobardo
1605 5759 1877 5814 consentit

306 5836 457 5885 vetus
493 5836 683 5887 auctor
709 5828 1049 5886 Collectionis
1080 5842 1378 5893 canonum,
1409 5828 1666 5883 hactenus
1703 5829 1876 5883 inedi-

306 5905 411 5965 tus,
433 5916 594 5967 quem
621 5901 761 5971 apud
785 5915 871 5955 me
897 5898 1069 5955 habeo
1096 5915 1108 5952 :
1137 5897 1250 5969 qui,
1278 5907 1560 5970 postquam
1597 5898 1651 5953 in
1680 5897 1872 5969 praefa-

1985 4721 2131 4769 ncm,
2166 4721 2360 4775 nempe
2387 4706 2652 4777 synodum
2684 4706 2981 4777 illamgesse
3008 4707 3305 4777 plenariam
3335 4709 3421 4763 cui
3449 4724 3562 4764 me-

1986 4776 2340 4847 tropolitanus
2369 4775 2652 4847 episcopus
2687 4775 2994 4832 interfuerit
3010 4775 3137 4833 cum
3164 4777 3277 4834 suis
3301 4778 3561 4847 (limcesa-

1984 4845 2089 4901 nisi
2137 4845 2285 4903 Istud
2315 4845 2446 4903 vero
2487 4853 2757 4917 sumptum
2798 4855 2882 4903 est
2919 4863 2984 4904 ex
3021 4862 3228 4903 canone
3272 4845 3336 4903 16
3378 4848 3559 4904 Antio-

1984 4917 2174 4988 cheno,
2220 4916 2274 4971 in
2303 4917 2527 4988 quorsic
2564 4916 2825 4988 scriptum
2861 4927 2944 4973 est
2981 4936 2993 4971 :
3033 4936 3053 4969 ι
3095 4917 3398 4973 Perfectum
3428 4933 3558 4974 vero

1982 4987 2271 5042 concilium
2310 4987 2439 5058 illud
2479 4995 2584 5052 est,
2626 4987 2718 5042 ubi
2765 4988 3070 5045 interfuerit
3115 4988 3558 5058 metropolitanus

1983 5058 2238 5113 antistes:
2263 5077 2282 5109 ι
2302 5056 2455 5117 cujus
2476 5057 2643 5112 etiam
2664 5059 2991 5115 mentionem
3014 5061 3146 5115 facit
3166 5056 3474 5117 Ferrandus
3502 5061 3555 5116 in

1981 5126 2320 5198 Breviatione
2348 5126 2650 5198 canonum,
2682 5128 2765 5183 tit.
2797 5129 2929 5194 1M;
2983 5130 3217 5198 itemque
3241 5128 3550 5198 Gratianus,

1977 5196 2353 5261 Burchardus,
2398 5197 2508 5263 lvo,
2545 5196 2655 5252 alii.
2700 5198 2773 5253 Ut
2815 5201 2972 5254 valde
3008 5196 3207 5255 mirum
3241 5200 3311 5254 sit
3343 5199 3397 5254 id
3439 5196 3551 5257 non

1978 5268 2414 5322 animadversum
2466 5284 2497 5322 a
2546 5268 2611 5322 Β.
2638 5269 2699 5323 Ρ.
2726 5268 2998 5325 Ludovico
3042 5268 3302 5335 Cellotio,
3357 5269 3451 5335 qui
3500 5271 3553 5326 in

1978 5338 2122 5410 notis
2162 5338 2230 5393 ad
2267 5345 2429 5408 caput
2473 5338 2544 5393 25
2584 5339 2798 5410 concilii
2828 5339 3177 5410 Duziacensis
3212 5338 3555 5410 reprehendit

1979 5406 2347 5480 Hincmarum'
2375 5409 2721 5480 saepiuscule,
2764 5419 2823 5463 ut
2870 5410 2985 5479 ipse
3033 5408 3137 5473 ait,
3186 5406 3550 5480 prdfercntem

1976 5477 2122 5552 hunc
2152 5492 2415 5533 canonem
2439 5477 2870 5552 Antiochenam,
2890 5477 3020 5552 cum
3045 5477 3253 5552 tamen
3277 5483 3555 5552 conceptis

1976 5549 2157 5621 verbis
2176 5563 2292 5621 non
2321 5557 2497 5603 exstet
2514 5549 2584 5621 _i_n
2614 5549 2820 5620 synodo
2845 5549 3201 5621 Antiochena.
3220 5620 3223 5621 ν
3244 5551 3408 5607 Multa
3434 5549 3555 5621 qui-

1976 5618 2099 5692 dem
2158 5620 2224 5692 de
2265 5618 2812 5692 metropolitanorum
2870 5620 3160 5692 dignitate,
3210 5618 3550 5692 juribusq'ue.

1975 5688 2369 5765 sapientissime
2403 5687 2568 5741 variis
2603 5689 2900 5765 canonibus
2932 5687 3246 5748 decrevisse
3274 5687 3550 5765 synodum

1973 5757 2119 5833 illam
2147 5757 2560 5833 Antiochenam,
2600 5757 3002 5833 sed__nnsqnam
3032 5757 3401 5831 pronuntiare,
3440 5778 3551 5833 per«

1973 5827 2337 5902 fectumillug
2380 5841 2499 5881 esse
2535 5827 2844 5902 concilium,
2862 5827 2960 5902 cui
2992 5827 3551 5902 metropolitanus'in-

1973 5895 2237 5953 terfuerit.
2280 5894 2550 5953 Hactenus
2575 5896 2852 5956 Ccllotius.
2887 5900 3039 5958 Unde
3067 5894 3280 5959 constat
3308 5918 3394 5957 res
3423 5918 3549 5974 quo-
