  <div class='ocr_page' id='page_1' title='image "/cluster/home/n/w/nwhite01/storage/ocr_20150623/104/hvd.32044052819794/127.png"; bbox 0 0 3962 6180; ppageno 0'>
   <div class='ocr_carea' id='block_1_1' title="bbox 325 443 433 503">
    <p class='ocr_par' dir='ltr' id='par_1_1' title="bbox 325 443 433 503">
     <span class='ocr_line' id='line_1_1' title="bbox 325 443 433 503; baseline -0.019 0"><span class='ocrx_word' id='word_1_1' title='bbox 325 443 433 503; x_wconf 62' lang='lat'><strong>215</strong></span> 
     </span>
    </p>
   </div>
   <div class='ocr_carea' id='block_1_2' title="bbox 1290 429 2606 498">
    <p class='ocr_par' dir='ltr' id='par_1_2' title="bbox 1290 429 2606 498">
     <span class='ocr_line' id='line_1_2' title="bbox 1290 429 2606 498; baseline -0.007 0"><span class='ocrx_word' id='word_1_2' title='bbox 1290 438 1346 498; x_wconf 84' lang='lat' dir='ltr'><strong>S.</strong></span> <span class='ocrx_word' id='word_1_3' title='bbox 1390 436 1735 497; x_wconf 71' lang='lat' dir='ltr'><strong>AGOBABDI</strong></span> <span class='ocrx_word' id='word_1_4' title='bbox 1773 434 2079 495; x_wconf 81' lang='lat' dir='ltr'><strong>EPISCOPI</strong></span> <span class='ocrx_word' id='word_1_5' title='bbox 2118 429 2606 492; x_wconf 78' lang='lat' dir='ltr'><strong>LUGDUNENSIS</strong></span> 
     </span>
    </p>
   </div>
   <div class='ocr_carea' id='block_1_3' title="bbox 3480 430 3586 489">
    <p class='ocr_par' dir='ltr' id='par_1_3' title="bbox 3480 430 3586 489">
     <span class='ocr_line' id='line_1_3' title="bbox 3480 430 3586 489; baseline 0 0"><span class='ocrx_word' id='word_1_6' title='bbox 3480 430 3586 489; x_wconf 62' lang='lat'><strong>9.6-4</strong></span> 
     </span>
    </p>
   </div>
   <div class='ocr_carea' id='block_1_4' title="bbox 325 545 3591 625">
    <p class='ocr_par' dir='ltr' id='par_1_4' title="bbox 325 545 3591 625">
     <span class='ocr_line' id='line_1_4' title="bbox 325 545 3591 625; baseline -0.004 -8"><span class='ocrx_word' id='word_1_7' title='bbox 325 576 517 618; x_wconf 85' lang='lat' dir='ltr'><strong>omnes</strong></span> <span class='ocrx_word' id='word_1_8' title='bbox 565 555 852 615; x_wconf 82' lang='lat' dir='ltr'><strong>crthodoxl</strong></span> <span class='ocrx_word' id='word_1_9' title='bbox 906 563 1146 611; x_wconf 85' lang='lat' dir='ltr'><strong>rectores</strong></span> <span class='ocrx_word' id='word_1_10' title='bbox 1193 556 1605 625; x_wconf 87' lang='lat' dir='ltr'><strong>quibuscunque</strong></span> <span class='ocrx_word' id='word_1_11' title='bbox 1653 554 1787 609; x_wconf 90' lang='lat' dir='ltr'><strong>locis</strong></span> <span class='ocrx_word' id='word_1_12' title='bbox 1819 549 1905 607; x_wconf 85' lang='lat' dir='ltr'><strong>vel</strong></span> <span class='ocrx_word' id='word_1_13' title='bbox 1931 556 1984 614; x_wconf 79' lang='grc' dir='ltr'>Α</span> <span class='ocrx_word' id='word_1_14' title='bbox 2007 547 2167 604; x_wconf 87' lang='lat' dir='ltr'><strong>Certe</strong></span> <span class='ocrx_word' id='word_1_15' title='bbox 2193 548 2276 604; x_wconf 82' lang='lat' dir='ltr'><strong>lex</strong></span> <span class='ocrx_word' id='word_1_16' title='bbox 2308 564 2415 604; x_wconf 92' lang='lat' dir='ltr'><strong>non</strong></span> <span class='ocrx_word' id='word_1_17' title='bbox 2442 548 2614 603; x_wconf 90' lang='lat' dir='ltr'><strong>vetuit</strong></span> <span class='ocrx_word' id='word_1_18' title='bbox 2638 545 2908 615; x_wconf 75' lang='lat' dir='ltr'><strong>subjectos</strong></span> <span class='ocrx_word' id='word_1_19' title='bbox 2937 552 3030 601; x_wconf 88' lang='lat' dir='ltr'><strong>aut</strong></span> <span class='ocrx_word' id='word_1_20' title='bbox 3050 547 3236 602; x_wconf 86' lang='lat' dir='ltr'><strong>vinum</strong></span> <span class='ocrx_word' id='word_1_21' title='bbox 3254 546 3464 615; x_wconf 80' lang='lat' dir='ltr'><strong>bibere,</strong></span> <span class='ocrx_word' id='word_1_22' title='bbox 3494 556 3591 604; x_wconf 86' lang='lat' dir='ltr'><strong>aut</strong></span> 
     </span>
    </p>
   </div>
   <div class='ocr_carea' id='block_1_5' title="bbox 327 643 1906 722">
    <p class='ocr_par' dir='ltr' id='par_1_5' title="bbox 327 643 1906 722">
     <span class='ocr_line' id='line_1_5' title="bbox 327 643 1906 722; baseline -0.007 -15"><span class='ocrx_word' id='word_1_23' title='bbox 327 649 662 722; x_wconf 75' lang='lat' dir='ltr'><strong>temporibus</strong></span> <span class='ocrx_word' id='word_1_24' title='bbox 703 648 769 703; x_wconf 89' lang='lat' dir='ltr'><strong>de</strong></span> <span class='ocrx_word' id='word_1_25' title='bbox 810 646 972 701; x_wconf 81' lang='lat' dir='ltr'><strong>rebus</strong></span> <span class='ocrx_word' id='word_1_26' title='bbox 1013 645 1401 701; x_wconf 73' lang='lat' dir='ltr'><strong>ecclesiasticis</strong></span> <span class='ocrx_word' id='word_1_27' title='bbox 1445 643 1740 700; x_wconf 72' lang='lat' dir='ltr'><strong>tractandis</strong></span> <span class='ocrx_word' id='word_1_28' title='bbox 1778 657 1906 698; x_wconf 88' lang='lat' dir='ltr'><strong>con-</strong></span> 
     </span>
    </p>
   </div>
   <div class='ocr_carea' id='block_1_6' title="bbox 2005 637 3591 707">
    <p class='ocr_par' dir='ltr' id='par_1_6' title="bbox 2005 637 3591 707">
     <span class='ocr_line' id='line_1_6' title="bbox 2005 637 3591 707; baseline 0.001 -12"><span class='ocrx_word' id='word_1_29' title='bbox 2005 641 2058 696; x_wconf 93' lang='lat' dir='ltr'><strong>in</strong></span> <span class='ocrx_word' id='word_1_30' title='bbox 2085 639 2333 698; x_wconf 87' lang='lat' dir='ltr'><strong>domibus</strong></span> <span class='ocrx_word' id='word_1_31' title='bbox 2370 641 2638 697; x_wconf 83' lang='lat' dir='ltr'><strong>habitare.</strong></span> <span class='ocrx_word' id='word_1_32' title='bbox 2695 640 2761 695; x_wconf 87' lang='lat' dir='ltr'><strong>Et</strong></span> <span class='ocrx_word' id='word_1_33' title='bbox 2803 647 2981 694; x_wconf 89' lang='lat' dir='ltr'><strong>tamen</strong></span> <span class='ocrx_word' id='word_1_34' title='bbox 3005 639 3269 707; x_wconf 89' lang='lat' dir='ltr'><strong>Ionadab,</strong></span> <span class='ocrx_word' id='word_1_35' title='bbox 3311 640 3453 695; x_wconf 84' lang='lat' dir='ltr'><strong>ﬁlius</strong></span> <span class='ocrx_word' id='word_1_36' title='bbox 3483 637 3591 698; x_wconf 78' lang='lat' dir='ltr'><strong>Re—</strong></span> 
     </span>
    </p>
   </div>
   <div class='ocr_carea' id='block_1_7' title="bbox 328 732 3586 811">
    <p class='ocr_par' dir='ltr' id='par_1_7' title="bbox 328 732 3586 811">
     <span class='ocr_line' id='line_1_7' title="bbox 328 732 3586 811; baseline -0.003 -12"><span class='ocrx_word' id='word_1_37' title='bbox 328 742 718 811; x_wconf 83' lang='lat' dir='ltr'><strong>servandisque</strong></span> <span class='ocrx_word' id='word_1_38' title='bbox 762 738 964 810; x_wconf 87' lang='lat' dir='ltr'><strong>aliquid</strong></span> <span class='ocrx_word' id='word_1_39' title='bbox 993 747 1330 807; x_wconf 89' lang='lat' dir='ltr'><strong>statuerunt,</strong></span> <span class='ocrx_word' id='word_1_40' title='bbox 1360 748 1769 795; x_wconf 88' lang='lat' dir='ltr'><strong>antecessorum</strong></span> <span class='ocrx_word' id='word_1_41' title='bbox 1798 746 1908 793; x_wconf 82' lang='lat' dir='ltr'><strong>sta-</strong></span> <span class='ocrx_word' id='word_1_42' title='bbox 2006 732 2146 799; x_wconf 84' lang='lat' dir='ltr'><strong>cab,</strong></span> <span class='ocrx_word' id='word_1_43' title='bbox 2211 733 2339 790; x_wconf 78' lang='lat' dir='ltr'><strong>filiis</strong></span> <span class='ocrx_word' id='word_1_44' title='bbox 2394 735 2511 790; x_wconf 87' lang='lat' dir='ltr'><strong>suis</strong></span> <span class='ocrx_word' id='word_1_45' title='bbox 2560 732 2896 790; x_wconf 78' lang='lat' dir='ltr'><strong>exhortando</strong></span> <span class='ocrx_word' id='word_1_46' title='bbox 2953 734 3233 789; x_wconf 79' lang='lat' dir='ltr'><strong>interdixit</strong></span> <span class='ocrx_word' id='word_1_47' title='bbox 3277 744 3586 807; x_wconf 86' lang='lat' dir='ltr'><strong>utrumque.</strong></span> 
     </span>
    </p>
   </div>
   <div class='ocr_carea' id='block_1_8' title="bbox 330 832 1909 902">
    <p class='ocr_par' dir='ltr' id='par_1_8' title="bbox 330 832 1909 902">
     <span class='ocr_line' id='line_1_8' title="bbox 330 832 1909 902; baseline -0.004 -11"><span class='ocrx_word' id='word_1_48' title='bbox 330 836 461 891; x_wconf 90' lang='lat' dir='ltr'><strong>tutis</strong></span> <span class='ocrx_word' id='word_1_49' title='bbox 483 841 540 889; x_wconf 92' lang='lat' dir='ltr'><strong>et</strong></span> <span class='ocrx_word' id='word_1_50' title='bbox 576 832 881 889; x_wconf 89' lang='lat' dir='ltr'><strong>divinarum</strong></span> <span class='ocrx_word' id='word_1_51' title='bbox 910 832 1216 887; x_wconf 89' lang='lat' dir='ltr'><strong>litterarum</strong></span> <span class='ocrx_word' id='word_1_52' title='bbox 1247 832 1556 888; x_wconf 83' lang='lat' dir='ltr'><strong>auctoritati</strong></span> <span class='ocrx_word' id='word_1_53' title='bbox 1583 844 1909 902; x_wconf 78' lang='lat' dir='ltr'><strong>magnopere</strong></span> 
     </span>
    </p>
   </div>
   <div class='ocr_carea' id='block_1_9' title="bbox 329 921 1910 982">
    <p class='ocr_par' dir='ltr' id='par_1_9' title="bbox 329 921 1910 982">
     <span class='ocr_line' id='line_1_9' title="bbox 329 921 1910 982; baseline -0.004 0"><span class='ocrx_word' id='word_1_54' title='bbox 329 926 636 982; x_wconf 88' lang='lat' dir='ltr'><strong>studuerint</strong></span> <span class='ocrx_word' id='word_1_55' title='bbox 660 940 982 981; x_wconf 85' lang='lat' dir='ltr'><strong>consonare.</strong></span> <span class='ocrx_word' id='word_1_56' title='bbox 1043 922 1165 978; x_wconf 90' lang='lat' dir='ltr'><strong>Iam</strong></span> <span class='ocrx_word' id='word_1_57' title='bbox 1197 938 1325 979; x_wconf 91' lang='lat' dir='ltr'><strong>vero</strong></span> <span class='ocrx_word' id='word_1_58' title='bbox 1353 923 1421 978; x_wconf 91' lang='lat' dir='ltr'><strong>de</strong></span> <span class='ocrx_word' id='word_1_59' title='bbox 1455 921 1719 977; x_wconf 89' lang='lat' dir='ltr'><strong>donandis</strong></span> <span class='ocrx_word' id='word_1_60' title='bbox 1748 921 1910 976; x_wconf 87' lang='lat' dir='ltr'><strong>rebus</strong></span> 
     </span>
    </p>
   </div>
   <div class='ocr_carea' id='block_1_10' title="bbox 328 1012 1911 1083">
    <p class='ocr_par' dir='ltr' id='par_1_10' title="bbox 328 1012 1911 1083">
     <span class='ocr_line' id='line_1_10' title="bbox 328 1012 1911 1083; baseline -0.006 -8"><span class='ocrx_word' id='word_1_61' title='bbox 328 1027 384 1075; x_wconf 88' lang='lat' dir='ltr'><strong>et</strong></span> <span class='ocrx_word' id='word_1_62' title='bbox 415 1018 731 1075; x_wconf 89' lang='lat' dir='ltr'><strong>ordinandis</strong></span> <span class='ocrx_word' id='word_1_63' title='bbox 758 1016 1005 1072; x_wconf 87' lang='lat' dir='ltr'><strong>ecclesiis</strong></span> <span class='ocrx_word' id='word_1_64' title='bbox 1028 1014 1162 1069; x_wconf 88' lang='lat' dir='ltr'><strong>nihil</strong></span> <span class='ocrx_word' id='word_1_65' title='bbox 1192 1029 1428 1082; x_wconf 85' lang='lat' dir='ltr'><strong>unquam</strong></span> <span class='ocrx_word' id='word_1_66' title='bbox 1461 1014 1516 1067; x_wconf 93' lang='lat' dir='ltr'><strong>in</strong></span> <span class='ocrx_word' id='word_1_67' title='bbox 1537 1012 1758 1083; x_wconf 83' lang='lat' dir='ltr'><strong>synodis</strong></span> <span class='ocrx_word' id='word_1_68' title='bbox 1786 1024 1911 1066; x_wconf 88' lang='lat' dir='ltr'><strong>con-</strong></span> 
     </span>
    </p>
   </div>
   <div class='ocr_carea' id='block_1_11' title="bbox 330 1103 1914 1173">
    <p class='ocr_par' dir='ltr' id='par_1_11' title="bbox 330 1103 1914 1173">
     <span class='ocr_line' id='line_1_11' title="bbox 330 1103 1914 1173; baseline -0.007 -6"><span class='ocrx_word' id='word_1_69' title='bbox 330 1111 579 1167; x_wconf 88' lang='lat' dir='ltr'><strong>stitutum</strong></span> <span class='ocrx_word' id='word_1_70' title='bbox 618 1116 702 1164; x_wconf 87' lang='lat' dir='ltr'><strong>est</strong></span> <span class='ocrx_word' id='word_1_71' title='bbox 724 1150 739 1173; x_wconf 91' lang='lat'><strong>,</strong></span> <span class='ocrx_word' id='word_1_72' title='bbox 774 1108 909 1161; x_wconf 90' lang='lat' dir='ltr'><strong>nihil</strong></span> <span class='ocrx_word' id='word_1_73' title='bbox 947 1121 979 1160; x_wconf 92' lang='lat' dir='ltr'><strong>a</strong></span> <span class='ocrx_word' id='word_1_74' title='bbox 1008 1105 1213 1161; x_wconf 85' lang='lat' dir='ltr'><strong>sanctis</strong></span> <span class='ocrx_word' id='word_1_75' title='bbox 1247 1104 1502 1159; x_wconf 87' lang='lat' dir='ltr'><strong>Patribus</strong></span> <span class='ocrx_word' id='word_1_76' title='bbox 1536 1103 1747 1172; x_wconf 85' lang='lat' dir='ltr'><strong>publice</strong></span> <span class='ocrx_word' id='word_1_77' title='bbox 1779 1117 1914 1173; x_wconf 70' lang='lat' dir='ltr'><strong>prm-</strong></span> 
     </span>
    </p>
   </div>
   <div class='ocr_carea' id='block_1_12' title="bbox 329 1191 1914 1266">
    <p class='ocr_par' dir='ltr' id='par_1_12' title="bbox 329 1191 1914 1266">
     <span class='ocr_line' id='line_1_12' title="bbox 329 1191 1914 1266; baseline -0.005 -12"><span class='ocrx_word' id='word_1_78' title='bbox 329 1203 588 1258; x_wconf 84' lang='lat' dir='ltr'><strong>dicatum.</strong></span> <span class='ocrx_word' id='word_1_79' title='bbox 647 1199 801 1253; x_wconf 89' lang='lat' dir='ltr'><strong>Nulla</strong></span> <span class='ocrx_word' id='word_1_80' title='bbox 837 1198 981 1253; x_wconf 90' lang='lat' dir='ltr'><strong>enim</strong></span> <span class='ocrx_word' id='word_1_81' title='bbox 1023 1195 1282 1266; x_wconf 89' lang='lat' dir='ltr'><strong>compulit</strong></span> <span class='ocrx_word' id='word_1_82' title='bbox 1310 1194 1639 1258; x_wconf 89' lang='lat' dir='ltr'><strong>necessitas,</strong></span> <span class='ocrx_word' id='word_1_83' title='bbox 1673 1191 1914 1247; x_wconf 82' lang='lat' dir='ltr'><strong>fervente</strong></span> 
     </span>
    </p>
   </div>
   <div class='ocr_carea' id='block_1_13' title="bbox 330 1281 1917 1362">
    <p class='ocr_par' dir='ltr' id='par_1_13' title="bbox 330 1281 1917 1362">
     <span class='ocr_line' id='line_1_13' title="bbox 330 1281 1917 1362; baseline -0.008 -15"><span class='ocrx_word' id='word_1_84' title='bbox 330 1294 532 1362; x_wconf 88' lang='lat' dir='ltr'><strong>ubique</strong></span> <span class='ocrx_word' id='word_1_85' title='bbox 573 1289 825 1361; x_wconf 85' lang='lat' dir='ltr'><strong>religiosa</strong></span> <span class='ocrx_word' id='word_1_86' title='bbox 852 1287 1137 1343; x_wconf 78' lang='lat' dir='ltr'><strong>devotione</strong></span> <span class='ocrx_word' id='word_1_87' title='bbox 1157 1326 1171 1352; x_wconf 95' lang='lat'><strong>,</strong></span> <span class='ocrx_word' id='word_1_88' title='bbox 1203 1294 1260 1341; x_wconf 91' lang='lat' dir='ltr'><strong>et</strong></span> <span class='ocrx_word' id='word_1_89' title='bbox 1284 1299 1471 1339; x_wconf 88' lang='lat' dir='ltr'><strong>amore</strong></span> <span class='ocrx_word' id='word_1_90' title='bbox 1500 1281 1804 1337; x_wconf 89' lang='lat' dir='ltr'><strong>illustrandi</strong></span> <span class='ocrx_word' id='word_1_91' title='bbox 1829 1295 1917 1336; x_wconf 87' lang='lat' dir='ltr'><strong>ec-</strong></span> 
     </span>
    </p>
   </div>
   <div class='ocr_carea' id='block_1_14' title="bbox 330 1373 1915 1445">
    <p class='ocr_par' dir='ltr' id='par_1_14' title="bbox 330 1373 1915 1445">
     <span class='ocr_line' id='line_1_14' title="bbox 330 1373 1915 1445; baseline -0.009 -4"><span class='ocrx_word' id='word_1_92' title='bbox 330 1384 530 1441; x_wconf 89' lang='lat' dir='ltr'><strong>clesias</strong></span> <span class='ocrx_word' id='word_1_93' title='bbox 568 1383 712 1439; x_wconf 88' lang='lat' dir='ltr'><strong>ultro</strong></span> <span class='ocrx_word' id='word_1_94' title='bbox 758 1388 1041 1436; x_wconf 64' lang='lat' dir='ltr'><strong>aestuante.</strong></span> <span class='ocrx_word' id='word_1_95' title='bbox 1084 1378 1259 1445; x_wconf 85' lang='lat' dir='ltr'><strong>Quem</strong></span> <span class='ocrx_word' id='word_1_96' title='bbox 1283 1391 1393 1433; x_wconf 89' lang='lat' dir='ltr'><strong>non</strong></span> <span class='ocrx_word' id='word_1_97' title='bbox 1416 1376 1483 1431; x_wconf 84' lang='lat' dir='ltr'><strong>ad</strong></span> <span class='ocrx_word' id='word_1_98' title='bbox 1509 1376 1625 1430; x_wconf 63' lang='lat' dir='ltr'><strong>base</strong></span> <span class='ocrx_word' id='word_1_99' title='bbox 1657 1373 1915 1429; x_wconf 87' lang='lat' dir='ltr'><strong>accende-</strong></span> 
     </span>
    </p>
   </div>
   <div class='ocr_carea' id='block_1_15' title="bbox 331 1464 1919 1536">
    <p class='ocr_par' dir='ltr' id='par_1_15' title="bbox 331 1464 1919 1536">
     <span class='ocr_line' id='line_1_15' title="bbox 331 1464 1919 1536; baseline -0.009 -4"><span class='ocrx_word' id='word_1_100' title='bbox 331 1485 416 1532; x_wconf 88' lang='lat' dir='ltr'><strong>ret</strong></span> <span class='ocrx_word' id='word_1_101' title='bbox 453 1475 793 1531; x_wconf 88' lang='lat' dir='ltr'><strong>Dominieum</strong></span> <span class='ocrx_word' id='word_1_102' title='bbox 831 1471 961 1527; x_wconf 91' lang='lat' dir='ltr'><strong>illud</strong></span> <span class='ocrx_word' id='word_1_103' title='bbox 992 1470 1192 1525; x_wconf 84' lang='lat' dir='ltr'><strong>factum</strong></span> <span class='ocrx_word' id='word_1_104' title='bbox 1220 1475 1278 1523; x_wconf 92' lang='lat' dir='ltr'><strong>et</strong></span> <span class='ocrx_word' id='word_1_105' title='bbox 1303 1468 1536 1531; x_wconf 89' lang='lat' dir='ltr'><strong>dictum,</strong></span> <span class='ocrx_word' id='word_1_106' title='bbox 1564 1464 1709 1536; x_wconf 90' lang='lat' dir='ltr'><strong>quod</strong></span> <span class='ocrx_word' id='word_1_107' title='bbox 1741 1464 1919 1519; x_wconf 84' lang='lat' dir='ltr'><strong>Evan-</strong></span> 
     </span>
    </p>
   </div>
   <div class='ocr_carea' id='block_1_16' title="bbox 333 1553 1919 1641">
    <p class='ocr_par' dir='ltr' id='par_1_16' title="bbox 333 1553 1919 1641">
     <span class='ocr_line' id='line_1_16' title="bbox 333 1553 1919 1641; baseline -0.012 -16"><span class='ocrx_word' id='word_1_108' title='bbox 333 1569 535 1641; x_wconf 86' lang='lat' dir='ltr'><strong>gelinm</strong></span> <span class='ocrx_word' id='word_1_109' title='bbox 576 1564 780 1631; x_wconf 84' lang='lat' dir='ltr'><strong>refert,</strong></span> <span class='ocrx_word' id='word_1_110' title='bbox 832 1562 1038 1618; x_wconf 84' lang='lat' dir='ltr'><strong>sedisse</strong></span> <span class='ocrx_word' id='word_1_111' title='bbox 1067 1559 1357 1615; x_wconf 90' lang='lat' dir='ltr'><strong>Dominum</strong></span> <span class='ocrx_word' id='word_1_112' title='bbox 1382 1565 1570 1612; x_wconf 88' lang='lat' dir='ltr'><strong>contra</strong></span> <span class='ocrx_word' id='word_1_113' title='bbox 1594 1553 1919 1625; x_wconf 75' lang='lat' dir='ltr'><strong>gazophyla-</strong></span> 
     </span>
    </p>
   </div>
   <div class='ocr_carea' id='block_1_17' title="bbox 333 1643 1916 1724">
    <p class='ocr_par' dir='ltr' id='par_1_17' title="bbox 333 1643 1916 1724">
     <span class='ocr_line' id='line_1_17' title="bbox 333 1643 1916 1724; baseline -0.009 -12"><span class='ocrx_word' id='word_1_114' title='bbox 333 1658 479 1713; x_wconf 88' lang='lat' dir='ltr'><strong>cium</strong></span> <span class='ocrx_word' id='word_1_115' title='bbox 505 1697 519 1720; x_wconf 93' lang='lat'><strong>,</strong></span> <span class='ocrx_word' id='word_1_116' title='bbox 569 1663 625 1710; x_wconf 90' lang='lat' dir='ltr'><strong>et</strong></span> <span class='ocrx_word' id='word_1_117' title='bbox 666 1652 947 1724; x_wconf 81' lang='lat' dir='ltr'><strong>aspexisse</strong></span> <span class='ocrx_word' id='word_1_118' title='bbox 990 1647 1260 1722; x_wconf 87' lang='lat' dir='ltr'><strong>quomodo</strong></span> <span class='ocrx_word' id='word_1_119' title='bbox 1304 1645 1464 1702; x_wconf 90' lang='lat' dir='ltr'><strong>turba</strong></span> <span class='ocrx_word' id='word_1_120' title='bbox 1493 1643 1726 1714; x_wconf 76' lang='lat' dir='ltr'><strong>iactaret</strong></span> <span class='ocrx_word' id='word_1_121' title='bbox 1753 1658 1828 1699; x_wconf 62' lang='lat' dir='ltr'><strong>aes</strong></span> <span class='ocrx_word' id='word_1_122' title='bbox 1862 1644 1916 1697; x_wconf 93' lang='lat' dir='ltr'><strong>in</strong></span> 
     </span>
    </p>
   </div>
   <div class='ocr_carea' id='block_1_18' title="bbox 334 1738 1917 1819">
    <p class='ocr_par' dir='ltr' id='par_1_18' title="bbox 334 1738 1917 1819">
     <span class='ocr_line' id='line_1_18' title="bbox 334 1738 1917 1819; baseline -0.009 -16"><span class='ocrx_word' id='word_1_123' title='bbox 334 1745 776 1819; x_wconf 70' lang='lat' dir='ltr'><strong>gazophylacium</strong></span> <span class='ocrx_word' id='word_1_124' title='bbox 794 1784 810 1810; x_wconf 95' lang='lat'><strong>,</strong></span> <span class='ocrx_word' id='word_1_125' title='bbox 838 1751 1241 1812; x_wconf 86' lang='lat' dir='ltr'><strong>pauperemque</strong></span> <span class='ocrx_word' id='word_1_126' title='bbox 1273 1738 1491 1793; x_wconf 80' lang='lat' dir='ltr'><strong>viduam</strong></span> <span class='ocrx_word' id='word_1_127' title='bbox 1534 1751 1699 1807; x_wconf 87' lang='lat' dir='ltr'><strong>super</strong></span> <span class='ocrx_word' id='word_1_128' title='bbox 1727 1749 1917 1789; x_wconf 89' lang='lat' dir='ltr'><strong>omnes</strong></span> 
     </span>
    </p>
   </div>
   <div class='ocr_carea' id='block_1_19' title="bbox 333 1826 1917 1907">
    <p class='ocr_par' dir='ltr' id='par_1_19' title="bbox 333 1826 1917 1907">
     <span class='ocr_line' id='line_1_19' title="bbox 333 1826 1917 1907; baseline -0.009 -14"><span class='ocrx_word' id='word_1_129' title='bbox 333 1838 614 1903; x_wconf 89' lang='lat' dir='ltr'><strong>laudasse,</strong></span> <span class='ocrx_word' id='word_1_130' title='bbox 658 1846 778 1907; x_wconf 58' lang='lat' dir='ltr'><strong>quae</strong></span> <span class='ocrx_word' id='word_1_131' title='bbox 808 1836 915 1890; x_wconf 92' lang='lat' dir='ltr'><strong>duo</strong></span> <span class='ocrx_word' id='word_1_132' title='bbox 943 1840 1154 1887; x_wconf 87' lang='lat' dir='ltr'><strong>tantum</strong></span> <span class='ocrx_word' id='word_1_133' title='bbox 1178 1831 1384 1885; x_wconf 89' lang='lat' dir='ltr'><strong>minuta</strong></span> <span class='ocrx_word' id='word_1_134' title='bbox 1404 1826 1742 1900; x_wconf 83' lang='lat' dir='ltr'><strong>jactaverat?</strong></span> <span class='ocrx_word' id='word_1_135' title='bbox 1778 1826 1917 1881; x_wconf 85' lang='lat' dir='ltr'><strong>Ecce</strong></span> 
     </span>
    </p>
   </div>
   <div class='ocr_carea' id='block_1_20' title="bbox 2009 822 3587 894">
    <p class='ocr_par' dir='ltr' id='par_1_20' title="bbox 2009 822 3587 894">
     <span class='ocr_line' id='line_1_20' title="bbox 2009 822 3587 894; baseline 0.003 -18"><span class='ocrx_word' id='word_1_136' title='bbox 2009 822 2111 889; x_wconf 88' lang='lat' dir='ltr'><strong>Qui</strong></span> <span class='ocrx_word' id='word_1_137' title='bbox 2141 833 2265 894; x_wconf 90' lang='lat' dir='ltr'><strong>post</strong></span> <span class='ocrx_word' id='word_1_138' title='bbox 2307 825 2474 879; x_wconf 91' lang='lat' dir='ltr'><strong>multa</strong></span> <span class='ocrx_word' id='word_1_139' title='bbox 2521 840 2789 880; x_wconf 90' lang='lat' dir='ltr'><strong>annorum</strong></span> <span class='ocrx_word' id='word_1_140' title='bbox 2820 824 3089 879; x_wconf 87' lang='lat' dir='ltr'><strong>curricula</strong></span> <span class='ocrx_word' id='word_1_141' title='bbox 3113 823 3374 894; x_wconf 88' lang='lat' dir='ltr'><strong>compulsi</strong></span> <span class='ocrx_word' id='word_1_142' title='bbox 3398 824 3467 879; x_wconf 89' lang='lat' dir='ltr'><strong>ab</strong></span> <span class='ocrx_word' id='word_1_143' title='bbox 3495 825 3587 881; x_wconf 87' lang='lat' dir='ltr'><strong>bo-</strong></span> 
     </span>
    </p>
   </div>
   <div class='ocr_carea' id='block_1_21' title="bbox 2010 912 3594 986">
    <p class='ocr_par' dir='ltr' id='par_1_21' title="bbox 2010 912 3594 986">
     <span class='ocr_line' id='line_1_21' title="bbox 2010 912 3594 986; baseline 0.004 -20"><span class='ocrx_word' id='word_1_144' title='bbox 2010 912 2183 969; x_wconf 90' lang='lat' dir='ltr'><strong>stibus</strong></span> <span class='ocrx_word' id='word_1_145' title='bbox 2224 915 2431 986; x_wconf 78' lang='lat' dir='ltr'><strong>ingredi</strong></span> <span class='ocrx_word' id='word_1_146' title='bbox 2475 916 2748 973; x_wconf 85' lang='lat' dir='ltr'><strong>civitatem</strong></span> <span class='ocrx_word' id='word_1_147' title='bbox 2792 916 2860 970; x_wconf 91' lang='lat' dir='ltr'><strong>ad</strong></span> <span class='ocrx_word' id='word_1_148' title='bbox 2904 915 3253 980; x_wconf 87' lang='lat' dir='ltr'><strong>manendum,</strong></span> <span class='ocrx_word' id='word_1_149' title='bbox 3282 915 3594 973; x_wconf 84' lang='lat' dir='ltr'><strong>nullatenus</strong></span> 
     </span>
    </p>
   </div>
   <div class='ocr_carea' id='block_1_22' title="bbox 2011 1002 3595 1075">
    <p class='ocr_par' dir='ltr' id='par_1_22' title="bbox 2011 1002 3595 1075">
     <span class='ocr_line' id='line_1_22' title="bbox 2011 1002 3595 1075; baseline 0.004 -19"><span class='ocrx_word' id='word_1_150' title='bbox 2011 1002 2259 1073; x_wconf 87' lang='lat' dir='ltr'><strong>compelli</strong></span> <span class='ocrx_word' id='word_1_151' title='bbox 2288 1012 2611 1073; x_wconf 77' lang='lat' dir='ltr'><strong>pot-uerunt,</strong></span> <span class='ocrx_word' id='word_1_152' title='bbox 2665 1022 2733 1060; x_wconf 87' lang='lat' dir='ltr'><strong>ne</strong></span> <span class='ocrx_word' id='word_1_153' title='bbox 2778 1022 2807 1059; x_wconf 91' lang='lat' dir='ltr'><strong>a</strong></span> <span class='ocrx_word' id='word_1_154' title='bbox 2852 1006 3111 1075; x_wconf 84' lang='lat' dir='ltr'><strong>propheta</strong></span> <span class='ocrx_word' id='word_1_155' title='bbox 3145 1006 3386 1074; x_wconf 85' lang='lat' dir='ltr'><strong>quidem,</strong></span> <span class='ocrx_word' id='word_1_156' title='bbox 3417 1007 3485 1061; x_wconf 89' lang='lat' dir='ltr'><strong>ad</strong></span> <span class='ocrx_word' id='word_1_157' title='bbox 3513 1007 3595 1062; x_wconf 78' lang='lat' dir='ltr'><strong>bi-</strong></span> 
     </span>
    </p>
   </div>
   <div class='ocr_carea' id='block_1_23' title="bbox 2013 1094 3594 1169">
    <p class='ocr_par' dir='ltr' id='par_1_23' title="bbox 2013 1094 3594 1169">
     <span class='ocr_line' id='line_1_23' title="bbox 2013 1094 3594 1169; baseline 0.004 -22"><span class='ocrx_word' id='word_1_158' title='bbox 2013 1094 2247 1150; x_wconf 88' lang='lat' dir='ltr'><strong>bendum</strong></span> <span class='ocrx_word' id='word_1_159' title='bbox 2270 1095 2484 1161; x_wconf 90' lang='lat' dir='ltr'><strong>vinum;</strong></span> <span class='ocrx_word' id='word_1_160' title='bbox 2510 1105 2561 1150; x_wconf 91' lang='lat' dir='ltr'><strong>et</strong></span> <span class='ocrx_word' id='word_1_161' title='bbox 2583 1097 2786 1151; x_wconf 91' lang='lat' dir='ltr'><strong>idcirco</strong></span> <span class='ocrx_word' id='word_1_162' title='bbox 2808 1096 3006 1151; x_wconf 86' lang='lat' dir='ltr'><strong>laudati</strong></span> <span class='ocrx_word' id='word_1_163' title='bbox 3029 1105 3155 1151; x_wconf 90' lang='lat' dir='ltr'><strong>sunt</strong></span> <span class='ocrx_word' id='word_1_164' title='bbox 3180 1113 3209 1150; x_wconf 91' lang='lat' dir='ltr'><strong>a</strong></span> <span class='ocrx_word' id='word_1_165' title='bbox 3236 1096 3465 1153; x_wconf 90' lang='lat' dir='ltr'><strong>Domino</strong></span> <span class='ocrx_word' id='word_1_166' title='bbox 3493 1114 3594 1169; x_wconf 87' lang='lat' dir='ltr'><strong>pro</strong></span> 
     </span>
    </p>
   </div>
   <div class='ocr_carea' id='block_1_24' title="bbox 2012 1187 3590 1259">
    <p class='ocr_par' dir='ltr' id='par_1_24' title="bbox 2012 1187 3590 1259">
     <span class='ocr_line' id='line_1_24' title="bbox 2012 1187 3590 1259; baseline 0.002 -16"><span class='ocrx_word' id='word_1_167' title='bbox 2012 1187 2316 1243; x_wconf 89' lang='lat' dir='ltr'><strong>obedientia</strong></span> <span class='ocrx_word' id='word_1_168' title='bbox 2334 1226 2349 1251; x_wconf 93' lang='lat'><strong>,</strong></span> <span class='ocrx_word' id='word_1_169' title='bbox 2393 1187 2741 1255; x_wconf 88' lang='lat' dir='ltr'><strong>promittente</strong></span> <span class='ocrx_word' id='word_1_170' title='bbox 2768 1188 2931 1243; x_wconf 89' lang='lat' dir='ltr'><strong>etiam</strong></span> <span class='ocrx_word' id='word_1_171' title='bbox 2958 1187 3099 1259; x_wconf 87' lang='lat' dir='ltr'><strong>quod</strong></span> <span class='ocrx_word' id='word_1_172' title='bbox 3130 1203 3236 1243; x_wconf 92' lang='lat' dir='ltr'><strong>non</strong></span> <span class='ocrx_word' id='word_1_173' title='bbox 3263 1197 3408 1245; x_wconf 89' lang='lat' dir='ltr'><strong>esset</strong></span> <span class='ocrx_word' id='word_1_174' title='bbox 3446 1190 3590 1246; x_wconf 85' lang='lat' dir='ltr'><strong>defe-</strong></span> 
     </span>
    </p>
   </div>
   <div class='ocr_carea' id='block_1_25' title="bbox 2015 1276 3591 1348">
    <p class='ocr_par' dir='ltr' id='par_1_25' title="bbox 2015 1276 3591 1348">
     <span class='ocr_line' id='line_1_25' title="bbox 2015 1276 3591 1348; baseline 0.003 -15"><span class='ocrx_word' id='word_1_175' title='bbox 2015 1288 2198 1334; x_wconf 88' lang='lat' dir='ltr'><strong>cturus</strong></span> <span class='ocrx_word' id='word_1_176' title='bbox 2228 1277 2311 1331; x_wconf 90' lang='lat' dir='ltr'><strong>vir</strong></span> <span class='ocrx_word' id='word_1_177' title='bbox 2342 1277 2526 1346; x_wconf 86' lang='lat' dir='ltr'><strong>stirpis</strong></span> <span class='ocrx_word' id='word_1_178' title='bbox 2563 1276 2804 1332; x_wconf 89' lang='lat' dir='ltr'><strong>Ionadab</strong></span> <span class='ocrx_word' id='word_1_179' title='bbox 2842 1277 2909 1333; x_wconf 91' lang='lat' dir='ltr'><strong>de</strong></span> <span class='ocrx_word' id='word_1_180' title='bbox 2945 1288 3231 1348; x_wconf 91' lang='lat' dir='ltr'><strong>conspectu</strong></span> <span class='ocrx_word' id='word_1_181' title='bbox 3257 1279 3488 1335; x_wconf 88' lang='lat' dir='ltr'><strong>Domini.</strong></span> <span class='ocrx_word' id='word_1_182' title='bbox 3532 1279 3591 1338; x_wconf 89' lang='lat' dir='ltr'><strong>Si</strong></span> 
     </span>
    </p>
   </div>
   <div class='ocr_carea' id='block_1_26' title="bbox 2015 1369 3595 1440">
    <p class='ocr_par' dir='ltr' id='par_1_26' title="bbox 2015 1369 3595 1440">
     <span class='ocr_line' id='line_1_26' title="bbox 2015 1369 3595 1440; baseline 0.004 -17"><span class='ocrx_word' id='word_1_183' title='bbox 2015 1369 2158 1440; x_wconf 92' lang='lat' dir='ltr'><strong>quod</strong></span> <span class='ocrx_word' id='word_1_184' title='bbox 2182 1384 2321 1424; x_wconf 91' lang='lat' dir='ltr'><strong>unus</strong></span> <span class='ocrx_word' id='word_1_185' title='bbox 2352 1369 2513 1423; x_wconf 89' lang='lat' dir='ltr'><strong>homo</strong></span> <span class='ocrx_word' id='word_1_186' title='bbox 2539 1369 2796 1438; x_wconf 69' lang='lat' dir='ltr'><strong>praecepit</strong></span> <span class='ocrx_word' id='word_1_187' title='bbox 2823 1370 3078 1440; x_wconf 83' lang='lat' dir='ltr'><strong>posteris,</strong></span> <span class='ocrx_word' id='word_1_188' title='bbox 3114 1379 3221 1425; x_wconf 89' lang='lat' dir='ltr'><strong>tam</strong></span> <span class='ocrx_word' id='word_1_189' title='bbox 3251 1380 3457 1429; x_wconf 88' lang='lat' dir='ltr'><strong>attente</strong></span> <span class='ocrx_word' id='word_1_190' title='bbox 3481 1381 3595 1429; x_wconf 88' lang='lat' dir='ltr'><strong>tam</strong></span> 
     </span>
    </p>
   </div>
   <div class='ocr_carea' id='block_1_27' title="bbox 2017 1460 3600 1535">
    <p class='ocr_par' dir='ltr' id='par_1_27' title="bbox 2017 1460 3600 1535">
     <span class='ocr_line' id='line_1_27' title="bbox 2017 1460 3600 1535; baseline 0.004 -21"><span class='ocrx_word' id='word_1_191' title='bbox 2017 1461 2269 1530; x_wconf 79' lang='lat' dir='ltr'><strong>religiose</strong></span> <span class='ocrx_word' id='word_1_192' title='bbox 2314 1460 2641 1516; x_wconf 87' lang='lat' dir='ltr'><strong>custoditum</strong></span> <span class='ocrx_word' id='word_1_193' title='bbox 2681 1468 2767 1517; x_wconf 87' lang='lat' dir='ltr'><strong>est</strong></span> <span class='ocrx_word' id='word_1_194' title='bbox 2804 1476 2975 1530; x_wconf 87' lang='lat' dir='ltr'><strong>usque</strong></span> <span class='ocrx_word' id='word_1_195' title='bbox 3015 1461 3071 1516; x_wconf 92' lang='lat' dir='ltr'><strong>in</strong></span> <span class='ocrx_word' id='word_1_196' title='bbox 3111 1461 3496 1535; x_wconf 86' lang='lat' dir='ltr'><strong>longinquum,</strong></span> <span class='ocrx_word' id='word_1_197' title='bbox 3538 1473 3600 1521; x_wconf 83' lang='lat' dir='ltr'><strong>ut</strong></span> 
     </span>
    </p>
   </div>
   <div class='ocr_carea' id='block_1_28' title="bbox 2018 1551 3602 1628">
    <p class='ocr_par' dir='ltr' id='par_1_28' title="bbox 2018 1551 3602 1628">
     <span class='ocr_line' id='line_1_28' title="bbox 2018 1551 3602 1628; baseline 0.006 -23"><span class='ocrx_word' id='word_1_198' title='bbox 2018 1551 2176 1607; x_wconf 90' lang='lat' dir='ltr'><strong>laude</strong></span> <span class='ocrx_word' id='word_1_199' title='bbox 2225 1552 2390 1606; x_wconf 85' lang='lat' dir='ltr'><strong>etiam</strong></span> <span class='ocrx_word' id='word_1_200' title='bbox 2430 1552 2652 1623; x_wconf 91' lang='lat' dir='ltr'><strong>dignum</strong></span> <span class='ocrx_word' id='word_1_201' title='bbox 2697 1551 2800 1608; x_wconf 89' lang='lat' dir='ltr'><strong>Dei</strong></span> <span class='ocrx_word' id='word_1_202' title='bbox 2842 1552 3161 1621; x_wconf 79' lang='lat' dir='ltr'><strong>haberetur;</strong></span> <span class='ocrx_word' id='word_1_203' title='bbox 3213 1554 3378 1626; x_wconf 90' lang='lat' dir='ltr'><strong>(quod</strong></span> <span class='ocrx_word' id='word_1_204' title='bbox 3415 1557 3602 1628; x_wconf 83' lang='lat' dir='ltr'><strong>utique</strong></span> 
     </span>
    </p>
   </div>
   <div class='ocr_carea' id='block_1_29' title="bbox 2017 1642 3601 1720">
    <p class='ocr_par' dir='ltr' id='par_1_29' title="bbox 2017 1642 3601 1720">
     <span class='ocr_line' id='line_1_29' title="bbox 2017 1642 3601 1720; baseline 0.006 -22"><span class='ocrx_word' id='word_1_205' title='bbox 2017 1659 2124 1698; x_wconf 91' lang='lat' dir='ltr'><strong>non</strong></span> <span class='ocrx_word' id='word_1_206' title='bbox 2154 1658 2219 1698; x_wconf 80' lang='lat' dir='ltr'><strong>ex</strong></span> <span class='ocrx_word' id='word_1_207' title='bbox 2247 1642 2382 1714; x_wconf 81' lang='lat' dir='ltr'><strong>legis</strong></span> <span class='ocrx_word' id='word_1_208' title='bbox 2404 1643 2703 1709; x_wconf 88' lang='lat' dir='ltr'><strong>sanctione,</strong></span> <span class='ocrx_word' id='word_1_209' title='bbox 2729 1644 2824 1700; x_wconf 92' lang='lat' dir='ltr'><strong>sed</strong></span> <span class='ocrx_word' id='word_1_210' title='bbox 2851 1659 2917 1699; x_wconf 80' lang='lat' dir='ltr'><strong>ex</strong></span> <span class='ocrx_word' id='word_1_211' title='bbox 2934 1645 3210 1716; x_wconf 81' lang='lat' dir='ltr'><strong>religionis</strong></span> <span class='ocrx_word' id='word_1_212' title='bbox 3231 1647 3445 1705; x_wconf 78' lang='lat' dir='ltr'><strong>fervore</strong></span> <span class='ocrx_word' id='word_1_213' title='bbox 3462 1665 3601 1720; x_wconf 65' lang='lat' dir='ltr'><strong>pra:-</strong></span> 
     </span>
    </p>
   </div>
   <div class='ocr_carea' id='block_1_30' title="bbox 2018 1733 3603 1807">
    <p class='ocr_par' dir='ltr' id='par_1_30' title="bbox 2018 1733 3603 1807">
     <span class='ocr_line' id='line_1_30' title="bbox 2018 1733 3603 1807; baseline 0.004 -16"><span class='ocrx_word' id='word_1_214' title='bbox 2018 1733 2257 1807; x_wconf 86' lang='lat' dir='ltr'><strong>ceperat)</strong></span> <span class='ocrx_word' id='word_1_215' title='bbox 2298 1734 2427 1805; x_wconf 87' lang='lat' dir='ltr'><strong>quid</strong></span> <span class='ocrx_word' id='word_1_216' title='bbox 2471 1735 2538 1791; x_wconf 92' lang='lat' dir='ltr'><strong>de</strong></span> <span class='ocrx_word' id='word_1_217' title='bbox 2582 1735 2753 1791; x_wconf 87' lang='lat' dir='ltr'><strong>nostri</strong></span> <span class='ocrx_word' id='word_1_218' title='bbox 2801 1737 3060 1806; x_wconf 89' lang='lat' dir='ltr'><strong>temporis</strong></span> <span class='ocrx_word' id='word_1_219' title='bbox 3104 1736 3413 1796; x_wconf 89' lang='lat' dir='ltr'><strong>hominibus</strong></span> <span class='ocrx_word' id='word_1_220' title='bbox 3458 1743 3603 1798; x_wconf 80' lang='lat' dir='ltr'><strong>aesti-</strong></span> 
     </span>
    </p>
   </div>
   <div class='ocr_carea' id='block_1_31' title="bbox 2019 1826 3602 1900">
    <p class='ocr_par' dir='ltr' id='par_1_31' title="bbox 2019 1826 3602 1900">
     <span class='ocr_line' id='line_1_31' title="bbox 2019 1826 3602 1900; baseline 0.005 -20"><span class='ocrx_word' id='word_1_221' title='bbox 2019 1826 2278 1881; x_wconf 90' lang='lat' dir='ltr'><strong>mandum</strong></span> <span class='ocrx_word' id='word_1_222' title='bbox 2314 1834 2433 1893; x_wconf 88' lang='lat' dir='ltr'><strong>est,</strong></span> <span class='ocrx_word' id='word_1_223' title='bbox 2480 1826 2677 1897; x_wconf 83' lang='lat' dir='ltr'><strong>quibus</strong></span> <span class='ocrx_word' id='word_1_224' title='bbox 2714 1828 3057 1897; x_wconf 84' lang='lat' dir='ltr'><strong>omnipotens</strong></span> <span class='ocrx_word' id='word_1_225' title='bbox 3084 1828 3226 1885; x_wconf 91' lang='lat' dir='ltr'><strong>Deus</strong></span> <span class='ocrx_word' id='word_1_226' title='bbox 3255 1839 3311 1886; x_wconf 90' lang='lat' dir='ltr'><strong>et</strong></span> <span class='ocrx_word' id='word_1_227' title='bbox 3335 1831 3602 1900; x_wconf 82' lang='lat' dir='ltr'><strong>generalis</strong></span> 
     </span>
    </p>
   </div>
   <div class='ocr_carea' id='block_1_32' title="bbox 336 1900 3604 1996">
    <p class='ocr_par' dir='ltr' id='par_1_32' title="bbox 336 1900 3604 1996">
     <span class='ocr_line' id='line_1_32' title="bbox 336 1900 3604 1996; baseline -0.002 -8"><span class='ocrx_word' id='word_1_228' title='bbox 336 1932 531 1987; x_wconf 89' lang='lat' dir='ltr'><strong>sedens</strong></span> <span class='ocrx_word' id='word_1_229' title='bbox 572 1900 833 1984; x_wconf 81' lang='lat' dir='ltr'><strong>Dominus</strong></span> <span class='ocrx_word' id='word_1_230' title='bbox 865 1925 1060 1996; x_wconf 83' lang='lat' dir='ltr'><strong>aspicit</strong></span> <span class='ocrx_word' id='word_1_231' title='bbox 1085 1923 1374 1980; x_wconf 78' lang='lat' dir='ltr'><strong>offerentes</strong></span> <span class='ocrx_word' id='word_1_232' title='bbox 1393 1962 1407 1988; x_wconf 95' lang='lat'><strong>,</strong></span> <span class='ocrx_word' id='word_1_233' title='bbox 1438 1929 1499 1977; x_wconf 88' lang='lat' dir='ltr'><strong>ut</strong></span> <span class='ocrx_word' id='word_1_234' title='bbox 1522 1919 1921 1991; x_wconf 87' lang='lat' dir='ltr'><strong>beneplacitum</strong></span> <span class='ocrx_word' id='word_1_235' title='bbox 1948 1900 1996 1960; x_wconf 83' lang='grc' dir='ltr'><strong>Β</strong></span> <span class='ocrx_word' id='word_1_236' title='bbox 2023 1918 2267 1974; x_wconf 89' lang='lat' dir='ltr'><strong>Ecclesia</strong></span> <span class='ocrx_word' id='word_1_237' title='bbox 2297 1920 2400 1973; x_wconf 89' lang='lat' dir='ltr'><strong>sub</strong></span> <span class='ocrx_word' id='word_1_238' title='bbox 2426 1920 2646 1974; x_wconf 88' lang='lat' dir='ltr'><strong>nomine</strong></span> <span class='ocrx_word' id='word_1_239' title='bbox 2676 1919 2847 1990; x_wconf 88' lang='lat' dir='ltr'><strong>patris</strong></span> <span class='ocrx_word' id='word_1_240' title='bbox 2868 1935 2931 1974; x_wconf 89' lang='lat' dir='ltr'><strong>ac</strong></span> <span class='ocrx_word' id='word_1_241' title='bbox 2956 1922 3150 1977; x_wconf 87' lang='lat' dir='ltr'><strong>matris</strong></span> <span class='ocrx_word' id='word_1_242' title='bbox 3176 1923 3470 1993; x_wconf 55' lang='lat' dir='ltr'><strong>praecipere</strong></span> <span class='ocrx_word' id='word_1_243' title='bbox 3495 1941 3604 1981; x_wconf 88' lang='lat' dir='ltr'><strong>non</strong></span> 
     </span>
    </p>
   </div>
   <div class='ocr_carea' id='block_1_33' title="bbox 338 2013 1926 2078">
    <p class='ocr_par' dir='ltr' id='par_1_33' title="bbox 338 2013 1926 2078">
     <span class='ocr_line' id='line_1_33' title="bbox 338 2013 1926 2078; baseline -0.008 0"><span class='ocrx_word' id='word_1_244' title='bbox 338 2022 442 2078; x_wconf 89' lang='lat' dir='ltr'><strong>sibi</strong></span> <span class='ocrx_word' id='word_1_245' title='bbox 480 2021 817 2076; x_wconf 88' lang='lat' dir='ltr'><strong>demonstret</strong></span> <span class='ocrx_word' id='word_1_246' title='bbox 848 2031 1045 2071; x_wconf 89' lang='lat' dir='ltr'><strong>munus</strong></span> <span class='ocrx_word' id='word_1_247' title='bbox 1085 2014 1344 2070; x_wconf 83' lang='lat' dir='ltr'><strong>fidelium.</strong></span> <span class='ocrx_word' id='word_1_248' title='bbox 1400 2013 1547 2069; x_wconf 82' lang='lat' dir='ltr'><strong>Satis</strong></span> <span class='ocrx_word' id='word_1_249' title='bbox 1575 2027 1708 2068; x_wconf 86' lang='lat' dir='ltr'><strong>vero</strong></span> <span class='ocrx_word' id='word_1_250' title='bbox 1735 2026 1926 2068; x_wconf 85' lang='lat' dir='ltr'><strong>conse-</strong></span> 
     </span>
    </p>
   </div>
   <div class='ocr_carea' id='block_1_34' title="bbox 337 2102 1928 2184">
    <p class='ocr_par' dir='ltr' id='par_1_34' title="bbox 337 2102 1928 2184">
     <span class='ocr_line' id='line_1_34' title="bbox 337 2102 1928 2184; baseline -0.006 -17"><span class='ocrx_word' id='word_1_251' title='bbox 337 2129 513 2184; x_wconf 84' lang='lat' dir='ltr'><strong>quens</strong></span> <span class='ocrx_word' id='word_1_252' title='bbox 537 2118 642 2177; x_wconf 87' lang='lat' dir='ltr'><strong>est,</strong></span> <span class='ocrx_word' id='word_1_253' title='bbox 667 2118 727 2166; x_wconf 87' lang='lat' dir='ltr'><strong>ut</strong></span> <span class='ocrx_word' id='word_1_254' title='bbox 756 2109 1027 2180; x_wconf 89' lang='lat' dir='ltr'><strong>aspiciens</strong></span> <span class='ocrx_word' id='word_1_255' title='bbox 1055 2106 1366 2169; x_wconf 71' lang='lat' dir='ltr'><strong>offerentes,</strong></span> <span class='ocrx_word' id='word_1_256' title='bbox 1388 2105 1651 2177; x_wconf 87' lang='lat' dir='ltr'><strong>despiciat</strong></span> <span class='ocrx_word' id='word_1_257' title='bbox 1676 2102 1928 2159; x_wconf 83' lang='lat' dir='ltr'><strong>auferen-</strong></span> 
     </span>
    </p>
   </div>
   <div class='ocr_carea' id='block_1_35' title="bbox 338 2197 1923 2273">
    <p class='ocr_par' dir='ltr' id='par_1_35' title="bbox 338 2197 1923 2273">
     <span class='ocr_line' id='line_1_35' title="bbox 338 2197 1923 2273; baseline -0.008 -11"><span class='ocrx_word' id='word_1_258' title='bbox 338 2215 445 2273; x_wconf 88' lang='lat' dir='ltr'><strong>tes,</strong></span> <span class='ocrx_word' id='word_1_259' title='bbox 475 2205 701 2260; x_wconf 88' lang='lat' dir='ltr'><strong>laudans</strong></span> <span class='ocrx_word' id='word_1_260' title='bbox 745 2210 918 2258; x_wconf 88' lang='lat' dir='ltr'><strong>totum</strong></span> <span class='ocrx_word' id='word_1_261' title='bbox 962 2202 1180 2257; x_wconf 84' lang='lat' dir='ltr'><strong>dantem</strong></span> <span class='ocrx_word' id='word_1_262' title='bbox 1204 2241 1218 2265; x_wconf 94' lang='lat'><strong>,</strong></span> <span class='ocrx_word' id='word_1_263' title='bbox 1248 2200 1519 2269; x_wconf 78' lang='lat' dir='ltr'><strong>vituperet</strong></span> <span class='ocrx_word' id='word_1_264' title='bbox 1541 2212 1651 2252; x_wconf 90' lang='lat' dir='ltr'><strong>non</strong></span> <span class='ocrx_word' id='word_1_265' title='bbox 1686 2197 1923 2261; x_wconf 86' lang='lat' dir='ltr'><strong>dantem,</strong></span> 
     </span>
    </p>
   </div>
   <div class='ocr_carea' id='block_1_36' title="bbox 342 2290 1873 2366">
    <p class='ocr_par' dir='ltr' id='par_1_36' title="bbox 342 2290 1873 2366">
     <span class='ocr_line' id='line_1_36' title="bbox 342 2290 1873 2366; baseline -0.005 -17"><span class='ocrx_word' id='word_1_266' title='bbox 342 2297 453 2351; x_wconf 92' lang='lat' dir='ltr'><strong>imo</strong></span> <span class='ocrx_word' id='word_1_267' title='bbox 482 2296 761 2366; x_wconf 90' lang='lat' dir='ltr'><strong>quidpiam</strong></span> <span class='ocrx_word' id='word_1_268' title='bbox 790 2292 1154 2356; x_wconf 86' lang='lat' dir='ltr'><strong>fraudantem,</strong></span> <span class='ocrx_word' id='word_1_269' title='bbox 1184 2291 1302 2346; x_wconf 86' lang='lat' dir='ltr'><strong>sive</strong></span> <span class='ocrx_word' id='word_1_270' title='bbox 1326 2290 1527 2361; x_wconf 86' lang='lat' dir='ltr'><strong>aliquid</strong></span> <span class='ocrx_word' id='word_1_271' title='bbox 1551 2290 1873 2358; x_wconf 85' lang='lat' dir='ltr'><strong>rapientem.</strong></span> 
     </span>
    </p>
   </div>
   <div class='ocr_carea' id='block_1_37' title="bbox 413 2383 1926 2456">
    <p class='ocr_par' dir='ltr' id='par_1_37' title="bbox 413 2383 1926 2456">
     <span class='ocr_line' id='line_1_37' title="bbox 413 2383 1926 2456; baseline -0.004 -13"><span class='ocrx_word' id='word_1_272' title='bbox 413 2387 555 2443; x_wconf 88' lang='lat' dir='ltr'>XXI.</span> <span class='ocrx_word' id='word_1_273' title='bbox 600 2386 707 2442; x_wconf 87' lang='lat' dir='ltr'><strong>Sed</strong></span> <span class='ocrx_word' id='word_1_274' title='bbox 730 2394 786 2442; x_wconf 86' lang='lat' dir='ltr'><strong>et</strong></span> <span class='ocrx_word' id='word_1_275' title='bbox 810 2386 939 2441; x_wconf 89' lang='lat' dir='ltr'><strong>illud</strong></span> <span class='ocrx_word' id='word_1_276' title='bbox 961 2385 1105 2455; x_wconf 89' lang='lat' dir='ltr'><strong>quod</strong></span> <span class='ocrx_word' id='word_1_277' title='bbox 1130 2383 1282 2456; x_wconf 87' lang='lat' dir='ltr'><strong>jubet</strong></span> <span class='ocrx_word' id='word_1_278' title='bbox 1312 2391 1367 2438; x_wconf 92' lang='lat' dir='ltr'><strong>et</strong></span> <span class='ocrx_word' id='word_1_279' title='bbox 1391 2383 1620 2438; x_wconf 89' lang='lat' dir='ltr'><strong>reddere</strong></span> <span class='ocrx_word' id='word_1_280' title='bbox 1644 2398 1766 2453; x_wconf 73' lang='lat' dir='ltr'><strong>qua:</strong></span> <span class='ocrx_word' id='word_1_281' title='bbox 1799 2390 1926 2437; x_wconf 85' lang='lat' dir='ltr'><strong>sunt</strong></span> 
     </span>
    </p>
   </div>
   <div class='ocr_carea' id='block_1_38' title="bbox 339 2473 1931 2547">
    <p class='ocr_par' dir='ltr' id='par_1_38' title="bbox 339 2473 1931 2547">
     <span class='ocr_line' id='line_1_38' title="bbox 339 2473 1931 2547; baseline -0.006 -12"><span class='ocrx_word' id='word_1_282' title='bbox 339 2479 571 2535; x_wconf 68' lang='lat' dir='ltr'><strong>Cazsaris</strong></span> <span class='ocrx_word' id='word_1_283' title='bbox 602 2477 828 2543; x_wconf 72' lang='lat' dir='ltr'><strong>Caesari,</strong></span> <span class='ocrx_word' id='word_1_284' title='bbox 863 2486 920 2533; x_wconf 88' lang='lat' dir='ltr'><strong>et</strong></span> <span class='ocrx_word' id='word_1_285' title='bbox 964 2492 1085 2547; x_wconf 74' lang='lat' dir='ltr'><strong>qua:</strong></span> <span class='ocrx_word' id='word_1_286' title='bbox 1124 2475 1218 2529; x_wconf 89' lang='lat' dir='ltr'><strong>Dei</strong></span> <span class='ocrx_word' id='word_1_287' title='bbox 1248 2475 1381 2539; x_wconf 88' lang='lat' dir='ltr'><strong>Deo,</strong></span> <span class='ocrx_word' id='word_1_288' title='bbox 1409 2481 1562 2529; x_wconf 87' lang='lat' dir='ltr'><strong>tanto</strong></span> <span class='ocrx_word' id='word_1_289' title='bbox 1587 2473 1818 2543; x_wconf 89' lang='lat' dir='ltr'><strong>quisque</strong></span> <span class='ocrx_word' id='word_1_290' title='bbox 1847 2479 1931 2526; x_wconf 86' lang='lat' dir='ltr'><strong>at—</strong></span> 
     </span>
    </p>
   </div>
   <div class='ocr_carea' id='block_1_39' title="bbox 343 2565 1930 2643">
    <p class='ocr_par' dir='ltr' id='par_1_39' title="bbox 343 2565 1930 2643">
     <span class='ocr_line' id='line_1_39' title="bbox 343 2565 1930 2643; baseline -0.007 -13"><span class='ocrx_word' id='word_1_291' title='bbox 343 2574 547 2632; x_wconf 89' lang='lat' dir='ltr'><strong>tentius</strong></span> <span class='ocrx_word' id='word_1_292' title='bbox 587 2578 813 2643; x_wconf 85' lang='lat' dir='ltr'><strong>penset,</strong></span> <span class='ocrx_word' id='word_1_293' title='bbox 848 2576 1051 2642; x_wconf 87' lang='lat' dir='ltr'><strong>quanto</strong></span> <span class='ocrx_word' id='word_1_294' title='bbox 1100 2568 1352 2623; x_wconf 79' lang='lat' dir='ltr'><strong>devotius</strong></span> <span class='ocrx_word' id='word_1_295' title='bbox 1389 2573 1563 2622; x_wconf 88' lang='lat' dir='ltr'><strong>curat.</strong></span> <span class='ocrx_word' id='word_1_296' title='bbox 1629 2565 1781 2632; x_wconf 83' lang='lat' dir='ltr'><strong>Quod</strong></span> <span class='ocrx_word' id='word_1_297' title='bbox 1804 2578 1930 2619; x_wconf 86' lang='lat' dir='ltr'><strong>vere</strong></span> 
     </span>
    </p>
   </div>
   <div class='ocr_carea' id='block_1_40' title="bbox 339 2653 1933 2735">
    <p class='ocr_par' dir='ltr' id='par_1_40' title="bbox 339 2653 1933 2735">
     <span class='ocr_line' id='line_1_40' title="bbox 339 2653 1933 2735; baseline -0.007 -16"><span class='ocrx_word' id='word_1_298' title='bbox 339 2671 667 2735; x_wconf 61' lang='lat' dir='ltr'><strong>praeceptum</strong></span> <span class='ocrx_word' id='word_1_299' title='bbox 708 2668 763 2715; x_wconf 91' lang='lat' dir='ltr'><strong>et</strong></span> <span class='ocrx_word' id='word_1_300' title='bbox 802 2657 1092 2729; x_wconf 83' lang='lat' dir='ltr'><strong>Apostolus</strong></span> <span class='ocrx_word' id='word_1_301' title='bbox 1127 2656 1471 2712; x_wconf 85' lang='lat' dir='ltr'><strong>commendat</strong></span> <span class='ocrx_word' id='word_1_302' title='bbox 1495 2653 1822 2725; x_wconf 89' lang='lat' dir='ltr'><strong>implendum</strong></span> <span class='ocrx_word' id='word_1_303' title='bbox 1848 2654 1933 2709; x_wconf 87' lang='lat' dir='ltr'><strong>di-</strong></span> 
     </span>
    </p>
   </div>
   <div class='ocr_carea' id='block_1_41' title="bbox 343 2749 1930 2816">
    <p class='ocr_par' dir='ltr' id='par_1_41' title="bbox 343 2749 1930 2816">
     <span class='ocr_line' id='line_1_41' title="bbox 343 2749 1930 2816; baseline -0.006 -3"><span class='ocrx_word' id='word_1_304' title='bbox 343 2772 517 2812; x_wconf 84' lang='lat' dir='ltr'><strong>cens:</strong></span> <span class='ocrx_word' id='word_1_305' title='bbox 560 2753 782 2809; x_wconf 81' lang='lat' dir='ltr'><strong>Reddite</strong></span> <span class='ocrx_word' id='word_1_306' title='bbox 809 2752 1048 2807; x_wconf 87' lang='lat' dir='ltr'><strong>omnibus</strong></span> <span class='ocrx_word' id='word_1_307' title='bbox 1095 2750 1305 2816; x_wconf 86' lang='lat' dir='ltr'><strong>debita;</strong></span> <span class='ocrx_word' id='word_1_308' title='bbox 1350 2751 1436 2806; x_wconf 87' lang='lat' dir='ltr'><strong>cui</strong></span> <span class='ocrx_word' id='word_1_309' title='bbox 1475 2750 1726 2805; x_wconf 73' lang='lat' dir='ltr'><strong>tributum</strong></span> <span class='ocrx_word' id='word_1_310' title='bbox 1760 2749 1930 2805; x_wconf 84' lang='lat' dir='ltr'><strong>tribu-</strong></span> 
     </span>
    </p>
   </div>
   <div class='ocr_carea' id='block_1_42' title="bbox 342 2840 1931 2914">
    <p class='ocr_par' dir='ltr' id='par_1_42' title="bbox 342 2840 1931 2914">
     <span class='ocr_line' id='line_1_42' title="bbox 342 2840 1931 2914; baseline -0.004 -13"><span class='ocrx_word' id='word_1_311' title='bbox 342 2857 476 2913; x_wconf 88' lang='lat' dir='ltr'><strong>tum,</strong></span> <span class='ocrx_word' id='word_1_312' title='bbox 513 2847 599 2899; x_wconf 86' lang='lat' dir='ltr'><strong>cui</strong></span> <span class='ocrx_word' id='word_1_313' title='bbox 639 2842 858 2914; x_wconf 82' lang='lat' dir='ltr'><strong>vectigal</strong></span> <span class='ocrx_word' id='word_1_314' title='bbox 894 2840 1130 2913; x_wconf 85' lang='lat' dir='ltr'><strong>vectigal,</strong></span> <span class='ocrx_word' id='word_1_315' title='bbox 1173 2842 1259 2896; x_wconf 87' lang='lat' dir='ltr'><strong>cui</strong></span> <span class='ocrx_word' id='word_1_316' title='bbox 1283 2842 1521 2896; x_wconf 85' lang='lat' dir='ltr'><strong>timorem</strong></span> <span class='ocrx_word' id='word_1_317' title='bbox 1543 2842 1805 2908; x_wconf 83' lang='lat' dir='ltr'><strong>timorem,</strong></span> <span class='ocrx_word' id='word_1_318' title='bbox 1845 2842 1931 2895; x_wconf 89' lang='lat' dir='ltr'><strong>cui</strong></span> 
     </span>
    </p>
   </div>
   <div class='ocr_carea' id='block_1_43' title="bbox 345 2937 1933 3008">
    <p class='ocr_par' dir='ltr' id='par_1_43' title="bbox 345 2937 1933 3008">
     <span class='ocr_line' id='line_1_43' title="bbox 345 2937 1933 3008; baseline -0.004 -9"><span class='ocrx_word' id='word_1_319' title='bbox 345 2944 595 2998; x_wconf 82' lang='lat' dir='ltr'><strong>honorem</strong></span> <span class='ocrx_word' id='word_1_320' title='bbox 638 2940 912 2994; x_wconf 81' lang='lat' dir='ltr'><strong>honorem.</strong></span> <span class='ocrx_word' id='word_1_321' title='bbox 954 2937 1139 3008; x_wconf 86' lang='lat' dir='ltr'><strong>Neque</strong></span> <span class='ocrx_word' id='word_1_322' title='bbox 1182 2937 1328 2993; x_wconf 89' lang='lat' dir='ltr'><strong>enim</strong></span> <span class='ocrx_word' id='word_1_323' title='bbox 1377 2937 1624 2993; x_wconf 88' lang='lat' dir='ltr'><strong>timorem</strong></span> <span class='ocrx_word' id='word_1_324' title='bbox 1675 2938 1933 2994; x_wconf 88' lang='lat' dir='ltr'><strong>debemus</strong></span> 
     </span>
    </p>
   </div>
   <div class='ocr_carea' id='block_1_44' title="bbox 344 3027 1929 3100">
    <p class='ocr_par' dir='ltr' id='par_1_44' title="bbox 344 3027 1929 3100">
     <span class='ocr_line' id='line_1_44' title="bbox 344 3027 1929 3100; baseline -0.003 -13"><span class='ocrx_word' id='word_1_325' title='bbox 344 3032 678 3097; x_wconf 84' lang='lat' dir='ltr'><strong>hominibus,</strong></span> <span class='ocrx_word' id='word_1_326' title='bbox 710 3047 832 3087; x_wconf 89' lang='lat' dir='ltr'><strong>cum</strong></span> <span class='ocrx_word' id='word_1_327' title='bbox 868 3030 1214 3100; x_wconf 72' lang='lat' dir='ltr'><strong>prcecipiatur</strong></span> <span class='ocrx_word' id='word_1_328' title='bbox 1236 3027 1393 3084; x_wconf 90' lang='lat' dir='ltr'><strong>nobis</strong></span> <span class='ocrx_word' id='word_1_329' title='bbox 1433 3044 1529 3099; x_wconf 88' lang='lat' dir='ltr'><strong>per</strong></span> <span class='ocrx_word' id='word_1_330' title='bbox 1557 3027 1882 3100; x_wconf 89' lang='lat' dir='ltr'><strong>Prophetam</strong></span> <span class='ocrx_word' id='word_1_331' title='bbox 1916 3048 1929 3083; x_wconf 88' lang='lat'><strong>:</strong></span> 
     </span>
    </p>
   </div>
   <div class='ocr_carea' id='block_1_45' title="bbox 346 3119 1934 3193">
    <p class='ocr_par' dir='ltr' id='par_1_45' title="bbox 346 3119 1934 3193">
     <span class='ocr_line' id='line_1_45' title="bbox 346 3119 1934 3193; baseline -0.001 -16"><span class='ocrx_word' id='word_1_332' title='bbox 346 3122 529 3178; x_wconf 79' lang='lat' dir='ltr'><strong>Nolite</strong></span> <span class='ocrx_word' id='word_1_333' title='bbox 560 3124 740 3177; x_wconf 87' lang='lat' dir='ltr'><strong>timere</strong></span> <span class='ocrx_word' id='word_1_334' title='bbox 779 3121 1116 3193; x_wconf 82' lang='lat' dir='ltr'><strong>opprobrium</strong></span> <span class='ocrx_word' id='word_1_335' title='bbox 1160 3121 1450 3186; x_wconf 81' lang='lat' dir='ltr'><strong>hominum,</strong></span> <span class='ocrx_word' id='word_1_336' title='bbox 1494 3130 1542 3174; x_wconf 86' lang='lat' dir='ltr'><strong>et</strong></span> <span class='ocrx_word' id='word_1_337' title='bbox 1586 3119 1934 3191; x_wconf 71' lang='lat' dir='ltr'><strong>blasphemia:</strong></span> 
     </span>
    </p>
   </div>
   <div class='ocr_carea' id='block_1_46' title="bbox 346 3211 1933 3282">
    <p class='ocr_par' dir='ltr' id='par_1_46' title="bbox 346 3211 1933 3282">
     <span class='ocr_line' id='line_1_46' title="bbox 346 3211 1933 3282; baseline 0.001 -15"><span class='ocrx_word' id='word_1_338' title='bbox 346 3231 527 3268; x_wconf 82' lang='lat' dir='ltr'><strong>eorum</strong></span> <span class='ocrx_word' id='word_1_339' title='bbox 558 3230 621 3269; x_wconf 82' lang='lat' dir='ltr'><strong>ne</strong></span> <span class='ocrx_word' id='word_1_340' title='bbox 646 3215 909 3268; x_wconf 83' lang='lat' dir='ltr'><strong>metuatis.</strong></span> <span class='ocrx_word' id='word_1_341' title='bbox 950 3212 1190 3282; x_wconf 88' lang='lat' dir='ltr'><strong>Itemque</strong></span> <span class='ocrx_word' id='word_1_342' title='bbox 1218 3213 1478 3282; x_wconf 86' lang='lat' dir='ltr'><strong>scriptum</strong></span> <span class='ocrx_word' id='word_1_343' title='bbox 1518 3213 1624 3268; x_wconf 91' lang='lat' dir='ltr'><strong>sit:</strong></span> <span class='ocrx_word' id='word_1_344' title='bbox 1659 3211 1763 3279; x_wconf 83' lang='lat' dir='ltr'><strong>Qui</strong></span> <span class='ocrx_word' id='word_1_345' title='bbox 1788 3215 1933 3268; x_wconf 80' lang='lat' dir='ltr'><strong>timet</strong></span> 
     </span>
    </p>
   </div>
   <div class='ocr_carea' id='block_1_47' title="bbox 346 3301 1934 3374">
    <p class='ocr_par' dir='ltr' id='par_1_47' title="bbox 346 3301 1934 3374">
     <span class='ocr_line' id='line_1_47' title="bbox 346 3301 1934 3374; baseline 0.002 -19"><span class='ocrx_word' id='word_1_346' title='bbox 346 3304 627 3361; x_wconf 80' lang='lat' dir='ltr'><strong>hominem.</strong></span> <span class='ocrx_word' id='word_1_347' title='bbox 660 3304 763 3356; x_wconf 85' lang='lat' dir='ltr'><strong>cito</strong></span> <span class='ocrx_word' id='word_1_348' title='bbox 800 3311 1028 3356; x_wconf 84' lang='lat' dir='ltr'><strong>corruet.</strong></span> <span class='ocrx_word' id='word_1_349' title='bbox 1057 3301 1160 3357; x_wconf 85' lang='lat' dir='ltr'><strong>Et:</strong></span> <span class='ocrx_word' id='word_1_350' title='bbox 1206 3301 1386 3357; x_wconf 81' lang='lat' dir='ltr'><strong>Nolite</strong></span> <span class='ocrx_word' id='word_1_351' title='bbox 1414 3304 1595 3357; x_wconf 87' lang='lat' dir='ltr'><strong>timere</strong></span> <span class='ocrx_word' id='word_1_352' title='bbox 1621 3319 1706 3357; x_wconf 87' lang='lat' dir='ltr'><strong>eos</strong></span> <span class='ocrx_word' id='word_1_353' title='bbox 1729 3304 1819 3374; x_wconf 89' lang='lat' dir='ltr'><strong>qui</strong></span> <span class='ocrx_word' id='word_1_354' title='bbox 1848 3321 1934 3358; x_wconf 84' lang='lat' dir='ltr'><strong>oc-</strong></span> 
     </span>
    </p>
   </div>
   <div class='ocr_carea' id='block_1_48' title="bbox 349 3392 1932 3466">
    <p class='ocr_par' dir='ltr' id='par_1_48' title="bbox 349 3392 1932 3466">
     <span class='ocr_line' id='line_1_48' title="bbox 349 3392 1932 3466; baseline 0.003 -18"><span class='ocrx_word' id='word_1_355' title='bbox 349 3396 528 3449; x_wconf 84' lang='lat' dir='ltr'><strong>cidunt</strong></span> <span class='ocrx_word' id='word_1_356' title='bbox 555 3411 763 3464; x_wconf 85' lang='lat' dir='ltr'><strong>corpus.</strong></span> <span class='ocrx_word' id='word_1_357' title='bbox 818 3392 928 3451; x_wconf 82' lang='lat' dir='ltr'><strong>Sed</strong></span> <span class='ocrx_word' id='word_1_358' title='bbox 978 3396 1229 3451; x_wconf 86' lang='lat' dir='ltr'><strong>timorem</strong></span> <span class='ocrx_word' id='word_1_359' title='bbox 1279 3396 1468 3466; x_wconf 88' lang='lat' dir='ltr'><strong>utique</strong></span> <span class='ocrx_word' id='word_1_360' title='bbox 1516 3396 1772 3453; x_wconf 89' lang='lat' dir='ltr'><strong>debemus</strong></span> <span class='ocrx_word' id='word_1_361' title='bbox 1801 3396 1932 3465; x_wconf 90' lang='lat' dir='ltr'><strong>Deo,</strong></span> 
     </span>
    </p>
   </div>
   <div class='ocr_carea' id='block_1_49' title="bbox 349 3486 1937 3559">
    <p class='ocr_par' dir='ltr' id='par_1_49' title="bbox 349 3486 1937 3559">
     <span class='ocr_line' id='line_1_49' title="bbox 349 3486 1937 3559; baseline 0.002 -18"><span class='ocrx_word' id='word_1_362' title='bbox 349 3486 611 3543; x_wconf 85' lang='lat' dir='ltr'><strong>honorem</strong></span> <span class='ocrx_word' id='word_1_363' title='bbox 658 3496 839 3543; x_wconf 89' lang='lat' dir='ltr'><strong>autem</strong></span> <span class='ocrx_word' id='word_1_364' title='bbox 862 3488 997 3553; x_wconf 87' lang='lat' dir='ltr'><strong>Deo,</strong></span> <span class='ocrx_word' id='word_1_365' title='bbox 1042 3504 1106 3544; x_wconf 89' lang='lat' dir='ltr'><strong>ac</strong></span> <span class='ocrx_word' id='word_1_366' title='bbox 1137 3488 1354 3555; x_wconf 90' lang='lat' dir='ltr'><strong>domui,</strong></span> <span class='ocrx_word' id='word_1_367' title='bbox 1383 3488 1741 3559; x_wconf 88' lang='lat' dir='ltr'><strong>omnibusque</strong></span> <span class='ocrx_word' id='word_1_368' title='bbox 1769 3503 1937 3544; x_wconf 80' lang='lat' dir='ltr'><strong>mem-</strong></span> 
     </span>
    </p>
   </div>
   <div class='ocr_carea' id='block_1_50' title="bbox 351 3576 1936 3651">
    <p class='ocr_par' dir='ltr' id='par_1_50' title="bbox 351 3576 1936 3651">
     <span class='ocr_line' id='line_1_50' title="bbox 351 3576 1936 3651; baseline -0.001 -17"><span class='ocrx_word' id='word_1_369' title='bbox 351 3579 466 3634; x_wconf 87' lang='lat' dir='ltr'><strong>bris</strong></span> <span class='ocrx_word' id='word_1_370' title='bbox 494 3577 646 3648; x_wconf 88' lang='lat' dir='ltr'><strong>ejus;</strong></span> <span class='ocrx_word' id='word_1_371' title='bbox 679 3579 821 3635; x_wconf 88' lang='lat' dir='ltr'><strong>sicut</strong></span> <span class='ocrx_word' id='word_1_372' title='bbox 863 3576 1175 3649; x_wconf 88' lang='lat' dir='ltr'><strong>Scriptura,</strong></span> <span class='ocrx_word' id='word_1_373' title='bbox 1221 3578 1343 3651; x_wconf 86' lang='lat' dir='ltr'><strong>quis</strong></span> <span class='ocrx_word' id='word_1_374' title='bbox 1374 3579 1449 3633; x_wconf 90' lang='lat' dir='ltr'><strong>sit</strong></span> <span class='ocrx_word' id='word_1_375' title='bbox 1483 3577 1667 3648; x_wconf 89' lang='lat' dir='ltr'><strong>justus</strong></span> <span class='ocrx_word' id='word_1_376' title='bbox 1709 3579 1936 3635; x_wconf 84' lang='lat' dir='ltr'><strong>demon-</strong></span> 
     </span>
    </p>
   </div>
   <div class='ocr_carea' id='block_1_51' title="bbox 350 3668 1938 3741">
    <p class='ocr_par' dir='ltr' id='par_1_51' title="bbox 350 3668 1938 3741">
     <span class='ocr_line' id='line_1_51' title="bbox 350 3668 1938 3741; baseline 0.001 -18"><span class='ocrx_word' id='word_1_377' title='bbox 350 3677 551 3735; x_wconf 87' lang='lat' dir='ltr'><strong>strans,</strong></span> <span class='ocrx_word' id='word_1_378' title='bbox 582 3670 748 3725; x_wconf 88' lang='lat' dir='ltr'><strong>dicit:</strong></span> <span class='ocrx_word' id='word_1_379' title='bbox 781 3668 863 3723; x_wconf 79' lang='lat' dir='ltr'><strong>Ad</strong></span> <span class='ocrx_word' id='word_1_380' title='bbox 898 3669 1120 3724; x_wconf 82' lang='lat' dir='ltr'><strong>nihilum</strong></span> <span class='ocrx_word' id='word_1_381' title='bbox 1161 3669 1415 3724; x_wconf 87' lang='lat' dir='ltr'><strong>deductus</strong></span> <span class='ocrx_word' id='word_1_382' title='bbox 1446 3680 1523 3726; x_wconf 84' lang='lat' dir='ltr'><strong>est</strong></span> <span class='ocrx_word' id='word_1_383' title='bbox 1570 3671 1625 3725; x_wconf 86' lang='lat' dir='ltr'><strong>in</strong></span> <span class='ocrx_word' id='word_1_384' title='bbox 1662 3681 1938 3741; x_wconf 82' lang='lat' dir='ltr'><strong>conspectu</strong></span> 
     </span>
    </p>
   </div>
   <div class='ocr_carea' id='block_1_52' title="bbox 356 3759 1937 3834">
    <p class='ocr_par' dir='ltr' id='par_1_52' title="bbox 356 3759 1937 3834">
     <span class='ocr_line' id='line_1_52' title="bbox 356 3759 1937 3834; baseline 0.001 -17"><span class='ocrx_word' id='word_1_385' title='bbox 356 3764 472 3834; x_wconf 81' lang='lat' dir='ltr'><strong>ejus</strong></span> <span class='ocrx_word' id='word_1_386' title='bbox 511 3762 812 3834; x_wconf 87' lang='lat' dir='ltr'><strong>malignus,</strong></span> <span class='ocrx_word' id='word_1_387' title='bbox 858 3763 1094 3818; x_wconf 79' lang='lat' dir='ltr'><strong>timentes</strong></span> <span class='ocrx_word' id='word_1_388' title='bbox 1136 3771 1312 3817; x_wconf 87' lang='lat' dir='ltr'><strong>autem</strong></span> <span class='ocrx_word' id='word_1_389' title='bbox 1355 3762 1615 3817; x_wconf 79' lang='lat' dir='ltr'><strong>Dominus</strong></span> <span class='ocrx_word' id='word_1_390' title='bbox 1652 3759 1937 3832; x_wconf 77' lang='lat' dir='ltr'><strong>&#39;glori/icat.</strong></span> 
     </span>
    </p>
   </div>
   <div class='ocr_carea' id='block_1_53' title="bbox 350 3851 1941 3925">
    <p class='ocr_par' dir='ltr' id='par_1_53' title="bbox 350 3851 1941 3925">
     <span class='ocr_line' id='line_1_53' title="bbox 350 3851 1941 3925; baseline 0.001 -18"><span class='ocrx_word' id='word_1_391' title='bbox 350 3851 418 3907; x_wconf 87' lang='lat' dir='ltr'><strong>Et</strong></span> <span class='ocrx_word' id='word_1_392' title='bbox 458 3854 796 3909; x_wconf 74' lang='lat' dir='ltr'><strong>exhibendas</strong></span> <span class='ocrx_word' id='word_1_393' title='bbox 845 3869 976 3925; x_wconf 82' lang='lat' dir='ltr'><strong>ergo</strong></span> <span class='ocrx_word' id='word_1_394' title='bbox 1025 3860 1110 3910; x_wconf 89' lang='lat' dir='ltr'><strong>est</strong></span> <span class='ocrx_word' id='word_1_395' title='bbox 1148 3852 1261 3909; x_wconf 89' lang='lat' dir='ltr'><strong>Deo</strong></span> <span class='ocrx_word' id='word_1_396' title='bbox 1305 3853 1490 3920; x_wconf 91' lang='lat' dir='ltr'><strong>timor,</strong></span> <span class='ocrx_word' id='word_1_397' title='bbox 1540 3869 1611 3910; x_wconf 91' lang='lat' dir='ltr'><strong>ne</strong></span> <span class='ocrx_word' id='word_1_398' title='bbox 1632 3853 1941 3909; x_wconf 74' lang='lat' dir='ltr'><strong>offendatur</strong></span> 
     </span>
    </p>
   </div>
   <div class='ocr_carea' id='block_1_54' title="bbox 351 3941 1941 4015">
    <p class='ocr_par' dir='ltr' id='par_1_54' title="bbox 351 3941 1941 4015">
     <span class='ocr_line' id='line_1_54' title="bbox 351 3941 1941 4015; baseline 0.002 -20"><span class='ocrx_word' id='word_1_399' title='bbox 351 3941 626 4008; x_wconf 89' lang='lat' dir='ltr'><strong>moribus;</strong></span> <span class='ocrx_word' id='word_1_400' title='bbox 662 3950 719 3997; x_wconf 90' lang='lat' dir='ltr'><strong>et</strong></span> <span class='ocrx_word' id='word_1_401' title='bbox 745 3941 1085 3998; x_wconf 79' lang='lat' dir='ltr'><strong>exhibendas</strong></span> <span class='ocrx_word' id='word_1_402' title='bbox 1112 3943 1307 4008; x_wconf 88' lang='lat' dir='ltr'><strong>honor,</strong></span> <span class='ocrx_word' id='word_1_403' title='bbox 1340 3950 1404 3997; x_wconf 91' lang='lat' dir='ltr'><strong>ut</strong></span> <span class='ocrx_word' id='word_1_404' title='bbox 1432 3942 1765 4015; x_wconf 79' lang='lat' dir='ltr'><strong>glorificatur</strong></span> <span class='ocrx_word' id='word_1_405' title='bbox 1789 3943 1941 3999; x_wconf 86' lang='lat' dir='ltr'><strong>obla-</strong></span> 
     </span>
    </p>
   </div>
   <div class='ocr_carea' id='block_1_55' title="bbox 351 4032 1943 4107">
    <p class='ocr_par' dir='ltr' id='par_1_55' title="bbox 351 4032 1943 4107">
     <span class='ocr_line' id='line_1_55' title="bbox 351 4032 1943 4107; baseline 0.002 -20"><span class='ocrx_word' id='word_1_406' title='bbox 351 4032 612 4090; x_wconf 87' lang='lat' dir='ltr'><strong>tionibus.</strong></span> <span class='ocrx_word' id='word_1_407' title='bbox 674 4033 765 4090; x_wconf 89' lang='lat' dir='ltr'><strong>Sic</strong></span> <span class='ocrx_word' id='word_1_408' title='bbox 791 4050 984 4105; x_wconf 87' lang='lat' dir='ltr'><strong>nempe</strong></span> <span class='ocrx_word' id='word_1_409' title='bbox 1019 4052 1046 4089; x_wconf 89' lang='lat' dir='ltr'><strong>a</strong></span> <span class='ocrx_word' id='word_1_410' title='bbox 1076 4034 1330 4091; x_wconf 89' lang='lat' dir='ltr'><strong>Patribus</strong></span> <span class='ocrx_word' id='word_1_411' title='bbox 1355 4036 1672 4107; x_wconf 89' lang='lat' dir='ltr'><strong>intelligitur</strong></span> <span class='ocrx_word' id='word_1_412' title='bbox 1695 4037 1840 4106; x_wconf 89' lang='lat' dir='ltr'><strong>quod</strong></span> <span class='ocrx_word' id='word_1_413' title='bbox 1863 4036 1943 4091; x_wconf 84' lang='lat' dir='ltr'><strong>di-</strong></span> 
     </span>
    </p>
   </div>
   <div class='ocr_carea' id='block_1_56' title="bbox 354 4122 1939 4195">
    <p class='ocr_par' dir='ltr' id='par_1_56' title="bbox 354 4122 1939 4195">
     <span class='ocr_line' id='line_1_56' title="bbox 354 4122 1939 4195; baseline 0.001 -15"><span class='ocrx_word' id='word_1_414' title='bbox 354 4135 501 4180; x_wconf 90' lang='lat' dir='ltr'><strong>ctum</strong></span> <span class='ocrx_word' id='word_1_415' title='bbox 530 4132 614 4179; x_wconf 83' lang='lat' dir='ltr'><strong>est</strong></span> <span class='ocrx_word' id='word_1_416' title='bbox 640 4143 652 4177; x_wconf 89' lang='lat'><strong>:</strong></span> <span class='ocrx_word' id='word_1_417' title='bbox 687 4122 910 4179; x_wconf 82' lang='lat' dir='ltr'><strong>Reddite</strong></span> <span class='ocrx_word' id='word_1_418' title='bbox 940 4140 1056 4195; x_wconf 72' lang='lat' dir='ltr'><strong>qua!</strong></span> <span class='ocrx_word' id='word_1_419' title='bbox 1082 4134 1202 4179; x_wconf 87' lang='lat' dir='ltr'><strong>sunt</strong></span> <span class='ocrx_word' id='word_1_420' title='bbox 1229 4124 1455 4180; x_wconf 75' lang='lat' dir='ltr'><strong>Cwsaris</strong></span> <span class='ocrx_word' id='word_1_421' title='bbox 1483 4126 1713 4191; x_wconf 70' lang='lat' dir='ltr'><strong>Ca&#39;sari,</strong></span> <span class='ocrx_word' id='word_1_422' title='bbox 1744 4126 1799 4181; x_wconf 92' lang='lat' dir='ltr'><strong>id</strong></span> <span class='ocrx_word' id='word_1_423' title='bbox 1825 4135 1939 4193; x_wconf 91' lang='lat' dir='ltr'><strong>est,</strong></span> 
     </span>
    </p>
   </div>
   <div class='ocr_carea' id='block_1_57' title="bbox 357 4213 1943 4285">
    <p class='ocr_par' dir='ltr' id='par_1_57' title="bbox 357 4213 1943 4285">
     <span class='ocr_line' id='line_1_57' title="bbox 357 4213 1943 4285; baseline 0.003 -18"><span class='ocrx_word' id='word_1_424' title='bbox 357 4214 582 4277; x_wconf 86' lang='lat' dir='ltr'><strong>tributa,</strong></span> <span class='ocrx_word' id='word_1_425' title='bbox 596 4229 662 4268; x_wconf 87' lang='lat' dir='ltr'><strong>ac</strong></span> <span class='ocrx_word' id='word_1_426' title='bbox 681 4213 980 4285; x_wconf 80' lang='lat' dir='ltr'><strong>vectigalia.</strong></span> <span class='ocrx_word' id='word_1_427' title='bbox 1011 4213 1141 4278; x_wconf 73' lang='lat' dir='ltr'><strong>Qua:</strong></span> <span class='ocrx_word' id='word_1_428' title='bbox 1155 4224 1330 4268; x_wconf 82' lang='lat' dir='ltr'><strong>autem</strong></span> <span class='ocrx_word' id='word_1_429' title='bbox 1352 4224 1473 4269; x_wconf 88' lang='lat' dir='ltr'><strong>sunt</strong></span> <span class='ocrx_word' id='word_1_430' title='bbox 1499 4215 1592 4270; x_wconf 86' lang='lat' dir='ltr'><strong>Dei</strong></span> <span class='ocrx_word' id='word_1_431' title='bbox 1617 4215 1749 4281; x_wconf 88' lang='lat' dir='ltr'><strong>Deo,</strong></span> <span class='ocrx_word' id='word_1_432' title='bbox 1767 4217 1819 4271; x_wconf 92' lang='lat' dir='ltr'><strong>id</strong></span> <span class='ocrx_word' id='word_1_433' title='bbox 1835 4225 1943 4281; x_wconf 91' lang='lat' dir='ltr'><strong>est,</strong></span> 
     </span>
    </p>
   </div>
   <div class='ocr_carea' id='block_1_58' title="bbox 356 4304 1942 4378">
    <p class='ocr_par' dir='ltr' id='par_1_58' title="bbox 356 4304 1942 4378">
     <span class='ocr_line' id='line_1_58' title="bbox 356 4304 1942 4378; baseline 0.002 -19"><span class='ocrx_word' id='word_1_434' title='bbox 356 4304 617 4369; x_wconf 88' lang='lat' dir='ltr'><strong>decimas,</strong></span> <span class='ocrx_word' id='word_1_435' title='bbox 631 4305 919 4375; x_wconf 87' lang='lat' dir='ltr'><strong>primitias,</strong></span> <span class='ocrx_word' id='word_1_436' title='bbox 933 4313 1241 4376; x_wconf 59' lang='lat' dir='ltr'><strong>mutemque</strong></span> <span class='ocrx_word' id='word_1_437' title='bbox 1254 4306 1501 4373; x_wconf 86' lang='lat' dir='ltr'><strong>donaria,</strong></span> <span class='ocrx_word' id='word_1_438' title='bbox 1519 4315 1629 4361; x_wconf 85' lang='lat' dir='ltr'><strong>tam</strong></span> <span class='ocrx_word' id='word_1_439' title='bbox 1645 4314 1768 4363; x_wconf 89' lang='lat' dir='ltr'><strong>vota</strong></span> <span class='ocrx_word' id='word_1_440' title='bbox 1782 4324 1942 4378; x_wconf 89' lang='lat' dir='ltr'><strong>quam</strong></span> 
     </span>
    </p>
   </div>
   <div class='ocr_carea' id='block_1_59' title="bbox 357 4394 1947 4469">
    <p class='ocr_par' dir='ltr' id='par_1_59' title="bbox 357 4394 1947 4469">
     <span class='ocr_line' id='line_1_59' title="bbox 357 4394 1947 4469; baseline 0.003 -17"><span class='ocrx_word' id='word_1_441' title='bbox 357 4404 677 4467; x_wconf 89' lang='lat' dir='ltr'><strong>spontanea.</strong></span> <span class='ocrx_word' id='word_1_442' title='bbox 733 4394 869 4451; x_wconf 86' lang='lat' dir='ltr'><strong>Nam</strong></span> <span class='ocrx_word' id='word_1_443' title='bbox 900 4404 955 4451; x_wconf 91' lang='lat' dir='ltr'><strong>et</strong></span> <span class='ocrx_word' id='word_1_444' title='bbox 981 4397 1210 4453; x_wconf 89' lang='lat' dir='ltr'><strong>assertio</strong></span> <span class='ocrx_word' id='word_1_445' title='bbox 1239 4395 1463 4454; x_wconf 87' lang='lat' dir='ltr'><strong>Iudaica</strong></span> <span class='ocrx_word' id='word_1_446' title='bbox 1495 4398 1700 4455; x_wconf 87' lang='lat' dir='ltr'><strong>idcirco</strong></span> <span class='ocrx_word' id='word_1_447' title='bbox 1720 4402 1947 4469; x_wconf 88' lang='lat' dir='ltr'><strong>putabat</strong></span> 
     </span>
    </p>
   </div>
   <div class='ocr_carea' id='block_1_60' title="bbox 356 4487 1944 4563">
    <p class='ocr_par' dir='ltr' id='par_1_60' title="bbox 356 4487 1944 4563">
     <span class='ocr_line' id='line_1_60' title="bbox 356 4487 1944 4563; baseline 0.002 -19"><span class='ocrx_word' id='word_1_448' title='bbox 356 4488 602 4544; x_wconf 85' lang='lat' dir='ltr'><strong>illicitum</strong></span> <span class='ocrx_word' id='word_1_449' title='bbox 629 4504 749 4545; x_wconf 89' lang='lat' dir='ltr'><strong>esse</strong></span> <span class='ocrx_word' id='word_1_450' title='bbox 798 4487 1059 4544; x_wconf 88' lang='lat' dir='ltr'><strong>tributum</strong></span> <span class='ocrx_word' id='word_1_451' title='bbox 1091 4488 1301 4546; x_wconf 89' lang='lat' dir='ltr'><strong>solvere</strong></span> <span class='ocrx_word' id='word_1_452' title='bbox 1324 4490 1546 4559; x_wconf 62' lang='lat' dir='ltr'><strong>Caesari,</strong></span> <span class='ocrx_word' id='word_1_453' title='bbox 1592 4492 1721 4563; x_wconf 89' lang='lat' dir='ltr'><strong>quia</strong></span> <span class='ocrx_word' id='word_1_454' title='bbox 1748 4508 1944 4563; x_wconf 88' lang='lat' dir='ltr'><strong>supra-</strong></span> 
     </span>
    </p>
   </div>
   <div class='ocr_carea' id='block_1_61' title="bbox 355 4579 2022 4680">
    <p class='ocr_par' dir='ltr' id='par_1_61' title="bbox 355 4579 2022 4680">
     <span class='ocr_line' id='line_1_61' title="bbox 355 4579 2022 4680; baseline 0.003 -44"><span class='ocrx_word' id='word_1_455' title='bbox 355 4581 504 4637; x_wconf 88' lang='lat' dir='ltr'><strong>dicta</strong></span> <span class='ocrx_word' id='word_1_456' title='bbox 550 4580 659 4637; x_wconf 86' lang='lat' dir='ltr'><strong>Deo</strong></span> <span class='ocrx_word' id='word_1_457' title='bbox 701 4580 913 4637; x_wconf 76' lang='lat' dir='ltr'><strong>solvere</strong></span> <span class='ocrx_word' id='word_1_458' title='bbox 948 4579 1087 4651; x_wconf 86' lang='lat' dir='ltr'><strong>jussi</strong></span> <span class='ocrx_word' id='word_1_459' title='bbox 1122 4591 1299 4638; x_wconf 90' lang='lat' dir='ltr'><strong>erant.</strong></span> <span class='ocrx_word' id='word_1_460' title='bbox 1357 4583 1715 4640; x_wconf 88' lang='lat' dir='ltr'><strong>Commendat</strong></span> <span class='ocrx_word' id='word_1_461' title='bbox 1760 4594 1941 4642; x_wconf 88' lang='lat' dir='ltr'><strong>autem</strong></span> <span class='ocrx_word' id='word_1_462' title='bbox 1969 4620 2022 4680; x_wconf 68' lang='grc' dir='ltr'><strong>Β</strong></span> 
     </span>
    </p>
   </div>
   <div class='ocr_carea' id='block_1_62' title="bbox 357 4670 1941 4738">
    <p class='ocr_par' dir='ltr' id='par_1_62' title="bbox 357 4670 1941 4738">
     <span class='ocr_line' id='line_1_62' title="bbox 357 4670 1941 4738; baseline 0.005 -13"><span class='ocrx_word' id='word_1_463' title='bbox 357 4670 624 4727; x_wconf 89' lang='lat' dir='ltr'><strong>Dominus</strong></span> <span class='ocrx_word' id='word_1_464' title='bbox 651 4671 765 4727; x_wconf 75' lang='lat' dir='ltr'><strong>haec</strong></span> <span class='ocrx_word' id='word_1_465' title='bbox 794 4671 1061 4738; x_wconf 85' lang='lat' dir='ltr'><strong>facienda,</strong></span> <span class='ocrx_word' id='word_1_466' title='bbox 1088 4673 1179 4728; x_wconf 91' lang='lat' dir='ltr'><strong>ubi</strong></span> <span class='ocrx_word' id='word_1_467' title='bbox 1204 4674 1280 4729; x_wconf 90' lang='lat' dir='ltr'><strong>ait</strong></span> <span class='ocrx_word' id='word_1_468' title='bbox 1310 4691 1324 4727; x_wconf 89' lang='lat'><strong>:</strong></span> <span class='ocrx_word' id='word_1_469' title='bbox 1379 4672 1469 4728; x_wconf 79' lang='grc' dir='ltr'><strong>γω</strong></span> <span class='ocrx_word' id='word_1_470' title='bbox 1497 4674 1641 4729; x_wconf 80' lang='lat' dir='ltr'><strong>vobis</strong></span> <span class='ocrx_word' id='word_1_471' title='bbox 1667 4674 1868 4730; x_wconf 68' lang='lat' dir='ltr'><strong>Scriba?</strong></span> <span class='ocrx_word' id='word_1_472' title='bbox 1892 4687 1941 4733; x_wconf 86' lang='lat' dir='ltr'><strong>et</strong></span> 
     </span>
    </p>
   </div>
   <div class='ocr_carea' id='block_1_63' title="bbox 358 4759 1941 4838">
    <p class='ocr_par' dir='ltr' id='par_1_63' title="bbox 358 4759 1941 4838">
     <span class='ocr_line' id='line_1_63' title="bbox 358 4759 1941 4838; baseline 0.004 -21"><span class='ocrx_word' id='word_1_473' title='bbox 358 4759 624 4820; x_wconf 69' lang='lat' dir='ltr'><strong>Pharisa’i</strong></span> <span class='ocrx_word' id='word_1_474' title='bbox 651 4766 978 4837; x_wconf 83' lang='lat' dir='ltr'><strong>hypocrith</strong></span> <span class='ocrx_word' id='word_1_475' title='bbox 1023 4767 1113 4838; x_wconf 86' lang='lat' dir='ltr'><strong>qui</strong></span> <span class='ocrx_word' id='word_1_476' title='bbox 1146 4766 1420 4821; x_wconf 86' lang='lat' dir='ltr'><strong>decimatis</strong></span> <span class='ocrx_word' id='word_1_477' title='bbox 1443 4776 1700 4833; x_wconf 78' lang='lat' dir='ltr'><strong>mentum,</strong></span> <span class='ocrx_word' id='word_1_478' title='bbox 1733 4777 1782 4822; x_wconf 89' lang='lat' dir='ltr'><strong>et</strong></span> <span class='ocrx_word' id='word_1_479' title='bbox 1812 4785 1941 4823; x_wconf 82' lang='lat' dir='ltr'><strong>ane—</strong></span> 
     </span>
    </p>
   </div>
   <div class='ocr_carea' id='block_1_64' title="bbox 357 4854 1944 4933">
    <p class='ocr_par' dir='ltr' id='par_1_64' title="bbox 357 4854 1944 4933">
     <span class='ocr_line' id='line_1_64' title="bbox 357 4854 1944 4933; baseline 0.006 -26"><span class='ocrx_word' id='word_1_480' title='bbox 357 4854 505 4909; x_wconf 87' lang='lat' dir='ltr'><strong>thum</strong></span> <span class='ocrx_word' id='word_1_481' title='bbox 528 4894 543 4917; x_wconf 87' lang='lat'><strong>,</strong></span> <span class='ocrx_word' id='word_1_482' title='bbox 592 4863 642 4909; x_wconf 82' lang='lat' dir='ltr'><strong>et</strong></span> <span class='ocrx_word' id='word_1_483' title='bbox 682 4855 977 4920; x_wconf 87' lang='lat' dir='ltr'><strong>cuminum,</strong></span> <span class='ocrx_word' id='word_1_484' title='bbox 999 4864 1046 4909; x_wconf 89' lang='lat' dir='ltr'><strong>et</strong></span> <span class='ocrx_word' id='word_1_485' title='bbox 1070 4872 1220 4910; x_wconf 89' lang='lat' dir='ltr'><strong>omne</strong></span> <span class='ocrx_word' id='word_1_486' title='bbox 1244 4855 1393 4923; x_wconf 87' lang='lat' dir='ltr'><strong>olus;</strong></span> <span class='ocrx_word' id='word_1_487' title='bbox 1441 4867 1489 4912; x_wconf 90' lang='lat' dir='ltr'><strong>et</strong></span> <span class='ocrx_word' id='word_1_488' title='bbox 1515 4858 1804 4931; x_wconf 71' lang='lat' dir='ltr'><strong>relinquitis</strong></span> <span class='ocrx_word' id='word_1_489' title='bbox 1827 4878 1944 4933; x_wconf 66' lang='lat' dir='ltr'><strong>quia</strong></span> 
     </span>
    </p>
   </div>
   <div class='ocr_carea' id='block_1_65' title="bbox 355 4945 1943 5017">
    <p class='ocr_par' dir='ltr' id='par_1_65' title="bbox 355 4945 1943 5017">
     <span class='ocr_line' id='line_1_65' title="bbox 355 4945 1943 5017; baseline 0.005 -17"><span class='ocrx_word' id='word_1_490' title='bbox 355 4945 596 5017; x_wconf 81' lang='lat' dir='ltr'><strong>graviora</strong></span> <span class='ocrx_word' id='word_1_491' title='bbox 642 4956 764 5000; x_wconf 88' lang='lat' dir='ltr'><strong>sunt</strong></span> <span class='ocrx_word' id='word_1_492' title='bbox 809 4946 937 5017; x_wconf 83' lang='lat' dir='ltr'><strong>legis</strong></span> <span class='ocrx_word' id='word_1_493' title='bbox 962 4988 975 5012; x_wconf 94' lang='lat'><strong>,</strong></span> <span class='ocrx_word' id='word_1_494' title='bbox 1002 4947 1303 5017; x_wconf 86' lang='lat' dir='ltr'><strong>judicium,</strong></span> <span class='ocrx_word' id='word_1_495' title='bbox 1347 4957 1396 5002; x_wconf 89' lang='lat' dir='ltr'><strong>et</strong></span> <span class='ocrx_word' id='word_1_496' title='bbox 1437 4950 1870 5017; x_wconf 80' lang='lat' dir='ltr'><strong>misericordiam,</strong></span> <span class='ocrx_word' id='word_1_497' title='bbox 1894 4963 1943 5008; x_wconf 86' lang='lat' dir='ltr'><strong>et</strong></span> 
     </span>
    </p>
   </div>
   <div class='ocr_carea' id='block_1_66' title="bbox 355 5034 1941 5111">
    <p class='ocr_par' dir='ltr' id='par_1_66' title="bbox 355 5034 1941 5111">
     <span class='ocr_line' id='line_1_66' title="bbox 355 5034 1941 5111; baseline 0.005 -22"><span class='ocrx_word' id='word_1_498' title='bbox 355 5035 549 5104; x_wconf 81' lang='lat' dir='ltr'><strong>ﬁdem;</strong></span> <span class='ocrx_word' id='word_1_499' title='bbox 585 5052 708 5091; x_wconf 91' lang='lat' dir='ltr'><strong>cum</strong></span> <span class='ocrx_word' id='word_1_500' title='bbox 750 5035 895 5091; x_wconf 91' lang='lat' dir='ltr'><strong>illico</strong></span> <span class='ocrx_word' id='word_1_501' title='bbox 925 5034 1201 5108; x_wconf 87' lang='lat' dir='ltr'><strong>subjungit</strong></span> <span class='ocrx_word' id='word_1_502' title='bbox 1240 5057 1252 5091; x_wconf 89' lang='lat'><strong>:</strong></span> <span class='ocrx_word' id='word_1_503' title='bbox 1305 5035 1437 5094; x_wconf 66' lang='lat' dir='ltr'><strong>Herc</strong></span> <span class='ocrx_word' id='word_1_504' title='bbox 1481 5042 1705 5108; x_wconf 83' lang='lat' dir='ltr'><strong>oportuit</strong></span> <span class='ocrx_word' id='word_1_505' title='bbox 1748 5040 1941 5111; x_wconf 77' lang='lat' dir='ltr'><strong>facere,</strong></span> 
     </span>
    </p>
   </div>
   <div class='ocr_carea' id='block_1_67' title="bbox 355 5127 1142 5184">
    <p class='ocr_par' dir='ltr' id='par_1_67' title="bbox 355 5127 1142 5184">
     <span class='ocr_line' id='line_1_67' title="bbox 355 5127 1142 5184; baseline 0.005 -4"><span class='ocrx_word' id='word_1_506' title='bbox 355 5136 404 5180; x_wconf 86' lang='lat' dir='ltr'><strong>et</strong></span> <span class='ocrx_word' id='word_1_507' title='bbox 429 5127 522 5182; x_wconf 85' lang='lat' dir='ltr'><strong>illa</strong></span> <span class='ocrx_word' id='word_1_508' title='bbox 547 5145 649 5184; x_wconf 86' lang='lat' dir='ltr'><strong>non</strong></span> <span class='ocrx_word' id='word_1_509' title='bbox 678 5128 934 5183; x_wconf 85' lang='lat' dir='ltr'><strong>omittere.</strong></span> <span class='ocrx_word' id='word_1_510' title='bbox 1139 5180 1142 5184; x_wconf 39' lang='grc' dir='ltr'>λ</span> 
     </span>
    </p>
   </div>
   <div class='ocr_carea' id='block_1_68' title="bbox 434 5223 1944 5297">
    <p class='ocr_par' dir='ltr' id='par_1_68' title="bbox 434 5223 1944 5297">
     <span class='ocr_line' id='line_1_68' title="bbox 434 5223 1944 5297; baseline 0.003 -21"><span class='ocrx_word' id='word_1_511' title='bbox 434 5223 594 5278; x_wconf 83' lang='lat' dir='ltr'>XXII.</span> <span class='ocrx_word' id='word_1_512' title='bbox 633 5224 861 5295; x_wconf 91' lang='lat' dir='ltr'><strong>Oportet</strong></span> <span class='ocrx_word' id='word_1_513' title='bbox 905 5239 1055 5296; x_wconf 89' lang='lat' dir='ltr'><strong>ergo,</strong></span> <span class='ocrx_word' id='word_1_514' title='bbox 1107 5233 1163 5279; x_wconf 91' lang='lat' dir='ltr'><strong>et</strong></span> <span class='ocrx_word' id='word_1_515' title='bbox 1207 5240 1423 5296; x_wconf 88' lang='lat' dir='ltr'><strong>semper</strong></span> <span class='ocrx_word' id='word_1_516' title='bbox 1451 5225 1755 5297; x_wconf 87' lang='lat' dir='ltr'><strong>oportebit,</strong></span> <span class='ocrx_word' id='word_1_517' title='bbox 1801 5226 1944 5295; x_wconf 89' lang='lat' dir='ltr'><strong>quod</strong></span> 
     </span>
    </p>
   </div>
   <div class='ocr_carea' id='block_1_69' title="bbox 360 5312 1947 5388">
    <p class='ocr_par' dir='ltr' id='par_1_69' title="bbox 360 5312 1947 5388">
     <span class='ocr_line' id='line_1_69' title="bbox 360 5312 1947 5388; baseline 0.004 -23"><span class='ocrx_word' id='word_1_518' title='bbox 360 5312 621 5371; x_wconf 89' lang='lat' dir='ltr'><strong>Dominus</strong></span> <span class='ocrx_word' id='word_1_519' title='bbox 665 5317 974 5388; x_wconf 87' lang='lat' dir='ltr'><strong>oportuisse</strong></span> <span class='ocrx_word' id='word_1_520' title='bbox 1017 5323 1281 5383; x_wconf 86' lang='lat' dir='ltr'><strong>testatur,</strong></span> <span class='ocrx_word' id='word_1_521' title='bbox 1330 5332 1506 5386; x_wconf 85' lang='lat' dir='ltr'><strong>neque</strong></span> <span class='ocrx_word' id='word_1_522' title='bbox 1551 5317 1947 5387; x_wconf 60' lang='lat' dir='ltr'><strong>parvipendenv</strong></span> 
     </span>
    </p>
   </div>
   <div class='ocr_carea' id='block_1_70' title="bbox 359 5403 1946 5476">
    <p class='ocr_par' dir='ltr' id='par_1_70' title="bbox 359 5403 1946 5476">
     <span class='ocr_line' id='line_1_70' title="bbox 359 5403 1946 5476; baseline 0.004 -20"><span class='ocrx_word' id='word_1_523' title='bbox 359 5403 485 5458; x_wconf 87' lang='lat' dir='ltr'><strong>dum</strong></span> <span class='ocrx_word' id='word_1_524' title='bbox 525 5404 626 5461; x_wconf 88' lang='lat' dir='ltr'><strong>fuit</strong></span> <span class='ocrx_word' id='word_1_525' title='bbox 668 5414 763 5460; x_wconf 91' lang='lat' dir='ltr'><strong>aut</strong></span> <span class='ocrx_word' id='word_1_526' title='bbox 799 5407 907 5461; x_wconf 89' lang='lat' dir='ltr'><strong>erit</strong></span> <span class='ocrx_word' id='word_1_527' title='bbox 947 5422 1184 5476; x_wconf 89' lang='lat' dir='ltr'><strong>unquam</strong></span> <span class='ocrx_word' id='word_1_528' title='bbox 1229 5407 1371 5476; x_wconf 90' lang='lat' dir='ltr'><strong>quod</strong></span> <span class='ocrx_word' id='word_1_529' title='bbox 1411 5404 1670 5462; x_wconf 76' lang='lat' dir='ltr'><strong>Dominus</strong></span> <span class='ocrx_word' id='word_1_530' title='bbox 1712 5406 1795 5460; x_wconf 84' lang='lat' dir='ltr'><strong>vel</strong></span> <span class='ocrx_word' id='word_1_531' title='bbox 1830 5407 1946 5463; x_wconf 85' lang='lat' dir='ltr'><strong>fieri</strong></span> 
     </span>
    </p>
   </div>
   <div class='ocr_carea' id='block_1_71' title="bbox 353 5495 1942 5566">
    <p class='ocr_par' dir='ltr' id='par_1_71' title="bbox 353 5495 1942 5566">
     <span class='ocr_line' id='line_1_71' title="bbox 353 5495 1942 5566; baseline 0.004 -17"><span class='ocrx_word' id='word_1_532' title='bbox 353 5495 547 5566; x_wconf 86' lang='lat' dir='ltr'><strong>jussit,</strong></span> <span class='ocrx_word' id='word_1_533' title='bbox 586 5496 669 5553; x_wconf 88' lang='lat' dir='ltr'><strong>vel</strong></span> <span class='ocrx_word' id='word_1_534' title='bbox 698 5496 898 5553; x_wconf 87' lang='lat' dir='ltr'><strong>factum</strong></span> <span class='ocrx_word' id='word_1_535' title='bbox 930 5497 1181 5555; x_wconf 81' lang='lat' dir='ltr'><strong>facientis</strong></span> <span class='ocrx_word' id='word_1_536' title='bbox 1211 5499 1499 5555; x_wconf 89' lang='lat' dir='ltr'><strong>devotione</strong></span> <span class='ocrx_word' id='word_1_537' title='bbox 1526 5499 1942 5555; x_wconf 86' lang='lat' dir='ltr'><strong>commendavit.</strong></span> 
     </span>
    </p>
   </div>
   <div class='ocr_carea' id='block_1_72' title="bbox 2025 2011 3604 2087">
    <p class='ocr_par' dir='ltr' id='par_1_72' title="bbox 2025 2011 3604 2087">
     <span class='ocr_line' id='line_1_72' title="bbox 2025 2011 3604 2087; baseline 0.003 -19"><span class='ocrx_word' id='word_1_538' title='bbox 2025 2012 2246 2077; x_wconf 87' lang='lat' dir='ltr'><strong>desinit,</strong></span> <span class='ocrx_word' id='word_1_539' title='bbox 2280 2011 2385 2066; x_wconf 91' lang='lat' dir='ltr'><strong>nisi</strong></span> <span class='ocrx_word' id='word_1_540' title='bbox 2432 2020 2492 2066; x_wconf 91' lang='lat' dir='ltr'><strong>ut</strong></span> <span class='ocrx_word' id='word_1_541' title='bbox 2542 2026 2728 2067; x_wconf 90' lang='lat' dir='ltr'><strong>eorum</strong></span> <span class='ocrx_word' id='word_1_542' title='bbox 2775 2014 3180 2083; x_wconf 87' lang='lat' dir='ltr'><strong>comparatione</strong></span> <span class='ocrx_word' id='word_1_543' title='bbox 3226 2015 3604 2087; x_wconf 86' lang='lat' dir='ltr'><strong>objurgemur,</strong></span> 
     </span>
    </p>
   </div>
   <div class='ocr_carea' id='block_1_73' title="bbox 2026 2102 3609 2175">
    <p class='ocr_par' dir='ltr' id='par_1_73' title="bbox 2026 2102 3609 2175">
     <span class='ocr_line' id='line_1_73' title="bbox 2026 2102 3609 2175; baseline 0.004 -16"><span class='ocrx_word' id='word_1_544' title='bbox 2026 2104 2168 2159; x_wconf 88' lang='lat' dir='ltr'><strong>sicut</strong></span> <span class='ocrx_word' id='word_1_545' title='bbox 2200 2111 2256 2159; x_wconf 90' lang='lat' dir='ltr'><strong>et</strong></span> <span class='ocrx_word' id='word_1_546' title='bbox 2281 2102 2536 2160; x_wconf 89' lang='lat' dir='ltr'><strong>Iudaicus</strong></span> <span class='ocrx_word' id='word_1_547' title='bbox 2574 2105 2826 2175; x_wconf 91' lang='lat' dir='ltr'><strong>populus,</strong></span> <span class='ocrx_word' id='word_1_548' title='bbox 2849 2105 3081 2162; x_wconf 91' lang='lat' dir='ltr'><strong>Domino</strong></span> <span class='ocrx_word' id='word_1_549' title='bbox 3107 2107 3321 2164; x_wconf 88' lang='lat' dir='ltr'><strong>dicente</strong></span> <span class='ocrx_word' id='word_1_550' title='bbox 3346 2126 3361 2163; x_wconf 75' lang='grc' dir='ltr'>ε</span> <span class='ocrx_word' id='word_1_551' title='bbox 3388 2107 3609 2165; x_wconf 67' lang='lat' dir='ltr'><strong>Priena-</strong></span> 
     </span>
    </p>
   </div>
   <div class='ocr_carea' id='block_1_74' title="bbox 2026 2193 3612 2262">
    <p class='ocr_par' dir='ltr' id='par_1_74' title="bbox 2026 2193 3612 2262">
     <span class='ocr_line' id='line_1_74' title="bbox 2026 2193 3612 2262; baseline 0.004 -13"><span class='ocrx_word' id='word_1_552' title='bbox 2026 2194 2237 2250; x_wconf 86' lang='lat' dir='ltr'><strong>luerunt</strong></span> <span class='ocrx_word' id='word_1_553' title='bbox 2262 2212 2525 2251; x_wconf 82' lang='lat' dir='ltr'><strong>sermones</strong></span> <span class='ocrx_word' id='word_1_554' title='bbox 2552 2193 2799 2250; x_wconf 79' lang='lat' dir='ltr'><strong>Ionadab</strong></span> <span class='ocrx_word' id='word_1_555' title='bbox 2828 2196 3155 2251; x_wconf 85' lang='lat' dir='ltr'><strong>sermonibus</strong></span> <span class='ocrx_word' id='word_1_556' title='bbox 3189 2200 3318 2253; x_wconf 83' lang='lat' dir='ltr'><strong>meis</strong></span> <span class='ocrx_word' id='word_1_557' title='bbox 3340 2239 3355 2262; x_wconf 93' lang='lat'><strong>,</strong></span> <span class='ocrx_word' id='word_1_558' title='bbox 3404 2208 3458 2255; x_wconf 92' lang='lat' dir='ltr'><strong>et</strong></span> <span class='ocrx_word' id='word_1_559' title='bbox 3506 2216 3612 2256; x_wconf 66' lang='lat' dir='ltr'><strong>cae-</strong></span> 
     </span>
    </p>
   </div>
   <div class='ocr_carea' id='block_1_75' title="bbox 2026 2285 3606 2361">
    <p class='ocr_par' dir='ltr' id='par_1_75' title="bbox 2026 2285 3606 2361">
     <span class='ocr_line' id='line_1_75' title="bbox 2026 2285 3606 2361; baseline 0.005 -20"><span class='ocrx_word' id='word_1_560' title='bbox 2026 2287 2183 2341; x_wconf 87' lang='lat' dir='ltr'><strong>tera?</strong></span> <span class='ocrx_word' id='word_1_561' title='bbox 2228 2285 2271 2340; x_wconf 89' lang='lat' dir='ltr'><strong>E</strong></span> <span class='ocrx_word' id='word_1_562' title='bbox 2315 2286 2591 2342; x_wconf 86' lang='lat' dir='ltr'><strong>contrario</strong></span> <span class='ocrx_word' id='word_1_563' title='bbox 2645 2294 2825 2342; x_wconf 91' lang='lat' dir='ltr'><strong>autem</strong></span> <span class='ocrx_word' id='word_1_564' title='bbox 2870 2288 3197 2343; x_wconf 86' lang='lat' dir='ltr'><strong>credendum</strong></span> <span class='ocrx_word' id='word_1_565' title='bbox 3239 2298 3324 2346; x_wconf 89' lang='lat' dir='ltr'><strong>est</strong></span> <span class='ocrx_word' id='word_1_566' title='bbox 3365 2291 3508 2361; x_wconf 92' lang='lat' dir='ltr'><strong>quod</strong></span> <span class='ocrx_word' id='word_1_567' title='bbox 3553 2292 3606 2349; x_wconf 90' lang='lat' dir='ltr'><strong>in</strong></span> 
     </span>
    </p>
   </div>
   <div class='ocr_carea' id='block_1_76' title="bbox 2028 2375 3585 2460">
    <p class='ocr_par' dir='ltr' id='par_1_76' title="bbox 2028 2375 3585 2460">
     <span class='ocr_line' id='line_1_76' title="bbox 2028 2375 3585 2460; baseline 0.007 -32"><span class='ocrx_word' id='word_1_568' title='bbox 2028 2375 2570 2460; x_wconf 67' lang='lat' dir='ltr'><strong>regiminepnelatus</strong></span> <span class='ocrx_word' id='word_1_569' title='bbox 2596 2376 2854 2446; x_wconf 87' lang='lat' dir='ltr'><strong>quilibet,</strong></span> <span class='ocrx_word' id='word_1_570' title='bbox 2899 2378 3019 2434; x_wconf 89' lang='lat' dir='ltr'><strong>sine</strong></span> <span class='ocrx_word' id='word_1_571' title='bbox 3060 2378 3259 2435; x_wconf 91' lang='lat' dir='ltr'><strong>damno</strong></span> <span class='ocrx_word' id='word_1_572' title='bbox 3297 2382 3585 2439; x_wconf 89' lang='lat' dir='ltr'><strong>inobedien</strong></span> 
     </span>
    </p>
   </div>
   <div class='ocr_carea' id='block_1_77' title="bbox 2028 2462 3607 2544">
    <p class='ocr_par' dir='ltr' id='par_1_77' title="bbox 2028 2462 3607 2544">
     <span class='ocr_line' id='line_1_77' title="bbox 2028 2462 3607 2544; baseline 0.008 -27"><span class='ocrx_word' id='word_1_573' title='bbox 2028 2462 2137 2528; x_wconf 66' lang='lat' dir='ltr'><strong>tice,</strong></span> <span class='ocrx_word' id='word_1_574' title='bbox 2167 2464 2509 2536; x_wconf 68' lang='lat' dir='ltr'><strong>praecipiens,</strong></span> <span class='ocrx_word' id='word_1_575' title='bbox 2552 2468 2824 2521; x_wconf 89' lang='lat' dir='ltr'><strong>contemni</strong></span> <span class='ocrx_word' id='word_1_576' title='bbox 2870 2482 2976 2522; x_wconf 92' lang='lat' dir='ltr'><strong>non</strong></span> <span class='ocrx_word' id='word_1_577' title='bbox 3021 2477 3229 2539; x_wconf 78' lang='lat' dir='ltr'><strong>potest;</strong></span> <span class='ocrx_word' id='word_1_578' title='bbox 3276 2472 3419 2527; x_wconf 87' lang='lat' dir='ltr'><strong>sicut</strong></span> <span class='ocrx_word' id='word_1_579' title='bbox 3452 2488 3607 2544; x_wconf 83' lang='lat' dir='ltr'><strong>aper-</strong></span> 
     </span>
    </p>
   </div>
   <div class='ocr_carea' id='block_1_78' title="bbox 2031 2555 3612 2637">
    <p class='ocr_par' dir='ltr' id='par_1_78' title="bbox 2031 2555 3612 2637">
     <span class='ocr_line' id='line_1_78' title="bbox 2031 2555 3612 2637; baseline 0.008 -27"><span class='ocrx_word' id='word_1_580' title='bbox 2031 2555 2242 2612; x_wconf 89' lang='lat' dir='ltr'><strong>tissime</strong></span> <span class='ocrx_word' id='word_1_581' title='bbox 2260 2565 2486 2628; x_wconf 86' lang='lat' dir='ltr'><strong>apparet</strong></span> <span class='ocrx_word' id='word_1_582' title='bbox 2506 2558 2561 2613; x_wconf 92' lang='lat' dir='ltr'><strong>in</strong></span> <span class='ocrx_word' id='word_1_583' title='bbox 2588 2559 2756 2629; x_wconf 83' lang='lat' dir='ltr'><strong>gestis</strong></span> <span class='ocrx_word' id='word_1_584' title='bbox 2787 2556 2986 2616; x_wconf 90' lang='lat' dir='ltr'><strong>Saulis.</strong></span> <span class='ocrx_word' id='word_1_585' title='bbox 3026 2559 3161 2616; x_wconf 85' lang='lat' dir='ltr'><strong>Nam</strong></span> <span class='ocrx_word' id='word_1_586' title='bbox 3184 2578 3305 2617; x_wconf 91' lang='lat' dir='ltr'><strong>cum</strong></span> <span class='ocrx_word' id='word_1_587' title='bbox 3328 2565 3470 2621; x_wconf 90' lang='lat' dir='ltr'><strong>tilius</strong></span> <span class='ocrx_word' id='word_1_588' title='bbox 3495 2563 3612 2637; x_wconf 84' lang='lat' dir='ltr'><strong>ejus</strong></span> 
     </span>
    </p>
   </div>
   <div class='ocr_carea' id='block_1_79' title="bbox 2029 2648 3615 2729">
    <p class='ocr_par' dir='ltr' id='par_1_79' title="bbox 2029 2648 3615 2729">
     <span class='ocr_line' id='line_1_79' title="bbox 2029 2648 3615 2729; baseline 0.007 -25"><span class='ocrx_word' id='word_1_589' title='bbox 2029 2648 2312 2716; x_wconf 87' lang='lat' dir='ltr'><strong>Ionatbas,</strong></span> <span class='ocrx_word' id='word_1_590' title='bbox 2345 2650 2451 2706; x_wconf 84' lang='lat' dir='ltr'><strong>fide</strong></span> <span class='ocrx_word' id='word_1_591' title='bbox 2476 2668 2539 2708; x_wconf 90' lang='lat' dir='ltr'><strong>ac</strong></span> <span class='ocrx_word' id='word_1_592' title='bbox 2564 2653 2767 2709; x_wconf 90' lang='lat' dir='ltr'><strong>virtute</strong></span> <span class='ocrx_word' id='word_1_593' title='bbox 2792 2656 3121 2724; x_wconf 88' lang='lat' dir='ltr'><strong>protectoris</strong></span> <span class='ocrx_word' id='word_1_594' title='bbox 3142 2665 3403 2725; x_wconf 85' lang='lat' dir='ltr'><strong>armatus,</strong></span> <span class='ocrx_word' id='word_1_595' title='bbox 3432 2674 3615 2729; x_wconf 86' lang='lat' dir='ltr'><strong>perre-</strong></span> 
     </span>
    </p>
   </div>
   <div class='ocr_carea' id='block_1_80' title="bbox 2029 2741 3613 2820">
    <p class='ocr_par' dir='ltr' id='par_1_80' title="bbox 2029 2741 3613 2820">
     <span class='ocr_line' id='line_1_80' title="bbox 2029 2741 3613 2820; baseline 0.007 -24"><span class='ocrx_word' id='word_1_596' title='bbox 2029 2741 2202 2796; x_wconf 76' lang='lat' dir='ltr'><strong>xisset</strong></span> <span class='ocrx_word' id='word_1_597' title='bbox 2228 2741 2298 2796; x_wconf 90' lang='lat' dir='ltr'><strong>ad</strong></span> <span class='ocrx_word' id='word_1_598' title='bbox 2326 2742 2613 2798; x_wconf 90' lang='lat' dir='ltr'><strong>stationem</strong></span> <span class='ocrx_word' id='word_1_599' title='bbox 2643 2742 3078 2811; x_wconf 90' lang='lat' dir='ltr'><strong>Pbilistinorum,</strong></span> <span class='ocrx_word' id='word_1_600' title='bbox 3108 2757 3397 2820; x_wconf 89' lang='lat' dir='ltr'><strong>castraque</strong></span> <span class='ocrx_word' id='word_1_601' title='bbox 3423 2765 3613 2807; x_wconf 90' lang='lat' dir='ltr'><strong>eorum</strong></span> 
     </span>
    </p>
   </div>
   <div class='ocr_carea' id='block_1_81' title="bbox 2029 2835 3617 2902">
    <p class='ocr_par' dir='ltr' id='par_1_81' title="bbox 2029 2835 3617 2902">
     <span class='ocr_line' id='line_1_81' title="bbox 2029 2835 3617 2902; baseline 0.006 -13"><span class='ocrx_word' id='word_1_602' title='bbox 2029 2835 2408 2902; x_wconf 88' lang='lat' dir='ltr'><strong>turbarentur;</strong></span> <span class='ocrx_word' id='word_1_603' title='bbox 2467 2836 2656 2893; x_wconf 89' lang='lat' dir='ltr'><strong>videns</strong></span> <span class='ocrx_word' id='word_1_604' title='bbox 2701 2837 2791 2893; x_wconf 86' lang='lat' dir='ltr'><strong>ille</strong></span> <span class='ocrx_word' id='word_1_605' title='bbox 2838 2855 2961 2895; x_wconf 91' lang='lat' dir='ltr'><strong>eum</strong></span> <span class='ocrx_word' id='word_1_606' title='bbox 3010 2840 3172 2897; x_wconf 91' lang='lat' dir='ltr'><strong>sociis</strong></span> <span class='ocrx_word' id='word_1_607' title='bbox 3216 2842 3490 2899; x_wconf 89' lang='lat' dir='ltr'><strong>insecutus</strong></span> <span class='ocrx_word' id='word_1_608' title='bbox 3531 2851 3617 2899; x_wconf 86' lang='lat' dir='ltr'><strong>est</strong></span> 
     </span>
    </p>
   </div>
   <div class='ocr_carea' id='block_1_82' title="bbox 2032 2924 3617 3005">
    <p class='ocr_par' dir='ltr' id='par_1_82' title="bbox 2032 2924 3617 3005">
     <span class='ocr_line' id='line_1_82' title="bbox 2032 2924 3617 3005; baseline 0.006 -26"><span class='ocrx_word' id='word_1_609' title='bbox 2032 2924 2305 2993; x_wconf 90' lang='lat' dir='ltr'><strong>inimicos,</strong></span> <span class='ocrx_word' id='word_1_610' title='bbox 2330 2941 2664 2998; x_wconf 88' lang='lat' dir='ltr'><strong>persequens</strong></span> <span class='ocrx_word' id='word_1_611' title='bbox 2687 2938 2852 2999; x_wconf 87' lang='lat' dir='ltr'><strong>atque</strong></span> <span class='ocrx_word' id='word_1_612' title='bbox 2871 2939 3249 3000; x_wconf 89' lang='lat' dir='ltr'><strong>prosternens;</strong></span> <span class='ocrx_word' id='word_1_613' title='bbox 3275 2948 3617 3005; x_wconf 86' lang='lat' dir='ltr'><strong>cernensque</strong></span> 
     </span>
    </p>
   </div>
   <div class='ocr_carea' id='block_1_83' title="bbox 2032 3017 3615 3098">
    <p class='ocr_par' dir='ltr' id='par_1_83' title="bbox 2032 3017 3615 3098">
     <span class='ocr_line' id='line_1_83' title="bbox 2032 3017 3615 3098; baseline 0.008 -29"><span class='ocrx_word' id='word_1_614' title='bbox 2032 3017 2177 3086; x_wconf 86' lang='lat' dir='ltr'><strong>quod</strong></span> <span class='ocrx_word' id='word_1_615' title='bbox 2202 3032 2289 3072; x_wconf 91' lang='lat' dir='ltr'><strong>res</strong></span> <span class='ocrx_word' id='word_1_616' title='bbox 2316 3032 2578 3088; x_wconf 90' lang='lat' dir='ltr'><strong>prospere</strong></span> <span class='ocrx_word' id='word_1_617' title='bbox 2598 3018 2839 3086; x_wconf 87' lang='lat' dir='ltr'><strong>cederet,</strong></span> <span class='ocrx_word' id='word_1_618' title='bbox 2872 3029 3207 3080; x_wconf 90' lang='lat' dir='ltr'><strong>contestatus</strong></span> <span class='ocrx_word' id='word_1_619' title='bbox 3231 3033 3317 3079; x_wconf 90' lang='lat' dir='ltr'><strong>est</strong></span> <span class='ocrx_word' id='word_1_620' title='bbox 3337 3026 3615 3098; x_wconf 87' lang='lat' dir='ltr'><strong>populum,</strong></span> 
     </span>
    </p>
   </div>
   <div class='ocr_carea' id='block_1_84' title="bbox 2033 3106 3622 3187">
    <p class='ocr_par' dir='ltr' id='par_1_84' title="bbox 2033 3106 3622 3187">
     <span class='ocr_line' id='line_1_84' title="bbox 2033 3106 3622 3187; baseline 0.008 -24"><span class='ocrx_word' id='word_1_621' title='bbox 2033 3106 2257 3165; x_wconf 90' lang='lat' dir='ltr'><strong>dicens:</strong></span> <span class='ocrx_word' id='word_1_622' title='bbox 2290 3109 2606 3167; x_wconf 81' lang='lat' dir='ltr'><strong>Maledictus</strong></span> <span class='ocrx_word' id='word_1_623' title='bbox 2650 3114 2740 3185; x_wconf 82' lang='lat' dir='ltr'><strong>qui</strong></span> <span class='ocrx_word' id='word_1_624' title='bbox 2784 3115 3067 3171; x_wconf 84' lang='lat' dir='ltr'><strong>comederit</strong></span> <span class='ocrx_word' id='word_1_625' title='bbox 3099 3134 3288 3187; x_wconf 83' lang='lat' dir='ltr'><strong>panem</strong></span> <span class='ocrx_word' id='word_1_626' title='bbox 3326 3119 3502 3187; x_wconf 86' lang='lat' dir='ltr'><strong>hodie,</strong></span> <span class='ocrx_word' id='word_1_627' title='bbox 3529 3121 3622 3175; x_wconf 88' lang='lat' dir='ltr'><strong>do-</strong></span> 
     </span>
    </p>
   </div>
   <div class='ocr_carea' id='block_1_85' title="bbox 2036 3201 3622 3279">
    <p class='ocr_par' dir='ltr' id='par_1_85' title="bbox 2036 3201 3622 3279">
     <span class='ocr_line' id='line_1_85' title="bbox 2036 3201 3622 3279; baseline 0.009 -25"><span class='ocrx_word' id='word_1_628' title='bbox 2036 3217 2129 3255; x_wconf 86' lang='lat' dir='ltr'><strong>nec</strong></span> <span class='ocrx_word' id='word_1_629' title='bbox 2159 3201 2388 3257; x_wconf 85' lang='lat' dir='ltr'><strong>ulciscar</strong></span> <span class='ocrx_word' id='word_1_630' title='bbox 2413 3202 2478 3258; x_wconf 84' lang='lat' dir='ltr'><strong>de</strong></span> <span class='ocrx_word' id='word_1_631' title='bbox 2498 3204 2726 3259; x_wconf 88' lang='lat' dir='ltr'><strong>inimicis</strong></span> <span class='ocrx_word' id='word_1_632' title='bbox 2764 3206 2891 3260; x_wconf 88' lang='lat' dir='ltr'><strong>meis</strong></span> <span class='ocrx_word' id='word_1_633' title='bbox 2924 3224 2943 3261; x_wconf 91' lang='lat'><strong><em>:</em></strong></span> <span class='ocrx_word' id='word_1_634' title='bbox 2971 3207 3115 3278; x_wconf 88' lang='lat' dir='ltr'><strong>quod</strong></span> <span class='ocrx_word' id='word_1_635' title='bbox 3161 3210 3415 3279; x_wconf 84' lang='lat' dir='ltr'><strong>ignorans</strong></span> <span class='ocrx_word' id='word_1_636' title='bbox 3459 3209 3622 3269; x_wconf 86' lang='lat' dir='ltr'><strong>Iona-</strong></span> 
     </span>
    </p>
   </div>
   <div class='ocr_carea' id='block_1_86' title="bbox 2036 3291 3621 3370">
    <p class='ocr_par' dir='ltr' id='par_1_86' title="bbox 2036 3291 3621 3370">
     <span class='ocr_line' id='line_1_86' title="bbox 2036 3291 3621 3370; baseline 0.009 -25"><span class='ocrx_word' id='word_1_637' title='bbox 2036 3291 2200 3358; x_wconf 88' lang='lat' dir='ltr'><strong>tbas,</strong></span> <span class='ocrx_word' id='word_1_638' title='bbox 2244 3300 2464 3362; x_wconf 86' lang='lat' dir='ltr'><strong>sumpto</strong></span> <span class='ocrx_word' id='word_1_639' title='bbox 2506 3293 2665 3347; x_wconf 88' lang='lat' dir='ltr'><strong>melle</strong></span> <span class='ocrx_word' id='word_1_640' title='bbox 2710 3295 2949 3363; x_wconf 88' lang='lat' dir='ltr'><strong>gustavit</strong></span> <span class='ocrx_word' id='word_1_641' title='bbox 2992 3298 3265 3366; x_wconf 84' lang='lat' dir='ltr'><strong>paululum</strong></span> <span class='ocrx_word' id='word_1_642' title='bbox 3301 3319 3314 3354; x_wconf 89' lang='lat'><strong>:</strong></span> <span class='ocrx_word' id='word_1_643' title='bbox 3346 3317 3507 3370; x_wconf 88' lang='lat' dir='ltr'><strong>quam</strong></span> <span class='ocrx_word' id='word_1_644' title='bbox 3550 3303 3621 3359; x_wconf 89' lang='lat' dir='ltr'><strong>ob</strong></span> 
     </span>
    </p>
   </div>
   <div class='ocr_carea' id='block_1_87' title="bbox 2037 3385 3623 3465">
    <p class='ocr_par' dir='ltr' id='par_1_87' title="bbox 2037 3385 3623 3465">
     <span class='ocr_line' id='line_1_87' title="bbox 2037 3385 3623 3465; baseline 0.008 -25"><span class='ocrx_word' id='word_1_645' title='bbox 2037 3399 2258 3440; x_wconf 83' lang='lat' dir='ltr'><strong>causam</strong></span> <span class='ocrx_word' id='word_1_646' title='bbox 2284 3385 2544 3441; x_wconf 88' lang='lat' dir='ltr'><strong>Dominus</strong></span> <span class='ocrx_word' id='word_1_647' title='bbox 2579 3386 2891 3456; x_wconf 80' lang='lat' dir='ltr'><strong>indignatus</strong></span> <span class='ocrx_word' id='word_1_648' title='bbox 2936 3399 3040 3457; x_wconf 91' lang='lat' dir='ltr'><strong>est,</strong></span> <span class='ocrx_word' id='word_1_649' title='bbox 3082 3391 3155 3445; x_wconf 84' lang='lat' dir='ltr'><strong>ita</strong></span> <span class='ocrx_word' id='word_1_650' title='bbox 3193 3400 3250 3447; x_wconf 91' lang='lat' dir='ltr'><strong>ut</strong></span> <span class='ocrx_word' id='word_1_651' title='bbox 3292 3396 3623 3465; x_wconf 85' lang='lat' dir='ltr'><strong>respondere</strong></span> 
     </span>
    </p>
   </div>
   <div class='ocr_carea' id='block_1_88' title="bbox 2036 3477 3625 3553">
    <p class='ocr_par' dir='ltr' id='par_1_88' title="bbox 2036 3477 3625 3553">
     <span class='ocr_line' id='line_1_88' title="bbox 2036 3477 3625 3553; baseline 0.008 -20"><span class='ocrx_word' id='word_1_652' title='bbox 2036 3477 2204 3533; x_wconf 88' lang='lat' dir='ltr'><strong>nollet</strong></span> <span class='ocrx_word' id='word_1_653' title='bbox 2224 3479 2367 3547; x_wconf 90' lang='lat' dir='ltr'><strong>quod</strong></span> <span class='ocrx_word' id='word_1_654' title='bbox 2387 3478 2614 3549; x_wconf 88' lang='lat' dir='ltr'><strong>populus</strong></span> <span class='ocrx_word' id='word_1_655' title='bbox 2636 3496 2797 3553; x_wconf 90' lang='lat' dir='ltr'><strong>agere</strong></span> <span class='ocrx_word' id='word_1_656' title='bbox 2818 3482 3068 3550; x_wconf 89' lang='lat' dir='ltr'><strong>deberet;</strong></span> <span class='ocrx_word' id='word_1_657' title='bbox 3093 3500 3155 3541; x_wconf 91' lang='lat' dir='ltr'><strong>ac</strong></span> <span class='ocrx_word' id='word_1_658' title='bbox 3178 3488 3278 3541; x_wconf 86' lang='lat' dir='ltr'><strong>nisi</strong></span> <span class='ocrx_word' id='word_1_659' title='bbox 3302 3504 3424 3543; x_wconf 88' lang='lat' dir='ltr'><strong>eum</strong></span> <span class='ocrx_word' id='word_1_660' title='bbox 3448 3498 3625 3546; x_wconf 84' lang='lat' dir='ltr'><strong>trans—</strong></span> 
     </span>
    </p>
   </div>
   <div class='ocr_carea' id='block_1_89' title="bbox 2038 3570 3627 3652">
    <p class='ocr_par' dir='ltr' id='par_1_89' title="bbox 2038 3570 3627 3652">
     <span class='ocr_line' id='line_1_89' title="bbox 2038 3570 3627 3652; baseline 0.008 -28"><span class='ocrx_word' id='word_1_661' title='bbox 2038 3579 2160 3626; x_wconf 86' lang='lat' dir='ltr'><strong>acta</strong></span> <span class='ocrx_word' id='word_1_662' title='bbox 2204 3570 2343 3625; x_wconf 90' lang='lat' dir='ltr'><strong>bona</strong></span> <span class='ocrx_word' id='word_1_663' title='bbox 2396 3572 2764 3641; x_wconf 89' lang='lat' dir='ltr'><strong>eripuissent,</strong></span> <span class='ocrx_word' id='word_1_664' title='bbox 2822 3573 2962 3631; x_wconf 85' lang='lat' dir='ltr'><strong>forte</strong></span> <span class='ocrx_word' id='word_1_665' title='bbox 3004 3577 3372 3647; x_wconf 84' lang='lat' dir='ltr'><strong>deprehensus</strong></span> <span class='ocrx_word' id='word_1_666' title='bbox 3418 3580 3627 3652; x_wconf 89' lang='lat' dir='ltr'><strong>absque</strong></span> 
     </span>
    </p>
   </div>
   <div class='ocr_carea' id='block_1_90' title="bbox 2039 3660 3626 3734">
    <p class='ocr_par' dir='ltr' id='par_1_90' title="bbox 2039 3660 3626 3734">
     <span class='ocr_line' id='line_1_90' title="bbox 2039 3660 3626 3734; baseline 0.009 -21"><span class='ocrx_word' id='word_1_667' title='bbox 2039 3660 2424 3716; x_wconf 86' lang='lat' dir='ltr'><strong>retractatione</strong></span> <span class='ocrx_word' id='word_1_668' title='bbox 2467 3672 2792 3718; x_wconf 86' lang='lat' dir='ltr'><strong>moreretur.</strong></span> <span class='ocrx_word' id='word_1_669' title='bbox 2851 3666 2966 3734; x_wconf 86' lang='lat' dir='ltr'><strong>Qua</strong></span> <span class='ocrx_word' id='word_1_670' title='bbox 3000 3668 3054 3722; x_wconf 92' lang='lat' dir='ltr'><strong>in</strong></span> <span class='ocrx_word' id='word_1_671' title='bbox 3101 3684 3161 3723; x_wconf 89' lang='lat' dir='ltr'><strong>re</strong></span> <span class='ocrx_word' id='word_1_672' title='bbox 3202 3686 3326 3725; x_wconf 88' lang='lat' dir='ltr'><strong>cum</strong></span> <span class='ocrx_word' id='word_1_673' title='bbox 3371 3672 3518 3727; x_wconf 89' lang='lat' dir='ltr'><strong>omni</strong></span> <span class='ocrx_word' id='word_1_674' title='bbox 3555 3672 3626 3727; x_wconf 90' lang='lat' dir='ltr'><strong>ti-</strong></span> 
     </span>
    </p>
   </div>
   <div class='ocr_carea' id='block_1_91' title="bbox 2040 3751 3626 3833">
    <p class='ocr_par' dir='ltr' id='par_1_91' title="bbox 2040 3751 3626 3833">
     <span class='ocr_line' id='line_1_91' title="bbox 2040 3751 3626 3833; baseline 0.008 -28"><span class='ocrx_word' id='word_1_675' title='bbox 2040 3765 2192 3819; x_wconf 75' lang='lat' dir='ltr'><strong>more</strong></span> <span class='ocrx_word' id='word_1_676' title='bbox 2234 3751 2690 3808; x_wconf 90' lang='lat' dir='ltr'><strong>considerandum</strong></span> <span class='ocrx_word' id='word_1_677' title='bbox 2734 3763 2839 3822; x_wconf 90' lang='lat' dir='ltr'><strong>est,</strong></span> <span class='ocrx_word' id='word_1_678' title='bbox 2883 3757 3027 3827; x_wconf 90' lang='lat' dir='ltr'><strong>quod</strong></span> <span class='ocrx_word' id='word_1_679' title='bbox 3055 3760 3502 3833; x_wconf 87' lang='lat' dir='ltr'><strong>cumignorantia</strong></span> <span class='ocrx_word' id='word_1_680' title='bbox 3532 3777 3626 3819; x_wconf 78' lang='lat' dir='ltr'><strong>ex-</strong></span> 
     </span>
    </p>
   </div>
   <div class='ocr_carea' id='block_1_92' title="bbox 2040 3845 3625 3925">
    <p class='ocr_par' dir='ltr' id='par_1_92' title="bbox 2040 3845 3625 3925">
     <span class='ocr_line' id='line_1_92' title="bbox 2040 3845 3625 3925; baseline 0.008 -30"><span class='ocrx_word' id='word_1_681' title='bbox 2040 3856 2235 3897; x_wconf 88' lang='lat' dir='ltr'><strong>cusare</strong></span> <span class='ocrx_word' id='word_1_682' title='bbox 2262 3857 2370 3897; x_wconf 88' lang='lat' dir='ltr'><strong>non</strong></span> <span class='ocrx_word' id='word_1_683' title='bbox 2400 3845 2669 3912; x_wconf 87' lang='lat' dir='ltr'><strong>potuerit,</strong></span> <span class='ocrx_word' id='word_1_684' title='bbox 2700 3861 2802 3902; x_wconf 91' lang='lat' dir='ltr'><strong>nec</strong></span> <span class='ocrx_word' id='word_1_685' title='bbox 2830 3854 2995 3903; x_wconf 72' lang='lat' dir='ltr'><strong>tanta:</strong></span> <span class='ocrx_word' id='word_1_686' title='bbox 3023 3848 3151 3904; x_wconf 82' lang='lat' dir='ltr'><strong>ﬁdei</strong></span> <span class='ocrx_word' id='word_1_687' title='bbox 3175 3851 3346 3905; x_wconf 88' lang='lat' dir='ltr'><strong>virtus</strong></span> <span class='ocrx_word' id='word_1_688' title='bbox 3375 3852 3625 3925; x_wconf 84' lang='lat' dir='ltr'><strong>indigna-</strong></span> 
     </span>
    </p>
   </div>
   <div class='ocr_carea' id='block_1_93' title="bbox 2042 3933 3628 4011">
    <p class='ocr_par' dir='ltr' id='par_1_93' title="bbox 2042 3933 3628 4011">
     <span class='ocr_line' id='line_1_93' title="bbox 2042 3933 3628 4011; baseline 0.009 -25"><span class='ocrx_word' id='word_1_689' title='bbox 2042 3933 2245 3989; x_wconf 89' lang='lat' dir='ltr'><strong>tionem</strong></span> <span class='ocrx_word' id='word_1_690' title='bbox 2294 3934 2533 3990; x_wconf 86' lang='lat' dir='ltr'><strong>divinam</strong></span> <span class='ocrx_word' id='word_1_691' title='bbox 2581 3938 2798 4003; x_wconf 89' lang='lat' dir='ltr'><strong>avertit,</strong></span> <span class='ocrx_word' id='word_1_692' title='bbox 2856 3954 3138 4011; x_wconf 87' lang='lat' dir='ltr'><strong>quousque</strong></span> <span class='ocrx_word' id='word_1_693' title='bbox 3184 3942 3252 3997; x_wconf 92' lang='lat' dir='ltr'><strong>ad</strong></span> <span class='ocrx_word' id='word_1_694' title='bbox 3292 3943 3481 3999; x_wconf 90' lang='lat' dir='ltr'><strong>horam</strong></span> <span class='ocrx_word' id='word_1_695' title='bbox 3512 3960 3628 4000; x_wconf 86' lang='lat' dir='ltr'><strong>mo-</strong></span> 
     </span>
    </p>
   </div>
   <div class='ocr_carea' id='block_1_94' title="bbox 2043 4025 3625 4104">
    <p class='ocr_par' dir='ltr' id='par_1_94' title="bbox 2043 4025 3625 4104">
     <span class='ocr_line' id='line_1_94' title="bbox 2043 4025 3625 4104; baseline 0.006 -24"><span class='ocrx_word' id='word_1_696' title='bbox 2043 4025 2218 4081; x_wconf 91' lang='lat' dir='ltr'><strong>riendi</strong></span> <span class='ocrx_word' id='word_1_697' title='bbox 2252 4034 2470 4082; x_wconf 88' lang='lat' dir='ltr'><strong>ventum</strong></span> <span class='ocrx_word' id='word_1_698' title='bbox 2506 4035 2622 4081; x_wconf 90' lang='lat' dir='ltr'><strong>est:</strong></span> <span class='ocrx_word' id='word_1_699' title='bbox 2654 4027 2744 4082; x_wconf 91' lang='lat' dir='ltr'><strong>ubi</strong></span> <span class='ocrx_word' id='word_1_700' title='bbox 2771 4027 2948 4085; x_wconf 91' lang='lat' dir='ltr'><strong>adhuc</strong></span> <span class='ocrx_word' id='word_1_701' title='bbox 2976 4032 3164 4087; x_wconf 89' lang='lat' dir='ltr'><strong>mirari</strong></span> <span class='ocrx_word' id='word_1_702' title='bbox 3189 4049 3491 4104; x_wconf 88' lang='lat' dir='ltr'><strong>possemus,</strong></span> <span class='ocrx_word' id='word_1_703' title='bbox 3520 4036 3625 4090; x_wconf 89' lang='lat' dir='ltr'><strong>nisi</strong></span> 
     </span>
    </p>
   </div>
   <div class='ocr_carea' id='block_1_95' title="bbox 2045 4118 3630 4195">
    <p class='ocr_par' dir='ltr' id='par_1_95' title="bbox 2045 4118 3630 4195">
     <span class='ocr_line' id='line_1_95' title="bbox 2045 4118 3630 4195; baseline 0.008 -22"><span class='ocrx_word' id='word_1_704' title='bbox 2045 4118 2210 4190; x_wconf 86' lang='lat' dir='ltr'><strong>aliqui</strong></span> <span class='ocrx_word' id='word_1_705' title='bbox 2239 4120 2509 4186; x_wconf 88' lang='lat' dir='ltr'><strong>viderent,</strong></span> <span class='ocrx_word' id='word_1_706' title='bbox 2538 4121 2681 4189; x_wconf 89' lang='lat' dir='ltr'><strong>quod</strong></span> <span class='ocrx_word' id='word_1_707' title='bbox 2706 4122 2812 4177; x_wconf 88' lang='lat' dir='ltr'><strong>mel</strong></span> <span class='ocrx_word' id='word_1_708' title='bbox 2841 4124 3096 4191; x_wconf 91' lang='lat' dir='ltr'><strong>comedit,</strong></span> <span class='ocrx_word' id='word_1_709' title='bbox 3124 4141 3231 4182; x_wconf 91' lang='lat' dir='ltr'><strong>non</strong></span> <span class='ocrx_word' id='word_1_710' title='bbox 3260 4143 3473 4195; x_wconf 87' lang='lat' dir='ltr'><strong>panem.</strong></span> <span class='ocrx_word' id='word_1_711' title='bbox 3525 4127 3630 4184; x_wconf 83' lang='lat' dir='ltr'><strong>Ve-</strong></span> 
     </span>
    </p>
   </div>
   <div class='ocr_carea' id='block_1_96' title="bbox 2044 4211 3626 4289">
    <p class='ocr_par' dir='ltr' id='par_1_96' title="bbox 2044 4211 3626 4289">
     <span class='ocr_line' id='line_1_96' title="bbox 2044 4211 3626 4289; baseline 0.008 -26"><span class='ocrx_word' id='word_1_712' title='bbox 2044 4226 2164 4264; x_wconf 91' lang='lat' dir='ltr'><strong>rum</strong></span> <span class='ocrx_word' id='word_1_713' title='bbox 2193 4211 2351 4281; x_wconf 89' lang='lat' dir='ltr'><strong>quia,</strong></span> <span class='ocrx_word' id='word_1_714' title='bbox 2406 4225 2561 4267; x_wconf 89' lang='lat' dir='ltr'><strong>more</strong></span> <span class='ocrx_word' id='word_1_715' title='bbox 2596 4213 2738 4267; x_wconf 89' lang='lat' dir='ltr'><strong>sacri</strong></span> <span class='ocrx_word' id='word_1_716' title='bbox 2786 4212 3016 4284; x_wconf 88' lang='lat' dir='ltr'><strong>eloquii,</strong></span> <span class='ocrx_word' id='word_1_717' title='bbox 3054 4215 3109 4269; x_wconf 93' lang='lat' dir='ltr'><strong>in</strong></span> <span class='ocrx_word' id='word_1_718' title='bbox 3157 4230 3323 4285; x_wconf 86' lang='lat' dir='ltr'><strong>pane,</strong></span> <span class='ocrx_word' id='word_1_719' title='bbox 3364 4219 3626 4289; x_wconf 88' lang='lat' dir='ltr'><strong>quidquid</strong></span> 
     </span>
    </p>
   </div>
   <div class='ocr_carea' id='block_1_97' title="bbox 2025 4300 3628 4380">
    <p class='ocr_par' dir='ltr' id='par_1_97' title="bbox 2025 4300 3628 4380">
     <span class='ocr_line' id='line_1_97' title="bbox 2025 4300 3628 4380; baseline 0.006 -25"><span class='ocrx_word' id='word_1_720' title='bbox 2025 4300 2253 4357; x_wconf 76' lang='lat' dir='ltr'><strong>‘comedi</strong></span> <span class='ocrx_word' id='word_1_721' title='bbox 2282 4310 2492 4372; x_wconf 90' lang='lat' dir='ltr'><strong>potest,</strong></span> <span class='ocrx_word' id='word_1_722' title='bbox 2535 4304 2834 4375; x_wconf 87' lang='lat' dir='ltr'><strong>accipitur,</strong></span> <span class='ocrx_word' id='word_1_723' title='bbox 2880 4306 3219 4376; x_wconf 89' lang='lat' dir='ltr'><strong>pensandum</strong></span> <span class='ocrx_word' id='word_1_724' title='bbox 3246 4315 3328 4364; x_wconf 91' lang='lat' dir='ltr'><strong>est</strong></span> <span class='ocrx_word' id='word_1_725' title='bbox 3355 4325 3517 4380; x_wconf 87' lang='lat' dir='ltr'><strong>quam</strong></span> <span class='ocrx_word' id='word_1_726' title='bbox 3541 4319 3628 4365; x_wconf 87' lang='lat' dir='ltr'><strong>at-</strong></span> 
     </span>
    </p>
   </div>
   <div class='ocr_carea' id='block_1_98' title="bbox 2044 4395 3629 4471">
    <p class='ocr_par' dir='ltr' id='par_1_98' title="bbox 2044 4395 3629 4471">
     <span class='ocr_line' id='line_1_98' title="bbox 2044 4395 3629 4471; baseline 0.006 -22"><span class='ocrx_word' id='word_1_727' title='bbox 2044 4403 2193 4450; x_wconf 89' lang='lat' dir='ltr'><strong>tente</strong></span> <span class='ocrx_word' id='word_1_728' title='bbox 2235 4395 2498 4451; x_wconf 89' lang='lat' dir='ltr'><strong>Dominus</strong></span> <span class='ocrx_word' id='word_1_729' title='bbox 2548 4398 2807 4455; x_wconf 85' lang='lat' dir='ltr'><strong>custodiri</strong></span> <span class='ocrx_word' id='word_1_730' title='bbox 2848 4398 2977 4455; x_wconf 83' lang='lat' dir='ltr'><strong>velit</strong></span> <span class='ocrx_word' id='word_1_731' title='bbox 3014 4400 3277 4471; x_wconf 90' lang='lat' dir='ltr'><strong>quidquid</strong></span> <span class='ocrx_word' id='word_1_732' title='bbox 3307 4417 3414 4457; x_wconf 91' lang='lat' dir='ltr'><strong>non</strong></span> <span class='ocrx_word' id='word_1_733' title='bbox 3451 4401 3629 4458; x_wconf 88' lang='lat' dir='ltr'><strong>irreli-</strong></span> 
     </span>
    </p>
   </div>
   <div class='ocr_carea' id='block_1_99' title="bbox 2046 4488 3631 4561">
    <p class='ocr_par' dir='ltr' id='par_1_99' title="bbox 2046 4488 3631 4561">
     <span class='ocr_line' id='line_1_99' title="bbox 2046 4488 3631 4561; baseline 0.005 -20"><span class='ocrx_word' id='word_1_734' title='bbox 2046 4488 2197 4559; x_wconf 88' lang='lat' dir='ltr'><strong>giose</strong></span> <span class='ocrx_word' id='word_1_735' title='bbox 2220 4488 2478 4559; x_wconf 62' lang='lat' dir='ltr'><strong>praelatus</strong></span> <span class='ocrx_word' id='word_1_736' title='bbox 2503 4489 2731 4560; x_wconf 89' lang='lat' dir='ltr'><strong>quisque</strong></span> <span class='ocrx_word' id='word_1_737' title='bbox 2756 4492 3093 4561; x_wconf 82' lang='lat' dir='ltr'><strong>praeceperit,</strong></span> <span class='ocrx_word' id='word_1_738' title='bbox 3126 4506 3249 4547; x_wconf 89' lang='lat' dir='ltr'><strong>cum</strong></span> <span class='ocrx_word' id='word_1_739' title='bbox 3275 4490 3457 4548; x_wconf 88' lang='lat' dir='ltr'><strong>Saulis</strong></span> <span class='ocrx_word' id='word_1_740' title='bbox 3473 4490 3631 4561; x_wconf 83' lang='lat' dir='ltr'><strong>jussa</strong></span> 
     </span>
    </p>
   </div>
   <div class='ocr_carea' id='block_1_100' title="bbox 2046 4579 3633 4654">
    <p class='ocr_par' dir='ltr' id='par_1_100' title="bbox 2046 4579 3633 4654">
     <span class='ocr_line' id='line_1_100' title="bbox 2046 4579 3633 4654; baseline 0.005 -21"><span class='ocrx_word' id='word_1_741' title='bbox 2046 4594 2077 4633; x_wconf 89' lang='lat' dir='ltr'><strong>a</strong></span> <span class='ocrx_word' id='word_1_742' title='bbox 2102 4579 2383 4635; x_wconf 85' lang='lat' dir='ltr'><strong>nesciente</strong></span> <span class='ocrx_word' id='word_1_743' title='bbox 2405 4586 2762 4650; x_wconf 83' lang='lat' dir='ltr'><strong>transgressa,</strong></span> <span class='ocrx_word' id='word_1_744' title='bbox 2790 4582 2907 4637; x_wconf 87' lang='lat' dir='ltr'><strong>sine</strong></span> <span class='ocrx_word' id='word_1_745' title='bbox 2930 4581 3111 4654; x_wconf 85' lang='lat' dir='ltr'><strong>aliqua</strong></span> <span class='ocrx_word' id='word_1_746' title='bbox 3138 4582 3370 4638; x_wconf 86' lang='lat' dir='ltr'><strong>vindicta</strong></span> <span class='ocrx_word' id='word_1_747' title='bbox 3400 4583 3633 4641; x_wconf 86' lang='lat' dir='ltr'><strong>transire</strong></span> 
     </span>
    </p>
   </div>
   <div class='ocr_carea' id='block_1_101' title="bbox 2048 4672 3634 4746">
    <p class='ocr_par' dir='ltr' id='par_1_101' title="bbox 2048 4672 3634 4746">
     <span class='ocr_line' id='line_1_101' title="bbox 2048 4672 3634 4746; baseline 0.005 -20"><span class='ocrx_word' id='word_1_748' title='bbox 2048 4686 2153 4727; x_wconf 91' lang='lat' dir='ltr'><strong>non</strong></span> <span class='ocrx_word' id='word_1_749' title='bbox 2202 4686 2395 4742; x_wconf 88' lang='lat' dir='ltr'><strong>passus</strong></span> <span class='ocrx_word' id='word_1_750' title='bbox 2439 4673 2529 4728; x_wconf 89' lang='lat' dir='ltr'><strong>sit.</strong></span> <span class='ocrx_word' id='word_1_751' title='bbox 2592 4672 2726 4740; x_wconf 81' lang='lat' dir='ltr'><strong>Quis</strong></span> <span class='ocrx_word' id='word_1_752' title='bbox 2753 4683 2838 4729; x_wconf 89' lang='lat' dir='ltr'><strong>est</strong></span> <span class='ocrx_word' id='word_1_753' title='bbox 2857 4675 3016 4730; x_wconf 86' lang='lat' dir='ltr'><strong>hodie</strong></span> <span class='ocrx_word' id='word_1_754' title='bbox 3047 4675 3140 4746; x_wconf 89' lang='lat' dir='ltr'><strong>qui</strong></span> <span class='ocrx_word' id='word_1_755' title='bbox 3169 4690 3228 4730; x_wconf 91' lang='lat' dir='ltr'><strong>se</strong></span> <span class='ocrx_word' id='word_1_756' title='bbox 3256 4676 3427 4746; x_wconf 62' lang='lat' dir='ltr'><strong>culpat</strong></span> <span class='ocrx_word' id='word_1_757' title='bbox 3463 4676 3634 4735; x_wconf 84' lang='lat' dir='ltr'><strong>obno-</strong></span> 
     </span>
    </p>
   </div>
   <div class='ocr_carea' id='block_1_102' title="bbox 2049 4754 3632 4837">
    <p class='ocr_par' dir='ltr' id='par_1_102' title="bbox 2049 4754 3632 4837">
     <span class='ocr_line' id='line_1_102' title="bbox 2049 4754 3632 4837; baseline 0.004 -20"><span class='ocrx_word' id='word_1_758' title='bbox 2049 4754 2196 4818; x_wconf 78' lang='lat' dir='ltr'><strong>xium</strong></span> <span class='ocrx_word' id='word_1_759' title='bbox 2225 4778 2348 4819; x_wconf 87' lang='lat' dir='ltr'><strong>esse</strong></span> <span class='ocrx_word' id='word_1_760' title='bbox 2374 4765 2641 4830; x_wconf 89' lang='lat' dir='ltr'><strong>crederet,</strong></span> <span class='ocrx_word' id='word_1_761' title='bbox 2670 4765 2715 4820; x_wconf 90' lang='lat' dir='ltr'><strong>si</strong></span> <span class='ocrx_word' id='word_1_762' title='bbox 2740 4767 3107 4837; x_wconf 62' lang='lat' dir='ltr'><strong>praecipientis</strong></span> <span class='ocrx_word' id='word_1_763' title='bbox 3133 4763 3373 4834; x_wconf 87' lang='lat' dir='ltr'><strong>injuncta</strong></span> <span class='ocrx_word' id='word_1_764' title='bbox 3402 4783 3510 4823; x_wconf 91' lang='lat' dir='ltr'><strong>non</strong></span> <span class='ocrx_word' id='word_1_765' title='bbox 3536 4784 3632 4823; x_wconf 84' lang='lat' dir='ltr'><strong>au-</strong></span> 
     </span>
    </p>
   </div>
   <div class='ocr_carea' id='block_1_103' title="bbox 2051 4855 3631 4929">
    <p class='ocr_par' dir='ltr' id='par_1_103' title="bbox 2051 4855 3631 4929">
     <span class='ocr_line' id='line_1_103' title="bbox 2051 4855 3631 4929; baseline 0.005 -19"><span class='ocrx_word' id='word_1_766' title='bbox 2051 4856 2235 4911; x_wconf 84' lang='lat' dir='ltr'><strong>diret?</strong></span> <span class='ocrx_word' id='word_1_767' title='bbox 2279 4855 2347 4910; x_wconf 85' lang='lat' dir='ltr'><strong>Et</strong></span> <span class='ocrx_word' id='word_1_768' title='bbox 2377 4864 2556 4912; x_wconf 88' lang='lat' dir='ltr'><strong>tamen</strong></span> <span class='ocrx_word' id='word_1_769' title='bbox 2599 4872 2666 4912; x_wconf 83' lang='lat' dir='ltr'><strong>ex</strong></span> <span class='ocrx_word' id='word_1_770' title='bbox 2711 4859 2922 4913; x_wconf 89' lang='lat' dir='ltr'><strong>interna</strong></span> <span class='ocrx_word' id='word_1_771' title='bbox 2963 4857 3147 4928; x_wconf 76' lang='lat' dir='ltr'><strong>reg‘ula</strong></span> <span class='ocrx_word' id='word_1_772' title='bbox 3180 4859 3508 4929; x_wconf 89' lang='lat' dir='ltr'><strong>judiciorum</strong></span> <span class='ocrx_word' id='word_1_773' title='bbox 3534 4860 3631 4917; x_wconf 89' lang='lat' dir='ltr'><strong>Dei</strong></span> 
     </span>
    </p>
   </div>
   <div class='ocr_carea' id='block_1_104' title="bbox 2053 4949 3633 5023">
    <p class='ocr_par' dir='ltr' id='par_1_104' title="bbox 2053 4949 3633 5023">
     <span class='ocr_line' id='line_1_104' title="bbox 2053 4949 3633 5023; baseline 0.003 -20"><span class='ocrx_word' id='word_1_774' title='bbox 2053 4950 2294 5004; x_wconf 86' lang='lat' dir='ltr'><strong>videmus</strong></span> <span class='ocrx_word' id='word_1_775' title='bbox 2313 4958 2537 5020; x_wconf 87' lang='lat' dir='ltr'><strong>peccata</strong></span> <span class='ocrx_word' id='word_1_776' title='bbox 2564 4949 2816 5005; x_wconf 89' lang='lat' dir='ltr'><strong>subtilius</strong></span> <span class='ocrx_word' id='word_1_777' title='bbox 2845 4957 2901 5005; x_wconf 90' lang='lat' dir='ltr'><strong>et</strong></span> <span class='ocrx_word' id='word_1_778' title='bbox 2928 4951 3177 5006; x_wconf 79' lang='lat' dir='ltr'><strong>acerbius</strong></span> <span class='ocrx_word' id='word_1_779' title='bbox 3203 4951 3436 5021; x_wconf 85' lang='lat' dir='ltr'><strong>inquiri,</strong></span> <span class='ocrx_word' id='word_1_780' title='bbox 3466 4967 3633 5023; x_wconf 84' lang='lat' dir='ltr'><strong>quam</strong></span> 
     </span>
    </p>
   </div>
   <div class='ocr_carea' id='block_1_105' title="bbox 2052 5030 3245 5110">
    <p class='ocr_par' dir='ltr' id='par_1_105' title="bbox 2052 5030 3245 5110">
     <span class='ocr_line' id='line_1_105' title="bbox 2052 5030 3245 5110; baseline 0.002 -14"><span class='ocrx_word' id='word_1_781' title='bbox 2052 5055 2154 5096; x_wconf 85' lang='lat' dir='ltr'><strong>nos</strong></span> <span class='ocrx_word' id='word_1_782' title='bbox 2182 5055 2488 5110; x_wconf 61' lang='lat' dir='ltr'><strong>praecavere</strong></span> <span class='ocrx_word' id='word_1_783' title='bbox 2512 5050 2606 5097; x_wconf 91' lang='lat' dir='ltr'><strong>aut</strong></span> <span class='ocrx_word' id='word_1_784' title='bbox 2628 5041 2922 5097; x_wconf 85' lang='lat' dir='ltr'><strong>formidare</strong></span> <span class='ocrx_word' id='word_1_785' title='bbox 2949 5030 3245 5098; x_wconf 84' lang='lat' dir='ltr'><strong>valeamus.</strong></span> 
     </span>
    </p>
   </div>
   <div class='ocr_carea' id='block_1_106' title="bbox 2122 5131 3635 5205">
    <p class='ocr_par' dir='ltr' id='par_1_106' title="bbox 2122 5131 3635 5205">
     <span class='ocr_line' id='line_1_106' title="bbox 2122 5131 3635 5205; baseline 0.002 -19"><span class='ocrx_word' id='word_1_786' title='bbox 2122 5131 2309 5186; x_wconf 90' lang='lat' dir='ltr'>XXIII.</span> <span class='ocrx_word' id='word_1_787' title='bbox 2353 5132 2479 5188; x_wconf 70' lang='lat' dir='ltr'><strong>Haec</strong></span> <span class='ocrx_word' id='word_1_788' title='bbox 2526 5133 2670 5189; x_wconf 87' lang='lat' dir='ltr'><strong>dicta</strong></span> <span class='ocrx_word' id='word_1_789' title='bbox 2719 5133 2850 5199; x_wconf 92' lang='lat' dir='ltr'><strong>sint,</strong></span> <span class='ocrx_word' id='word_1_790' title='bbox 2902 5140 2963 5188; x_wconf 90' lang='lat' dir='ltr'><strong>ut</strong></span> <span class='ocrx_word' id='word_1_791' title='bbox 3008 5134 3327 5205; x_wconf 90' lang='lat' dir='ltr'><strong>prudentius</strong></span> <span class='ocrx_word' id='word_1_792' title='bbox 3373 5132 3635 5189; x_wconf 68' lang='lat' dir='ltr'><strong>offeratur</strong></span> 
     </span>
    </p>
   </div>
   <div class='ocr_carea' id='block_1_107' title="bbox 2048 5223 3637 5295">
    <p class='ocr_par' dir='ltr' id='par_1_107' title="bbox 2048 5223 3637 5295">
     <span class='ocr_line' id='line_1_107' title="bbox 2048 5223 3637 5295; baseline 0.002 -16"><span class='ocrx_word' id='word_1_793' title='bbox 2048 5226 2264 5292; x_wconf 85' lang='lat' dir='ltr'><strong>occasio</strong></span> <span class='ocrx_word' id='word_1_794' title='bbox 2299 5223 2607 5295; x_wconf 89' lang='lat' dir='ltr'><strong>diligentius</strong></span> <span class='ocrx_word' id='word_1_795' title='bbox 2652 5225 3059 5290; x_wconf 88' lang='lat' dir='ltr'><strong>considerandi,</strong></span> <span class='ocrx_word' id='word_1_796' title='bbox 3108 5225 3154 5279; x_wconf 91' lang='lat' dir='ltr'><strong>si</strong></span> <span class='ocrx_word' id='word_1_797' title='bbox 3199 5235 3308 5280; x_wconf 83' lang='lat' dir='ltr'><strong>tam</strong></span> <span class='ocrx_word' id='word_1_798' title='bbox 3356 5224 3637 5282; x_wconf 83' lang='lat' dir='ltr'><strong>fructuose</strong></span> 
     </span>
    </p>
   </div>
   <div class='ocr_carea' id='block_1_108' title="bbox 2048 5314 3637 5381">
    <p class='ocr_par' dir='ltr' id='par_1_108' title="bbox 2048 5314 3637 5381">
     <span class='ocr_line' id='line_1_108' title="bbox 2048 5314 3637 5381; baseline 0.003 -13"><span class='ocrx_word' id='word_1_799' title='bbox 2048 5331 2190 5370; x_wconf 89' lang='lat' dir='ltr'><strong>unus</strong></span> <span class='ocrx_word' id='word_1_800' title='bbox 2233 5315 2453 5370; x_wconf 88' lang='lat' dir='ltr'><strong>auditur</strong></span> <span class='ocrx_word' id='word_1_801' title='bbox 2498 5330 2528 5369; x_wconf 90' lang='lat' dir='ltr'><strong>a</strong></span> <span class='ocrx_word' id='word_1_802' title='bbox 2575 5316 2760 5371; x_wconf 91' lang='lat' dir='ltr'><strong>multis</strong></span> <span class='ocrx_word' id='word_1_803' title='bbox 2793 5324 2906 5371; x_wconf 90' lang='lat' dir='ltr'><strong>tam</strong></span> <span class='ocrx_word' id='word_1_804' title='bbox 2948 5317 3142 5372; x_wconf 82' lang='lat' dir='ltr'><strong>noxius</strong></span> <span class='ocrx_word' id='word_1_805' title='bbox 3170 5314 3447 5381; x_wconf 90' lang='lat' dir='ltr'><strong>omnibus,</strong></span> <span class='ocrx_word' id='word_1_806' title='bbox 3493 5331 3637 5372; x_wconf 88' lang='lat' dir='ltr'><strong>unus</strong></span> 
     </span>
    </p>
   </div>
   <div class='ocr_carea' id='block_1_109' title="bbox 2047 5404 3635 5477">
    <p class='ocr_par' dir='ltr' id='par_1_109' title="bbox 2047 5404 3635 5477">
     <span class='ocr_line' id='line_1_109' title="bbox 2047 5404 3635 5477; baseline 0 -14"><span class='ocrx_word' id='word_1_807' title='bbox 2047 5407 2367 5464; x_wconf 89' lang='lat' dir='ltr'><strong>inobediens</strong></span> <span class='ocrx_word' id='word_1_808' title='bbox 2390 5404 2620 5461; x_wconf 77' lang='lat' dir='ltr'><strong>efﬁcitur</strong></span> <span class='ocrx_word' id='word_1_809' title='bbox 2647 5406 2852 5463; x_wconf 80' lang='lat' dir='ltr'><strong>in5cius</strong></span> <span class='ocrx_word' id='word_1_810' title='bbox 2875 5447 2889 5473; x_wconf 95' lang='lat'><strong>,</strong></span> <span class='ocrx_word' id='word_1_811' title='bbox 2939 5415 3144 5477; x_wconf 87' lang='lat' dir='ltr'><strong>quanto</strong></span> <span class='ocrx_word' id='word_1_812' title='bbox 3174 5408 3370 5463; x_wconf 89' lang='lat' dir='ltr'><strong>merito</strong></span> <span class='ocrx_word' id='word_1_813' title='bbox 3396 5408 3635 5463; x_wconf 87' lang='lat' dir='ltr'><strong>retribu—</strong></span> 
     </span>
    </p>
   </div>
   <div class='ocr_carea' id='block_1_110' title="bbox 2049 5501 3641 5573">
    <p class='ocr_par' dir='ltr' id='par_1_110' title="bbox 2049 5501 3641 5573">
     <span class='ocr_line' id='line_1_110' title="bbox 2049 5501 3641 5573; baseline 0 -15"><span class='ocrx_word' id='word_1_814' title='bbox 2049 5504 2213 5558; x_wconf 87' lang='lat' dir='ltr'><strong>tionis</strong></span> <span class='ocrx_word' id='word_1_815' title='bbox 2240 5502 2367 5558; x_wconf 91' lang='lat' dir='ltr'><strong>boni</strong></span> <span class='ocrx_word' id='word_1_816' title='bbox 2396 5501 2482 5557; x_wconf 91' lang='lat' dir='ltr'><strong>vel</strong></span> <span class='ocrx_word' id='word_1_817' title='bbox 2511 5502 2638 5561; x_wconf 86' lang='lat' dir='ltr'><strong>mali</strong></span> <span class='ocrx_word' id='word_1_818' title='bbox 2672 5502 2964 5570; x_wconf 86' lang='lat' dir='ltr'><strong>obediens,</strong></span> <span class='ocrx_word' id='word_1_819' title='bbox 3005 5510 3099 5558; x_wconf 90' lang='lat' dir='ltr'><strong>aut</strong></span> <span class='ocrx_word' id='word_1_820' title='bbox 3147 5511 3488 5573; x_wconf 85' lang='lat' dir='ltr'><strong>contemptor</strong></span> <span class='ocrx_word' id='word_1_821' title='bbox 3522 5501 3641 5558; x_wconf 70' lang='lat' dir='ltr'><strong>eiii-</strong></span> 
     </span>
    </p>
   </div>
   <div class='ocr_carea' id='block_1_111' title="bbox 1714 5589 2257 5652">
    <p class='ocr_par' dir='ltr' id='par_1_111' title="bbox 1714 5589 2257 5652">
     <span class='ocr_line' id='line_1_111' title="bbox 1714 5589 2257 5652; baseline 0.009 -8"><span class='ocrx_word' id='word_1_822' title='bbox 1714 5589 1987 5649; x_wconf 84' lang='lat' dir='ltr'><strong>BALUZII</strong></span> <span class='ocrx_word' id='word_1_823' title='bbox 2024 5593 2257 5652; x_wconf 63' lang='lat' dir='ltr'><strong>NOTAE.</strong></span> 
     </span>
    </p>
   </div>
   <div class='ocr_carea' id='block_1_112' title="bbox 359 5678 1948 5753">
    <p class='ocr_par' dir='ltr' id='par_1_112' title="bbox 359 5678 1948 5753">
     <span class='ocr_line' id='line_1_112' title="bbox 359 5678 1948 5753; baseline 0.001 -16"><span class='ocrx_word' id='word_1_824' title='bbox 359 5697 467 5753; x_wconf 86' lang='lat' dir='ltr'><strong>que</strong></span> <span class='ocrx_word' id='word_1_825' title='bbox 508 5678 898 5736; x_wconf 87' lang='lat' dir='ltr'><strong>minutissimas</strong></span> <span class='ocrx_word' id='word_1_826' title='bbox 947 5680 1217 5753; x_wconf 68' lang='lat' dir='ltr'><strong>interdum</strong></span> <span class='ocrx_word' id='word_1_827' title='bbox 1246 5680 1499 5753; x_wconf 83' lang='lat' dir='ltr'><strong>excidere</strong></span> <span class='ocrx_word' id='word_1_828' title='bbox 1527 5680 1690 5735; x_wconf 88' lang='lat' dir='ltr'><strong>etiam</strong></span> <span class='ocrx_word' id='word_1_829' title='bbox 1723 5680 1829 5736; x_wconf 93' lang='lat' dir='ltr'><strong>illis</strong></span> <span class='ocrx_word' id='word_1_830' title='bbox 1855 5684 1948 5752; x_wconf 89' lang='lat' dir='ltr'><strong>qui</strong></span> 
     </span>
    </p>
   </div>
   <div class='ocr_carea' id='block_1_113' title="bbox 360 5750 1950 5824">
    <p class='ocr_par' dir='ltr' id='par_1_113' title="bbox 360 5750 1950 5824">
     <span class='ocr_line' id='line_1_113' title="bbox 360 5750 1950 5824; baseline -0.002 -13"><span class='ocrx_word' id='word_1_831' title='bbox 360 5750 419 5811; x_wconf 75' lang='lat' dir='ltr'><strong>se</strong></span> <span class='ocrx_word' id='word_1_832' title='bbox 465 5753 1007 5824; x_wconf 12' lang='lat' dir='ltr'><strong>sapientesgputan‘t.</strong></span> <span class='ocrx_word' id='word_1_833' title='bbox 1056 5750 1212 5824; x_wconf 86' lang='lat' dir='ltr'><strong>_Nam</strong></span> <span class='ocrx_word' id='word_1_834' title='bbox 1260 5751 1472 5824; x_wconf 83' lang='lat' dir='ltr'><strong>legendi</strong></span> <span class='ocrx_word' id='word_1_835' title='bbox 1532 5760 1742 5824; x_wconf 77' lang='lat' dir='ltr'><strong>tantum</strong></span> <span class='ocrx_word' id='word_1_836' title='bbox 1793 5750 1950 5808; x_wconf 82' lang='lat' dir='ltr'><strong>erant</strong></span> 
     </span>
    </p>
   </div>
   <div class='ocr_carea' id='block_1_114' title="bbox 361 5814 1991 5890">
    <p class='ocr_par' dir='ltr' id='par_1_114' title="bbox 361 5814 1991 5890">
     <span class='ocr_line' id='line_1_114' title="bbox 361 5814 1991 5890; baseline -0.001 -10"><span class='ocrx_word' id='word_1_837' title='bbox 361 5814 598 5881; x_wconf 47' lang='lat' dir='ltr'><strong>canon-es</strong></span> <span class='ocrx_word' id='word_1_838' title='bbox 645 5814 990 5876; x_wconf 79' lang='lat' dir='ltr'><strong>Antiocheni.</strong></span> <span class='ocrx_word' id='word_1_839' title='bbox 1050 5820 1157 5875; x_wconf 90' lang='lat' dir='ltr'><strong>Sed</strong></span> <span class='ocrx_word' id='word_1_840' title='bbox 1201 5814 1344 5890; x_wconf 53' lang='lat' dir='ltr'><strong>quia&quot;</strong></span> <span class='ocrx_word' id='word_1_841' title='bbox 1372 5831 1483 5876; x_wconf 90' lang='lat' dir='ltr'><strong>tum</strong></span> <span class='ocrx_word' id='word_1_842' title='bbox 1527 5821 1785 5879; x_wconf 87' lang='lat' dir='ltr'><strong>Cellotius</strong></span> <span class='ocrx_word' id='word_1_843' title='bbox 1832 5814 1991 5878; x_wconf 54' lang='lat' dir='ltr'><strong>erat&#39;</strong></span> 
     </span>
    </p>
   </div>
   <div class='ocr_carea' id='block_1_115' title="bbox 362 5890 1950 5984">
    <p class='ocr_par' dir='ltr' id='par_1_115' title="bbox 362 5890 1950 5984">
     <span class='ocr_line' id='line_1_115' title="bbox 362 5890 1950 5984; baseline 0.001 -35"><span class='ocrx_word' id='word_1_844' title='bbox 362 5892 831 5964; x_wconf 83' lang='lat' dir='ltr'><strong>occupatissimus,</strong></span> <span class='ocrx_word' id='word_1_845' title='bbox 869 5892 1003 5947; x_wconf 86' lang='lat' dir='ltr'><strong>satis</strong></span> <span class='ocrx_word' id='word_1_846' title='bbox 1046 5891 1234 5944; x_wconf 87' lang='lat' dir='ltr'><strong>habuit</strong></span> <span class='ocrx_word' id='word_1_847' title='bbox 1281 5890 1465 5947; x_wconf 87' lang='lat' dir='ltr'><strong>titulos</strong></span> <span class='ocrx_word' id='word_1_848' title='bbox 1504 5908 1768 5984; x_wconf 61' lang='lat' dir='ltr'><strong>canonum</strong></span> <span class='ocrx_word' id='word_1_849' title='bbox 1807 5895 1950 5950; x_wconf 86' lang='lat' dir='ltr'><strong>illius</strong></span> 
     </span>
    </p>
   </div>
   <div class='ocr_carea' id='block_1_116' title="bbox 2054 5686 3641 5759">
    <p class='ocr_par' dir='ltr' id='par_1_116' title="bbox 2054 5686 3641 5759">
     <span class='ocr_line' id='line_1_116' title="bbox 2054 5686 3641 5759; baseline -0.001 -16"><span class='ocrx_word' id='word_1_850' title='bbox 2054 5686 2247 5759; x_wconf 77' lang='lat' dir='ltr'><strong>synodi</strong></span> <span class='ocrx_word' id='word_1_851' title='bbox 2276 5687 2534 5759; x_wconf 81' lang='lat' dir='ltr'><strong>relegere.</strong></span> <span class='ocrx_word' id='word_1_852' title='bbox 2568 5688 2643 5743; x_wconf 85' lang='lat' dir='ltr'><strong>Ea</strong></span> <span class='ocrx_word' id='word_1_853' title='bbox 2679 5703 2842 5759; x_wconf 90' lang='lat' dir='ltr'><strong>causa</strong></span> <span class='ocrx_word' id='word_1_854' title='bbox 2867 5687 2967 5743; x_wconf 91' lang='lat' dir='ltr'><strong>fuit</strong></span> <span class='ocrx_word' id='word_1_855' title='bbox 2993 5688 3231 5743; x_wconf 91' lang='lat' dir='ltr'><strong>errandi.</strong></span> <span class='ocrx_word' id='word_1_856' title='bbox 3274 5686 3408 5759; x_wconf 86' lang='lat' dir='ltr'><strong>Nam</strong></span> <span class='ocrx_word' id='word_1_857' title='bbox 3440 5686 3641 5759; x_wconf 75' lang='lat' dir='ltr'><strong>lemma</strong></span> 
     </span>
    </p>
   </div>
   <div class='ocr_carea' id='block_1_117' title="bbox 2056 5757 3645 5829">
    <p class='ocr_par' dir='ltr' id='par_1_117' title="bbox 2056 5757 3645 5829">
     <span class='ocr_line' id='line_1_117' title="bbox 2056 5757 3645 5829; baseline -0.001 -16"><span class='ocrx_word' id='word_1_858' title='bbox 2056 5757 2282 5829; x_wconf 78' lang='lat' dir='ltr'><strong>canonis</strong></span> <span class='ocrx_word' id='word_1_859' title='bbox 2312 5757 2378 5811; x_wconf 74' lang='grc'><strong>16</strong></span> <span class='ocrx_word' id='word_1_860' title='bbox 2397 5757 2531 5813; x_wconf 68' lang='grc' dir='ltr'><strong>Ιιῖρσ</strong></span> <span class='ocrx_word' id='word_1_861' title='bbox 2561 5766 2769 5812; x_wconf 87' lang='lat' dir='ltr'><strong>tantum</strong></span> <span class='ocrx_word' id='word_1_862' title='bbox 2809 5758 2970 5829; x_wconf 86' lang='lat' dir='ltr'><strong>habet</strong></span> <span class='ocrx_word' id='word_1_863' title='bbox 3005 5759 3144 5829; x_wconf 87' lang='lat' dir='ltr'><strong>apud</strong></span> <span class='ocrx_word' id='word_1_864' title='bbox 3182 5757 3532 5829; x_wconf 79' lang='lat' dir='ltr'><strong>Dionysium:</strong></span> <span class='ocrx_word' id='word_1_865' title='bbox 3567 5757 3645 5811; x_wconf 80' lang='lat' dir='ltr'><strong>De</strong></span> 
     </span>
    </p>
   </div>
   <div class='ocr_carea' id='block_1_118' title="bbox 2057 5827 3583 5899">
    <p class='ocr_par' dir='ltr' id='par_1_118' title="bbox 2057 5827 3583 5899">
     <span class='ocr_line' id='line_1_118' title="bbox 2057 5827 3583 5899; baseline 0 -18"><span class='ocrx_word' id='word_1_866' title='bbox 2057 5827 2360 5882; x_wconf 65' lang='lat' dir='ltr'><strong>uorantibus</strong></span> <span class='ocrx_word' id='word_1_867' title='bbox 2388 5830 2657 5899; x_wconf 74' lang='lat' dir='ltr'><strong>episcopis.</strong></span> <span class='ocrx_word' id='word_1_868' title='bbox 2688 5828 2826 5883; x_wconf 82' lang='lat' dir='ltr'><strong>Nihil</strong></span> <span class='ocrx_word' id='word_1_869' title='bbox 2854 5830 2920 5884; x_wconf 87' lang='lat' dir='ltr'><strong>de</strong></span> <span class='ocrx_word' id='word_1_870' title='bbox 2949 5827 3191 5899; x_wconf 80' lang='lat' dir='ltr'><strong>perfecto</strong></span> <span class='ocrx_word' id='word_1_871' title='bbox 3215 5827 3469 5886; x_wconf 73' lang='lat' dir='ltr'><strong>concilio.</strong></span> <span class='ocrx_word' id='word_1_872' title='bbox 3578 5846 3583 5850; x_wconf 49' lang='grc' dir='ltr'>δ</span> 
     </span>
    </p>
   </div>
  </div>
