4010 6184
341 405 451 462 945

1282 401 1411 458 ιω.
1456 399 1549 456 DE
1584 391 2136 456 DlSPENSATlONE
2176 393 2370 453 ECCL.
2413 393 2683 456 RERUM.

3513 392 3620 452 946

355 523 488 580 ritur
515 523 883 575 consonanter
907 514 1348 588 praecipientibus
1375 514 1654 586 plurimis;
1693 511 1930 567 maxime
1955 509 2008 568 A
2032 505 2134 561 bus
2155 507 2202 562 si
2224 521 2289 562 ea
2313 523 2434 578 quae
2457 508 2659 580 scripta
2674 513 2820 572 sum,
2848 506 3131 564 studiosus
3156 506 3354 579 aliquis
3375 507 3431 564 in
3450 524 3620 565 unum

352 630 470 672 cum
495 628 603 668 non
632 610 763 666 solis
789 609 1068 680 apostolis,
1100 608 1195 665 sed
1223 609 1476 665 omnibus
1502 609 1587 664 his
1613 608 1704 678 qui
1733 607 1935 662 docen-

347 690 400 765 di
426 705 790 763 ministerium
818 704 872 759 in
895 703 1141 760 Ecclesia
1169 704 1490 768 sortiuntur,
1516 701 1718 757 dixisse
1747 701 1933 755 Domi-

347 816 450 856 nus
479 797 819 867 intelligatur
862 814 876 849 :
929 795 1035 861 Qui
1073 813 1160 850 vos
1196 796 1374 860 audit,
1419 793 1703 859 meaudit;
1727 795 1821 864 qui
1845 808 1932 846 vos

345 893 562 960 spernit,
590 907 674 944 me
697 889 914 960 spernit.
954 888 1090 942 Illud
1117 903 1329 957 quoque
1360 886 1584 942 Ananiua
1606 892 1660 941 et
1691 885 1933 956 Saphira:

347 988 553 1042 factum
599 985 916 1049 occultum,
964 991 1074 1037 tam
1116 984 1420 1038 sublimiter
1458 983 1768 1048 inventum,
1822 993 1932 1037 tam

346 1078 610 1134 atrociter
638 1076 999 1139 vindicatum,
1029 1076 1157 1146 quis
1177 1075 1337 1145 digne
1363 1089 1694 1145 exaggerare
1721 1088 1933 1144 praeva-

348 1171 491 1236 leat,
540 1169 684 1224 unde
710 1174 1051 1222 contractum
1090 1173 1175 1221 est
1204 1173 1314 1220 tam
1339 1165 1579 1220 immane
1605 1165 1812 1220 crimen
1831 1204 1845 1230 ,
1874 1171 1934 1218 ut

349 1272 592 1319 tentasse
626 1261 888 1330 Spiritum
917 1268 1185 1322 sanctum,
1224 1269 1282 1314 et
1311 1259 1532 1314 mentiri
1562 1257 1673 1312 Deo
1701 1257 1932 1312 convicti

349 1355 494 1420 sint,
529 1368 652 1408 cum
692 1358 901 1406 tantum
931 1351 998 1405 de
1021 1350 1197 1420 pretio
1235 1353 1371 1422 agri,
1401 1349 1545 1418 quod
1573 1350 1750 1404 adhuc
1777 1349 1831 1403 in
1865 1349 1931 1403 il-

347 1446 528 1501 lorqu
549 1452 671 1499 erat
696 1450 986 1514 potestate,
1032 1456 1251 1496 servare
1277 1441 1380 1496 sibi
1406 1440 1664 1496 maluisse
1689 1441 1930 1496 referan-

351 1538 477 1592 tur?
522 1536 684 1592 Certe
712 1534 942 1590 necdum
986 1532 1165 1588 fuerat
1206 1539 1334 1587 ante
1366 1531 1529 1602 pedes
1569 1531 1932 1601 apostolorum

351 1631 622 1701 positum,
664 1627 890 1682 necdum
917 1626 972 1680 in
997 1624 1428 1680 communionem
1455 1622 1811 1678 fraternitatis
1850 1638 1935 1677 re-

354 1723 596 1776 dactum.
635 1717 748 1785 Qua
775 1716 1066 1772 severitate
1097 1713 1470 1783 judicaretur,
1502 1713 1548 1768 si
1571 1713 1664 1783 qui
1696 1713 1760 1768 de
1786 1712 1934 1767 locu-

353 1810 422 1866 lis
444 1810 754 1882 apostolicis
783 1818 839 1866 et
880 1809 1027 1865 omni
1054 1807 1310 1864 Ecclesia
1345 1806 1458 1876 jam
1501 1807 1698 1862 oblatis
1733 1805 1931 1875 aliquid

2033 610 2364 668 congregare
2401 597 2712 663 voluisset,
2745 605 2842 652 aut
2860 597 3116 654 valuisset
3145 638 3160 663 ,
3198 599 3441 654 enormia
3476 599 3620 653 Volu-

2033 686 2178 740 mina
2206 687 2546 742 confecisset.
2599 687 2811 755 Quanto
2840 689 3012 758 magis
3040 704 3105 743 ea
3133 704 3253 759 qua:
3283 687 3426 744 facta
3469 699 3616 754 sunt,

2033 785 2090 832 et
2113 777 2406 848 divulgata,
2433 793 2498 832 ac
2525 779 2722 833 tradita
2742 819 2757 844 ,
2785 794 2884 833 nec
2913 787 3091 834 tamen
3114 780 3316 851 scripta
3336 822 3350 847 ,
3383 796 3449 836 eo
3477 781 3619 852 quod

2033 867 2236 924 fuerint
2259 871 2461 924 nimia?

2104 960 2270 1016 XXV.
2311 961 2438 1018 Haec
2483 963 2686 1018 idcirco
2733 961 3011 1027 dicimus,
3053 976 3161 1016 non
3208 963 3353 1031 quod
3382 961 3619 1017 divinam

2032 1052 2438 1122 percussionem
2494 1053 2746 1109 omnibus
2802 1052 3190 1108 temerantibus
3249 1051 3624 1121 temporaliter

2035 1145 2452 1212 comminemur,
2480 1146 2576 1201 sed
2606 1145 2781 1216 magis
2801 1151 2862 1199 ut
2888 1145 2954 1200 ad
2980 1159 3167 1200 curam
3187 1143 3284 1200 Dei
3309 1160 3496 1200 earum
3528 1159 3624 1201 cu-

2035 1237 2267 1292 stodiam
2305 1245 2468 1306 atque
2515 1236 2849 1308 diligentiam
2893 1234 3172 1306 pertinere
3209 1245 3618 1291 monstremus:

2035 1328 2127 1396 qui
2157 1328 2321 1383 tantis
2348 1327 2626 1382 miraculis
2659 1341 2759 1397 per
2786 1333 2869 1382 tot
2895 1332 3142 1397 tempora
3181 1326 3378 1381 terruit
3419 1326 3624 1396 impro-

2035 1419 2151 1483 bos,
2185 1434 2292 1474 non
2323 1418 2498 1474 solum
2528 1417 2866 1482 incredulos,
2899 1417 2995 1471 sed
3018 1424 3075 1472 et
3101 1415 3404 1482 credentes,
3442 1431 3511 1470 ne
3535 1416 3620 1471 fa-

2035 1512 2138 1568 cile
2168 1512 2429 1566 adversus
2454 1524 2608 1565 sacra
2639 1508 2760 1565 loca
2782 1549 2797 1574 ,
2847 1508 3036 1563 illicita
3063 1507 3324 1562 auderent
3345 1515 3623 1578 perpetra-

2037 1619 2127 1669 re;
2175 1610 2231 1658 et
2266 1611 2327 1656 ut
2363 1617 2458 1657 cos
2492 1600 2684 1656 saltem
2707 1601 2990 1671 percussio
3017 1607 3278 1670 tanquam
3307 1599 3467 1654 bruta
3499 1599 3619 1654 ani—

2036 1695 2196 1750 malia
2245 1694 2528 1751 cohiberet
2576 1708 2606 1748 a
2651 1693 3108 1763 praesumptione,
3167 1707 3304 1762 quos
3354 1692 3496 1746 ratio
3536 1691 3622 1748 vel

2036 1786 2317 1841 exsecutio
2346 1785 2650 1840 divinorum
2681 1782 3058 1838 mandatorum
3084 1782 3452 1852 nequidquam
3476 1781 3624 1839 velut

354 1859 790 1974 persumpsisset,
816 1901 861 1956 si
893 1901 974 1956 sic
990 1899 1262 1970 judicatus
1388 1900 1482 1970 qui
1500 1859 1845 1968 praesumpsi;
1865 1913 1932 1952 ex
1963 1859 2009 1917 Β
2037 1875 2286 1974 homines
2305 1876 2702 1974 οοιιξρεεθείὴειι.
2759 1874 3070 1974 Debuerant
3098 1875 3300 1974 etenim
3337 1889 3526 1974 nosse,
3563 1885 3624 1932 ut

357 1994 442 2049 his
470 2008 591 2064 qua:
611 1993 786 2048 adhuc
808 2000 968 2048 erant
990 1991 1297 2048 oll‘ereuda?
1327 1989 1385 2046 Si
1408 1991 1710 2060 cuicunque
1731 1989 1934 2044 homini

355 2084 425 2138 de
463 2086 625 2140 rebus
658 2084 909 2139 humanis
943 2083 1155 2139 furatus
1179 2081 1382 2152 aliquid
1409 2081 1631 2148 fuisset,
1665 2090 1945 2152 praecepto

357 2175 491 2245 legis
539 2174 684 2244 dupli
730 2182 826 2229 aut
864 2173 1151 2244 quadrupli
1205 2173 1547 2228 restitutione
1590 2172 1934 2228 multaretur.

357 2267 495 2334 Quia
542 2281 670 2322 vero
715 2267 783 2321 de
810 2267 984 2321 sacris
1013 2267 1207 2330 rebus,
1260 2265 1466 2320 sanctis
1491 2265 1944 2334 praedicatoribus

357 2360 672 2430 sanctisque
695 2359 1024 2430 pauperibus
1053 2359 1346 2427 deputatis,
1375 2357 1462 2412 vel
1479 2358 1659 2428 potius
1677 2357 1940 2428 deputan-

357 2451 464 2515 dis,
513 2449 804 2513 fraudavit,
846 2457 1019 2504 morte
1064 2447 1324 2502 multatus
1363 2455 1478 2514 est,
1521 2463 1684 2517 quam
1712 2456 1941 2503 mortem

356 2559 467 2599 non
493 2542 681 2597 intulit
702 2543 910 2613 gladius
929 2582 942 2606 ,
977 2557 1084 2597 non
1108 2550 1473 2597 exercuerunt
1495 2540 1801 2597 ollicialium
1827 2557 1942 2596 ma-

357 2649 500 2699 nus,
552 2632 649 2688 sed
691 2632 834 2688 sacri
871 2633 1135 2688 sermonis
1169 2633 1345 2687 virtus
1384 2631 1599 2688 inﬂixit.
1667 2631 1758 2688 Sic
1791 2631 1940 2689 fraus

356 2729 532 2798 prima
572 2726 627 2780 in
663 2725 903 2781 Ecclesia
934 2728 999 2781 de
1026 2727 1185 2781 rebus
1217 2726 1606 2782 ecclesiasticis
1631 2735 1939 2798 perpetrata

359 2818 549 2888 punita
573 2824 678 2872 est.
737 2815 852 2870 Tali
888 2816 1208 2886 pmnitentia
1238 2817 1526 2872 damnatus
1553 2817 1724 2873 Adam
1766 2818 1820 2874 in
1849 2835 1942 2888 pa-

359 2906 563 2971 radiso,
588 2905 812 2960 vetitum
842 2907 1204 2977 contingeudo
1232 2906 1393 2960 morti
1419 2907 1712 2973 obnoxius,
1753 2916 1808 2962 et
1843 2909 1941 2963 ha-

359 2998 627 3052 bitatione
644 2996 880 3066 paradisi
903 2996 1154 3067 indiguus
1174 2996 1401 3053 eﬁ‘ectus
1421 3007 1524 3064 est,
1556 2998 1796 3055 Ananias
1815 3015 1937 3054 cum

360 3102 531 3142 uxore
558 3103 654 3142 sua
686 3086 928 3142 fraudem
956 3088 1008 3141 in
1037 3087 1280 3143 Ecclesia
1303 3089 1570 3156 faciendo,
1597 3101 1655 3144 et
1675 3091 1938 3146 societate

2036 1979 2163 2039 pote
2186 1967 2481 2023 rationales
2507 1982 2538 2021 a
2565 1967 2676 2022 Deo
2703 1967 2939 2032 conditi,
2965 1966 3089 2037 quia
3125 1967 3172 2022 si
3205 1983 3314 2023 non
3343 1967 3470 2023 licet
3496 1983 3625 2024 con-

2037 2061 2317 2131 cupiscere
2342 2077 2457 2118 rem
2479 2061 2740 2132 proximi,
2769 2061 2940 2117 multo
2969 2061 3144 2131 magis
3170 2062 3388 2118 Domini

2108 2150 2298 2207 XXVI.
2336 2149 2448 2207 Nec
2476 2153 2579 2208 hoc
2604 2152 2680 2206 ita
2707 2152 2908 2208 dictum
2935 2152 3025 2219 sit,
3051 2152 3206 2223 quasi
3233 2154 3624 2210 charismatum

2039 2245 2347 2302 divinorum
2391 2243 2638 2313 largitio,
2685 2244 2768 2300 vel
2824 2245 3076 2300 remissio
3119 2229 3468 2316 peccatorum
3493 2285 3510 2310 ,
3561 2260 3630 2301 ac

2040 2341 2240 2395 donum
2266 2338 2418 2409 regni
2446 2339 2685 2395 celestis
2711 2354 2820 2394 non
2861 2339 2972 2394 sint
3001 2337 3471 2408 concupiscenda;
3502 2353 3624 2410 qua:

2039 2433 2227 2502 utique
2249 2446 2340 2486 res
2357 2431 2571 2486 Domini
2596 2438 2742 2486 sunt.
2773 2430 2880 2486 Sed
2905 2430 3162 2502 quoniam
3189 2429 3346 2484 nobis
3368 2429 3434 2484 de
3455 2430 3627 2486 sacris

2040 2526 2203 2581 rebus
2237 2523 2606 2580 Ecclesiarum
2641 2539 2822 2580 sermo
2858 2533 2962 2589 est,
2995 2523 3294 2578 secundum
3324 2521 3454 2577 illud
3481 2537 3628 2576 nunc

2040 2616 2314 2686 loquimur
2347 2613 2491 2684 quod
2518 2613 2778 2670 Dominus
2819 2613 2876 2669 in
2917 2613 3036 2682 lege
3065 2613 3343 2683 praecepit,
3390 2612 3577 2667 dicens
3608 2630 3620 2664 :

2042 2709 2168 2764 Non
2203 2707 2436 2780 loquaris
2485 2715 2667 2762 contra
2717 2707 3014 2778 proximum
3052 2715 3200 2760 tuum
3245 2703 3440 2775 falsum
3483 2706 3629 2758 testi-

2039 2803 2295 2858 monium.
2340 2800 2464 2855 Non
2499 2800 2830 2871 concupisces
2866 2815 3084 2853 uxorem
3127 2798 3354 2870 proximi
3380 2798 3482 2862 tui,
3522 2813 3628 2851 non

2042 2893 2278 2959 domum,
2322 2908 2427 2947 non
2466 2908 2674 2963 agrum,
2707 2907 2810 2945 non
2835 2907 3064 2956 servum,
3095 2907 3200 2944 non
3225 2887 3494 2952 ancillam,
3523 2903 3629 2942 non

2042 2984 2238 3049 bovem,
2271 3000 2375 3038 non
2413 2985 2645 3049 asinum,
2671 2991 2720 3038 et
2759 2985 3003 3038 universa
3039 3000 3156 3054 quae
3195 2981 3342 3036 illius
3381 2988 3524 3036 sunt.
3565 2979 3626 3035 In

2039 3074 2237 3143 quibus
2276 3075 2454 3128 verbis
2494 3087 2836 3142 summopere
2881 3082 2964 3128 est
2987 3073 3461 3138 considerandum,
3499 3072 3626 3141 quia

360 3177 728 3234 ecclesiastica
771 3187 825 3233 et
864 3179 1197 3234 habitatione
1241 3180 1511 3235 mundana
1549 3181 1797 3251 privatus
1831 3189 1932 3237 est.

2047 3165 2087 3219 si
2111 3173 2302 3220 contra
2325 3164 2618 3236 quemlibet
2636 3165 2964 3232 proximum,
2991 3166 3062 3222 ob
3082 3180 3461 3236 quamcunque
3485 3180 3624 3230 rem,

362 3267 584 3323 Dixerat
603 3269 862 3325 Dominus
897 3288 910 3324 :
950 3267 1010 3323 Si
1037 3271 1112 3324 vis
1146 3270 1406 3341 perfectus
1431 3288 1571 3337 esse,
1598 3272 1746 3339 vade,
1781 3274 1939 3328 vende

359 3361 540 3414 omnia
561 3377 677 3430 qua:
702 3361 862 3416 habes
886 3403 901 3427 ,
934 3371 983 3416 et
1007 3363 1078 3416 da
1112 3362 1448 3433 pauperibus.
1498 3364 1636 3420 Hinc
1654 3365 1942 3435 perfectio—

361 3467 487 3507 nem
516 3453 857 3522 arripientes,
887 3462 944 3510 et
969 3455 1264 3510 vendentes
1295 3456 1474 3511 omnia
1505 3473 1625 3527 qua:
1647 3457 1938 3524 habebant,

362 3559 545 3600 rerum
571 3561 792 3601 suarum
819 3546 994 3616 pretia
1016 3562 1126 3604 non
1155 3547 1278 3603 aliis
1291 3548 1619 3618 pauperibus
1642 3564 1805 3619 quam
1823 3564 1944 3604 san-

358 3637 466 3692 ctis
495 3639 843 3694 credentibus
869 3637 1284 3706 distribuebant,
1315 3640 1658 3709 maximeque
1685 3641 1944 3711 praedica-

364 3730 577 3784 toribus
606 3731 811 3786 sanctis
838 3731 1209 3788 distribueuda
1249 3733 1580 3803 pauperibus
1616 3733 1938 3790 offerebant.

364 3817 525 3873 Tales
549 3819 694 3873 enim
723 3835 989 3890 pauperes
1011 3820 1065 3875 in
1091 3820 1275 3876 verbis
1301 3822 1513 3878 Domini
1541 3824 1940 3879 intellexerant.

364 3910 458 3966 Sic
483 3920 539 3965 et
570 3913 762 3968 beatus
782 3912 980 3969 Paulus
1006 3956 1020 3979 ,
1069 3929 1191 3970 cum
1221 3916 1441 3970 dextras
1471 3917 1575 3970 sibi
1605 3926 1662 3971 et
1684 3917 1946 3972 Barnabm

367 4003 549 4057 caeteri
575 4003 806 4068 darent,
855 4013 914 4058 ut
942 4005 1016 4058 illi
1048 4006 1102 4061 in
1131 4007 1566 4073 circumcisione,
1600 4008 1703 4078 ipsi
1728 4023 1859 4063 vero
1890 4009 1945 4063 in

366 4094 615 4167 gentibus
639 4094 1090 4167 evangelizarent,
1115 4104 1348 4152 testatur
1372 4112 1431 4152 se
1443 4098 1607 4152 etiam
1631 4098 1794 4168 hujus
1815 4114 1949 4169 quo-

367 4199 470 4255 que
496 4185 784 4242 ministerii
815 4202 1003 4242 curam
1034 4188 1360 4258 suscepisse,
1383 4188 1566 4244 dicens
1599 4206 1613 4242 :
1642 4187 1866 4243 Tantum
1890 4199 1949 4244 ut

366 4293 652 4347 nauperum
681 4294 934 4334 memores
956 4297 1209 4335 essemus.
1532 4329 1546 4342 ,

436 4367 627 4424 XXIV.
667 4370 762 4426 llis
785 4386 914 4441 ergo
943 4372 1087 4428 sacri
1116 4387 1357 4428 canones
1383 4373 1807 4439 concordantes,
1860 4389 1951 4431 res

365 4458 764 4516 ecclesiasticas
792 4503 807 4528 ,
859 4477 946 4517 res
973 4462 1139 4517 etiam
1165 4477 1462 4534 pauperum
1487 4479 1608 4520 esse
1635 4466 1946 4522 voluerunt.

2045 3259 2240 3315 falsum
2261 3260 2526 3316 exsistere
2566 3260 2653 3315 vel
2696 3259 2954 3316 adhibere
2991 3268 3180 3316 testem
3224 3274 3333 3315 non
3375 3265 3627 3329 oportet;

2044 3351 2213 3406 multo
2247 3351 2428 3408 minus
2447 3350 2574 3406 licet
2603 3362 2795 3407 contra
2828 3351 3140 3417 Dominum,
3170 3352 3239 3407 ob
3265 3351 3411 3406 illius
3435 3349 3626 3406 Eccle-

2045 3443 2139 3498 sia:
2167 3441 2456 3498 facultates
2485 3442 2602 3514 ejus
2628 3442 2834 3497 nomini
2875 3451 3241 3499 consecratas.
3285 3441 3461 3498 Simili
3495 3458 3631 3512 quo-

2046 3549 2152 3604 que
2192 3535 2376 3600 modo,
2429 3534 2474 3589 si
2520 3534 2736 3600 domus,
2788 3542 2882 3589 aut
2930 3549 3079 3603 ager,
3127 3548 3340 3600 servus,
3388 3541 3483 3590 aut
3531 3549 3624 3590 an-

2045 3627 2188 3692 cilla,
2218 3635 2273 3683 et
2315 3636 2511 3683 caetera
2551 3643 2671 3697 quae
2711 3635 2838 3683 sunt
2879 3628 3132 3700 proximi,
3177 3627 3484 3698 concupisci
3522 3643 3628 3683 non

2047 3718 2272 3785 debent;
2306 3719 2474 3774 multo
2496 3719 2683 3789 itaque
2711 3721 2884 3792 magis
2925 3735 2988 3775 ea
3011 3734 3133 3790 qua:
3173 3719 3242 3773 ad
3281 3719 3627 3774 sustentatio-

2047 3822 2169 3863 nem
2199 3824 2497 3879 pauperum
2525 3809 2756 3864 Domino
2783 3817 2909 3864 sunt
2935 3808 3156 3873 tradita,
3198 3821 3304 3862 non
3353 3815 3478 3861 sunt
3506 3821 3634 3861 con-

2047 3899 2394 3969 cupiscenda.

2120 3989 2329 4044 XXVII.
2395 3989 2633 4060 Apparet
2691 3999 2871 4046 autem
2927 3990 2980 4044 in
3037 3988 3407 4058 hujuscemodi
3473 3989 3634 4042 rebus

2048 4080 2335 4136 multitudo
2373 4080 2782 4136 miserationum
2829 4079 2950 4146 Dei,
2997 4080 3089 4151 qui
3131 4088 3410 4153 gratanter
3443 4079 3512 4135 ab
3539 4079 3636 4134 ho-

2047 4176 2193 4230 mine
2235 4175 2490 4246 dignatur
2534 4175 2779 4246 recipere
2807 4190 2926 4244 qua:
2953 4174 3067 4244 ipse
3092 4173 3256 4229 dedit.
3304 4171 3444 4227 Hinc
3486 4170 3637 4226 deni-

2048 4283 2153 4340 que
2197 4275 2281 4324 est
2330 4267 2474 4338 quod
2499 4266 2549 4322 ei
2579 4266 2749 4323 David
2789 4267 3020 4323 ﬁdeliter
3065 4266 3355 4323 conﬁtetur
3404 4265 3632 4321 dicens:

2052 4361 2167 4416 Tua
2206 4369 2329 4416 sunt
2365 4361 2502 4415 enim
2542 4362 2752 4426 omnia;
2797 4370 2844 4415 et
2874 4377 2991 4432 qua:
3017 4360 3082 4415 de
3105 4377 3268 4414 manu
3309 4369 3401 4413 tua
3440 4359 3641 4430 accepi-

2049 4470 2204 4519 mus,
2247 4453 2486 4507 dedimus
2541 4452 2654 4506 tibi.
2708 4451 3062 4522 Nequaquam
3109 4452 3276 4523 igitur
3323 4457 3636 4505 consecrata

363 4549 502 4605 Nam
540 4560 594 4606 et
617 4552 877 4608 Dominus
929 4554 1202 4608 ordinavit
1243 4564 1304 4608 ut
1357 4556 1412 4610 hi
1467 4557 1560 4626 qui
1608 4559 1941 4629 evangelium

2052 4546 2163 4602 Deo
2190 4543 2497 4614 concupisci
2537 4542 2623 4598 vel
2667 4542 2872 4598 auferri
2902 4543 3119 4608 debent,
3152 4543 3279 4611 quin
3323 4541 3503 4612 potius
3541 4541 3637 4595 tali

361 4641 714 4708 annuntiant,
735 4642 801 4698 de
823 4643 1102 4715 evangelio
1128 4644 1331 4698 vivant.
1372 4645 1452 4700 Ex
1482 4647 1568 4701 his
1594 4648 1778 4719 itaque
1806 4649 1950 4706 inter

365 4728 553 4784 ﬁdeles
581 4739 791 4800 coeptus
821 4740 904 4786 est
946 4733 1352 4788 sacratissimus
1393 4743 1448 4788 et
1485 4735 1769 4791 laudabilis
1793 4753 1944 4803 usus,

365 4819 692 4876 utecclesiae
739 4821 1043 4876 ditarentur
1077 4841 1090 4876 :
1125 4831 1390 4892 quatenus
1439 4825 1554 4894 ipsa
1609 4827 1838 4883 ecclesia
1881 4827 1949 4884 de

367 4925 467 4963 suo
507 4918 696 4978 pascat
739 4913 1124 4983 praedicatores
1153 4930 1310 4980 suos,
1361 4924 1421 4970 et
1453 4916 1648 4972 choros
1674 4919 1949 4975 ministro-

369 5019 532 5068 rum,
578 5006 874 5075 turbasque
894 5023 1190 5078 pauperum
1213 5049 1228 5074 ,
1275 5025 1340 5064 ac
1375 5009 1777 5066 multitudinem
1815 5028 1946 5068 con—

365 5092 646 5148 ﬂuentium
681 5097 1113 5166 peregrinorum.
1171 5099 1311 5171 Erga
1340 5116 1474 5170 quas
1513 5116 1605 5161 res
1634 5110 1835 5171 quanta
1870 5119 1951 5158 re-

365 5186 634 5252 verentia,
658 5196 968 5258 quantaque
995 5187 1147 5253 ﬁdes,
1179 5198 1235 5244 et
1263 5190 1506 5250 custodia
1530 5191 1834 5246 adhibenda
1856 5193 1946 5258 sit,

367 5275 768 5334 demonstravit
814 5279 1063 5336 voluntas
1098 5279 1194 5334 Dei
1235 5296 1334 5351 per
1368 5281 1766 5339 multitudinem
1791 5285 1954 5339 mira-

369 5369 620 5425 culorum
651 5386 770 5440 quae
792 5381 941 5443 gesta
969 5380 1096 5426 sunt
1124 5372 1178 5426 in
1213 5375 1466 5429 universo
1495 5376 1696 5431 mundo
1719 5391 1818 5445 per
1839 5377 1952 5431 sin-

367 5459 526 5531 gulas
555 5461 827 5534 regiones,
873 5463 1012 5529 loca,
1056 5471 1220 5533 atque
1239 5465 1530 5531 ecclesias;
1561 5481 1682 5521 cum
1701 5464 1814 5534 jam
1845 5482 1951 5521 non

368 5569 512 5608 unus
557 5552 800 5610 Ananias
846 5570 967 5611 cum
999 5555 1226 5625 Sapbira
1260 5572 1427 5612 uxore
1455 5567 1676 5628 propter
1709 5556 1951 5613 fraudem

367 5644 422 5698 in
452 5645 618 5701 rebus
646 5647 817 5701 sacris
842 5655 1208 5718 perpetratam
1237 5655 1410 5704 morte
1436 5648 1646 5703 multati
1674 5656 1830 5715 sunt,
1862 5650 1956 5705 sed

369 5737 796 5794 innumerabiles
821 5747 875 5795 et
903 5753 1038 5810 pene
1061 5737 1210 5793 mille
1235 5737 1346 5804 alii,
1377 5738 1466 5807 qui
1500 5738 1814 5795 inﬁrmitate
1834 5756 1957 5812 pcr-

368 5832 538 5897 cussi,
569 5832 903 5888 daemonibus
926 5831 1126 5898 vexati,
1162 5831 1405 5888 excitate
1429 5830 1668 5886 damnati
1703 5850 1715 5887 :
1741 5833 1805 5888 de
1836 5833 1954 5904 qui-

2050 4644 2230 4691 mente
2271 4633 2511 4704 pensari,
2559 4639 2723 4701 atque
2769 4631 2844 4685 ita
2887 4630 3093 4686 illibata
3142 4638 3199 4684 et
3245 4629 3313 4683 ab
3351 4629 3497 4682 omni
3536 4645 3636 4683 usu

2049 4724 2322 4782 communi
2370 4722 2604 4793 seposita
2649 4719 2946 4784 custodiri,
2999 4726 3062 4773 ut
3107 4717 3222 4789 ipse
3270 4717 3530 4771 Dominus
3581 4717 3637 4770 in

2048 4816 2465 4873 Deuteronomio
2500 4813 2763 4877 insinuat,
2791 4812 2864 4866 ita
2891 4811 3077 4866 dicens
3103 4824 3118 4864 :
3144 4808 3397 4880 Loqueris
3423 4808 3477 4862 in
3507 4824 3634 4862 con-

2047 4919 2223 4983 spectu
2249 4908 2463 4964 Domini
2486 4907 2585 4961 Dei
2607 4907 2686 4960 tui
2714 4920 2732 4958 :
2763 4903 2918 4958 attuli
2961 4903 3100 4975 quod
3147 4900 3531 4971 sanctiﬁcatum
3561 4909 3636 4954 est

2047 5004 2113 5058 de
2149 5002 2304 5056 domo
2347 5017 2496 5066 mea,
2540 5008 2586 5053 et
2635 4998 2757 5053 dedi
2794 4997 2927 5051 illud
2976 4996 3187 5061 Levitce,
3225 5006 3274 5049 et
3314 4995 3549 5057 advenae,
3588 5005 3637 5048 et

2047 5091 2270 5165 pupillo,
2302 5091 2570 5148 etviduw.
2608 5089 2742 5143 sicut
2778 5087 2990 5159 jussisti
3017 5087 3166 5140 mihi.
3212 5085 3334 5139 Non
3380 5085 3639 5154 pra’terivi

2049 5188 2301 5244 mandata
2338 5197 2459 5253 tua,
2495 5202 2585 5239 nec
2630 5200 2748 5239 sum
2783 5183 2974 5238 oblitus
3017 5179 3238 5252 imperii.
3280 5176 3403 5230 Non
3436 5173 3637 5228 comedi

2049 5297 2114 5334 ea;
2151 5280 2231 5334 eis
2271 5279 2326 5333 in
2382 5277 2527 5331 luctu
2567 5293 2699 5340 meo,
2746 5293 2838 5330 nec
2883 5274 3120 5346 separavi
3167 5271 3224 5325 in
3265 5267 3494 5340 qualibet
3534 5267 3638 5321 im-

2050 5370 2310 5425 munditia
2345 5387 2480 5434 mea,
2531 5386 2624 5423 nec
2672 5368 2894 5441 expendi
2923 5383 2987 5422 ea:
3031 5365 3111 5418 his
3151 5361 3438 5434 quidquam
3482 5358 3536 5415 in
3583 5375 3639 5414 re

2054 5463 2276 5533 funebri.
2315 5461 2530 5516 Obedivi
2565 5463 2680 5516 voci
2723 5459 2930 5514 Domini
2960 5456 3056 5510 Dei
3082 5455 3206 5521 mei,
3241 5463 3290 5508 et
3323 5452 3423 5524 feci
3460 5452 3637 5508 omnia

2052 5556 2187 5609 sicut
2211 5553 2501 5624 pra’ccpisli
2527 5551 2674 5605 mihi.
2710 5549 2924 5618 Respice
2944 5547 3007 5600 de
3033 5545 3334 5600 sanctuario
3361 5553 3473 5609 tuo,
3505 5541 3640 5597 etde

2053 5642 2255 5698 excelso
2278 5641 2525 5695 cmlorum
2556 5636 2878 5699 habitacula,
2905 5646 2952 5689 et
2992 5635 3204 5689 benedic
3231 5633 3422 5706 populo
3453 5642 3565 5699 tuo,
3588 5639 3638 5686 ct

2054 5746 2209 5790 terra:
2233 5750 2389 5806 quam
2416 5732 2630 5786 dedistis
2660 5729 2826 5783 nobis.
2853 5727 2964 5782 Tali
3000 5728 3200 5796 itaque.
3225 5734 3281 5780 ut
3307 5727 3510 5781 dictum
3531 5732 3633 5790 est,

2055 5829 2212 5885 nobis
2238 5824 2418 5881 cordis
2449 5821 2730 5879 devotione
2759 5819 3050 5892 primitivae
3087 5815 3172 5874 vel
3205 5817 3427 5874 decimae
3455 5813 3620 5872 consl-
