  <div class='ocr_page' id='page_1' title='image "/cluster/home/n/w/nwhite01/storage/ocr_20150623/104/hvd.32044052819794/132.png"; bbox 0 0 3962 6180; ppageno 0'>
   <div class='ocr_carea' id='block_1_1' title="bbox 308 448 415 506">
    <p class='ocr_par' dir='ltr' id='par_1_1' title="bbox 308 448 415 506">
     <span class='ocr_line' id='line_1_1' title="bbox 308 448 415 506; baseline -0.009 0"><span class='ocrx_word' id='word_1_1' title='bbox 308 448 415 506; x_wconf 66' lang='lat'><strong><em>133</em></strong></span> 
     </span>
    </p>
   </div>
   <div class='ocr_carea' id='block_1_2' title="bbox 1419 445 2454 504">
    <p class='ocr_par' dir='ltr' id='par_1_2' title="bbox 1419 445 2454 504">
     <span class='ocr_line' id='line_1_2' title="bbox 1419 445 2454 504; baseline 0.002 -2"><span class='ocrx_word' id='word_1_2' title='bbox 1419 446 1619 503; x_wconf 83' lang='lat' dir='ltr'><strong>LIBER</strong></span> <span class='ocrx_word' id='word_1_3' title='bbox 1657 445 1931 503; x_wconf 73' lang='lat' dir='ltr'><strong><em>CONTRA</em></strong></span> <span class='ocrx_word' id='word_1_4' title='bbox 1970 445 2289 502; x_wconf 77' lang='lat' dir='ltr'><strong><em>JUDICIUM</em></strong></span> <span class='ocrx_word' id='word_1_5' title='bbox 2327 446 2454 504; x_wconf 79' lang='lat' dir='ltr'><strong><em>DEI.</em></strong></span> 
     </span>
    </p>
   </div>
   <div class='ocr_carea' id='block_1_3' title="bbox 3462 440 3570 497">
    <p class='ocr_par' dir='ltr' id='par_1_3' title="bbox 3462 440 3570 497">
     <span class='ocr_line' id='line_1_3' title="bbox 3462 440 3570 497; baseline -0.028 1"><span class='ocrx_word' id='word_1_6' title='bbox 3462 440 3570 497; x_wconf 69' lang='grc'><strong><em>256</em></strong></span> 
     </span>
    </p>
   </div>
   <div class='ocr_carea' id='block_1_4' title="bbox 309 557 3575 634">
    <p class='ocr_par' dir='ltr' id='par_1_4' title="bbox 309 557 3575 634">
     <span class='ocr_line' id='line_1_4' title="bbox 309 557 3575 634; baseline -0.001 -18"><span class='ocrx_word' id='word_1_7' title='bbox 309 563 620 634; x_wconf 68' lang='lat' dir='ltr'><strong><em>intelligens.</em></strong></span> <span class='ocrx_word' id='word_1_8' title='bbox 666 563 735 616; x_wconf 84' lang='lat' dir='ltr'><strong><em>Et</em></strong></span> <span class='ocrx_word' id='word_1_9' title='bbox 779 563 836 616; x_wconf 90' lang='lat' dir='ltr'><strong><em>in</em></strong></span> <span class='ocrx_word' id='word_1_10' title='bbox 881 562 986 616; x_wconf 84' lang='lat' dir='ltr'><strong><em>alio</em></strong></span> <span class='ocrx_word' id='word_1_11' title='bbox 1036 559 1194 616; x_wconf 91' lang='lat' dir='ltr'><strong><em>loco:</em></strong></span> <span class='ocrx_word' id='word_1_12' title='bbox 1229 559 1514 614; x_wconf 79' lang='lat' dir='ltr'><strong><em>Multitudo</em></strong></span> <span class='ocrx_word' id='word_1_13' title='bbox 1553 561 1887 631; x_wconf 89' lang='lat' dir='ltr'><strong><em>sapientium,</em></strong></span> <span class='ocrx_word' id='word_1_14' title='bbox 1919 565 1971 624; x_wconf 78' lang='grc' dir='ltr'><strong>Α</strong></span> <span class='ocrx_word' id='word_1_15' title='bbox 1996 561 2087 616; x_wconf 90' lang='lat' dir='ltr'><strong><em>ﬁat</em></strong></span> <span class='ocrx_word' id='word_1_16' title='bbox 2117 562 2170 614; x_wconf 89' lang='lat' dir='ltr'><strong><em>in</em></strong></span> <span class='ocrx_word' id='word_1_17' title='bbox 2192 562 2410 626; x_wconf 89' lang='lat' dir='ltr'><strong><em>mundo,</em></strong></span> <span class='ocrx_word' id='word_1_18' title='bbox 2437 561 2539 615; x_wconf 83' lang='lat' dir='ltr'>nisi</span> <span class='ocrx_word' id='word_1_19' title='bbox 2565 560 2677 614; x_wconf 90' lang='lat' dir='ltr'><strong><em>Deo</em></strong></span> <span class='ocrx_word' id='word_1_20' title='bbox 2706 567 2797 613; x_wconf 87' lang='lat' dir='ltr'><strong><em>aut</em></strong></span> <span class='ocrx_word' id='word_1_21' title='bbox 2830 557 3195 627; x_wconf 78' lang='lat' dir='ltr'><strong><em>dispensante,</em></strong></span> <span class='ocrx_word' id='word_1_22' title='bbox 3230 565 3319 611; x_wconf 86' lang='lat' dir='ltr'><strong><em>aut</em></strong></span> <span class='ocrx_word' id='word_1_23' title='bbox 3349 560 3575 627; x_wconf 88' lang='lat' dir='ltr'><strong><em>permit-</em></strong></span> 
     </span>
    </p>
   </div>
   <div class='ocr_carea' id='block_1_5' title="bbox 312 648 1893 719">
    <p class='ocr_par' dir='ltr' id='par_1_5' title="bbox 312 648 1893 719">
     <span class='ocr_line' id='line_1_5' title="bbox 312 648 1893 719; baseline -0.004 -13"><span class='ocrx_word' id='word_1_24' title='bbox 312 655 512 707; x_wconf 81' lang='lat' dir='ltr'><strong><em>sanitas</em></strong></span> <span class='ocrx_word' id='word_1_25' title='bbox 565 661 640 707; x_wconf 85' lang='lat' dir='ltr'><strong><em>est</em></strong></span> <span class='ocrx_word' id='word_1_26' title='bbox 686 651 828 706; x_wconf 90' lang='lat' dir='ltr'><strong><em>orbis</em></strong></span> <span class='ocrx_word' id='word_1_27' title='bbox 878 660 1180 715; x_wconf 84' lang='lat' dir='ltr'><strong><em>terrarum;</em></strong></span> <span class='ocrx_word' id='word_1_28' title='bbox 1219 660 1265 704; x_wconf 90' lang='lat' dir='ltr'><strong><em>et</em></strong></span> <span class='ocrx_word' id='word_1_29' title='bbox 1312 667 1402 704; x_wconf 74' lang='lat' dir='ltr'><strong><em>rea:</em></strong></span> <span class='ocrx_word' id='word_1_30' title='bbox 1447 650 1670 719; x_wconf 83' lang='lat' dir='ltr'><strong><em>sapiens,</em></strong></span> <span class='ocrx_word' id='word_1_31' title='bbox 1715 648 1893 718; x_wconf 80' lang='lat' dir='ltr'><strong><em>populi</em></strong></span> 
     </span>
    </p>
   </div>
   <div class='ocr_carea' id='block_1_6' title="bbox 311 738 1893 808">
    <p class='ocr_par' dir='ltr' id='par_1_6' title="bbox 311 738 1893 808">
     <span class='ocr_line' id='line_1_6' title="bbox 311 738 1893 808; baseline -0.004 -10"><span class='ocrx_word' id='word_1_32' title='bbox 311 743 725 799; x_wconf 85' lang='lat' dir='ltr'><strong><em>stabilimentum</em></strong></span> <span class='ocrx_word' id='word_1_33' title='bbox 765 752 862 797; x_wconf 90' lang='lat' dir='ltr'><strong><em>est.</em></strong></span> <span class='ocrx_word' id='word_1_34' title='bbox 916 743 981 796; x_wconf 86' lang='lat' dir='ltr'><strong><em>Et</em></strong></span> <span class='ocrx_word' id='word_1_35' title='bbox 1023 743 1264 796; x_wconf 88' lang='lat' dir='ltr'><strong><em>iterum:</em></strong></span> <span class='ocrx_word' id='word_1_36' title='bbox 1300 739 1490 794; x_wconf 78' lang='lat' dir='ltr'><strong><em>Melior</em></strong></span> <span class='ocrx_word' id='word_1_37' title='bbox 1522 747 1595 793; x_wconf 88' lang='lat' dir='ltr'><strong><em>est</em></strong></span> <span class='ocrx_word' id='word_1_38' title='bbox 1637 738 1893 808; x_wconf 75' lang='lat' dir='ltr'><strong><em>sapientia</em></strong></span> 
     </span>
    </p>
   </div>
   <div class='ocr_carea' id='block_1_7' title="bbox 311 829 1894 906">
    <p class='ocr_par' dir='ltr' id='par_1_7' title="bbox 311 829 1894 906">
     <span class='ocr_line' id='line_1_7' title="bbox 311 829 1894 906; baseline -0.004 -17"><span class='ocrx_word' id='word_1_39' title='bbox 311 854 467 906; x_wconf 84' lang='lat' dir='ltr'><strong><em>quam</em></strong></span> <span class='ocrx_word' id='word_1_40' title='bbox 495 837 648 897; x_wconf 77' lang='lat' dir='ltr'><strong><em>vires,</em></strong></span> <span class='ocrx_word' id='word_1_41' title='bbox 673 844 721 888; x_wconf 86' lang='lat' dir='ltr'><strong><em>et</em></strong></span> <span class='ocrx_word' id='word_1_42' title='bbox 755 835 833 888; x_wconf 80' lang='lat' dir='ltr'><strong><em>vir</em></strong></span> <span class='ocrx_word' id='word_1_43' title='bbox 867 833 1093 904; x_wconf 83' lang='lat' dir='ltr'><strong><em>prudens</em></strong></span> <span class='ocrx_word' id='word_1_44' title='bbox 1130 834 1294 902; x_wconf 86' lang='lat' dir='ltr'><strong><em>magis</em></strong></span> <span class='ocrx_word' id='word_1_45' title='bbox 1315 849 1470 902; x_wconf 89' lang='lat' dir='ltr'><strong><em>quam</em></strong></span> <span class='ocrx_word' id='word_1_46' title='bbox 1502 830 1672 898; x_wconf 83' lang='lat' dir='ltr'><strong><em>fortis.</em></strong></span> <span class='ocrx_word' id='word_1_47' title='bbox 1703 829 1894 883; x_wconf 80' lang='lat' dir='ltr'><strong><em>Audite</em></strong></span> 
     </span>
    </p>
   </div>
   <div class='ocr_carea' id='block_1_8' title="bbox 313 918 1889 995">
    <p class='ocr_par' dir='ltr' id='par_1_8' title="bbox 313 918 1889 995">
     <span class='ocr_line' id='line_1_8' title="bbox 313 918 1889 995; baseline -0.005 -16"><span class='ocrx_word' id='word_1_48' title='bbox 313 942 460 995; x_wconf 84' lang='lat' dir='ltr'><strong><em>ergo,</em></strong></span> <span class='ocrx_word' id='word_1_49' title='bbox 480 940 642 992; x_wconf 86' lang='lat' dir='ltr'><strong><em>reges,</em></strong></span> <span class='ocrx_word' id='word_1_50' title='bbox 663 933 709 975; x_wconf 88' lang='lat' dir='ltr'><strong><em>et</em></strong></span> <span class='ocrx_word' id='word_1_51' title='bbox 732 922 1019 992; x_wconf 88' lang='lat' dir='ltr'><strong><em>intelligite,</em></strong></span> <span class='ocrx_word' id='word_1_52' title='bbox 1038 922 1238 983; x_wconf 87' lang='lat' dir='ltr'><strong><em>discite,</em></strong></span> <span class='ocrx_word' id='word_1_53' title='bbox 1248 919 1478 990; x_wconf 86' lang='lat' dir='ltr'><strong><em>judices,</em></strong></span> <span class='ocrx_word' id='word_1_54' title='bbox 1504 918 1690 986; x_wconf 82' lang='lat' dir='ltr'><strong><em>ﬁnium</em></strong></span> <span class='ocrx_word' id='word_1_55' title='bbox 1718 926 1889 971; x_wconf 63' lang='lat' dir='ltr'><strong><em>terror.</em></strong></span> 
     </span>
    </p>
   </div>
   <div class='ocr_carea' id='block_1_9' title="bbox 311 1007 1893 1084">
    <p class='ocr_par' dir='ltr' id='par_1_9' title="bbox 311 1007 1893 1084">
     <span class='ocr_line' id='line_1_9' title="bbox 311 1007 1893 1084; baseline -0.005 -14"><span class='ocrx_word' id='word_1_56' title='bbox 311 1016 558 1084; x_wconf 85' lang='lat' dir='ltr'><strong><em>Itemque</em></strong></span> <span class='ocrx_word' id='word_1_57' title='bbox 587 1033 600 1067; x_wconf 89' lang='lat'><strong>:</strong></span> <span class='ocrx_word' id='word_1_58' title='bbox 631 1013 850 1067; x_wconf 83' lang='lat' dir='ltr'><strong><em>Habebo</em></strong></span> <span class='ocrx_word' id='word_1_59' title='bbox 898 1023 1104 1083; x_wconf 80' lang='lat' dir='ltr'><strong><em>propter</em></strong></span> <span class='ocrx_word' id='word_1_60' title='bbox 1145 1013 1277 1065; x_wconf 90' lang='lat' dir='ltr'><strong><em>hanc</em></strong></span> <span class='ocrx_word' id='word_1_61' title='bbox 1324 1010 1488 1082; x_wconf 91' lang='lat' dir='ltr'><strong><em>(haud</em></strong></span> <span class='ocrx_word' id='word_1_62' title='bbox 1517 1007 1736 1062; x_wconf 85' lang='lat' dir='ltr'><strong><em>dubium</em></strong></span> <span class='ocrx_word' id='word_1_63' title='bbox 1764 1008 1893 1076; x_wconf 91' lang='lat' dir='ltr'><strong><em>quin</em></strong></span> 
     </span>
    </p>
   </div>
   <div class='ocr_carea' id='block_1_10' title="bbox 314 1103 1894 1181">
    <p class='ocr_par' dir='ltr' id='par_1_10' title="bbox 314 1103 1894 1181">
     <span class='ocr_line' id='line_1_10' title="bbox 314 1103 1894 1181; baseline -0.008 -16"><span class='ocrx_word' id='word_1_64' title='bbox 314 1122 543 1181; x_wconf 78' lang='lat' dir='ltr'><strong><em>propter</em></strong></span> <span class='ocrx_word' id='word_1_65' title='bbox 571 1107 917 1178; x_wconf 81' lang='lat' dir='ltr'><strong><em>sapientiam)</em></strong></span> <span class='ocrx_word' id='word_1_66' title='bbox 940 1106 1230 1160; x_wconf 86' lang='lat' dir='ltr'><strong><em>claritatem</em></strong></span> <span class='ocrx_word' id='word_1_67' title='bbox 1252 1103 1321 1157; x_wconf 89' lang='lat' dir='ltr'><strong><em>ad</em></strong></span> <span class='ocrx_word' id='word_1_68' title='bbox 1351 1104 1553 1169; x_wconf 84' lang='lat' dir='ltr'><strong><em>turbas,</em></strong></span> <span class='ocrx_word' id='word_1_69' title='bbox 1581 1114 1626 1156; x_wconf 89' lang='lat' dir='ltr'><strong><em>et</em></strong></span> <span class='ocrx_word' id='word_1_70' title='bbox 1649 1105 1894 1156; x_wconf 85' lang='lat' dir='ltr'><strong><em>honorem</em></strong></span> 
     </span>
    </p>
   </div>
   <div class='ocr_carea' id='block_1_11' title="bbox 313 1191 1890 1272">
    <p class='ocr_par' dir='ltr' id='par_1_11' title="bbox 313 1191 1890 1272">
     <span class='ocr_line' id='line_1_11' title="bbox 313 1191 1890 1272; baseline -0.007 -18"><span class='ocrx_word' id='word_1_71' title='bbox 313 1201 460 1272; x_wconf 86' lang='lat' dir='ltr'><strong><em>apud</em></strong></span> <span class='ocrx_word' id='word_1_72' title='bbox 503 1201 728 1254; x_wconf 77' lang='lat' dir='ltr'><strong><em>seniores</em></strong></span> <span class='ocrx_word' id='word_1_73' title='bbox 769 1198 997 1267; x_wconf 73' lang='lat' dir='ltr'><strong><em>juvenis,</em></strong></span> <span class='ocrx_word' id='word_1_74' title='bbox 1043 1205 1088 1249; x_wconf 89' lang='lat' dir='ltr'><strong><em>et</em></strong></span> <span class='ocrx_word' id='word_1_75' title='bbox 1115 1203 1298 1248; x_wconf 88' lang='lat' dir='ltr'><strong><em>acutus</em></strong></span> <span class='ocrx_word' id='word_1_76' title='bbox 1329 1194 1566 1247; x_wconf 88' lang='lat' dir='ltr'><strong><em>inveniar</em></strong></span> <span class='ocrx_word' id='word_1_77' title='bbox 1593 1193 1646 1246; x_wconf 89' lang='lat' dir='ltr'><strong><em>in</em></strong></span> <span class='ocrx_word' id='word_1_78' title='bbox 1665 1191 1890 1262; x_wconf 86' lang='lat' dir='ltr'><strong><em>judicio.</em></strong></span> 
     </span>
    </p>
   </div>
   <div class='ocr_carea' id='block_1_12' title="bbox 316 1280 1894 1358">
    <p class='ocr_par' dir='ltr' id='par_1_12' title="bbox 316 1280 1894 1358">
     <span class='ocr_line' id='line_1_12' title="bbox 316 1280 1894 1358; baseline -0.009 -13"><span class='ocrx_word' id='word_1_79' title='bbox 316 1288 394 1344; x_wconf 90' lang='lat' dir='ltr'><strong><em>De</em></strong></span> <span class='ocrx_word' id='word_1_80' title='bbox 423 1304 531 1358; x_wconf 91' lang='lat' dir='ltr'><strong><em>quo</em></strong></span> <span class='ocrx_word' id='word_1_81' title='bbox 559 1290 749 1343; x_wconf 87' lang='lat' dir='ltr'><strong><em>beatus</em></strong></span> <span class='ocrx_word' id='word_1_82' title='bbox 792 1300 1007 1355; x_wconf 87' lang='lat' dir='ltr'><strong><em>quoque</em></strong></span> <span class='ocrx_word' id='word_1_83' title='bbox 1045 1284 1145 1339; x_wconf 81' lang='lat' dir='ltr'><strong><em>Job</em></strong></span> <span class='ocrx_word' id='word_1_84' title='bbox 1183 1282 1382 1337; x_wconf 77' lang='lat' dir='ltr'><strong><em>fatetur</em></strong></span> <span class='ocrx_word' id='word_1_85' title='bbox 1411 1282 1598 1336; x_wconf 92' lang='lat' dir='ltr'><strong><em>dicens</em></strong></span> <span class='ocrx_word' id='word_1_86' title='bbox 1627 1298 1640 1333; x_wconf 89' lang='lat'><strong>:</strong></span> <span class='ocrx_word' id='word_1_87' title='bbox 1676 1280 1737 1335; x_wconf 89' lang='lat' dir='ltr'><strong><em>Si</em></strong></span> <span class='ocrx_word' id='word_1_88' title='bbox 1768 1297 1894 1332; x_wconf 89' lang='lat' dir='ltr'><strong><em>con-</em></strong></span> 
     </span>
    </p>
   </div>
   <div class='ocr_carea' id='block_1_13' title="bbox 315 1367 1897 1449">
    <p class='ocr_par' dir='ltr' id='par_1_13' title="bbox 315 1367 1897 1449">
     <span class='ocr_line' id='line_1_13' title="bbox 315 1367 1897 1449; baseline -0.008 -16"><span class='ocrx_word' id='word_1_89' title='bbox 315 1381 507 1449; x_wconf 85' lang='lat' dir='ltr'><strong><em>tempsi</em></strong></span> <span class='ocrx_word' id='word_1_90' title='bbox 548 1378 720 1432; x_wconf 88' lang='lat' dir='ltr'><strong><em>subire</em></strong></span> <span class='ocrx_word' id='word_1_91' title='bbox 765 1375 1030 1445; x_wconf 77' lang='lat' dir='ltr'><strong><em>judicium</em></strong></span> <span class='ocrx_word' id='word_1_92' title='bbox 1078 1389 1194 1427; x_wconf 88' lang='lat' dir='ltr'><strong><em>cum</em></strong></span> <span class='ocrx_word' id='word_1_93' title='bbox 1242 1388 1387 1426; x_wconf 88' lang='lat' dir='ltr'><strong><em>servo</em></strong></span> <span class='ocrx_word' id='word_1_94' title='bbox 1438 1387 1574 1434; x_wconf 88' lang='lat' dir='ltr'><strong><em>meo,</em></strong></span> <span class='ocrx_word' id='word_1_95' title='bbox 1615 1378 1663 1423; x_wconf 88' lang='lat' dir='ltr'><strong><em>et</em></strong></span> <span class='ocrx_word' id='word_1_96' title='bbox 1702 1367 1897 1422; x_wconf 78' lang='lat' dir='ltr'><strong><em>ancilla</em></strong></span> 
     </span>
    </p>
   </div>
   <div class='ocr_carea' id='block_1_14' title="bbox 313 1457 1897 1536">
    <p class='ocr_par' dir='ltr' id='par_1_14' title="bbox 313 1457 1897 1536">
     <span class='ocr_line' id='line_1_14' title="bbox 313 1457 1897 1536; baseline -0.006 -14"><span class='ocrx_word' id='word_1_97' title='bbox 313 1488 460 1534; x_wconf 85' lang='lat' dir='ltr'><strong><em>mea,</em></strong></span> <span class='ocrx_word' id='word_1_98' title='bbox 514 1485 632 1523; x_wconf 87' lang='lat' dir='ltr'><strong><em>cum</em></strong></span> <span class='ocrx_word' id='word_1_99' title='bbox 678 1467 1022 1536; x_wconf 77' lang='lat' dir='ltr'><strong><em>disceptarent</em></strong></span> <span class='ocrx_word' id='word_1_100' title='bbox 1073 1463 1344 1516; x_wconf 85' lang='lat' dir='ltr'><strong><em>adversum</em></strong></span> <span class='ocrx_word' id='word_1_101' title='bbox 1393 1475 1491 1513; x_wconf 88' lang='lat' dir='ltr'><strong><em>me.</em></strong></span> <span class='ocrx_word' id='word_1_102' title='bbox 1539 1457 1722 1528; x_wconf 88' lang='lat' dir='ltr'><strong><em>Neque</em></strong></span> <span class='ocrx_word' id='word_1_103' title='bbox 1753 1457 1897 1512; x_wconf 83' lang='lat' dir='ltr'><strong><em>enim</em></strong></span> 
     </span>
    </p>
   </div>
   <div class='ocr_carea' id='block_1_15' title="bbox 312 1546 1897 1620">
    <p class='ocr_par' dir='ltr' id='par_1_15' title="bbox 312 1546 1897 1620">
     <span class='ocr_line' id='line_1_15' title="bbox 312 1546 1897 1620; baseline -0.009 -6"><span class='ocrx_word' id='word_1_104' title='bbox 312 1567 551 1614; x_wconf 86' lang='lat' dir='ltr'><strong><em>sanctus</em></strong></span> <span class='ocrx_word' id='word_1_105' title='bbox 575 1557 672 1611; x_wconf 85' lang='lat' dir='ltr'><strong><em>Job</em></strong></span> <span class='ocrx_word' id='word_1_106' title='bbox 697 1573 814 1612; x_wconf 89' lang='lat' dir='ltr'><strong><em>cum</em></strong></span> <span class='ocrx_word' id='word_1_107' title='bbox 849 1555 1022 1611; x_wconf 77' lang='lat' dir='ltr'><strong><em>servis</em></strong></span> <span class='ocrx_word' id='word_1_108' title='bbox 1050 1552 1368 1620; x_wconf 87' lang='lat' dir='ltr'><strong><em>ancillisque</em></strong></span> <span class='ocrx_word' id='word_1_109' title='bbox 1398 1549 1590 1620; x_wconf 76' lang='lat' dir='ltr'><strong><em>gladiis</em></strong></span> <span class='ocrx_word' id='word_1_110' title='bbox 1617 1555 1711 1603; x_wconf 89' lang='lat' dir='ltr'><strong><em>aut</em></strong></span> <span class='ocrx_word' id='word_1_111' title='bbox 1739 1546 1897 1600; x_wconf 84' lang='lat' dir='ltr'><strong><em>fusti-</em></strong></span> 
     </span>
    </p>
   </div>
   <div class='ocr_carea' id='block_1_16' title="bbox 313 1637 1898 1719">
    <p class='ocr_par' dir='ltr' id='par_1_16' title="bbox 313 1637 1898 1719">
     <span class='ocr_line' id='line_1_16' title="bbox 313 1637 1898 1719; baseline -0.01 -14"><span class='ocrx_word' id='word_1_112' title='bbox 313 1653 421 1705; x_wconf 89' lang='lat' dir='ltr'><strong><em>bus</em></strong></span> <span class='ocrx_word' id='word_1_113' title='bbox 459 1647 812 1719; x_wconf 80' lang='lat' dir='ltr'><strong><em>conﬂigebat;</em></strong></span> <span class='ocrx_word' id='word_1_114' title='bbox 861 1661 982 1700; x_wconf 92' lang='lat' dir='ltr'><strong><em>cum</em></strong></span> <span class='ocrx_word' id='word_1_115' title='bbox 1030 1644 1195 1699; x_wconf 85' lang='lat' dir='ltr'><strong><em>sciret</em></strong></span> <span class='ocrx_word' id='word_1_116' title='bbox 1241 1640 1550 1710; x_wconf 75' lang='lat' dir='ltr'><strong><em>aequitatem</em></strong></span> <span class='ocrx_word' id='word_1_117' title='bbox 1594 1651 1700 1692; x_wconf 91' lang='lat' dir='ltr'><strong><em>non</em></strong></span> <span class='ocrx_word' id='word_1_118' title='bbox 1737 1637 1898 1692; x_wconf 68' lang='lat' dir='ltr'><strong><em>caadi-</em></strong></span> 
     </span>
    </p>
   </div>
   <div class='ocr_carea' id='block_1_17' title="bbox 316 1728 1894 1808">
    <p class='ocr_par' dir='ltr' id='par_1_17' title="bbox 316 1728 1894 1808">
     <span class='ocr_line' id='line_1_17' title="bbox 316 1728 1894 1808; baseline -0.01 -13"><span class='ocrx_word' id='word_1_119' title='bbox 316 1741 446 1805; x_wconf 84' lang='lat' dir='ltr'><strong><em>bus,</em></strong></span> <span class='ocrx_word' id='word_1_120' title='bbox 489 1739 583 1794; x_wconf 91' lang='lat' dir='ltr'><strong><em>sed</em></strong></span> <span class='ocrx_word' id='word_1_121' title='bbox 637 1737 901 1808; x_wconf 84' lang='lat' dir='ltr'><strong><em>sapientia</em></strong></span> <span class='ocrx_word' id='word_1_122' title='bbox 949 1743 1004 1789; x_wconf 87' lang='lat' dir='ltr'><strong><em>et</em></strong></span> <span class='ocrx_word' id='word_1_123' title='bbox 1050 1732 1419 1789; x_wconf 83' lang='lat' dir='ltr'><strong><em>misericordia</em></strong></span> <span class='ocrx_word' id='word_1_124' title='bbox 1447 1728 1894 1799; x_wconf 87' lang='lat' dir='ltr'><strong><em>componendam,</em></strong></span> 
     </span>
    </p>
   </div>
   <div class='ocr_carea' id='block_1_18' title="bbox 316 1819 1899 1900">
    <p class='ocr_par' dir='ltr' id='par_1_18' title="bbox 316 1819 1899 1900">
     <span class='ocr_line' id='line_1_18' title="bbox 316 1819 1899 1900; baseline -0.009 -15"><span class='ocrx_word' id='word_1_125' title='bbox 316 1845 440 1900; x_wconf 75' lang='lat' dir='ltr'><strong><em>qua:</em></strong></span> <span class='ocrx_word' id='word_1_126' title='bbox 463 1845 563 1900; x_wconf 85' lang='lat' dir='ltr'><strong><em>per</em></strong></span> <span class='ocrx_word' id='word_1_127' title='bbox 605 1829 834 1897; x_wconf 80' lang='lat' dir='ltr'><strong><em>seipsatn</em></strong></span> <span class='ocrx_word' id='word_1_128' title='bbox 875 1826 1112 1896; x_wconf 88' lang='lat' dir='ltr'><strong><em>loquitur</em></strong></span> <span class='ocrx_word' id='word_1_129' title='bbox 1145 1824 1365 1878; x_wconf 90' lang='lat' dir='ltr'><strong><em>dicens:</em></strong></span> <span class='ocrx_word' id='word_1_130' title='bbox 1395 1820 1571 1875; x_wconf 83' lang='lat' dir='ltr'><strong><em>Meum</em></strong></span> <span class='ocrx_word' id='word_1_131' title='bbox 1609 1829 1685 1873; x_wconf 90' lang='lat' dir='ltr'><strong><em>est</em></strong></span> <span class='ocrx_word' id='word_1_132' title='bbox 1726 1819 1899 1872; x_wconf 89' lang='lat' dir='ltr'><strong><em>consi-</em></strong></span> 
     </span>
    </p>
   </div>
   <div class='ocr_carea' id='block_1_19' title="bbox 1997 647 3570 720">
    <p class='ocr_par' dir='ltr' id='par_1_19' title="bbox 1997 647 3570 720">
     <span class='ocr_line' id='line_1_19' title="bbox 1997 647 3570 720; baseline -0.001 -17"><span class='ocrx_word' id='word_1_133' title='bbox 1997 657 2169 715; x_wconf 89' lang='lat' dir='ltr'><strong><em>tente;</em></strong></span> <span class='ocrx_word' id='word_1_134' title='bbox 2202 665 2326 704; x_wconf 91' lang='lat' dir='ltr'><strong><em>cum</em></strong></span> <span class='ocrx_word' id='word_1_135' title='bbox 2355 659 2409 703; x_wconf 92' lang='lat' dir='ltr'><strong><em>et</em></strong></span> <span class='ocrx_word' id='word_1_136' title='bbox 2442 649 2617 718; x_wconf 87' lang='lat' dir='ltr'><strong><em>capilli</em></strong></span> <span class='ocrx_word' id='word_1_137' title='bbox 2649 649 2839 720; x_wconf 86' lang='lat' dir='ltr'><strong><em>capitis</em></strong></span> <span class='ocrx_word' id='word_1_138' title='bbox 2868 647 3104 702; x_wconf 87' lang='lat' dir='ltr'><strong><em>ﬁdelium</em></strong></span> <span class='ocrx_word' id='word_1_139' title='bbox 3146 663 3334 703; x_wconf 90' lang='lat' dir='ltr'><strong><em>omnes</em></strong></span> <span class='ocrx_word' id='word_1_140' title='bbox 3379 663 3570 703; x_wconf 85' lang='lat' dir='ltr'><strong><em>nume-</em></strong></span> 
     </span>
    </p>
   </div>
   <div class='ocr_carea' id='block_1_20' title="bbox 1994 737 3577 807">
    <p class='ocr_par' dir='ltr' id='par_1_20' title="bbox 1994 737 3577 807">
     <span class='ocr_line' id='line_1_20' title="bbox 1994 737 3577 807; baseline 0 -13"><span class='ocrx_word' id='word_1_141' title='bbox 1994 741 2096 794; x_wconf 86' lang='lat' dir='ltr'><strong><em>rati</em></strong></span> <span class='ocrx_word' id='word_1_142' title='bbox 2135 740 2260 806; x_wconf 91' lang='lat' dir='ltr'><strong><em>sint,</em></strong></span> <span class='ocrx_word' id='word_1_143' title='bbox 2292 749 2348 796; x_wconf 92' lang='lat' dir='ltr'><strong><em>et</em></strong></span> <span class='ocrx_word' id='word_1_144' title='bbox 2371 755 2512 795; x_wconf 91' lang='lat' dir='ltr'><strong><em>unus</em></strong></span> <span class='ocrx_word' id='word_1_145' title='bbox 2537 756 2602 794; x_wconf 88' lang='lat' dir='ltr'><strong><em>ex</em></strong></span> <span class='ocrx_word' id='word_1_146' title='bbox 2630 739 2836 794; x_wconf 89' lang='lat' dir='ltr'><strong><em>duobus</em></strong></span> <span class='ocrx_word' id='word_1_147' title='bbox 2867 747 2959 793; x_wconf 89' lang='lat' dir='ltr'><strong><em>aut</em></strong></span> <span class='ocrx_word' id='word_1_148' title='bbox 2993 738 3230 807; x_wconf 86' lang='lat' dir='ltr'><strong><em>quinque</em></strong></span> <span class='ocrx_word' id='word_1_149' title='bbox 3264 737 3577 806; x_wconf 82' lang='lat' dir='ltr'><strong><em>passeribus</em></strong></span> 
     </span>
    </p>
   </div>
   <div class='ocr_carea' id='block_1_21' title="bbox 1993 827 3576 896">
    <p class='ocr_par' dir='ltr' id='par_1_21' title="bbox 1993 827 3576 896">
     <span class='ocr_line' id='line_1_21' title="bbox 1993 827 3576 896; baseline -0.004 -10"><span class='ocrx_word' id='word_1_150' title='bbox 1993 847 2101 886; x_wconf 90' lang='lat' dir='ltr'><strong><em>non</em></strong></span> <span class='ocrx_word' id='word_1_151' title='bbox 2128 831 2286 885; x_wconf 87' lang='lat' dir='ltr'><strong><em>cadat</em></strong></span> <span class='ocrx_word' id='word_1_152' title='bbox 2309 832 2363 886; x_wconf 92' lang='lat' dir='ltr'><strong><em>in</em></strong></span> <span class='ocrx_word' id='word_1_153' title='bbox 2390 840 2590 885; x_wconf 90' lang='lat' dir='ltr'><strong><em>terram</em></strong></span> <span class='ocrx_word' id='word_1_154' title='bbox 2621 830 2737 883; x_wconf 91' lang='lat' dir='ltr'><strong><em>sine</em></strong></span> <span class='ocrx_word' id='word_1_155' title='bbox 2763 828 2895 894; x_wconf 89' lang='lat' dir='ltr'><strong><em>Deo,</em></strong></span> <span class='ocrx_word' id='word_1_156' title='bbox 2930 836 2985 882; x_wconf 86' lang='lat' dir='ltr'><strong><em>et</em></strong></span> <span class='ocrx_word' id='word_1_157' title='bbox 3021 828 3161 882; x_wconf 84' lang='lat' dir='ltr'><strong><em>sicut</em></strong></span> <span class='ocrx_word' id='word_1_158' title='bbox 3190 827 3404 896; x_wconf 89' lang='lat' dir='ltr'><strong><em>quidam</em></strong></span> <span class='ocrx_word' id='word_1_159' title='bbox 3447 843 3576 880; x_wconf 87' lang='lat' dir='ltr'><strong><em>san-</em></strong></span> 
     </span>
    </p>
   </div>
   <div class='ocr_carea' id='block_1_22' title="bbox 1993 916 3573 992">
    <p class='ocr_par' dir='ltr' id='par_1_22' title="bbox 1993 916 3573 992">
     <span class='ocr_line' id='line_1_22' title="bbox 1993 916 3573 992; baseline -0.003 -17"><span class='ocrx_word' id='word_1_160' title='bbox 1993 929 2202 976; x_wconf 85' lang='lat' dir='ltr'><strong><em>ctorum</em></strong></span> <span class='ocrx_word' id='word_1_161' title='bbox 2236 923 2309 975; x_wconf 88' lang='lat' dir='ltr'><strong><em>ait</em></strong></span> <span class='ocrx_word' id='word_1_162' title='bbox 2340 920 2496 992; x_wconf 80' lang='lat' dir='ltr'><strong><em>(Aug.</em></strong></span> <span class='ocrx_word' id='word_1_163' title='bbox 2531 920 2584 973; x_wconf 90' lang='lat' dir='ltr'><strong><em>in</em></strong></span> <span class='ocrx_word' id='word_1_164' title='bbox 2624 919 2817 972; x_wconf 86' lang='lat' dir='ltr'><strong><em>Matth.</em></strong></span> <span class='ocrx_word' id='word_1_165' title='bbox 2847 935 3001 971; x_wconf 89' lang='lat' dir='ltr'><strong><em>serm.</em></strong></span> <span class='ocrx_word' id='word_1_166' title='bbox 3045 917 3097 988; x_wconf 89' lang='lat'><strong><em>6)</em></strong></span> <span class='ocrx_word' id='word_1_167' title='bbox 3128 932 3142 970; x_wconf 87' lang='lat'><strong>:</strong></span> <span class='ocrx_word' id='word_1_168' title='bbox 3179 936 3196 967; x_wconf 85' lang='grc'><em>‹</em></span> <span class='ocrx_word' id='word_1_169' title='bbox 3233 916 3342 971; x_wconf 84' lang='lat' dir='ltr'><strong><em>Nec</em></strong></span> <span class='ocrx_word' id='word_1_170' title='bbox 3387 916 3573 970; x_wconf 81' lang='lat' dir='ltr'><strong><em>folium</em></strong></span> 
     </span>
    </p>
   </div>
   <div class='ocr_carea' id='block_1_23' title="bbox 1994 1007 3576 1076">
    <p class='ocr_par' dir='ltr' id='par_1_23' title="bbox 1994 1007 3576 1076">
     <span class='ocr_line' id='line_1_23' title="bbox 1994 1007 3576 1076; baseline -0.004 -9"><span class='ocrx_word' id='word_1_171' title='bbox 1994 1013 2060 1067; x_wconf 92' lang='lat' dir='ltr'><strong><em>de</em></strong></span> <span class='ocrx_word' id='word_1_172' title='bbox 2088 1014 2282 1067; x_wconf 89' lang='lat' dir='ltr'><strong><em>arbore</em></strong></span> <span class='ocrx_word' id='word_1_173' title='bbox 2332 1013 2448 1066; x_wconf 89' lang='lat' dir='ltr'><strong><em>sine</em></strong></span> <span class='ocrx_word' id='word_1_174' title='bbox 2484 1019 2614 1065; x_wconf 90' lang='lat' dir='ltr'><strong><em>nutu</em></strong></span> <span class='ocrx_word' id='word_1_175' title='bbox 2642 1011 2735 1063; x_wconf 86' lang='lat' dir='ltr'><strong><em>Dei</em></strong></span> <span class='ocrx_word' id='word_1_176' title='bbox 2767 1010 2996 1064; x_wconf 88' lang='lat' dir='ltr'><strong><em>decidat.</em></strong></span> <span class='ocrx_word' id='word_1_177' title='bbox 3037 1027 3054 1059; x_wconf 72' lang='grc' dir='ltr'><strong><em>ι</em></strong></span> <span class='ocrx_word' id='word_1_178' title='bbox 3086 1007 3290 1060; x_wconf 89' lang='lat' dir='ltr'><strong><em>Tamen</em></strong></span> <span class='ocrx_word' id='word_1_179' title='bbox 3321 1007 3447 1076; x_wconf 87' lang='lat' dir='ltr'><strong><em>quia</em></strong></span> <span class='ocrx_word' id='word_1_180' title='bbox 3477 1021 3576 1060; x_wconf 86' lang='lat' dir='ltr'><strong><em>no-</em></strong></span> 
     </span>
    </p>
   </div>
   <div class='ocr_carea' id='block_1_24' title="bbox 1995 1097 3648 1164">
    <p class='ocr_par' dir='ltr' id='par_1_24' title="bbox 1995 1097 3648 1164">
     <span class='ocr_line' id='line_1_24' title="bbox 1995 1097 3648 1164; baseline -0.008 -6"><span class='ocrx_word' id='word_1_181' title='bbox 1995 1103 2265 1158; x_wconf 84' lang='lat' dir='ltr'><strong><em>tissimum</em></strong></span> <span class='ocrx_word' id='word_1_182' title='bbox 2292 1108 2375 1154; x_wconf 90' lang='lat' dir='ltr'><strong><em>est</em></strong></span> <span class='ocrx_word' id='word_1_183' title='bbox 2394 1101 2562 1155; x_wconf 87' lang='lat' dir='ltr'><strong><em>bonos</em></strong></span> <span class='ocrx_word' id='word_1_184' title='bbox 2584 1115 2612 1152; x_wconf 88' lang='lat' dir='ltr'><strong><em>a</em></strong></span> <span class='ocrx_word' id='word_1_185' title='bbox 2641 1099 2796 1153; x_wconf 89' lang='lat' dir='ltr'><strong><em>malis</em></strong></span> <span class='ocrx_word' id='word_1_186' title='bbox 2820 1097 3068 1160; x_wconf 90' lang='lat' dir='ltr'><strong><em>interﬁci,</em></strong></span> <span class='ocrx_word' id='word_1_187' title='bbox 3091 1111 3364 1163; x_wconf 89' lang='lat' dir='ltr'><strong><em>nunquam</em></strong></span> <span class='ocrx_word' id='word_1_188' title='bbox 3393 1102 3573 1147; x_wconf 86' lang='lat' dir='ltr'><strong><em>autem</em></strong></span> <span class='ocrx_word' id='word_1_189' title='bbox 3643 1161 3648 1164; x_wconf 28' lang='grc' dir='ltr'><em>η</em></span> 
     </span>
    </p>
   </div>
   <div class='ocr_carea' id='block_1_25' title="bbox 1994 1182 3575 1256">
    <p class='ocr_par' dir='ltr' id='par_1_25' title="bbox 1994 1182 3575 1256">
     <span class='ocr_line' id='line_1_25' title="bbox 1994 1182 3575 1256; baseline -0.007 -8"><span class='ocrx_word' id='word_1_190' title='bbox 1994 1193 2166 1248; x_wconf 87' lang='lat' dir='ltr'><strong><em>malos</em></strong></span> <span class='ocrx_word' id='word_1_191' title='bbox 2189 1209 2219 1247; x_wconf 90' lang='lat' dir='ltr'><strong><em>a</em></strong></span> <span class='ocrx_word' id='word_1_192' title='bbox 2243 1191 2424 1256; x_wconf 85' lang='lat' dir='ltr'><strong><em>bonis,</em></strong></span> <span class='ocrx_word' id='word_1_193' title='bbox 2447 1190 2549 1244; x_wconf 90' lang='lat' dir='ltr'><strong><em>nisi</em></strong></span> <span class='ocrx_word' id='word_1_194' title='bbox 2593 1191 2644 1243; x_wconf 91' lang='lat' dir='ltr'><strong><em>in</em></strong></span> <span class='ocrx_word' id='word_1_195' title='bbox 2685 1188 2838 1243; x_wconf 89' lang='lat' dir='ltr'><strong><em>bellis</em></strong></span> <span class='ocrx_word' id='word_1_196' title='bbox 2872 1185 3100 1256; x_wconf 87' lang='lat' dir='ltr'><strong><em>publicis</em></strong></span> <span class='ocrx_word' id='word_1_197' title='bbox 3124 1193 3178 1239; x_wconf 90' lang='lat' dir='ltr'><strong><em>et</em></strong></span> <span class='ocrx_word' id='word_1_198' title='bbox 3200 1185 3460 1255; x_wconf 83' lang='lat' dir='ltr'><strong><em>legalibus</em></strong></span> <span class='ocrx_word' id='word_1_199' title='bbox 3486 1182 3575 1251; x_wconf 85' lang='lat' dir='ltr'><strong><em>ju-</em></strong></span> 
     </span>
    </p>
   </div>
   <div class='ocr_carea' id='block_1_26' title="bbox 1997 1276 3575 1355">
    <p class='ocr_par' dir='ltr' id='par_1_26' title="bbox 1997 1276 3575 1355">
     <span class='ocr_line' id='line_1_26' title="bbox 1997 1276 3575 1355; baseline -0.006 -15"><span class='ocrx_word' id='word_1_200' title='bbox 1997 1286 2173 1350; x_wconf 90' lang='lat' dir='ltr'><strong><em>diciis,</em></strong></span> <span class='ocrx_word' id='word_1_201' title='bbox 2204 1285 2436 1355; x_wconf 85' lang='lat' dir='ltr'><strong><em>pertinet</em></strong></span> <span class='ocrx_word' id='word_1_202' title='bbox 2459 1285 2561 1337; x_wconf 91' lang='lat' dir='ltr'><strong><em>hoc</em></strong></span> <span class='ocrx_word' id='word_1_203' title='bbox 2590 1282 2657 1335; x_wconf 90' lang='lat' dir='ltr'><strong><em>ad</em></strong></span> <span class='ocrx_word' id='word_1_204' title='bbox 2692 1279 2900 1335; x_wconf 88' lang='lat' dir='ltr'><strong><em>occulta</em></strong></span> <span class='ocrx_word' id='word_1_205' title='bbox 2919 1276 3120 1346; x_wconf 90' lang='lat' dir='ltr'><strong><em>judicia</em></strong></span> <span class='ocrx_word' id='word_1_206' title='bbox 3149 1276 3266 1340; x_wconf 90' lang='lat' dir='ltr'><strong><em>Dei,</em></strong></span> <span class='ocrx_word' id='word_1_207' title='bbox 3298 1290 3416 1345; x_wconf 65' lang='lat' dir='ltr'><strong><em>quae</em></strong></span> <span class='ocrx_word' id='word_1_208' title='bbox 3446 1284 3575 1331; x_wconf 90' lang='lat' dir='ltr'><strong><em>sunt</em></strong></span> 
     </span>
    </p>
   </div>
   <div class='ocr_carea' id='block_1_27' title="bbox 1996 1365 3572 1445">
    <p class='ocr_par' dir='ltr' id='par_1_27' title="bbox 1996 1365 3572 1445">
     <span class='ocr_line' id='line_1_27' title="bbox 1996 1365 3572 1445; baseline -0.006 -14"><span class='ocrx_word' id='word_1_209' title='bbox 1996 1375 2136 1431; x_wconf 85' lang='lat' dir='ltr'><strong><em>sicut</em></strong></span> <span class='ocrx_word' id='word_1_210' title='bbox 2162 1375 2384 1445; x_wconf 88' lang='lat' dir='ltr'><strong><em>abyssus</em></strong></span> <span class='ocrx_word' id='word_1_211' title='bbox 2404 1373 2593 1437; x_wconf 90' lang='lat' dir='ltr'><strong><em>multa,</em></strong></span> <span class='ocrx_word' id='word_1_212' title='bbox 2615 1386 2716 1426; x_wconf 92' lang='lat' dir='ltr'><strong><em>nec</em></strong></span> <span class='ocrx_word' id='word_1_213' title='bbox 2747 1377 2829 1424; x_wconf 92' lang='lat' dir='ltr'><strong><em>est</em></strong></span> <span class='ocrx_word' id='word_1_214' title='bbox 2863 1369 3048 1424; x_wconf 87' lang='lat' dir='ltr'><strong><em>datum</em></strong></span> <span class='ocrx_word' id='word_1_215' title='bbox 3075 1365 3383 1421; x_wconf 88' lang='lat' dir='ltr'><strong><em>hominibus</em></strong></span> <span class='ocrx_word' id='word_1_216' title='bbox 3409 1381 3572 1422; x_wconf 91' lang='lat' dir='ltr'><strong><em>nosse</em></strong></span> 
     </span>
    </p>
   </div>
   <div class='ocr_carea' id='block_1_28' title="bbox 1996 1457 3570 1535">
    <p class='ocr_par' dir='ltr' id='par_1_28' title="bbox 1996 1457 3570 1535">
     <span class='ocr_line' id='line_1_28' title="bbox 1996 1457 3570 1535; baseline -0.007 -13"><span class='ocrx_word' id='word_1_217' title='bbox 1996 1481 2094 1522; x_wconf 90' lang='lat' dir='ltr'><strong><em>cur</em></strong></span> <span class='ocrx_word' id='word_1_218' title='bbox 2140 1465 2479 1535; x_wconf 90' lang='lat' dir='ltr'><strong><em>omnipotens</em></strong></span> <span class='ocrx_word' id='word_1_219' title='bbox 2526 1462 2600 1517; x_wconf 86' lang='lat' dir='ltr'><strong><em>ita</em></strong></span> <span class='ocrx_word' id='word_1_220' title='bbox 2642 1462 2922 1532; x_wconf 88' lang='lat' dir='ltr'><strong><em>permittat</em></strong></span> <span class='ocrx_word' id='word_1_221' title='bbox 2972 1459 3108 1513; x_wconf 88' lang='lat' dir='ltr'><strong><em>ﬁeri.</em></strong></span> <span class='ocrx_word' id='word_1_222' title='bbox 3157 1457 3344 1512; x_wconf 89' lang='lat' dir='ltr'><strong><em>Solere</em></strong></span> <span class='ocrx_word' id='word_1_223' title='bbox 3391 1465 3570 1511; x_wconf 89' lang='lat' dir='ltr'><strong><em>autem</em></strong></span> 
     </span>
    </p>
   </div>
   <div class='ocr_carea' id='block_1_29' title="bbox 1990 1547 3581 1628">
    <p class='ocr_par' dir='ltr' id='par_1_29' title="bbox 1990 1547 3581 1628">
     <span class='ocr_line' id='line_1_29' title="bbox 1990 1547 3581 1628; baseline -0.008 -14"><span class='ocrx_word' id='word_1_224' title='bbox 1990 1557 2168 1628; x_wconf 81' lang='lat' dir='ltr'><strong><em>justos</em></strong></span> <span class='ocrx_word' id='word_1_225' title='bbox 2206 1558 2273 1611; x_wconf 86' lang='lat' dir='ltr'><strong><em>ab</em></strong></span> <span class='ocrx_word' id='word_1_226' title='bbox 2314 1555 2510 1624; x_wconf 87' lang='lat' dir='ltr'><strong><em>iniquis</em></strong></span> <span class='ocrx_word' id='word_1_227' title='bbox 2556 1552 2788 1608; x_wconf 87' lang='lat' dir='ltr'><strong><em>interﬁci</em></strong></span> <span class='ocrx_word' id='word_1_228' title='bbox 2832 1558 3064 1604; x_wconf 83' lang='lat' dir='ltr'><strong><em>testatur</em></strong></span> <span class='ocrx_word' id='word_1_229' title='bbox 3109 1556 3164 1603; x_wconf 91' lang='lat' dir='ltr'><strong><em>et</em></strong></span> <span class='ocrx_word' id='word_1_230' title='bbox 3191 1547 3380 1611; x_wconf 86' lang='lat' dir='ltr'><strong><em>David,</em></strong></span> <span class='ocrx_word' id='word_1_231' title='bbox 3413 1560 3581 1614; x_wconf 83' lang='lat' dir='ltr'><strong><em>super</em></strong></span> 
     </span>
    </p>
   </div>
   <div class='ocr_carea' id='block_1_30' title="bbox 1995 1637 3576 1713">
    <p class='ocr_par' dir='ltr' id='par_1_30' title="bbox 1995 1637 3576 1713">
     <span class='ocr_line' id='line_1_30' title="bbox 1995 1637 3576 1713; baseline -0.008 -10"><span class='ocrx_word' id='word_1_232' title='bbox 1995 1649 2178 1704; x_wconf 85' lang='lat' dir='ltr'><strong><em>Abner</em></strong></span> <span class='ocrx_word' id='word_1_233' title='bbox 2220 1646 2460 1713; x_wconf 86' lang='lat' dir='ltr'><strong><em>interitu,</em></strong></span> <span class='ocrx_word' id='word_1_234' title='bbox 2507 1645 2695 1700; x_wconf 87' lang='lat' dir='ltr'><strong><em>dicens</em></strong></span> <span class='ocrx_word' id='word_1_235' title='bbox 2723 1661 2735 1695; x_wconf 90' lang='lat'><strong>:</strong></span> <span class='ocrx_word' id='word_1_236' title='bbox 2763 1641 3108 1712; x_wconf 86' lang='lat' dir='ltr'><strong><em>Nequaquam</em></strong></span> <span class='ocrx_word' id='word_1_237' title='bbox 3137 1649 3192 1692; x_wconf 89' lang='lat' dir='ltr'><strong><em>ut</em></strong></span> <span class='ocrx_word' id='word_1_238' title='bbox 3228 1640 3362 1692; x_wconf 89' lang='lat' dir='ltr'><strong><em>mori</em></strong></span> <span class='ocrx_word' id='word_1_239' title='bbox 3407 1637 3576 1691; x_wconf 85' lang='lat' dir='ltr'><strong><em>solent</em></strong></span> 
     </span>
    </p>
   </div>
   <div class='ocr_carea' id='block_1_31' title="bbox 1996 1728 3578 1809">
    <p class='ocr_par' dir='ltr' id='par_1_31' title="bbox 1996 1728 3578 1809">
     <span class='ocr_line' id='line_1_31' title="bbox 1996 1728 3578 1809; baseline -0.008 -17"><span class='ocrx_word' id='word_1_240' title='bbox 1996 1737 2193 1809; x_wconf 78' lang='lat' dir='ltr'><strong><em>ignavi,</em></strong></span> <span class='ocrx_word' id='word_1_241' title='bbox 2221 1746 2457 1790; x_wconf 89' lang='lat' dir='ltr'><strong><em>mortuus</em></strong></span> <span class='ocrx_word' id='word_1_242' title='bbox 2487 1741 2563 1788; x_wconf 86' lang='lat' dir='ltr'><strong><em>est</em></strong></span> <span class='ocrx_word' id='word_1_243' title='bbox 2591 1732 2785 1797; x_wconf 79' lang='lat' dir='ltr'><strong><em>Abner;</em></strong></span> <span class='ocrx_word' id='word_1_244' title='bbox 2807 1730 2898 1785; x_wconf 88' lang='lat' dir='ltr'><strong><em>sed</em></strong></span> <span class='ocrx_word' id='word_1_245' title='bbox 2918 1733 3050 1785; x_wconf 85' lang='lat' dir='ltr'><strong><em>sicut</em></strong></span> <span class='ocrx_word' id='word_1_246' title='bbox 3079 1728 3242 1783; x_wconf 85' lang='lat' dir='ltr'><strong><em>solent</em></strong></span> <span class='ocrx_word' id='word_1_247' title='bbox 3275 1729 3460 1782; x_wconf 89' lang='lat' dir='ltr'><strong><em>cadere</em></strong></span> <span class='ocrx_word' id='word_1_248' title='bbox 3483 1745 3578 1780; x_wconf 77' lang='lat' dir='ltr'><strong><em>co-</em></strong></span> 
     </span>
    </p>
   </div>
   <div class='ocr_carea' id='block_1_32' title="bbox 1998 1815 3578 1897">
    <p class='ocr_par' dir='ltr' id='par_1_32' title="bbox 1998 1815 3578 1897">
     <span class='ocr_line' id='line_1_32' title="bbox 1998 1815 3578 1897; baseline -0.007 -15"><span class='ocrx_word' id='word_1_249' title='bbox 1998 1846 2110 1883; x_wconf 87' lang='lat' dir='ltr'><strong><em>ram</em></strong></span> <span class='ocrx_word' id='word_1_250' title='bbox 2135 1827 2258 1897; x_wconf 81' lang='lat' dir='ltr'><strong><em>ﬁliis</em></strong></span> <span class='ocrx_word' id='word_1_251' title='bbox 2288 1824 2599 1896; x_wconf 80' lang='lat' dir='ltr'><strong><em>iniquitatis,</em></strong></span> <span class='ocrx_word' id='word_1_252' title='bbox 2633 1822 2847 1876; x_wconf 88' lang='lat' dir='ltr'><strong><em>corruit.</em></strong></span> <span class='ocrx_word' id='word_1_253' title='bbox 2874 1820 3002 1886; x_wconf 86' lang='lat' dir='ltr'><strong><em>Sed,</em></strong></span> <span class='ocrx_word' id='word_1_254' title='bbox 3046 1827 3106 1873; x_wconf 87' lang='lat' dir='ltr'><strong><em>ut</em></strong></span> <span class='ocrx_word' id='word_1_255' title='bbox 3148 1819 3402 1882; x_wconf 87' lang='lat' dir='ltr'><strong><em>diximus,</em></strong></span> <span class='ocrx_word' id='word_1_256' title='bbox 3443 1815 3578 1871; x_wconf 81' lang='lat' dir='ltr'><strong><em>nulli</em></strong></span> 
     </span>
    </p>
   </div>
   <div class='ocr_carea' id='block_1_33' title="bbox 315 1907 1904 1989">
    <p class='ocr_par' dir='ltr' id='par_1_33' title="bbox 315 1907 1893 1989">
     <span class='ocr_line' id='line_1_33' title="bbox 315 1907 1893 1989; baseline -0.009 -16"><span class='ocrx_word' id='word_1_257' title='bbox 315 1920 471 1986; x_wconf 88' lang='lat' dir='ltr'><strong><em>lium,</em></strong></span> <span class='ocrx_word' id='word_1_258' title='bbox 499 1929 548 1973; x_wconf 90' lang='lat' dir='ltr'><strong><em>et</em></strong></span> <span class='ocrx_word' id='word_1_259' title='bbox 573 1919 813 1989; x_wconf 73' lang='lat' dir='ltr'><strong><em>a’quitas,</em></strong></span> <span class='ocrx_word' id='word_1_260' title='bbox 859 1933 972 1970; x_wconf 88' lang='lat' dir='ltr'><strong><em>mea</em></strong></span> <span class='ocrx_word' id='word_1_261' title='bbox 1018 1924 1092 1969; x_wconf 86' lang='lat' dir='ltr'><strong><em>est</em></strong></span> <span class='ocrx_word' id='word_1_262' title='bbox 1140 1912 1436 1985; x_wconf 82' lang='lat' dir='ltr'><strong><em>prudentia,</em></strong></span> <span class='ocrx_word' id='word_1_263' title='bbox 1476 1926 1592 1964; x_wconf 89' lang='lat' dir='ltr'><strong><em>mea</em></strong></span> <span class='ocrx_word' id='word_1_264' title='bbox 1636 1917 1712 1963; x_wconf 90' lang='lat' dir='ltr'><strong><em>est</em></strong></span> <span class='ocrx_word' id='word_1_265' title='bbox 1743 1907 1893 1976; x_wconf 82' lang='lat' dir='ltr'><strong><em>forti-</em></strong></span> 
     </span>
    </p>
   </div>
   <div class='ocr_carea' id='block_1_34' title="bbox 2007 1907 3576 1989">
    <p class='ocr_par' dir='ltr' id='par_1_34' title="bbox 2007 1907 3576 1986">
     <span class='ocr_line' id='line_1_34' title="bbox 2007 1907 3576 1986; baseline -0.008 -14"><span class='ocrx_word' id='word_1_266' title='bbox 2007 1921 2111 1974; x_wconf 74' lang='lat' dir='ltr'><strong><em>haec</em></strong></span> <span class='ocrx_word' id='word_1_267' title='bbox 2141 1916 2462 1986; x_wconf 83' lang='lat' dir='ltr'><strong><em>investigare</em></strong></span> <span class='ocrx_word' id='word_1_268' title='bbox 2484 1927 2801 1969; x_wconf 87' lang='lat' dir='ltr'><strong><em>concessum</em></strong></span> <span class='ocrx_word' id='word_1_269' title='bbox 2833 1917 2934 1973; x_wconf 86' lang='lat' dir='ltr'><strong><em>est,</em></strong></span> <span class='ocrx_word' id='word_1_270' title='bbox 2966 1908 3181 1980; x_wconf 88' lang='lat' dir='ltr'><strong><em>quando</em></strong></span> <span class='ocrx_word' id='word_1_271' title='bbox 3216 1916 3270 1963; x_wconf 88' lang='lat' dir='ltr'><strong><em>et</em></strong></span> <span class='ocrx_word' id='word_1_272' title='bbox 3298 1908 3411 1979; x_wconf 87' lang='lat' dir='ltr'><strong><em>ipse</em></strong></span> <span class='ocrx_word' id='word_1_273' title='bbox 3435 1907 3576 1961; x_wconf 87' lang='lat' dir='ltr'><strong><em>Pau-</em></strong></span> 
     </span>
    </p>
   </div>
   <div class='ocr_carea' id='block_1_35' title="bbox 315 2000 1896 2080">
    <p class='ocr_par' dir='ltr' id='par_1_35' title="bbox 315 2000 1896 2080">
     <span class='ocr_line' id='line_1_35' title="bbox 315 2000 1896 2080; baseline -0.009 -13"><span class='ocrx_word' id='word_1_274' title='bbox 315 2014 464 2067; x_wconf 88' lang='lat' dir='ltr'><strong><em>tudo.</em></strong></span> <span class='ocrx_word' id='word_1_275' title='bbox 525 2009 631 2066; x_wconf 87' lang='lat' dir='ltr'><strong><em>Per</em></strong></span> <span class='ocrx_word' id='word_1_276' title='bbox 677 2028 758 2066; x_wconf 89' lang='lat' dir='ltr'><strong><em>me</em></strong></span> <span class='ocrx_word' id='word_1_277' title='bbox 811 2027 954 2080; x_wconf 89' lang='lat' dir='ltr'><strong><em>reges</em></strong></span> <span class='ocrx_word' id='word_1_278' title='bbox 1003 2015 1242 2079; x_wconf 88' lang='lat' dir='ltr'><strong><em>regnant,</em></strong></span> <span class='ocrx_word' id='word_1_279' title='bbox 1294 2012 1344 2059; x_wconf 89' lang='lat' dir='ltr'><strong><em>et</em></strong></span> <span class='ocrx_word' id='word_1_280' title='bbox 1394 2003 1563 2073; x_wconf 90' lang='lat' dir='ltr'><strong><em>legum</em></strong></span> <span class='ocrx_word' id='word_1_281' title='bbox 1600 2000 1896 2055; x_wconf 86' lang='lat' dir='ltr'><strong><em>conditores</em></strong></span> 
     </span>
    </p>
   </div>
   <div class='ocr_carea' id='block_1_36' title="bbox 309 2097 1896 2174">
    <p class='ocr_par' dir='ltr' id='par_1_36' title="bbox 309 2097 1896 2174">
     <span class='ocr_line' id='line_1_36' title="bbox 309 2097 1896 2174; baseline -0.008 -17"><span class='ocrx_word' id='word_1_282' title='bbox 309 2105 461 2174; x_wconf 84' lang='lat' dir='ltr'><strong><em>justa</em></strong></span> <span class='ocrx_word' id='word_1_283' title='bbox 507 2103 815 2157; x_wconf 85' lang='lat' dir='ltr'><strong><em>decernunt.</em></strong></span> <span class='ocrx_word' id='word_1_284' title='bbox 845 2101 952 2155; x_wconf 89' lang='lat' dir='ltr'><strong><em>Per</em></strong></span> <span class='ocrx_word' id='word_1_285' title='bbox 972 2117 1051 2154; x_wconf 88' lang='lat' dir='ltr'><strong><em>me</em></strong></span> <span class='ocrx_word' id='word_1_286' title='bbox 1097 2099 1357 2169; x_wconf 87' lang='lat' dir='ltr'><strong><em>principes</em></strong></span> <span class='ocrx_word' id='word_1_287' title='bbox 1400 2097 1680 2166; x_wconf 86' lang='lat' dir='ltr'><strong><em>imperant,</em></strong></span> <span class='ocrx_word' id='word_1_288' title='bbox 1716 2101 1766 2146; x_wconf 88' lang='lat' dir='ltr'><strong><em>et</em></strong></span> <span class='ocrx_word' id='word_1_289' title='bbox 1800 2109 1896 2161; x_wconf 90' lang='lat' dir='ltr'><strong><em>po-</em></strong></span> 
     </span>
    </p>
   </div>
   <div class='ocr_carea' id='block_1_37' title="bbox 317 2181 1898 2262">
    <p class='ocr_par' dir='ltr' id='par_1_37' title="bbox 317 2181 1898 2262">
     <span class='ocr_line' id='line_1_37' title="bbox 317 2181 1898 2262; baseline -0.009 -14"><span class='ocrx_word' id='word_1_290' title='bbox 317 2205 481 2250; x_wconf 85' lang='lat' dir='ltr'><strong><em>tentes</em></strong></span> <span class='ocrx_word' id='word_1_291' title='bbox 509 2194 794 2248; x_wconf 87' lang='lat' dir='ltr'><strong><em>decernunt</em></strong></span> <span class='ocrx_word' id='word_1_292' title='bbox 832 2192 1114 2262; x_wconf 82' lang='lat' dir='ltr'><strong><em>justitiam.</em></strong></span> <span class='ocrx_word' id='word_1_293' title='bbox 1159 2188 1298 2242; x_wconf 83' lang='lat' dir='ltr'><strong><em>Hinc</em></strong></span> <span class='ocrx_word' id='word_1_294' title='bbox 1343 2193 1520 2240; x_wconf 89' lang='lat' dir='ltr'><strong><em>autem</em></strong></span> <span class='ocrx_word' id='word_1_295' title='bbox 1563 2190 1764 2239; x_wconf 74' lang='lat' dir='ltr'><strong><em>:eterna</em></strong></span> <span class='ocrx_word' id='word_1_296' title='bbox 1802 2181 1898 2235; x_wconf 91' lang='lat' dir='ltr'><strong><em>Dei</em></strong></span> 
     </span>
    </p>
   </div>
   <div class='ocr_carea' id='block_1_38' title="bbox 317 2274 1899 2354">
    <p class='ocr_par' dir='ltr' id='par_1_38' title="bbox 317 2274 1899 2354">
     <span class='ocr_line' id='line_1_38' title="bbox 317 2274 1899 2354; baseline -0.008 -14"><span class='ocrx_word' id='word_1_297' title='bbox 317 2285 583 2354; x_wconf 80' lang='lat' dir='ltr'><strong><em>sapientia</em></strong></span> <span class='ocrx_word' id='word_1_298' title='bbox 619 2281 942 2338; x_wconf 82' lang='lat' dir='ltr'><strong><em>indubitanti</em></strong></span> <span class='ocrx_word' id='word_1_299' title='bbox 971 2279 1071 2334; x_wconf 86' lang='lat' dir='ltr'><strong><em>ﬁde</em></strong></span> <span class='ocrx_word' id='word_1_300' title='bbox 1093 2277 1379 2348; x_wconf 67' lang='lat' dir='ltr'><strong><em>quaerenda</em></strong></span> <span class='ocrx_word' id='word_1_301' title='bbox 1409 2283 1510 2341; x_wconf 91' lang='lat' dir='ltr'><strong><em>est,</em></strong></span> <span class='ocrx_word' id='word_1_302' title='bbox 1561 2274 1814 2344; x_wconf 88' lang='lat' dir='ltr'><strong><em>precibus</em></strong></span> <span class='ocrx_word' id='word_1_303' title='bbox 1842 2281 1899 2327; x_wconf 89' lang='lat' dir='ltr'><strong><em>et</em></strong></span> 
     </span>
    </p>
   </div>
   <div class='ocr_carea' id='block_1_39' title="bbox 317 2361 1899 2435">
    <p class='ocr_par' dir='ltr' id='par_1_39' title="bbox 317 2361 1899 2435">
     <span class='ocr_line' id='line_1_39' title="bbox 317 2361 1899 2435; baseline -0.009 -4"><span class='ocrx_word' id='word_1_304' title='bbox 317 2376 643 2433; x_wconf 86' lang='lat' dir='ltr'><strong><em>lectionibus</em></strong></span> <span class='ocrx_word' id='word_1_305' title='bbox 689 2373 923 2428; x_wconf 88' lang='lat' dir='ltr'><strong><em>assiduis</em></strong></span> <span class='ocrx_word' id='word_1_306' title='bbox 959 2370 1248 2426; x_wconf 89' lang='lat' dir='ltr'><strong><em>obtinenda</em></strong></span> <span class='ocrx_word' id='word_1_307' title='bbox 1281 2376 1386 2432; x_wconf 90' lang='lat' dir='ltr'><strong><em>est,</em></strong></span> <span class='ocrx_word' id='word_1_308' title='bbox 1410 2365 1666 2435; x_wconf 81' lang='lat' dir='ltr'><strong><em>Apostolo</em></strong></span> <span class='ocrx_word' id='word_1_309' title='bbox 1694 2361 1899 2417; x_wconf 68' lang='lat' dir='ltr'><strong><em>Iacobo</em></strong></span> 
     </span>
    </p>
   </div>
   <div class='ocr_carea' id='block_1_40' title="bbox 316 2450 1898 2540">
    <p class='ocr_par' dir='ltr' id='par_1_40' title="bbox 316 2450 1898 2540">
     <span class='ocr_line' id='line_1_40' title="bbox 316 2450 1898 2540; baseline -0.011 -16"><span class='ocrx_word' id='word_1_310' title='bbox 316 2475 655 2540; x_wconf 86' lang='lat' dir='ltr'><strong><em>protestante</em></strong></span> <span class='ocrx_word' id='word_1_311' title='bbox 681 2485 692 2519; x_wconf 93' lang='lat'><strong>:</strong></span> <span class='ocrx_word' id='word_1_312' title='bbox 721 2463 778 2520; x_wconf 87' lang='lat' dir='ltr'><strong><em>Si</em></strong></span> <span class='ocrx_word' id='word_1_313' title='bbox 802 2464 938 2535; x_wconf 88' lang='lat' dir='ltr'><strong><em>quis,</em></strong></span> <span class='ocrx_word' id='word_1_314' title='bbox 981 2461 1172 2530; x_wconf 85' lang='lat' dir='ltr'><strong><em>inquit,</em></strong></span> <span class='ocrx_word' id='word_1_315' title='bbox 1200 2467 1425 2514; x_wconf 87' lang='lat' dir='ltr'><strong><em>vestrum</em></strong></span> <span class='ocrx_word' id='word_1_316' title='bbox 1461 2453 1655 2524; x_wconf 84' lang='lat' dir='ltr'><strong><em>indiget</em></strong></span> <span class='ocrx_word' id='word_1_317' title='bbox 1686 2450 1898 2523; x_wconf 88' lang='lat' dir='ltr'><strong><em>sapien—</em></strong></span> 
     </span>
    </p>
   </div>
   <div class='ocr_carea' id='block_1_41' title="bbox 316 2547 1898 2628">
    <p class='ocr_par' dir='ltr' id='par_1_41' title="bbox 316 2547 1898 2628">
     <span class='ocr_line' id='line_1_41' title="bbox 316 2547 1898 2628; baseline -0.013 -15"><span class='ocrx_word' id='word_1_318' title='bbox 316 2561 418 2624; x_wconf 90' lang='lat' dir='ltr'><strong><em>tia,</em></strong></span> <span class='ocrx_word' id='word_1_319' title='bbox 463 2556 685 2628; x_wconf 86' lang='lat' dir='ltr'><strong><em>postulet</em></strong></span> <span class='ocrx_word' id='word_1_320' title='bbox 712 2573 744 2608; x_wconf 86' lang='grc' dir='ltr'><em>α</em></span> <span class='ocrx_word' id='word_1_321' title='bbox 776 2554 881 2608; x_wconf 87' lang='lat' dir='ltr'><strong><em>Deo</em></strong></span> <span class='ocrx_word' id='word_1_322' title='bbox 908 2553 997 2624; x_wconf 92' lang='lat' dir='ltr'><strong><em>qui</em></strong></span> <span class='ocrx_word' id='word_1_323' title='bbox 1021 2552 1112 2604; x_wconf 88' lang='lat' dir='ltr'><strong><em>dat</em></strong></span> <span class='ocrx_word' id='word_1_324' title='bbox 1138 2548 1371 2604; x_wconf 89' lang='lat' dir='ltr'><strong><em>omnibus</em></strong></span> <span class='ocrx_word' id='word_1_325' title='bbox 1398 2547 1686 2617; x_wconf 78' lang='lat' dir='ltr'><strong><em>afﬂuenter,</em></strong></span> <span class='ocrx_word' id='word_1_326' title='bbox 1715 2550 1764 2596; x_wconf 88' lang='lat' dir='ltr'><strong><em>et</em></strong></span> <span class='ocrx_word' id='word_1_327' title='bbox 1792 2557 1898 2594; x_wconf 90' lang='lat' dir='ltr'><strong><em>non</em></strong></span> 
     </span>
    </p>
   </div>
   <div class='ocr_carea' id='block_1_42' title="bbox 315 2630 1898 2721">
    <p class='ocr_par' dir='ltr' id='par_1_42' title="bbox 315 2630 1898 2721">
     <span class='ocr_line' id='line_1_42' title="bbox 315 2630 1898 2721; baseline -0.013 -17"><span class='ocrx_word' id='word_1_328' title='bbox 315 2655 662 2721; x_wconf 82' lang='lat' dir='ltr'><strong><em>impmperat,</em></strong></span> <span class='ocrx_word' id='word_1_329' title='bbox 687 2655 736 2701; x_wconf 94' lang='lat' dir='ltr'><strong><em>et</em></strong></span> <span class='ocrx_word' id='word_1_330' title='bbox 767 2645 980 2699; x_wconf 89' lang='lat' dir='ltr'><strong><em>dabitur</em></strong></span> <span class='ocrx_word' id='word_1_331' title='bbox 1000 2642 1066 2695; x_wconf 88' lang='lat' dir='ltr'><strong><em>ei.</em></strong></span> <span class='ocrx_word' id='word_1_332' title='bbox 1096 2638 1331 2694; x_wconf 89' lang='lat' dir='ltr'><strong><em>Postulet</em></strong></span> <span class='ocrx_word' id='word_1_333' title='bbox 1359 2645 1530 2690; x_wconf 87' lang='lat' dir='ltr'><strong><em>autem</em></strong></span> <span class='ocrx_word' id='word_1_334' title='bbox 1561 2634 1616 2687; x_wconf 87' lang='lat' dir='ltr'><strong><em>in</em></strong></span> <span class='ocrx_word' id='word_1_335' title='bbox 1642 2632 1746 2701; x_wconf 82' lang='lat' dir='ltr'><strong><em>ﬁde</em></strong></span> <span class='ocrx_word' id='word_1_336' title='bbox 1769 2630 1898 2684; x_wconf 82' lang='lat' dir='ltr'><strong><em>nihil</em></strong></span> 
     </span>
    </p>
   </div>
   <div class='ocr_carea' id='block_1_43' title="bbox 315 2723 1897 2802">
    <p class='ocr_par' dir='ltr' id='par_1_43' title="bbox 315 2723 1897 2802">
     <span class='ocr_line' id='line_1_43' title="bbox 315 2723 1897 2802; baseline -0.011 -9"><span class='ocrx_word' id='word_1_337' title='bbox 315 2741 596 2794; x_wconf 73' lang='lat' dir='ltr'><strong><em>hcesitans.</em></strong></span> <span class='ocrx_word' id='word_1_338' title='bbox 630 2735 778 2802; x_wconf 85' lang='lat' dir='ltr'><strong><em>Quod</em></strong></span> <span class='ocrx_word' id='word_1_339' title='bbox 803 2749 933 2787; x_wconf 82' lang='lat' dir='ltr'><strong><em>vero</em></strong></span> <span class='ocrx_word' id='word_1_340' title='bbox 969 2731 1189 2787; x_wconf 86' lang='lat' dir='ltr'><strong><em>instanti</em></strong></span> <span class='ocrx_word' id='word_1_341' title='bbox 1228 2727 1456 2782; x_wconf 88' lang='lat' dir='ltr'><strong><em>lectione</em></strong></span> <span class='ocrx_word' id='word_1_342' title='bbox 1493 2725 1560 2779; x_wconf 88' lang='lat' dir='ltr'><strong><em>sit</em></strong></span> <span class='ocrx_word' id='word_1_343' title='bbox 1594 2723 1782 2779; x_wconf 85' lang='lat' dir='ltr'><strong><em>eadem</em></strong></span> <span class='ocrx_word' id='word_1_344' title='bbox 1809 2736 1897 2778; x_wconf 87' lang='lat' dir='ltr'><strong><em>sa-</em></strong></span> 
     </span>
    </p>
   </div>
   <div class='ocr_carea' id='block_1_44' title="bbox 315 2813 1902 2898">
    <p class='ocr_par' dir='ltr' id='par_1_44' title="bbox 315 2813 1902 2898">
     <span class='ocr_line' id='line_1_44' title="bbox 315 2813 1902 2898; baseline -0.009 -18"><span class='ocrx_word' id='word_1_345' title='bbox 315 2828 531 2898; x_wconf 87' lang='lat' dir='ltr'><strong><em>pientia</em></strong></span> <span class='ocrx_word' id='word_1_346' title='bbox 568 2823 942 2896; x_wconf 84' lang='lat' dir='ltr'><strong><em>perquirenda,</em></strong></span> <span class='ocrx_word' id='word_1_347' title='bbox 986 2822 1058 2875; x_wconf 92' lang='lat' dir='ltr'><strong><em>ita</em></strong></span> <span class='ocrx_word' id='word_1_348' title='bbox 1098 2819 1355 2874; x_wconf 84' lang='lat' dir='ltr'><strong><em>Dominus</em></strong></span> <span class='ocrx_word' id='word_1_349' title='bbox 1399 2813 1560 2870; x_wconf 84' lang='lat' dir='ltr'><strong><em>Josue</em></strong></span> <span class='ocrx_word' id='word_1_350' title='bbox 1593 2819 1902 2870; x_wconf 80' lang='lat' dir='ltr'><strong><em>contestans</em></strong></span> 
     </span>
    </p>
   </div>
   <div class='ocr_carea' id='block_1_45' title="bbox 313 2901 1898 2984">
    <p class='ocr_par' dir='ltr' id='par_1_45' title="bbox 313 2901 1898 2984">
     <span class='ocr_line' id='line_1_45' title="bbox 313 2901 1898 2984; baseline -0.011 -13"><span class='ocrx_word' id='word_1_351' title='bbox 313 2915 600 2973; x_wconf 87' lang='lat' dir='ltr'><strong><em>ostendit:</em></strong></span> <span class='ocrx_word' id='word_1_352' title='bbox 629 2912 936 2984; x_wconf 79' lang='lat' dir='ltr'><strong><em>Confortare</em></strong></span> <span class='ocrx_word' id='word_1_353' title='bbox 973 2912 1154 2981; x_wconf 85' lang='lat' dir='ltr'><strong><em>igitur,</em></strong></span> <span class='ocrx_word' id='word_1_354' title='bbox 1192 2917 1238 2963; x_wconf 89' lang='lat' dir='ltr'><strong><em>et</em></strong></span> <span class='ocrx_word' id='word_1_355' title='bbox 1278 2917 1385 2962; x_wconf 92' lang='lat' dir='ltr'><strong><em>esto</em></strong></span> <span class='ocrx_word' id='word_1_356' title='bbox 1431 2905 1673 2959; x_wconf 89' lang='lat' dir='ltr'><strong><em>robustus</em></strong></span> <span class='ocrx_word' id='word_1_357' title='bbox 1718 2901 1898 2965; x_wconf 83' lang='lat' dir='ltr'><strong><em>ualde,</em></strong></span> 
     </span>
    </p>
   </div>
   <div class='ocr_carea' id='block_1_46' title="bbox 315 2993 1902 3074">
    <p class='ocr_par' dir='ltr' id='par_1_46' title="bbox 315 2993 1902 3074">
     <span class='ocr_line' id='line_1_46' title="bbox 315 2993 1902 3074; baseline -0.011 -11"><span class='ocrx_word' id='word_1_358' title='bbox 315 3023 374 3064; x_wconf 90' lang='lat' dir='ltr'><strong><em>ut</em></strong></span> <span class='ocrx_word' id='word_1_359' title='bbox 426 3006 692 3062; x_wconf 83' lang='lat' dir='ltr'><strong><em>custodias</em></strong></span> <span class='ocrx_word' id='word_1_360' title='bbox 732 3014 779 3059; x_wconf 89' lang='lat' dir='ltr'><strong><em>et</em></strong></span> <span class='ocrx_word' id='word_1_361' title='bbox 817 3004 984 3074; x_wconf 81' lang='lat' dir='ltr'><strong><em>facias</em></strong></span> <span class='ocrx_word' id='word_1_362' title='bbox 1026 3019 1227 3056; x_wconf 89' lang='lat' dir='ltr'><strong><em>omnem</em></strong></span> <span class='ocrx_word' id='word_1_363' title='bbox 1268 2999 1430 3070; x_wconf 84' lang='lat' dir='ltr'><strong><em>legem</em></strong></span> <span class='ocrx_word' id='word_1_364' title='bbox 1470 3012 1626 3066; x_wconf 89' lang='lat' dir='ltr'><strong><em>quam</em></strong></span> <span class='ocrx_word' id='word_1_365' title='bbox 1660 2993 1902 3065; x_wconf 82' lang='lat' dir='ltr'><strong><em>prtecepit</em></strong></span> 
     </span>
    </p>
   </div>
   <div class='ocr_carea' id='block_1_47' title="bbox 316 3085 1905 3172">
    <p class='ocr_par' dir='ltr' id='par_1_47' title="bbox 316 3085 1905 3172">
     <span class='ocr_line' id='line_1_47' title="bbox 316 3085 1905 3172; baseline -0.013 -14"><span class='ocrx_word' id='word_1_366' title='bbox 316 3102 416 3158; x_wconf 78' lang='lat' dir='ltr'><strong><em>tibi</em></strong></span> <span class='ocrx_word' id='word_1_367' title='bbox 447 3101 654 3172; x_wconf 68' lang='lat' dir='ltr'><strong><em>Moyses</em></strong></span> <span class='ocrx_word' id='word_1_368' title='bbox 691 3115 865 3153; x_wconf 84' lang='lat' dir='ltr'><strong><em>servus</em></strong></span> <span class='ocrx_word' id='word_1_369' title='bbox 892 3112 1054 3150; x_wconf 86' lang='lat' dir='ltr'><strong><em>meus.</em></strong></span> <span class='ocrx_word' id='word_1_370' title='bbox 1097 3093 1178 3147; x_wconf 83' lang='lat' dir='ltr'><strong><em>Ne</em></strong></span> <span class='ocrx_word' id='word_1_371' title='bbox 1202 3092 1427 3146; x_wconf 89' lang='lat' dir='ltr'><strong><em>declines</em></strong></span> <span class='ocrx_word' id='word_1_372' title='bbox 1459 3089 1521 3143; x_wconf 90' lang='lat' dir='ltr'><strong><em>ab</em></strong></span> <span class='ocrx_word' id='word_1_373' title='bbox 1551 3105 1612 3142; x_wconf 89' lang='lat' dir='ltr'><strong><em>ea</em></strong></span> <span class='ocrx_word' id='word_1_374' title='bbox 1637 3086 1708 3139; x_wconf 91' lang='lat' dir='ltr'><strong><em>ad</em></strong></span> <span class='ocrx_word' id='word_1_375' title='bbox 1733 3085 1905 3139; x_wconf 74' lang='lat' dir='ltr'><strong><em>dexte-</em></strong></span> 
     </span>
    </p>
   </div>
   <div class='ocr_carea' id='block_1_48' title="bbox 318 3180 1900 3258">
    <p class='ocr_par' dir='ltr' id='par_1_48' title="bbox 318 3180 1900 3258">
     <span class='ocr_line' id='line_1_48' title="bbox 318 3180 1900 3258; baseline -0.013 -12"><span class='ocrx_word' id='word_1_376' title='bbox 318 3209 477 3258; x_wconf 87' lang='lat' dir='ltr'><strong><em>ram,</em></strong></span> <span class='ocrx_word' id='word_1_377' title='bbox 533 3192 607 3246; x_wconf 77' lang='lat' dir='ltr'><strong><em>uel</em></strong></span> <span class='ocrx_word' id='word_1_378' title='bbox 653 3189 720 3244; x_wconf 81' lang='lat' dir='ltr'><strong><em>ad</em></strong></span> <span class='ocrx_word' id='word_1_379' title='bbox 765 3187 1070 3248; x_wconf 77' lang='lat' dir='ltr'><strong><em>siniztram,</em></strong></span> <span class='ocrx_word' id='word_1_380' title='bbox 1127 3192 1181 3236; x_wconf 92' lang='lat' dir='ltr'><strong><em>ut</em></strong></span> <span class='ocrx_word' id='word_1_381' title='bbox 1230 3180 1494 3251; x_wconf 84' lang='lat' dir='ltr'><strong><em>intelligas</em></strong></span> <span class='ocrx_word' id='word_1_382' title='bbox 1549 3186 1739 3231; x_wconf 87' lang='lat' dir='ltr'><strong><em>cuncta</em></strong></span> <span class='ocrx_word' id='word_1_383' title='bbox 1783 3189 1900 3244; x_wconf 77' lang='lat' dir='ltr'><strong><em>qute</em></strong></span> 
     </span>
    </p>
   </div>
   <div class='ocr_carea' id='block_1_49' title="bbox 1999 1997 3578 2073">
    <p class='ocr_par' dir='ltr' id='par_1_49' title="bbox 1999 1997 3578 2073">
     <span class='ocr_line' id='line_1_49' title="bbox 1999 1997 3578 2073; baseline -0.009 -9"><span class='ocrx_word' id='word_1_384' title='bbox 1999 2010 2102 2073; x_wconf 90' lang='lat' dir='ltr'><strong><em>lus,</em></strong></span> <span class='ocrx_word' id='word_1_385' title='bbox 2143 2007 2211 2062; x_wconf 87' lang='lat' dir='ltr'><strong><em>ad</em></strong></span> <span class='ocrx_word' id='word_1_386' title='bbox 2263 2006 2478 2060; x_wconf 90' lang='lat' dir='ltr'><strong><em>tertium</em></strong></span> <span class='ocrx_word' id='word_1_387' title='bbox 2517 2003 2712 2058; x_wconf 83' lang='lat' dir='ltr'><strong><em>coelum</em></strong></span> <span class='ocrx_word' id='word_1_388' title='bbox 2761 2009 2967 2070; x_wconf 88' lang='lat' dir='ltr'><strong><em>raptus,</em></strong></span> <span class='ocrx_word' id='word_1_389' title='bbox 3017 2008 3071 2054; x_wconf 87' lang='lat' dir='ltr'><strong><em>et</em></strong></span> <span class='ocrx_word' id='word_1_390' title='bbox 3103 1999 3296 2053; x_wconf 87' lang='lat' dir='ltr'><strong><em>iterum</em></strong></span> <span class='ocrx_word' id='word_1_391' title='bbox 3335 1997 3386 2050; x_wconf 93' lang='lat' dir='ltr'><strong><em>in</em></strong></span> <span class='ocrx_word' id='word_1_392' title='bbox 3417 2010 3578 2067; x_wconf 79' lang='lat' dir='ltr'><strong><em>para-</em></strong></span> 
     </span>
    </p>
   </div>
   <div class='ocr_carea' id='block_1_50' title="bbox 1998 2083 3574 2160">
    <p class='ocr_par' dir='ltr' id='par_1_50' title="bbox 1998 2083 3574 2160">
     <span class='ocr_line' id='line_1_50' title="bbox 1998 2083 3574 2160; baseline -0.01 -7"><span class='ocrx_word' id='word_1_393' title='bbox 1998 2099 2115 2153; x_wconf 92' lang='lat' dir='ltr'><strong><em>diso</em></strong></span> <span class='ocrx_word' id='word_1_394' title='bbox 2143 2096 2438 2160; x_wconf 90' lang='lat' dir='ltr'><strong><em>admirans,</em></strong></span> <span class='ocrx_word' id='word_1_395' title='bbox 2466 2092 2748 2156; x_wconf 84' lang='lat' dir='ltr'><strong><em>exclamet,</em></strong></span> <span class='ocrx_word' id='word_1_396' title='bbox 2791 2091 2974 2145; x_wconf 91' lang='lat' dir='ltr'><strong><em>dicens</em></strong></span> <span class='ocrx_word' id='word_1_397' title='bbox 3009 2083 3574 2156; x_wconf 85' lang='lat' dir='ltr'><strong><em>incomprehensibilia</em></strong></span> 
     </span>
    </p>
   </div>
   <div class='ocr_carea' id='block_1_51' title="bbox 1997 2175 3579 2256">
    <p class='ocr_par' dir='ltr' id='par_1_51' title="bbox 1997 2175 3579 2256">
     <span class='ocr_line' id='line_1_51' title="bbox 1997 2175 3579 2256; baseline -0.009 -12"><span class='ocrx_word' id='word_1_398' title='bbox 1997 2204 2117 2244; x_wconf 91' lang='lat' dir='ltr'><strong><em>esse</em></strong></span> <span class='ocrx_word' id='word_1_399' title='bbox 2133 2187 2338 2256; x_wconf 84' lang='lat' dir='ltr'><strong><em>judicia</em></strong></span> <span class='ocrx_word' id='word_1_400' title='bbox 2360 2185 2456 2240; x_wconf 87' lang='lat' dir='ltr'><strong><em>Dei</em></strong></span> <span class='ocrx_word' id='word_1_401' title='bbox 2478 2192 2532 2240; x_wconf 90' lang='lat' dir='ltr'><strong><em>et</em></strong></span> <span class='ocrx_word' id='word_1_402' title='bbox 2554 2181 2953 2254; x_wconf 82' lang='lat' dir='ltr'><strong><em>investigabiles</em></strong></span> <span class='ocrx_word' id='word_1_403' title='bbox 2982 2179 3096 2234; x_wconf 85' lang='lat' dir='ltr'><strong><em>vias</em></strong></span> <span class='ocrx_word' id='word_1_404' title='bbox 3123 2177 3259 2247; x_wconf 84' lang='lat' dir='ltr'><strong><em>ejus.</em></strong></span> <span class='ocrx_word' id='word_1_405' title='bbox 3287 2176 3415 2242; x_wconf 85' lang='lat' dir='ltr'><strong><em>Quis</em></strong></span> <span class='ocrx_word' id='word_1_406' title='bbox 3439 2175 3579 2230; x_wconf 85' lang='lat' dir='ltr'><strong><em>enim</em></strong></span> 
     </span>
    </p>
   </div>
   <div class='ocr_carea' id='block_1_52' title="bbox 1997 2267 3581 2349">
    <p class='ocr_par' dir='ltr' id='par_1_52' title="bbox 1997 2267 3581 2349">
     <span class='ocr_line' id='line_1_52' title="bbox 1997 2267 3581 2349; baseline -0.008 -16"><span class='ocrx_word' id='word_1_407' title='bbox 1997 2279 2230 2349; x_wconf 85' lang='lat' dir='ltr'><strong><em>cognovit</em></strong></span> <span class='ocrx_word' id='word_1_408' title='bbox 2277 2293 2484 2331; x_wconf 89' lang='lat' dir='ltr'><strong><em>sensum</em></strong></span> <span class='ocrx_word' id='word_1_409' title='bbox 2517 2273 2771 2330; x_wconf 83' lang='lat' dir='ltr'><strong><em>Domini?</em></strong></span> <span class='ocrx_word' id='word_1_410' title='bbox 2808 2280 2898 2326; x_wconf 90' lang='lat' dir='ltr'><strong><em>aut</em></strong></span> <span class='ocrx_word' id='word_1_411' title='bbox 2942 2271 3055 2344; x_wconf 85' lang='lat' dir='ltr'><strong><em>quis</em></strong></span> <span class='ocrx_word' id='word_1_412' title='bbox 3090 2267 3422 2324; x_wconf 83' lang='lat' dir='ltr'><strong><em>consiliarius</em></strong></span> <span class='ocrx_word' id='word_1_413' title='bbox 3458 2267 3581 2338; x_wconf 76' lang='lat' dir='ltr'><strong><em>ejus</em></strong></span> 
     </span>
    </p>
   </div>
   <div class='ocr_carea' id='block_1_53' title="bbox 1999 2369 2137 2438">
    <p class='ocr_par' dir='ltr' id='par_1_53' title="bbox 1999 2369 2137 2438">
     <span class='ocr_line' id='line_1_53' title="bbox 1999 2369 2137 2438; baseline 0 -16"><span class='ocrx_word' id='word_1_414' title='bbox 1999 2369 2137 2438; x_wconf 77' lang='lat' dir='ltr'><strong><em>fuit?</em></strong></span> 
     </span>
    </p>
   </div>
   <div class='ocr_carea' id='block_1_54' title="bbox 2056 2453 3582 2540">
    <p class='ocr_par' dir='ltr' id='par_1_54' title="bbox 2056 2453 3582 2540">
     <span class='ocr_line' id='line_1_54' title="bbox 2056 2453 3582 2540; baseline -0.005 -27"><span class='ocrx_word' id='word_1_415' title='bbox 2056 2458 2154 2540; x_wconf 43' lang='lat' dir='ltr'><strong><em>.Vl.</em></strong></span> <span class='ocrx_word' id='word_1_416' title='bbox 2200 2456 2326 2514; x_wconf 68' lang='lat' dir='ltr'><strong><em>Htec</em></strong></span> <span class='ocrx_word' id='word_1_417' title='bbox 2359 2457 2447 2527; x_wconf 91' lang='lat' dir='ltr'><strong><em>pie</em></strong></span> <span class='ocrx_word' id='word_1_418' title='bbox 2479 2455 2860 2522; x_wconf 86' lang='lat' dir='ltr'><strong><em>humiliterque</em></strong></span> <span class='ocrx_word' id='word_1_419' title='bbox 2906 2453 3370 2509; x_wconf 85' lang='lat' dir='ltr'><strong><em>considerantibus</em></strong></span> <span class='ocrx_word' id='word_1_420' title='bbox 3413 2465 3582 2522; x_wconf 82' lang='lat' dir='ltr'><strong><em>appa-</em></strong></span> 
     </span>
    </p>
   </div>
   <div class='ocr_carea' id='block_1_55' title="bbox 1999 2540 3577 2616">
    <p class='ocr_par' dir='ltr' id='par_1_55' title="bbox 1999 2540 3577 2616">
     <span class='ocr_line' id='line_1_55' title="bbox 1999 2540 3577 2616; baseline -0.005 -14"><span class='ocrx_word' id='word_1_421' title='bbox 1999 2554 2082 2603; x_wconf 90' lang='lat' dir='ltr'><strong><em>ret</em></strong></span> <span class='ocrx_word' id='word_1_422' title='bbox 2107 2563 2214 2602; x_wconf 90' lang='lat' dir='ltr'><strong><em>non</em></strong></span> <span class='ocrx_word' id='word_1_423' title='bbox 2255 2561 2414 2616; x_wconf 89' lang='lat' dir='ltr'><strong><em>posse</em></strong></span> <span class='ocrx_word' id='word_1_424' title='bbox 2452 2546 2709 2608; x_wconf 67' lang='lat' dir='ltr'><strong><em>caedibus,</em></strong></span> <span class='ocrx_word' id='word_1_425' title='bbox 2758 2543 2904 2598; x_wconf 80' lang='lat' dir='ltr'><strong><em>ferro</em></strong></span> <span class='ocrx_word' id='word_1_426' title='bbox 2930 2542 3013 2596; x_wconf 82' lang='lat' dir='ltr'><strong><em>vel</em></strong></span> <span class='ocrx_word' id='word_1_427' title='bbox 3057 2557 3217 2611; x_wconf 87' lang='lat' dir='ltr'><strong><em>aqua,</em></strong></span> <span class='ocrx_word' id='word_1_428' title='bbox 3259 2540 3497 2596; x_wconf 88' lang='lat' dir='ltr'><strong><em>occultas</em></strong></span> <span class='ocrx_word' id='word_1_429' title='bbox 3523 2550 3577 2595; x_wconf 89' lang='lat' dir='ltr'><strong><em>et</em></strong></span> 
     </span>
    </p>
   </div>
   <div class='ocr_carea' id='block_1_56' title="bbox 1998 2631 3576 2702">
    <p class='ocr_par' dir='ltr' id='par_1_56' title="bbox 1998 2631 3576 2702">
     <span class='ocr_line' id='line_1_56' title="bbox 1998 2631 3576 2702; baseline -0.006 -10"><span class='ocrx_word' id='word_1_430' title='bbox 1998 2639 2228 2692; x_wconf 86' lang='lat' dir='ltr'><strong><em>latentes</em></strong></span> <span class='ocrx_word' id='word_1_431' title='bbox 2252 2652 2340 2691; x_wconf 91' lang='lat' dir='ltr'><strong><em>res</em></strong></span> <span class='ocrx_word' id='word_1_432' title='bbox 2365 2635 2616 2689; x_wconf 75' lang='lat' dir='ltr'><strong><em>inveniri.</em></strong></span> <span class='ocrx_word' id='word_1_433' title='bbox 2650 2632 2784 2686; x_wconf 88' lang='lat' dir='ltr'><strong><em>Nam</em></strong></span> <span class='ocrx_word' id='word_1_434' title='bbox 2815 2633 2861 2686; x_wconf 90' lang='lat' dir='ltr'><strong><em>si</em></strong></span> <span class='ocrx_word' id='word_1_435' title='bbox 2891 2641 3124 2702; x_wconf 89' lang='lat' dir='ltr'><strong><em>possent,</em></strong></span> <span class='ocrx_word' id='word_1_436' title='bbox 3156 2631 3246 2685; x_wconf 91' lang='lat' dir='ltr'><strong><em>ubi</em></strong></span> <span class='ocrx_word' id='word_1_437' title='bbox 3277 2640 3458 2684; x_wconf 87' lang='lat' dir='ltr'><strong><em>essent</em></strong></span> <span class='ocrx_word' id='word_1_438' title='bbox 3485 2645 3576 2685; x_wconf 83' lang='lat' dir='ltr'><strong><em>oc-</em></strong></span> 
     </span>
    </p>
   </div>
   <div class='ocr_carea' id='block_1_57' title="bbox 2000 2721 3576 2798">
    <p class='ocr_par' dir='ltr' id='par_1_57' title="bbox 2000 2721 3576 2798">
     <span class='ocr_line' id='line_1_57' title="bbox 2000 2721 3576 2798; baseline -0.01 -11"><span class='ocrx_word' id='word_1_439' title='bbox 2000 2733 2139 2788; x_wconf 84' lang='lat' dir='ltr'><strong><em>culta</em></strong></span> <span class='ocrx_word' id='word_1_440' title='bbox 2167 2728 2262 2785; x_wconf 87' lang='lat' dir='ltr'><strong><em>Dei</em></strong></span> <span class='ocrx_word' id='word_1_441' title='bbox 2289 2725 2524 2798; x_wconf 85' lang='lat' dir='ltr'><strong><em>judicia?</em></strong></span> <span class='ocrx_word' id='word_1_442' title='bbox 2569 2724 2796 2779; x_wconf 87' lang='lat' dir='ltr'><strong><em>Deberet</em></strong></span> <span class='ocrx_word' id='word_1_443' title='bbox 2841 2738 2968 2793; x_wconf 82' lang='lat' dir='ltr'><strong><em>ergo</em></strong></span> <span class='ocrx_word' id='word_1_444' title='bbox 3019 2723 3160 2775; x_wconf 89' lang='lat' dir='ltr'><strong><em>inter</em></strong></span> <span class='ocrx_word' id='word_1_445' title='bbox 3201 2721 3490 2774; x_wconf 86' lang='lat' dir='ltr'><strong><em>catholicos</em></strong></span> <span class='ocrx_word' id='word_1_446' title='bbox 3520 2728 3576 2775; x_wconf 89' lang='lat' dir='ltr'><strong><em>et</em></strong></span> 
     </span>
    </p>
   </div>
   <div class='ocr_carea' id='block_1_58' title="bbox 1999 2811 3574 2884">
    <p class='ocr_par' dir='ltr' id='par_1_58' title="bbox 1999 2811 3574 2884">
     <span class='ocr_line' id='line_1_58' title="bbox 1999 2811 3574 2884; baseline -0.009 -7"><span class='ocrx_word' id='word_1_447' title='bbox 1999 2823 2281 2878; x_wconf 64' lang='lat' dir='ltr'><strong><em>hatreticos</em></strong></span> <span class='ocrx_word' id='word_1_448' title='bbox 2303 2819 2395 2874; x_wconf 89' lang='lat' dir='ltr'><strong><em>tali</em></strong></span> <span class='ocrx_word' id='word_1_449' title='bbox 2415 2816 2662 2874; x_wconf 78' lang='lat' dir='ltr'><strong><em>examine</em></strong></span> <span class='ocrx_word' id='word_1_450' title='bbox 2679 2815 2878 2871; x_wconf 82' lang='lat' dir='ltr'><strong><em>veritas</em></strong></span> <span class='ocrx_word' id='word_1_451' title='bbox 2907 2812 3168 2884; x_wconf 81' lang='lat' dir='ltr'><strong><em>indagari,</em></strong></span> <span class='ocrx_word' id='word_1_452' title='bbox 3198 2812 3334 2868; x_wconf 84' lang='lat' dir='ltr'><strong><em>sicut</em></strong></span> <span class='ocrx_word' id='word_1_453' title='bbox 3357 2811 3574 2882; x_wconf 87' lang='lat' dir='ltr'><strong><em>quidam</em></strong></span> 
     </span>
    </p>
   </div>
   <div class='ocr_carea' id='block_1_59' title="bbox 2002 2902 3576 2982">
    <p class='ocr_par' dir='ltr' id='par_1_59' title="bbox 2002 2902 3576 2982">
     <span class='ocr_line' id='line_1_59' title="bbox 2002 2902 3576 2982; baseline -0.008 -14"><span class='ocrx_word' id='word_1_454' title='bbox 2002 2913 2265 2982; x_wconf 89' lang='lat' dir='ltr'><strong><em>superbus</em></strong></span> <span class='ocrx_word' id='word_1_455' title='bbox 2313 2927 2375 2966; x_wconf 90' lang='lat' dir='ltr'><strong><em>ac</em></strong></span> <span class='ocrx_word' id='word_1_456' title='bbox 2421 2909 2616 2964; x_wconf 91' lang='lat' dir='ltr'><strong><em>stultus</em></strong></span> <span class='ocrx_word' id='word_1_457' title='bbox 2645 2919 2672 2948; x_wconf 76' lang='grc' dir='ltr'>ι</span> <span class='ocrx_word' id='word_1_458' title='bbox 2703 2905 2990 2962; x_wconf 82' lang='lat' dir='ltr'><strong><em>haereticus</em></strong></span> <span class='ocrx_word' id='word_1_459' title='bbox 3041 2903 3400 2958; x_wconf 87' lang='lat' dir='ltr'><strong><em>Gundobadus</em></strong></span> <span class='ocrx_word' id='word_1_460' title='bbox 3442 2902 3576 2956; x_wconf 86' lang='lat' dir='ltr'><strong><em>Bur-</em></strong></span> 
     </span>
    </p>
   </div>
   <div class='ocr_carea' id='block_1_60' title="bbox 2001 2992 3572 3076">
    <p class='ocr_par' dir='ltr' id='par_1_60' title="bbox 2001 2992 3572 3076">
     <span class='ocr_line' id='line_1_60' title="bbox 2001 2992 3572 3076; baseline -0.01 -16"><span class='ocrx_word' id='word_1_461' title='bbox 2001 3006 2331 3076; x_wconf 77' lang='lat' dir='ltr'><strong><em>gundionum</em></strong></span> <span class='ocrx_word' id='word_1_462' title='bbox 2375 3017 2469 3056; x_wconf 85' lang='lat' dir='ltr'><strong><em>rex</em></strong></span> <span class='ocrx_word' id='word_1_463' title='bbox 2530 2999 2773 3054; x_wconf 86' lang='lat' dir='ltr'><strong><em>tentabat</em></strong></span> <span class='ocrx_word' id='word_1_464' title='bbox 2824 3004 3073 3066; x_wconf 77' lang='lat' dir='ltr'><strong><em>expetere</em></strong></span> <span class='ocrx_word' id='word_1_465' title='bbox 3115 3010 3146 3048; x_wconf 88' lang='lat' dir='ltr'><strong><em>a</em></strong></span> <span class='ocrx_word' id='word_1_466' title='bbox 3189 2993 3348 3049; x_wconf 89' lang='lat' dir='ltr'><strong><em>beato</em></strong></span> <span class='ocrx_word' id='word_1_467' title='bbox 3397 2992 3572 3056; x_wconf 79' lang='lat' dir='ltr'><strong><em>Avito,</em></strong></span> 
     </span>
    </p>
   </div>
   <div class='ocr_carea' id='block_1_61' title="bbox 2002 3083 3577 3166">
    <p class='ocr_par' dir='ltr' id='par_1_61' title="bbox 2002 3083 3577 3166">
     <span class='ocr_line' id='line_1_61' title="bbox 2002 3083 3577 3166; baseline -0.009 -17"><span class='ocrx_word' id='word_1_468' title='bbox 2002 3095 2216 3166; x_wconf 73' lang='lat' dir='ltr'><strong><em>egregio</em></strong></span> <span class='ocrx_word' id='word_1_469' title='bbox 2251 3103 2305 3147; x_wconf 86' lang='lat' dir='ltr'><strong><em>et</em></strong></span> <span class='ocrx_word' id='word_1_470' title='bbox 2333 3091 2631 3145; x_wconf 85' lang='lat' dir='ltr'><strong><em>orthodoxe</em></strong></span> <span class='ocrx_word' id='word_1_471' title='bbox 2653 3087 3028 3157; x_wconf 73' lang='lat' dir='ltr'><strong><em>praedicatore,</em></strong></span> <span class='ocrx_word' id='word_1_472' title='bbox 3053 3085 3140 3154; x_wconf 89' lang='lat' dir='ltr'><strong><em>qui</em></strong></span> <span class='ocrx_word' id='word_1_473' title='bbox 3165 3083 3281 3152; x_wconf 59' lang='lat' dir='ltr'><strong><em>chus</em></strong></span> <span class='ocrx_word' id='word_1_474' title='bbox 3307 3083 3577 3137; x_wconf 74' lang='lat' dir='ltr'><strong><em>vesaniam</em></strong></span> 
     </span>
    </p>
   </div>
   <div class='ocr_carea' id='block_1_62' title="bbox 2003 3173 3580 3255">
    <p class='ocr_par' dir='ltr' id='par_1_62' title="bbox 2003 3173 3580 3255">
     <span class='ocr_line' id='line_1_62' title="bbox 2003 3173 3580 3255; baseline -0.01 -15"><span class='ocrx_word' id='word_1_475' title='bbox 2003 3185 2402 3255; x_wconf 84' lang='lat' dir='ltr'><strong><em>sapientissime</em></strong></span> <span class='ocrx_word' id='word_1_476' title='bbox 2442 3178 2890 3247; x_wconf 86' lang='lat' dir='ltr'><strong><em>laudabiliterque</em></strong></span> <span class='ocrx_word' id='word_1_477' title='bbox 2925 3175 3182 3245; x_wconf 86' lang='lat' dir='ltr'><strong><em>repressit</em></strong></span> <span class='ocrx_word' id='word_1_478' title='bbox 3207 3183 3368 3242; x_wconf 88' lang='lat' dir='ltr'><strong><em>atque</em></strong></span> <span class='ocrx_word' id='word_1_479' title='bbox 3397 3173 3580 3227; x_wconf 85' lang='lat' dir='ltr'><strong><em>redar-</em></strong></span> 
     </span>
    </p>
   </div>
   <div class='ocr_carea' id='block_1_63' title="bbox 319 3262 1904 3352">
    <p class='ocr_par' dir='ltr' id='par_1_63' title="bbox 319 3266 1900 3352">
     <span class='ocr_line' id='line_1_63' title="bbox 319 3266 1900 3352; baseline -0.013 -17"><span class='ocrx_word' id='word_1_480' title='bbox 319 3283 460 3352; x_wconf 81' lang='lat' dir='ltr'><strong><em>agis.</em></strong></span> <span class='ocrx_word' id='word_1_481' title='bbox 507 3279 629 3334; x_wconf 86' lang='lat' dir='ltr'><strong><em>Non</em></strong></span> <span class='ocrx_word' id='word_1_482' title='bbox 663 3280 867 3333; x_wconf 86' lang='lat' dir='ltr'><strong><em>recedat</em></strong></span> <span class='ocrx_word' id='word_1_483' title='bbox 896 3280 1131 3331; x_wconf 64' lang='lat' dir='ltr'><strong><em>uolumen</em></strong></span> <span class='ocrx_word' id='word_1_484' title='bbox 1175 3271 1298 3343; x_wconf 81' lang='lat' dir='ltr'><strong><em>legis</em></strong></span> <span class='ocrx_word' id='word_1_485' title='bbox 1346 3269 1505 3339; x_wconf 88' lang='lat' dir='ltr'><strong><em>hujus</em></strong></span> <span class='ocrx_word' id='word_1_486' title='bbox 1552 3266 1614 3319; x_wconf 84' lang='lat' dir='ltr'><strong><em>de</em></strong></span> <span class='ocrx_word' id='word_1_487' title='bbox 1643 3281 1732 3318; x_wconf 87' lang='lat' dir='ltr'><strong><em>ore</em></strong></span> <span class='ocrx_word' id='word_1_488' title='bbox 1766 3272 1856 3316; x_wconf 91' lang='lat' dir='ltr'><strong><em>tuo</em></strong></span> <span class='ocrx_word' id='word_1_489' title='bbox 1881 3277 1900 3315; x_wconf 91' lang='lat'><strong><em>:</em></strong></span> 
     </span>
    </p>
   </div>
   <div class='ocr_carea' id='block_1_64' title="bbox 2007 3262 3578 3352">
    <p class='ocr_par' dir='ltr' id='par_1_64' title="bbox 2007 3262 3578 3348">
     <span class='ocr_line' id='line_1_64' title="bbox 2007 3262 3578 3348; baseline -0.011 -17"><span class='ocrx_word' id='word_1_490' title='bbox 2007 3277 2136 3348; x_wconf 88' lang='lat' dir='ltr'><strong><em>guit.</em></strong></span> <span class='ocrx_word' id='word_1_491' title='bbox 2165 3275 2317 3342; x_wconf 84' lang='lat' dir='ltr'><strong><em>Quod</em></strong></span> <span class='ocrx_word' id='word_1_492' title='bbox 2346 3274 2392 3328; x_wconf 91' lang='lat' dir='ltr'><strong><em>si</em></strong></span> <span class='ocrx_word' id='word_1_493' title='bbox 2418 3273 2615 3326; x_wconf 88' lang='lat' dir='ltr'><strong><em>talibus</em></strong></span> <span class='ocrx_word' id='word_1_494' title='bbox 2653 3266 3138 3329; x_wconf 79' lang='lat' dir='ltr'><strong><em>adinventionibus,</em></strong></span> <span class='ocrx_word' id='word_1_495' title='bbox 3168 3272 3226 3317; x_wconf 89' lang='lat' dir='ltr'><strong><em>ut</em></strong></span> <span class='ocrx_word' id='word_1_496' title='bbox 3263 3277 3402 3331; x_wconf 70' lang='lat' dir='ltr'><strong><em>smpe</em></strong></span> <span class='ocrx_word' id='word_1_497' title='bbox 3435 3262 3578 3316; x_wconf 89' lang='lat' dir='ltr'><strong><em>dixi-</em></strong></span> 
     </span>
    </p>
   </div>
   <div class='ocr_carea' id='block_1_65' title="bbox 321 3358 1907 3425">
    <p class='ocr_par' dir='ltr' id='par_1_65' title="bbox 321 3358 1907 3425">
     <span class='ocr_line' id='line_1_65' title="bbox 321 3358 1907 3425; baseline -0.011 0"><span class='ocrx_word' id='word_1_498' title='bbox 321 3372 418 3425; x_wconf 82' lang='lat' dir='ltr'><strong><em>sed</em></strong></span> <span class='ocrx_word' id='word_1_499' title='bbox 478 3369 808 3424; x_wconf 84' lang='lat' dir='ltr'><strong><em>meditaberis</em></strong></span> <span class='ocrx_word' id='word_1_500' title='bbox 853 3367 908 3420; x_wconf 90' lang='lat' dir='ltr'><strong><em>in</em></strong></span> <span class='ocrx_word' id='word_1_501' title='bbox 955 3383 1014 3420; x_wconf 92' lang='lat' dir='ltr'><strong><em>eo</em></strong></span> <span class='ocrx_word' id='word_1_502' title='bbox 1059 3364 1239 3420; x_wconf 88' lang='lat' dir='ltr'><strong><em>diebus</em></strong></span> <span class='ocrx_word' id='word_1_503' title='bbox 1282 3378 1342 3416; x_wconf 86' lang='lat' dir='ltr'><strong><em>ac</em></strong></span> <span class='ocrx_word' id='word_1_504' title='bbox 1392 3358 1627 3414; x_wconf 84' lang='lat' dir='ltr'><strong><em>noctibus</em></strong></span> <span class='ocrx_word' id='word_1_505' title='bbox 1657 3398 1672 3422; x_wconf 94' lang='lat'><strong><em>,</em></strong></span> <span class='ocrx_word' id='word_1_506' title='bbox 1733 3365 1788 3408; x_wconf 90' lang='lat' dir='ltr'><strong><em>ut</em></strong></span> <span class='ocrx_word' id='word_1_507' title='bbox 1816 3371 1907 3408; x_wconf 85' lang='lat' dir='ltr'><strong><em>cu-</em></strong></span> 
     </span>
    </p>
   </div>
   <div class='ocr_carea' id='block_1_66' title="bbox 320 3449 1705 3528">
    <p class='ocr_par' dir='ltr' id='par_1_66' title="bbox 320 3449 1705 3528">
     <span class='ocr_line' id='line_1_66' title="bbox 320 3449 1705 3528; baseline -0.009 -15"><span class='ocrx_word' id='word_1_508' title='bbox 320 3461 527 3514; x_wconf 80' lang='lat' dir='ltr'><strong><em>stodias</em></strong></span> <span class='ocrx_word' id='word_1_509' title='bbox 558 3468 606 3512; x_wconf 90' lang='lat' dir='ltr'><strong><em>et</em></strong></span> <span class='ocrx_word' id='word_1_510' title='bbox 633 3459 799 3528; x_wconf 79' lang='lat' dir='ltr'><strong><em>facias</em></strong></span> <span class='ocrx_word' id='word_1_511' title='bbox 829 3457 1001 3511; x_wconf 89' lang='lat' dir='ltr'><strong><em>omnia</em></strong></span> <span class='ocrx_word' id='word_1_512' title='bbox 1026 3471 1142 3526; x_wconf 77' lang='lat' dir='ltr'><strong><em>quw</em></strong></span> <span class='ocrx_word' id='word_1_513' title='bbox 1167 3455 1360 3523; x_wconf 87' lang='lat' dir='ltr'><strong><em>scripta</em></strong></span> <span class='ocrx_word' id='word_1_514' title='bbox 1383 3459 1503 3506; x_wconf 91' lang='lat' dir='ltr'><strong><em>sunt</em></strong></span> <span class='ocrx_word' id='word_1_515' title='bbox 1541 3449 1595 3504; x_wconf 84' lang='lat' dir='ltr'><strong><em>in</em></strong></span> <span class='ocrx_word' id='word_1_516' title='bbox 1624 3464 1705 3502; x_wconf 94' lang='lat' dir='ltr'><strong><em>eo.</em></strong></span> 
     </span>
    </p>
   </div>
   <div class='ocr_carea' id='block_1_67' title="bbox 394 3555 1910 3640">
    <p class='ocr_par' dir='ltr' id='par_1_67' title="bbox 394 3555 1910 3640">
     <span class='ocr_line' id='line_1_67' title="bbox 394 3555 1910 3640; baseline -0.009 -16"><span class='ocrx_word' id='word_1_517' title='bbox 394 3569 482 3624; x_wconf 89' lang='lat' dir='ltr'><strong><em>IV.</em></strong></span> <span class='ocrx_word' id='word_1_518' title='bbox 509 3568 694 3640; x_wconf 82' lang='lat' dir='ltr'><strong><em>Neque</em></strong></span> <span class='ocrx_word' id='word_1_519' title='bbox 736 3567 1030 3639; x_wconf 80' lang='lat' dir='ltr'><strong><em>putandum</em></strong></span> <span class='ocrx_word' id='word_1_520' title='bbox 1073 3573 1158 3620; x_wconf 90' lang='lat' dir='ltr'><strong><em>est</em></strong></span> <span class='ocrx_word' id='word_1_521' title='bbox 1201 3561 1342 3633; x_wconf 88' lang='lat' dir='ltr'><strong><em>quod</em></strong></span> <span class='ocrx_word' id='word_1_522' title='bbox 1387 3570 1480 3615; x_wconf 88' lang='lat' dir='ltr'><strong><em>aut</em></strong></span> <span class='ocrx_word' id='word_1_523' title='bbox 1514 3560 1568 3614; x_wconf 89' lang='lat' dir='ltr'><strong><em>in</em></strong></span> <span class='ocrx_word' id='word_1_524' title='bbox 1605 3558 1725 3613; x_wconf 89' lang='lat' dir='ltr'><strong><em>istis</em></strong></span> <span class='ocrx_word' id='word_1_525' title='bbox 1750 3555 1910 3610; x_wconf 87' lang='lat' dir='ltr'><strong><em>bellis</em></strong></span> 
     </span>
    </p>
   </div>
   <div class='ocr_carea' id='block_1_68' title="bbox 323 3649 1911 3726">
    <p class='ocr_par' dir='ltr' id='par_1_68' title="bbox 323 3649 1911 3726">
     <span class='ocr_line' id='line_1_68' title="bbox 323 3649 1911 3726; baseline -0.011 -8"><span class='ocrx_word' id='word_1_526' title='bbox 323 3661 657 3726; x_wconf 84' lang='lat' dir='ltr'><strong><em>domesticis,</em></strong></span> <span class='ocrx_word' id='word_1_527' title='bbox 682 3669 774 3713; x_wconf 90' lang='lat' dir='ltr'><strong><em>aut</em></strong></span> <span class='ocrx_word' id='word_1_528' title='bbox 798 3661 849 3714; x_wconf 92' lang='lat' dir='ltr'><strong><em>in</em></strong></span> <span class='ocrx_word' id='word_1_529' title='bbox 887 3658 1093 3712; x_wconf 88' lang='lat' dir='ltr'><strong><em>insidiis</em></strong></span> <span class='ocrx_word' id='word_1_530' title='bbox 1120 3656 1409 3720; x_wconf 88' lang='lat' dir='ltr'><strong><em>latronum,</em></strong></span> <span class='ocrx_word' id='word_1_531' title='bbox 1448 3661 1540 3706; x_wconf 88' lang='lat' dir='ltr'><strong><em>aut</em></strong></span> <span class='ocrx_word' id='word_1_532' title='bbox 1581 3649 1911 3721; x_wconf 82' lang='lat' dir='ltr'><strong><em>quibuslibet</em></strong></span> 
     </span>
    </p>
   </div>
   <div class='ocr_carea' id='block_1_69' title="bbox 324 3740 1909 3808">
    <p class='ocr_par' dir='ltr' id='par_1_69' title="bbox 324 3740 1909 3808">
     <span class='ocr_line' id='line_1_69' title="bbox 324 3740 1909 3808; baseline -0.009 0"><span class='ocrx_word' id='word_1_533' title='bbox 324 3753 464 3808; x_wconf 80' lang='lat' dir='ltr'><strong><em>rixis</em></strong></span> <span class='ocrx_word' id='word_1_534' title='bbox 484 3751 731 3806; x_wconf 88' lang='lat' dir='ltr'><strong><em>civilibus</em></strong></span> <span class='ocrx_word' id='word_1_535' title='bbox 761 3752 872 3804; x_wconf 81' lang='lat' dir='ltr'><strong><em>sive</em></strong></span> <span class='ocrx_word' id='word_1_536' title='bbox 900 3747 1209 3804; x_wconf 89' lang='lat' dir='ltr'><strong><em>domesticis</em></strong></span> <span class='ocrx_word' id='word_1_537' title='bbox 1237 3747 1393 3801; x_wconf 86' lang='lat' dir='ltr'><strong><em>cadat</em></strong></span> <span class='ocrx_word' id='word_1_538' title='bbox 1418 3745 1601 3808; x_wconf 89' lang='lat' dir='ltr'><strong><em>homo,</em></strong></span> <span class='ocrx_word' id='word_1_539' title='bbox 1650 3742 1750 3796; x_wconf 86' lang='lat' dir='ltr'><strong><em>nisi</em></strong></span> <span class='ocrx_word' id='word_1_540' title='bbox 1796 3740 1909 3795; x_wconf 91' lang='lat' dir='ltr'><strong><em>Deo</em></strong></span> 
     </span>
    </p>
   </div>
   <div class='ocr_carea' id='block_1_70' title="bbox 325 3829 1911 3907">
    <p class='ocr_par' dir='ltr' id='par_1_70' title="bbox 325 3829 1911 3907">
     <span class='ocr_line' id='line_1_70' title="bbox 325 3829 1911 3907; baseline -0.008 -13"><span class='ocrx_word' id='word_1_541' title='bbox 325 3843 574 3896; x_wconf 87' lang='lat' dir='ltr'><strong><em>tradente</em></strong></span> <span class='ocrx_word' id='word_1_542' title='bbox 619 3841 672 3894; x_wconf 89' lang='lat' dir='ltr'><strong><em>in</em></strong></span> <span class='ocrx_word' id='word_1_543' title='bbox 716 3854 907 3893; x_wconf 91' lang='lat' dir='ltr'><strong><em>manus</em></strong></span> <span class='ocrx_word' id='word_1_544' title='bbox 947 3836 1176 3907; x_wconf 85' lang='lat' dir='ltr'><strong><em>proximi</em></strong></span> <span class='ocrx_word' id='word_1_545' title='bbox 1208 3834 1311 3900; x_wconf 90' lang='lat' dir='ltr'><strong><em>sui,</em></strong></span> <span class='ocrx_word' id='word_1_546' title='bbox 1344 3832 1483 3889; x_wconf 88' lang='lat' dir='ltr'><strong><em>sicut</em></strong></span> <span class='ocrx_word' id='word_1_547' title='bbox 1513 3832 1626 3902; x_wconf 90' lang='lat' dir='ltr'><strong><em>ipse</em></strong></span> <span class='ocrx_word' id='word_1_548' title='bbox 1661 3844 1758 3899; x_wconf 90' lang='lat' dir='ltr'><strong><em>per</em></strong></span> <span class='ocrx_word' id='word_1_549' title='bbox 1778 3829 1911 3883; x_wconf 87' lang='lat' dir='ltr'><strong><em>Pro-</em></strong></span> 
     </span>
    </p>
   </div>
   <div class='ocr_carea' id='block_1_71' title="bbox 322 3919 1906 4001">
    <p class='ocr_par' dir='ltr' id='par_1_71' title="bbox 322 3919 1906 4001">
     <span class='ocr_line' id='line_1_71' title="bbox 322 3919 1906 4001; baseline -0.01 -16"><span class='ocrx_word' id='word_1_550' title='bbox 322 3931 542 4001; x_wconf 83' lang='lat' dir='ltr'><strong><em>phetam</em></strong></span> <span class='ocrx_word' id='word_1_551' title='bbox 583 3929 869 3983; x_wconf 86' lang='lat' dir='ltr'><strong><em>adversum</em></strong></span> <span class='ocrx_word' id='word_1_552' title='bbox 910 3925 1079 3979; x_wconf 87' lang='lat' dir='ltr'><strong><em>malos</em></strong></span> <span class='ocrx_word' id='word_1_553' title='bbox 1118 3931 1364 3994; x_wconf 88' lang='lat' dir='ltr'><strong><em>pastores</em></strong></span> <span class='ocrx_word' id='word_1_554' title='bbox 1392 3920 1648 3990; x_wconf 89' lang='lat' dir='ltr'><strong><em>loquitur,</em></strong></span> <span class='ocrx_word' id='word_1_555' title='bbox 1685 3919 1906 3973; x_wconf 88' lang='lat' dir='ltr'><strong><em>dicens:</em></strong></span> 
     </span>
    </p>
   </div>
   <div class='ocr_carea' id='block_1_72' title="bbox 323 4012 1910 4090">
    <p class='ocr_par' dir='ltr' id='par_1_72' title="bbox 323 4012 1910 4090">
     <span class='ocr_line' id='line_1_72' title="bbox 323 4012 1910 4090; baseline -0.009 -17"><span class='ocrx_word' id='word_1_556' title='bbox 323 4019 393 4073; x_wconf 82' lang='lat' dir='ltr'><strong><em>Et</em></strong></span> <span class='ocrx_word' id='word_1_557' title='bbox 417 4028 654 4090; x_wconf 85' lang='lat' dir='ltr'><strong><em>pastores</em></strong></span> <span class='ocrx_word' id='word_1_558' title='bbox 683 4034 862 4072; x_wconf 87' lang='lat' dir='ltr'><strong><em>eorum</em></strong></span> <span class='ocrx_word' id='word_1_559' title='bbox 892 4032 994 4069; x_wconf 91' lang='lat' dir='ltr'><strong><em>non</em></strong></span> <span class='ocrx_word' id='word_1_560' title='bbox 1024 4013 1305 4085; x_wconf 88' lang='lat' dir='ltr'><strong><em>parcebant</em></strong></span> <span class='ocrx_word' id='word_1_561' title='bbox 1337 4012 1434 4076; x_wconf 91' lang='lat' dir='ltr'><strong><em>eis,</em></strong></span> <span class='ocrx_word' id='word_1_562' title='bbox 1468 4020 1516 4064; x_wconf 92' lang='lat' dir='ltr'><strong><em>et</em></strong></span> <span class='ocrx_word' id='word_1_563' title='bbox 1538 4025 1632 4079; x_wconf 89' lang='lat' dir='ltr'><strong><em>ego</em></strong></span> <span class='ocrx_word' id='word_1_564' title='bbox 1659 4025 1761 4063; x_wconf 91' lang='lat' dir='ltr'><strong><em>non</em></strong></span> <span class='ocrx_word' id='word_1_565' title='bbox 1789 4025 1910 4077; x_wconf 89' lang='lat' dir='ltr'><strong><em>par-</em></strong></span> 
     </span>
    </p>
   </div>
   <div class='ocr_carea' id='block_1_73' title="bbox 323 4097 1906 4178">
    <p class='ocr_par' dir='ltr' id='par_1_73' title="bbox 323 4097 1906 4178">
     <span class='ocr_line' id='line_1_73' title="bbox 323 4097 1906 4178; baseline -0.008 -16"><span class='ocrx_word' id='word_1_566' title='bbox 323 4127 438 4163; x_wconf 83' lang='lat' dir='ltr'><strong><em>cam</em></strong></span> <span class='ocrx_word' id='word_1_567' title='bbox 489 4108 631 4163; x_wconf 89' lang='lat' dir='ltr'><strong><em>ultra</em></strong></span> <span class='ocrx_word' id='word_1_568' title='bbox 680 4124 835 4178; x_wconf 89' lang='lat' dir='ltr'><strong><em>super</em></strong></span> <span class='ocrx_word' id='word_1_569' title='bbox 866 4106 1158 4159; x_wconf 88' lang='lat' dir='ltr'><strong><em>habitantes</em></strong></span> <span class='ocrx_word' id='word_1_570' title='bbox 1201 4114 1418 4166; x_wconf 87' lang='lat' dir='ltr'><strong><em>terram,</em></strong></span> <span class='ocrx_word' id='word_1_571' title='bbox 1466 4100 1591 4153; x_wconf 86' lang='lat' dir='ltr'><strong><em>dicit</em></strong></span> <span class='ocrx_word' id='word_1_572' title='bbox 1630 4097 1906 4153; x_wconf 88' lang='lat' dir='ltr'><strong><em>Dominus.</em></strong></span> 
     </span>
    </p>
   </div>
   <div class='ocr_carea' id='block_1_74' title="bbox 325 4190 1909 4270">
    <p class='ocr_par' dir='ltr' id='par_1_74' title="bbox 325 4190 1909 4270">
     <span class='ocr_line' id='line_1_74' title="bbox 325 4190 1909 4270; baseline -0.009 -16"><span class='ocrx_word' id='word_1_573' title='bbox 325 4198 462 4254; x_wconf 80' lang='lat' dir='ltr'><strong><em>Ecce</em></strong></span> <span class='ocrx_word' id='word_1_574' title='bbox 510 4216 603 4270; x_wconf 90' lang='lat' dir='ltr'><strong><em>ego</em></strong></span> <span class='ocrx_word' id='word_1_575' title='bbox 646 4199 854 4253; x_wconf 88' lang='lat' dir='ltr'><strong><em>tradam</em></strong></span> <span class='ocrx_word' id='word_1_576' title='bbox 895 4197 1148 4260; x_wconf 85' lang='lat' dir='ltr'><strong><em>homines,</em></strong></span> <span class='ocrx_word' id='word_1_577' title='bbox 1197 4206 1613 4262; x_wconf 88' lang='lat' dir='ltr'><strong><em>unumquemque</em></strong></span> <span class='ocrx_word' id='word_1_578' title='bbox 1655 4190 1710 4241; x_wconf 89' lang='lat' dir='ltr'><strong><em>in</em></strong></span> <span class='ocrx_word' id='word_1_579' title='bbox 1751 4204 1909 4241; x_wconf 88' lang='lat' dir='ltr'><strong><em>manu</em></strong></span> 
     </span>
    </p>
   </div>
   <div class='ocr_carea' id='block_1_75' title="bbox 326 4280 1908 4357">
    <p class='ocr_par' dir='ltr' id='par_1_75' title="bbox 326 4280 1908 4357">
     <span class='ocr_line' id='line_1_75' title="bbox 326 4280 1908 4357; baseline -0.009 -14"><span class='ocrx_word' id='word_1_580' title='bbox 326 4289 552 4357; x_wconf 72' lang='lat' dir='ltr'><strong><em>proximi</em></strong></span> <span class='ocrx_word' id='word_1_581' title='bbox 578 4289 660 4342; x_wconf 84' lang='lat' dir='ltr'><strong><em>sui</em></strong></span> <span class='ocrx_word' id='word_1_582' title='bbox 669 4330 684 4354; x_wconf 94' lang='lat'><strong><em>,</em></strong></span> <span class='ocrx_word' id='word_1_583' title='bbox 711 4297 761 4342; x_wconf 91' lang='lat' dir='ltr'><strong><em>et</em></strong></span> <span class='ocrx_word' id='word_1_584' title='bbox 782 4289 836 4342; x_wconf 91' lang='lat' dir='ltr'><strong><em>in</em></strong></span> <span class='ocrx_word' id='word_1_585' title='bbox 859 4303 1018 4339; x_wconf 88' lang='lat' dir='ltr'><strong><em>manu</em></strong></span> <span class='ocrx_word' id='word_1_586' title='bbox 1042 4285 1174 4355; x_wconf 87' lang='lat' dir='ltr'><strong><em>regis</em></strong></span> <span class='ocrx_word' id='word_1_587' title='bbox 1201 4285 1303 4349; x_wconf 87' lang='lat' dir='ltr'><strong><em>sui,</em></strong></span> <span class='ocrx_word' id='word_1_588' title='bbox 1327 4291 1375 4336; x_wconf 90' lang='lat' dir='ltr'><strong><em>et</em></strong></span> <span class='ocrx_word' id='word_1_589' title='bbox 1398 4280 1667 4336; x_wconf 88' lang='lat' dir='ltr'><strong><em>concident</em></strong></span> <span class='ocrx_word' id='word_1_590' title='bbox 1693 4287 1908 4342; x_wconf 89' lang='lat' dir='ltr'><strong><em>terram,</em></strong></span> 
     </span>
    </p>
   </div>
   <div class='ocr_carea' id='block_1_76' title="bbox 327 4367 1910 4443">
    <p class='ocr_par' dir='ltr' id='par_1_76' title="bbox 327 4367 1910 4443">
     <span class='ocr_line' id='line_1_76' title="bbox 327 4367 1910 4443; baseline -0.008 -11"><span class='ocrx_word' id='word_1_591' title='bbox 327 4387 375 4432; x_wconf 83' lang='lat' dir='ltr'><strong><em>et</em></strong></span> <span class='ocrx_word' id='word_1_592' title='bbox 405 4396 510 4432; x_wconf 88' lang='lat' dir='ltr'><strong><em>non</em></strong></span> <span class='ocrx_word' id='word_1_593' title='bbox 553 4394 735 4431; x_wconf 80' lang='lat' dir='ltr'><strong><em>eruam</em></strong></span> <span class='ocrx_word' id='word_1_594' title='bbox 763 4377 828 4431; x_wconf 89' lang='lat' dir='ltr'><strong><em>de</em></strong></span> <span class='ocrx_word' id='word_1_595' title='bbox 851 4392 1011 4430; x_wconf 89' lang='lat' dir='ltr'><strong><em>manu</em></strong></span> <span class='ocrx_word' id='word_1_596' title='bbox 1043 4390 1243 4440; x_wconf 89' lang='lat' dir='ltr'><strong><em>eorum,</em></strong></span> <span class='ocrx_word' id='word_1_597' title='bbox 1273 4381 1322 4426; x_wconf 88' lang='lat' dir='ltr'><strong><em>et</em></strong></span> <span class='ocrx_word' id='word_1_598' title='bbox 1350 4386 1562 4443; x_wconf 90' lang='lat' dir='ltr'><strong><em>pascam</em></strong></span> <span class='ocrx_word' id='word_1_599' title='bbox 1591 4384 1744 4440; x_wconf 85' lang='lat' dir='ltr'><strong><em>pecus</em></strong></span> <span class='ocrx_word' id='word_1_600' title='bbox 1770 4367 1910 4421; x_wconf 89' lang='lat' dir='ltr'><strong><em>occi-</em></strong></span> 
     </span>
    </p>
   </div>
   <div class='ocr_carea' id='block_1_77' title="bbox 325 4457 1911 4541">
    <p class='ocr_par' dir='ltr' id='par_1_77' title="bbox 325 4457 1911 4541">
     <span class='ocr_line' id='line_1_77' title="bbox 325 4457 1911 4541; baseline -0.008 -17"><span class='ocrx_word' id='word_1_601' title='bbox 325 4471 490 4524; x_wconf 81' lang='lat' dir='ltr'><strong><em>sionis</em></strong></span> <span class='ocrx_word' id='word_1_602' title='bbox 515 4478 727 4541; x_wconf 87' lang='lat' dir='ltr'><strong><em>propter</em></strong></span> <span class='ocrx_word' id='word_1_603' title='bbox 749 4469 868 4532; x_wconf 85' lang='lat' dir='ltr'><strong><em>hoc,</em></strong></span> <span class='ocrx_word' id='word_1_604' title='bbox 898 4483 927 4520; x_wconf 93' lang='grc' dir='ltr'><strong><em>ο</em></strong></span> <span class='ocrx_word' id='word_1_605' title='bbox 953 4481 1204 4538; x_wconf 87' lang='lat' dir='ltr'><strong><em>pauperes</em></strong></span> <span class='ocrx_word' id='word_1_606' title='bbox 1244 4464 1433 4535; x_wconf 90' lang='lat' dir='ltr'><strong><em>gregis.</em></strong></span> <span class='ocrx_word' id='word_1_607' title='bbox 1466 4460 1574 4516; x_wconf 89' lang='lat' dir='ltr'><strong><em>Sed</em></strong></span> <span class='ocrx_word' id='word_1_608' title='bbox 1607 4467 1662 4514; x_wconf 89' lang='lat' dir='ltr'><strong><em>et</em></strong></span> <span class='ocrx_word' id='word_1_609' title='bbox 1691 4457 1821 4513; x_wconf 89' lang='lat' dir='ltr'><strong><em>illud</em></strong></span> <span class='ocrx_word' id='word_1_610' title='bbox 1854 4457 1911 4512; x_wconf 85' lang='lat' dir='ltr'><strong><em>in</em></strong></span> 
     </span>
    </p>
   </div>
   <div class='ocr_carea' id='block_1_78' title="bbox 329 4551 1916 4626">
    <p class='ocr_par' dir='ltr' id='par_1_78' title="bbox 329 4551 1916 4626">
     <span class='ocr_line' id='line_1_78' title="bbox 329 4551 1916 4626; baseline -0.01 -9"><span class='ocrx_word' id='word_1_611' title='bbox 329 4563 430 4617; x_wconf 86' lang='lat' dir='ltr'><strong><em>hac</em></strong></span> <span class='ocrx_word' id='word_1_612' title='bbox 458 4561 730 4616; x_wconf 89' lang='lat' dir='ltr'><strong><em>sententia</em></strong></span> <span class='ocrx_word' id='word_1_613' title='bbox 761 4560 1055 4615; x_wconf 89' lang='lat' dir='ltr'><strong><em>notandum</em></strong></span> <span class='ocrx_word' id='word_1_614' title='bbox 1083 4565 1166 4612; x_wconf 90' lang='lat' dir='ltr'><strong><em>est</em></strong></span> <span class='ocrx_word' id='word_1_615' title='bbox 1186 4556 1328 4626; x_wconf 90' lang='lat' dir='ltr'><strong><em>quod</em></strong></span> <span class='ocrx_word' id='word_1_616' title='bbox 1354 4553 1512 4609; x_wconf 88' lang='lat' dir='ltr'><strong><em>electi</em></strong></span> <span class='ocrx_word' id='word_1_617' title='bbox 1545 4551 1799 4606; x_wconf 88' lang='lat' dir='ltr'><strong><em>dicantur</em></strong></span> <span class='ocrx_word' id='word_1_618' title='bbox 1826 4562 1916 4619; x_wconf 86' lang='lat' dir='ltr'><strong><em>pe-</em></strong></span> 
     </span>
    </p>
   </div>
   <div class='ocr_carea' id='block_1_79' title="bbox 329 4616 2264 4717">
    <p class='ocr_par' dir='ltr' id='par_1_79' title="bbox 329 4616 2264 4717">
     <span class='ocr_line' id='line_1_79' title="bbox 329 4616 2264 4717; baseline -0.01 -10"><span class='ocrx_word' id='word_1_619' title='bbox 329 4667 456 4707; x_wconf 87' lang='lat' dir='ltr'><strong><em>cora</em></strong></span> <span class='ocrx_word' id='word_1_620' title='bbox 479 4651 786 4716; x_wconf 88' lang='lat' dir='ltr'><strong><em>occisionis,</em></strong></span> <span class='ocrx_word' id='word_1_621' title='bbox 813 4650 954 4704; x_wconf 88' lang='lat' dir='ltr'><strong><em>sicut</em></strong></span> <span class='ocrx_word' id='word_1_622' title='bbox 975 4657 1030 4702; x_wconf 93' lang='lat' dir='ltr'><strong><em>et</em></strong></span> <span class='ocrx_word' id='word_1_623' title='bbox 1049 4616 1337 4717; x_wconf 67' lang='lat' dir='ltr'><strong><em>Aposlolus</em></strong></span> <span class='ocrx_word' id='word_1_624' title='bbox 1366 4645 1433 4698; x_wconf 91' lang='lat' dir='ltr'><strong><em>de</em></strong></span> <span class='ocrx_word' id='word_1_625' title='bbox 1459 4641 1668 4712; x_wconf 91' lang='lat' dir='ltr'><strong><em>psalmo</em></strong></span> <span class='ocrx_word' id='word_1_626' title='bbox 1691 4616 1912 4693; x_wconf 75' lang='lat' dir='ltr'><strong><em>sumens</em></strong></span> <span class='ocrx_word' id='word_1_627' title='bbox 1933 4616 1990 4680; x_wconf 81' lang='grc' dir='ltr'>Ῑ)</span> <span class='ocrx_word' id='word_1_628' title='bbox 2022 4709 2034 4717; x_wconf 80' lang='lat'><strong>_</strong></span> <span class='ocrx_word' id='word_1_629' title='bbox 2082 4618 2264 4717; x_wconf 65' lang='grc' dir='ltr'><strong><em>(Ποτίίξ</em></strong></span> 
     </span>
    </p>
   </div>
   <div class='ocr_carea' id='block_1_80' title="bbox 331 4732 1915 4808">
    <p class='ocr_par' dir='ltr' id='par_1_80' title="bbox 331 4732 1915 4808">
     <span class='ocr_line' id='line_1_80' title="bbox 331 4732 1915 4808; baseline -0.011 -10"><span class='ocrx_word' id='word_1_630' title='bbox 331 4742 698 4798; x_wconf 77' lang='lat' dir='ltr'><strong><em>testimonium</em></strong></span> <span class='ocrx_word' id='word_1_631' title='bbox 727 4741 859 4794; x_wconf 87' lang='lat' dir='ltr'><strong><em>dicit</em></strong></span> <span class='ocrx_word' id='word_1_632' title='bbox 883 4756 896 4792; x_wconf 91' lang='lat'>:</span> <span class='ocrx_word' id='word_1_633' title='bbox 930 4737 1067 4804; x_wconf 85' lang='lat' dir='ltr'><strong><em>Quia</em></strong></span> <span class='ocrx_word' id='word_1_634' title='bbox 1095 4746 1305 4808; x_wconf 88' lang='lat' dir='ltr'><strong><em>propter</em></strong></span> <span class='ocrx_word' id='word_1_635' title='bbox 1334 4745 1380 4788; x_wconf 89' lang='lat' dir='ltr'><strong><em>te</em></strong></span> <span class='ocrx_word' id='word_1_636' title='bbox 1406 4732 1785 4801; x_wconf 85' lang='lat' dir='ltr'><strong><em>mortiﬁcamur</em></strong></span> <span class='ocrx_word' id='word_1_637' title='bbox 1805 4735 1915 4782; x_wconf 86' lang='lat' dir='ltr'><strong><em>tota</em></strong></span> 
     </span>
    </p>
   </div>
   <div class='ocr_carea' id='block_1_81' title="bbox 329 4822 1915 4897">
    <p class='ocr_par' dir='ltr' id='par_1_81' title="bbox 329 4822 1915 4897">
     <span class='ocr_line' id='line_1_81' title="bbox 329 4822 1915 4897; baseline -0.009 -11"><span class='ocrx_word' id='word_1_638' title='bbox 329 4833 433 4897; x_wconf 85' lang='lat' dir='ltr'><strong><em>die,</em></strong></span> <span class='ocrx_word' id='word_1_639' title='bbox 464 4834 712 4888; x_wconf 65' lang='lat' dir='ltr'><strong><em>a’stimati</em></strong></span> <span class='ocrx_word' id='word_1_640' title='bbox 731 4848 910 4887; x_wconf 89' lang='lat' dir='ltr'><strong><em>sumus</em></strong></span> <span class='ocrx_word' id='word_1_641' title='bbox 939 4840 994 4883; x_wconf 90' lang='lat' dir='ltr'><strong><em>ut</em></strong></span> <span class='ocrx_word' id='word_1_642' title='bbox 1020 4845 1134 4883; x_wconf 77' lang='lat' dir='ltr'><strong><em>oves</em></strong></span> <span class='ocrx_word' id='word_1_643' title='bbox 1162 4827 1452 4882; x_wconf 86' lang='lat' dir='ltr'><strong><em>occisionis.</em></strong></span> <span class='ocrx_word' id='word_1_644' title='bbox 1477 4825 1544 4877; x_wconf 89' lang='lat' dir='ltr'><strong><em>Et</em></strong></span> <span class='ocrx_word' id='word_1_645' title='bbox 1564 4823 1616 4875; x_wconf 88' lang='lat' dir='ltr'><strong><em>in</em></strong></span> <span class='ocrx_word' id='word_1_646' title='bbox 1644 4822 1758 4891; x_wconf 79' lang='lat' dir='ltr'><strong><em>lege</em></strong></span> <span class='ocrx_word' id='word_1_647' title='bbox 1778 4833 1915 4890; x_wconf 62' lang='lat' dir='ltr'><strong><em>prat-</em></strong></span> 
     </span>
    </p>
   </div>
   <div class='ocr_carea' id='block_1_82' title="bbox 331 4908 1920 4992">
    <p class='ocr_par' dir='ltr' id='par_1_82' title="bbox 331 4908 1920 4992">
     <span class='ocr_line' id='line_1_82' title="bbox 331 4908 1920 4992; baseline -0.01 -15"><span class='ocrx_word' id='word_1_648' title='bbox 331 4931 545 4992; x_wconf 81' lang='lat' dir='ltr'><strong><em>eeptum</em></strong></span> <span class='ocrx_word' id='word_1_649' title='bbox 576 4931 700 4977; x_wconf 90' lang='lat' dir='ltr'><strong><em>est:</em></strong></span> <span class='ocrx_word' id='word_1_650' title='bbox 736 4921 841 4988; x_wconf 87' lang='lat' dir='ltr'><strong><em>Qui</em></strong></span> <span class='ocrx_word' id='word_1_651' title='bbox 878 4918 1187 4991; x_wconf 88' lang='lat' dir='ltr'><strong><em>percusserit</em></strong></span> <span class='ocrx_word' id='word_1_652' title='bbox 1237 4916 1520 4977; x_wconf 89' lang='lat' dir='ltr'><strong><em>hominem,</em></strong></span> <span class='ocrx_word' id='word_1_653' title='bbox 1569 4911 1742 4966; x_wconf 82' lang='lat' dir='ltr'><strong><em>volens</em></strong></span> <span class='ocrx_word' id='word_1_654' title='bbox 1782 4908 1920 4962; x_wconf 85' lang='lat' dir='ltr'><strong><em>occi-</em></strong></span> 
     </span>
    </p>
   </div>
   <div class='ocr_carea' id='block_1_83' title="bbox 334 4999 1916 5076">
    <p class='ocr_par' dir='ltr' id='par_1_83' title="bbox 334 4999 1916 5076">
     <span class='ocr_line' id='line_1_83' title="bbox 334 4999 1916 5076; baseline -0.011 -8"><span class='ocrx_word' id='word_1_655' title='bbox 334 5021 473 5076; x_wconf 70' lang='lat' dir='ltr'><strong><em>dere,</em></strong></span> <span class='ocrx_word' id='word_1_656' title='bbox 503 5022 673 5067; x_wconf 88' lang='lat' dir='ltr'><strong><em>morte</em></strong></span> <span class='ocrx_word' id='word_1_657' title='bbox 702 5013 979 5067; x_wconf 89' lang='lat' dir='ltr'><strong><em>moriatur.</em></strong></span> <span class='ocrx_word' id='word_1_658' title='bbox 1013 5009 1116 5075; x_wconf 88' lang='lat' dir='ltr'><strong><em>Qui</em></strong></span> <span class='ocrx_word' id='word_1_659' title='bbox 1160 5016 1333 5060; x_wconf 88' lang='lat' dir='ltr'><strong><em>autem</em></strong></span> <span class='ocrx_word' id='word_1_660' title='bbox 1362 5020 1466 5057; x_wconf 91' lang='lat' dir='ltr'><strong><em>non</em></strong></span> <span class='ocrx_word' id='word_1_661' title='bbox 1499 5011 1574 5056; x_wconf 88' lang='lat' dir='ltr'><strong><em>est</em></strong></span> <span class='ocrx_word' id='word_1_662' title='bbox 1608 4999 1916 5063; x_wconf 86' lang='lat' dir='ltr'><strong><em>insidiatus,</em></strong></span> 
     </span>
    </p>
   </div>
   <div class='ocr_carea' id='block_1_84' title="bbox 332 5086 1918 5164">
    <p class='ocr_par' dir='ltr' id='par_1_84' title="bbox 332 5086 1918 5164">
     <span class='ocr_line' id='line_1_84' title="bbox 332 5086 1918 5164; baseline -0.009 -9"><span class='ocrx_word' id='word_1_663' title='bbox 332 5102 423 5155; x_wconf 83' lang='lat' dir='ltr'><strong><em>sed</em></strong></span> <span class='ocrx_word' id='word_1_664' title='bbox 450 5101 586 5157; x_wconf 88' lang='lat' dir='ltr'><strong><em>Deus</em></strong></span> <span class='ocrx_word' id='word_1_665' title='bbox 611 5101 762 5155; x_wconf 84' lang='lat' dir='ltr'><strong><em>illum</em></strong></span> <span class='ocrx_word' id='word_1_666' title='bbox 786 5099 1005 5154; x_wconf 86' lang='lat' dir='ltr'><strong><em>tradidit</em></strong></span> <span class='ocrx_word' id='word_1_667' title='bbox 1033 5099 1089 5152; x_wconf 90' lang='lat' dir='ltr'><strong><em>in</em></strong></span> <span class='ocrx_word' id='word_1_668' title='bbox 1117 5111 1277 5150; x_wconf 89' lang='lat' dir='ltr'><strong><em>manu</em></strong></span> <span class='ocrx_word' id='word_1_669' title='bbox 1299 5094 1448 5164; x_wconf 86' lang='lat' dir='ltr'><strong><em>ejus;</em></strong></span> <span class='ocrx_word' id='word_1_670' title='bbox 1487 5089 1800 5146; x_wconf 85' lang='lat' dir='ltr'><strong><em>constituam</em></strong></span> <span class='ocrx_word' id='word_1_671' title='bbox 1822 5086 1918 5142; x_wconf 82' lang='lat' dir='ltr'><strong><em>tibi</em></strong></span> 
     </span>
    </p>
   </div>
   <div class='ocr_carea' id='block_1_85' title="bbox 334 5189 1071 5264">
    <p class='ocr_par' dir='ltr' id='par_1_85' title="bbox 334 5189 1071 5264">
     <span class='ocr_line' id='line_1_85' title="bbox 334 5189 1071 5264; baseline -0.004 -20"><span class='ocrx_word' id='word_1_672' title='bbox 334 5192 503 5246; x_wconf 88' lang='lat' dir='ltr'><strong><em>locum</em></strong></span> <span class='ocrx_word' id='word_1_673' title='bbox 528 5210 632 5264; x_wconf 88' lang='lat' dir='ltr'><strong><em>quo</em></strong></span> <span class='ocrx_word' id='word_1_674' title='bbox 664 5192 845 5262; x_wconf 79' lang='lat' dir='ltr'><strong><em>fugere</em></strong></span> <span class='ocrx_word' id='word_1_675' title='bbox 869 5189 1071 5243; x_wconf 90' lang='lat' dir='ltr'><strong><em>debeat.</em></strong></span> 
     </span>
    </p>
   </div>
   <div class='ocr_carea' id='block_1_86' title="bbox 409 5265 1918 5350">
    <p class='ocr_par' dir='ltr' id='par_1_86' title="bbox 409 5265 1918 5350">
     <span class='ocr_line' id='line_1_86' title="bbox 409 5265 1918 5350; baseline -0.011 -13"><span class='ocrx_word' id='word_1_676' title='bbox 409 5282 469 5337; x_wconf 77' lang='grc' dir='ltr'><strong><em>ν.</em></strong></span> <span class='ocrx_word' id='word_1_677' title='bbox 497 5283 634 5338; x_wconf 89' lang='lat' dir='ltr'><strong><em>Tota</em></strong></span> <span class='ocrx_word' id='word_1_678' title='bbox 673 5295 908 5350; x_wconf 88' lang='lat' dir='ltr'><strong><em>namque</em></strong></span> <span class='ocrx_word' id='word_1_679' title='bbox 934 5279 1037 5334; x_wconf 89' lang='lat' dir='ltr'><strong><em>ﬁde</em></strong></span> <span class='ocrx_word' id='word_1_680' title='bbox 1066 5277 1285 5332; x_wconf 87' lang='lat' dir='ltr'><strong><em>credere</em></strong></span> <span class='ocrx_word' id='word_1_681' title='bbox 1320 5274 1579 5329; x_wconf 88' lang='lat' dir='ltr'><strong><em>debemus</em></strong></span> <span class='ocrx_word' id='word_1_682' title='bbox 1604 5268 1748 5340; x_wconf 89' lang='lat' dir='ltr'><strong><em>quod</em></strong></span> <span class='ocrx_word' id='word_1_683' title='bbox 1780 5265 1918 5323; x_wconf 87' lang='lat' dir='ltr'><strong><em>nihil</em></strong></span> 
     </span>
    </p>
   </div>
   <div class='ocr_carea' id='block_1_87' title="bbox 2009 3353 3577 3436">
    <p class='ocr_par' dir='ltr' id='par_1_87' title="bbox 2009 3353 3577 3436">
     <span class='ocr_line' id='line_1_87' title="bbox 2009 3353 3577 3436; baseline -0.012 -11"><span class='ocrx_word' id='word_1_684' title='bbox 2009 3385 2151 3436; x_wconf 90' lang='lat' dir='ltr'><strong><em>mus,</em></strong></span> <span class='ocrx_word' id='word_1_685' title='bbox 2176 3367 2416 3423; x_wconf 88' lang='lat' dir='ltr'><strong><em>valerent</em></strong></span> <span class='ocrx_word' id='word_1_686' title='bbox 2443 3365 2671 3418; x_wconf 86' lang='lat' dir='ltr'><strong><em>latentes</em></strong></span> <span class='ocrx_word' id='word_1_687' title='bbox 2691 3361 2860 3430; x_wconf 86' lang='lat' dir='ltr'><strong><em>culpae</em></strong></span> <span class='ocrx_word' id='word_1_688' title='bbox 2889 3357 3138 3422; x_wconf 85' lang='lat' dir='ltr'><strong><em>inveniri,</em></strong></span> <span class='ocrx_word' id='word_1_689' title='bbox 3166 3371 3268 3410; x_wconf 88' lang='lat' dir='ltr'><strong><em>nec</em></strong></span> <span class='ocrx_word' id='word_1_690' title='bbox 3296 3353 3577 3424; x_wconf 87' lang='lat' dir='ltr'><strong><em>sapientia,</em></strong></span> 
     </span>
    </p>
   </div>
   <div class='ocr_carea' id='block_1_88' title="bbox 2009 3446 3582 3528">
    <p class='ocr_par' dir='ltr' id='par_1_88' title="bbox 2009 3446 3582 3528">
     <span class='ocr_line' id='line_1_88' title="bbox 2009 3446 3582 3528; baseline -0.011 -14"><span class='ocrx_word' id='word_1_691' title='bbox 2009 3476 2108 3514; x_wconf 91' lang='lat' dir='ltr'><strong><em>nec</em></strong></span> <span class='ocrx_word' id='word_1_692' title='bbox 2146 3459 2434 3528; x_wconf 86' lang='lat' dir='ltr'><strong><em>sapientes,</em></strong></span> <span class='ocrx_word' id='word_1_693' title='bbox 2479 3468 2654 3525; x_wconf 89' lang='lat' dir='ltr'><strong><em>neque</em></strong></span> <span class='ocrx_word' id='word_1_694' title='bbox 2675 3452 2908 3523; x_wconf 90' lang='lat' dir='ltr'><strong><em>judices,</em></strong></span> <span class='ocrx_word' id='word_1_695' title='bbox 2931 3463 3104 3518; x_wconf 91' lang='lat' dir='ltr'><strong><em>neque</em></strong></span> <span class='ocrx_word' id='word_1_696' title='bbox 3130 3446 3375 3515; x_wconf 79' lang='lat' dir='ltr'><strong><em>magistri</em></strong></span> <span class='ocrx_word' id='word_1_697' title='bbox 3402 3451 3582 3500; x_wconf 90' lang='lat' dir='ltr'><strong><em>essent</em></strong></span> 
     </span>
    </p>
   </div>
   <div class='ocr_carea' id='block_1_89' title="bbox 2007 3533 3582 3614">
    <p class='ocr_par' dir='ltr' id='par_1_89' title="bbox 2007 3533 3582 3614">
     <span class='ocr_line' id='line_1_89' title="bbox 2007 3533 3582 3614; baseline -0.011 -10"><span class='ocrx_word' id='word_1_698' title='bbox 2007 3547 2323 3604; x_wconf 90' lang='lat' dir='ltr'><strong><em>necessarii.</em></strong></span> <span class='ocrx_word' id='word_1_699' title='bbox 2363 3544 2469 3600; x_wconf 90' lang='lat' dir='ltr'><strong><em>Sed</em></strong></span> <span class='ocrx_word' id='word_1_700' title='bbox 2514 3544 2640 3614; x_wconf 90' lang='lat' dir='ltr'><strong><em>quia</em></strong></span> <span class='ocrx_word' id='word_1_701' title='bbox 2685 3539 3026 3595; x_wconf 85' lang='lat' dir='ltr'><strong><em>verissimum</em></strong></span> <span class='ocrx_word' id='word_1_702' title='bbox 3056 3545 3142 3592; x_wconf 89' lang='lat' dir='ltr'><strong><em>est</em></strong></span> <span class='ocrx_word' id='word_1_703' title='bbox 3175 3536 3316 3606; x_wconf 90' lang='lat' dir='ltr'><strong><em>quod</em></strong></span> <span class='ocrx_word' id='word_1_704' title='bbox 3364 3534 3430 3588; x_wconf 88' lang='lat' dir='ltr'><strong><em>de</em></strong></span> <span class='ocrx_word' id='word_1_705' title='bbox 3474 3533 3582 3588; x_wconf 91' lang='lat' dir='ltr'><strong><em>Deo</em></strong></span> 
     </span>
    </p>
   </div>
   <div class='ocr_carea' id='block_1_90' title="bbox 2009 3627 3583 3708">
    <p class='ocr_par' dir='ltr' id='par_1_90' title="bbox 2009 3627 3583 3708">
     <span class='ocr_line' id='line_1_90' title="bbox 2009 3627 3583 3708; baseline -0.012 -12"><span class='ocrx_word' id='word_1_706' title='bbox 2009 3641 2242 3696; x_wconf 88' lang='lat' dir='ltr'><strong><em>dicitur:</em></strong></span> <span class='ocrx_word' id='word_1_707' title='bbox 2277 3638 2426 3708; x_wconf 79' lang='lat' dir='ltr'><strong><em>Apud</em></strong></span> <span class='ocrx_word' id='word_1_708' title='bbox 2470 3638 2640 3708; x_wconf 88' lang='lat' dir='ltr'><strong><em>ipsum</em></strong></span> <span class='ocrx_word' id='word_1_709' title='bbox 2683 3643 2758 3690; x_wconf 87' lang='lat' dir='ltr'><strong><em>est</em></strong></span> <span class='ocrx_word' id='word_1_710' title='bbox 2803 3633 3054 3703; x_wconf 82' lang='lat' dir='ltr'><strong><em>fortitudo</em></strong></span> <span class='ocrx_word' id='word_1_711' title='bbox 3095 3639 3142 3683; x_wconf 91' lang='lat' dir='ltr'><strong><em>et</em></strong></span> <span class='ocrx_word' id='word_1_712' title='bbox 3170 3629 3448 3698; x_wconf 87' lang='lat' dir='ltr'><strong><em>sapientia,</em></strong></span> <span class='ocrx_word' id='word_1_713' title='bbox 3475 3627 3583 3695; x_wconf 85' lang='lat' dir='ltr'><strong><em>ipse</em></strong></span> 
     </span>
    </p>
   </div>
   <div class='ocr_carea' id='block_1_91' title="bbox 2010 3717 3582 3800">
    <p class='ocr_par' dir='ltr' id='par_1_91' title="bbox 2010 3717 3582 3800">
     <span class='ocr_line' id='line_1_91' title="bbox 2010 3717 3582 3800; baseline -0.012 -13"><span class='ocrx_word' id='word_1_714' title='bbox 2010 3734 2147 3788; x_wconf 84' lang='lat' dir='ltr'><strong><em>novit</em></strong></span> <span class='ocrx_word' id='word_1_715' title='bbox 2177 3740 2225 3785; x_wconf 89' lang='lat' dir='ltr'><strong><em>et</em></strong></span> <span class='ocrx_word' id='word_1_716' title='bbox 2249 3729 2584 3800; x_wconf 86' lang='lat' dir='ltr'><strong><em>decipientem</em></strong></span> <span class='ocrx_word' id='word_1_717' title='bbox 2613 3736 2660 3780; x_wconf 90' lang='lat' dir='ltr'><strong><em>et</em></strong></span> <span class='ocrx_word' id='word_1_718' title='bbox 2687 3741 2804 3780; x_wconf 88' lang='lat' dir='ltr'><strong><em>eum</em></strong></span> <span class='ocrx_word' id='word_1_719' title='bbox 2850 3725 2938 3794; x_wconf 88' lang='lat' dir='ltr'><strong><em>qui</em></strong></span> <span class='ocrx_word' id='word_1_720' title='bbox 2967 3721 3254 3790; x_wconf 88' lang='lat' dir='ltr'><strong><em>decipitur;</em></strong></span> <span class='ocrx_word' id='word_1_721' title='bbox 3283 3718 3350 3770; x_wconf 89' lang='lat' dir='ltr'><strong><em>ab</em></strong></span> <span class='ocrx_word' id='word_1_722' title='bbox 3375 3717 3491 3785; x_wconf 91' lang='lat' dir='ltr'><strong><em>ipso</em></strong></span> <span class='ocrx_word' id='word_1_723' title='bbox 3529 3724 3582 3769; x_wconf 90' lang='lat' dir='ltr'><strong><em>et</em></strong></span> 
     </span>
    </p>
   </div>
   <div class='ocr_carea' id='block_1_92' title="bbox 2009 3807 3582 3889">
    <p class='ocr_par' dir='ltr' id='par_1_92' title="bbox 2009 3807 3582 3889">
     <span class='ocr_line' id='line_1_92' title="bbox 2009 3807 3582 3889; baseline -0.014 -10"><span class='ocrx_word' id='word_1_724' title='bbox 2009 3821 2304 3879; x_wconf 89' lang='lat' dir='ltr'><strong><em>secundum</em></strong></span> <span class='ocrx_word' id='word_1_725' title='bbox 2336 3821 2509 3889; x_wconf 91' lang='lat' dir='ltr'><strong><em>ipsum</em></strong></span> <span class='ocrx_word' id='word_1_726' title='bbox 2540 3815 2830 3886; x_wconf 83' lang='lat' dir='ltr'><strong><em>quaerenda</em></strong></span> <span class='ocrx_word' id='word_1_727' title='bbox 2858 3821 2940 3868; x_wconf 90' lang='lat' dir='ltr'><strong><em>est</em></strong></span> <span class='ocrx_word' id='word_1_728' title='bbox 2957 3825 3134 3866; x_wconf 89' lang='lat' dir='ltr'><strong><em>rerum</em></strong></span> <span class='ocrx_word' id='word_1_729' title='bbox 3173 3818 3227 3863; x_wconf 89' lang='lat' dir='ltr'><strong><em>et</em></strong></span> <span class='ocrx_word' id='word_1_730' title='bbox 3255 3807 3582 3875; x_wconf 73' lang='lat' dir='ltr'><strong><em>iudiciorum</em></strong></span> 
     </span>
    </p>
   </div>
   <div class='ocr_carea' id='block_1_93' title="bbox 2010 3897 3581 3975">
    <p class='ocr_par' dir='ltr' id='par_1_93' title="bbox 2010 3897 3581 3975">
     <span class='ocr_line' id='line_1_93' title="bbox 2010 3897 3581 3975; baseline -0.01 -11"><span class='ocrx_word' id='word_1_731' title='bbox 2010 3914 2231 3967; x_wconf 87' lang='lat' dir='ltr'><strong><em>veritas.</em></strong></span> <span class='ocrx_word' id='word_1_732' title='bbox 2259 3906 2378 3962; x_wconf 81' lang='lat' dir='ltr'><strong><em>Jam</em></strong></span> <span class='ocrx_word' id='word_1_733' title='bbox 2410 3921 2552 3960; x_wconf 91' lang='lat' dir='ltr'><strong><em>nunc</em></strong></span> <span class='ocrx_word' id='word_1_734' title='bbox 2575 3906 2602 3945; x_wconf 75' lang='grc' dir='ltr'><strong><em>ι)</em></strong></span> <span class='ocrx_word' id='word_1_735' title='bbox 2627 3903 2888 3975; x_wconf 71' lang='lat' dir='ltr'><strong><em>ponenda:</em></strong></span> <span class='ocrx_word' id='word_1_736' title='bbox 2917 3907 3040 3956; x_wconf 90' lang='lat' dir='ltr'><strong><em>sunt</em></strong></span> <span class='ocrx_word' id='word_1_737' title='bbox 3066 3900 3193 3968; x_wconf 66' lang='lat' dir='ltr'><strong><em>ipsae</em></strong></span> <span class='ocrx_word' id='word_1_738' title='bbox 3232 3897 3428 3952; x_wconf 69' lang='lat' dir='ltr'><strong><em>divina:</em></strong></span> <span class='ocrx_word' id='word_1_739' title='bbox 3455 3910 3581 3950; x_wconf 92' lang='lat' dir='ltr'><strong><em>sen-</em></strong></span> 
     </span>
    </p>
   </div>
   <div class='ocr_carea' id='block_1_94' title="bbox 2011 3990 3580 4070">
    <p class='ocr_par' dir='ltr' id='par_1_94' title="bbox 2011 3990 3580 4070">
     <span class='ocr_line' id='line_1_94' title="bbox 2011 3990 3580 4070; baseline -0.011 -13"><span class='ocrx_word' id='word_1_740' title='bbox 2011 4003 2211 4066; x_wconf 68' lang='lat' dir='ltr'><strong><em>tentiae,</em></strong></span> <span class='ocrx_word' id='word_1_741' title='bbox 2241 4008 2294 4054; x_wconf 92' lang='lat' dir='ltr'><strong><em>et</em></strong></span> <span class='ocrx_word' id='word_1_742' title='bbox 2315 3996 2744 4070; x_wconf 88' lang='lat' dir='ltr'><strong><em>perspiciendum</em></strong></span> <span class='ocrx_word' id='word_1_743' title='bbox 2775 3993 2826 4046; x_wconf 91' lang='lat' dir='ltr'><strong><em>in</em></strong></span> <span class='ocrx_word' id='word_1_744' title='bbox 2853 3992 2929 4046; x_wconf 91' lang='lat' dir='ltr'><strong><em>eis</em></strong></span> <span class='ocrx_word' id='word_1_745' title='bbox 2966 3990 3152 4059; x_wconf 89' lang='lat' dir='ltr'><strong><em>quales</em></strong></span> <span class='ocrx_word' id='word_1_746' title='bbox 3184 3997 3371 4043; x_wconf 90' lang='lat' dir='ltr'><strong><em>auctor</em></strong></span> <span class='ocrx_word' id='word_1_747' title='bbox 3397 4001 3580 4041; x_wconf 88' lang='lat' dir='ltr'><strong><em>earum</em></strong></span> 
     </span>
    </p>
   </div>
   <div class='ocr_carea' id='block_1_95' title="bbox 2010 4079 3582 4157">
    <p class='ocr_par' dir='ltr' id='par_1_95' title="bbox 2010 4079 3582 4157">
     <span class='ocr_line' id='line_1_95' title="bbox 2010 4079 3582 4157; baseline -0.01 -11"><span class='ocrx_word' id='word_1_748' title='bbox 2010 4091 2137 4148; x_wconf 81' lang='lat' dir='ltr'><strong><em>velit</em></strong></span> <span class='ocrx_word' id='word_1_749' title='bbox 2159 4105 2298 4155; x_wconf 92' lang='lat' dir='ltr'><strong><em>esse,</em></strong></span> <span class='ocrx_word' id='word_1_750' title='bbox 2328 4089 2412 4143; x_wconf 84' lang='lat' dir='ltr'><strong><em>vel</em></strong></span> <span class='ocrx_word' id='word_1_751' title='bbox 2439 4086 2566 4157; x_wconf 90' lang='lat' dir='ltr'><strong><em>quid</em></strong></span> <span class='ocrx_word' id='word_1_752' title='bbox 2589 4092 2681 4140; x_wconf 88' lang='lat' dir='ltr'><strong><em>aut</em></strong></span> <span class='ocrx_word' id='word_1_753' title='bbox 2707 4082 2933 4153; x_wconf 87' lang='lat' dir='ltr'><strong><em>qualiter</em></strong></span> <span class='ocrx_word' id='word_1_754' title='bbox 2961 4096 3120 4152; x_wconf 81' lang='lat' dir='ltr'><strong><em>agere</em></strong></span> <span class='ocrx_word' id='word_1_755' title='bbox 3145 4079 3372 4135; x_wconf 90' lang='lat' dir='ltr'><strong><em>debeant</em></strong></span> <span class='ocrx_word' id='word_1_756' title='bbox 3396 4091 3582 4132; x_wconf 87' lang='lat' dir='ltr'><strong><em>recon-</em></strong></span> 
     </span>
    </p>
   </div>
   <div class='ocr_carea' id='block_1_96' title="bbox 2011 4172 3584 4256">
    <p class='ocr_par' dir='ltr' id='par_1_96' title="bbox 2011 4172 3584 4256">
     <span class='ocr_line' id='line_1_96' title="bbox 2011 4172 3584 4256; baseline -0.01 -17"><span class='ocrx_word' id='word_1_757' title='bbox 2011 4183 2173 4239; x_wconf 87' lang='lat' dir='ltr'><strong><em>ciliati</em></strong></span> <span class='ocrx_word' id='word_1_758' title='bbox 2195 4179 2420 4256; x_wconf 76' lang='lat' dir='ltr'><strong><em>populus</em></strong></span> <span class='ocrx_word' id='word_1_759' title='bbox 2444 4175 2834 4248; x_wconf 87' lang='lat' dir='ltr'><strong><em>acquisitionis,</em></strong></span> <span class='ocrx_word' id='word_1_760' title='bbox 2874 4173 2966 4227; x_wconf 91' lang='lat' dir='ltr'><strong><em>ﬁlii</em></strong></span> <span class='ocrx_word' id='word_1_761' title='bbox 2989 4172 3421 4236; x_wconf 83' lang='lat' dir='ltr'><strong><em>resurrectionis,</em></strong></span> <span class='ocrx_word' id='word_1_762' title='bbox 3454 4184 3584 4224; x_wconf 80' lang='lat' dir='ltr'><strong><em>oves</em></strong></span> 
     </span>
    </p>
   </div>
   <div class='ocr_carea' id='block_1_97' title="bbox 2011 4262 3583 4342">
    <p class='ocr_par' dir='ltr' id='par_1_97' title="bbox 2011 4262 3583 4342">
     <span class='ocr_line' id='line_1_97' title="bbox 2011 4262 3583 4342; baseline -0.009 -13"><span class='ocrx_word' id='word_1_763' title='bbox 2011 4275 2205 4330; x_wconf 90' lang='lat' dir='ltr'><strong><em>summi</em></strong></span> <span class='ocrx_word' id='word_1_764' title='bbox 2233 4271 2483 4342; x_wconf 88' lang='lat' dir='ltr'><strong><em>pastoris,</em></strong></span> <span class='ocrx_word' id='word_1_765' title='bbox 2518 4277 2574 4324; x_wconf 90' lang='lat' dir='ltr'><strong><em>et</em></strong></span> <span class='ocrx_word' id='word_1_766' title='bbox 2613 4283 2740 4339; x_wconf 80' lang='lat' dir='ltr'><strong><em>erga</em></strong></span> <span class='ocrx_word' id='word_1_767' title='bbox 2765 4282 2822 4322; x_wconf 86' lang='lat' dir='ltr'><strong><em>se</em></strong></span> <span class='ocrx_word' id='word_1_768' title='bbox 2849 4265 3077 4320; x_wconf 86' lang='lat' dir='ltr'><strong><em>invicem</em></strong></span> <span class='ocrx_word' id='word_1_769' title='bbox 3102 4272 3156 4320; x_wconf 91' lang='lat' dir='ltr'><strong><em>et</em></strong></span> <span class='ocrx_word' id='word_1_770' title='bbox 3183 4279 3310 4334; x_wconf 82' lang='lat' dir='ltr'><strong><em>erga</em></strong></span> <span class='ocrx_word' id='word_1_771' title='bbox 3339 4262 3492 4332; x_wconf 89' lang='lat' dir='ltr'><strong><em>lupos</em></strong></span> <span class='ocrx_word' id='word_1_772' title='bbox 3520 4277 3583 4315; x_wconf 91' lang='lat' dir='ltr'><strong><em>ac</em></strong></span> 
     </span>
    </p>
   </div>
   <div class='ocr_carea' id='block_1_98' title="bbox 2011 4367 2576 4424">
    <p class='ocr_par' dir='ltr' id='par_1_98' title="bbox 2011 4367 2576 4424">
     <span class='ocr_line' id='line_1_98' title="bbox 2011 4367 2576 4424; baseline -0.012 0"><span class='ocrx_word' id='word_1_773' title='bbox 2011 4368 2216 4424; x_wconf 90' lang='lat' dir='ltr'><strong><em>bestias</em></strong></span> <span class='ocrx_word' id='word_1_774' title='bbox 2237 4367 2576 4420; x_wconf 89' lang='lat' dir='ltr'><strong><em>insidiantes.</em></strong></span> 
     </span>
    </p>
   </div>
   <div class='ocr_carea' id='block_1_99' title="bbox 2353 4487 3244 4565">
    <p class='ocr_par' dir='ltr' id='par_1_99' title="bbox 2353 4487 3244 4565">
     <span class='ocr_line' id='line_1_99' title="bbox 2353 4487 3244 4565; baseline -0.016 -11"><span class='ocrx_word' id='word_1_775' title='bbox 2353 4494 2778 4565; x_wconf 75' lang='lat' dir='ltr'><strong><em>SEQUUNTUR</em></strong></span> <span class='ocrx_word' id='word_1_776' title='bbox 2817 4487 3244 4547; x_wconf 55' lang='lat' dir='ltr'><strong><em>SENTENTIA).</em></strong></span> 
     </span>
    </p>
   </div>
   <div class='ocr_carea' id='block_1_100' title="bbox 2294 4599 3584 4676">
    <p class='ocr_par' dir='ltr' id='par_1_100' title="bbox 2294 4599 3584 4676">
     <span class='ocr_line' id='line_1_100' title="bbox 2294 4599 3584 4676; baseline -0.014 -8"><span class='ocrx_word' id='word_1_777' title='bbox 2294 4617 2350 4670; x_wconf 88' lang='lat' dir='ltr'><strong><em>in</em></strong></span> <span class='ocrx_word' id='word_1_778' title='bbox 2374 4611 2589 4668; x_wconf 75' lang='lat' dir='ltr'><strong><em>excelsis</em></strong></span> <span class='ocrx_word' id='word_1_779' title='bbox 2625 4610 2757 4676; x_wconf 87' lang='lat' dir='ltr'><strong><em>Deo,</em></strong></span> <span class='ocrx_word' id='word_1_780' title='bbox 2798 4617 2846 4662; x_wconf 90' lang='lat' dir='ltr'><strong><em>et</em></strong></span> <span class='ocrx_word' id='word_1_781' title='bbox 2873 4608 2927 4659; x_wconf 91' lang='lat' dir='ltr'><strong><em>in</em></strong></span> <span class='ocrx_word' id='word_1_782' title='bbox 2968 4614 3105 4658; x_wconf 88' lang='lat' dir='ltr'><strong><em>terra</em></strong></span> <span class='ocrx_word' id='word_1_783' title='bbox 3143 4618 3246 4672; x_wconf 73' lang='lat' dir='ltr'><strong><em>pas:</em></strong></span> <span class='ocrx_word' id='word_1_784' title='bbox 3292 4599 3584 4654; x_wconf 85' lang='lat' dir='ltr'><strong><em>hominibus</em></strong></span> 
     </span>
    </p>
   </div>
   <div class='ocr_carea' id='block_1_101' title="bbox 2015 4703 2486 4764">
    <p class='ocr_par' dir='ltr' id='par_1_101' title="bbox 2015 4703 2486 4764">
     <span class='ocr_line' id='line_1_101' title="bbox 2015 4703 2486 4764; baseline -0.015 0"><span class='ocrx_word' id='word_1_785' title='bbox 2015 4709 2162 4764; x_wconf 75' lang='lat' dir='ltr'><strong><em>bona:</em></strong></span> <span class='ocrx_word' id='word_1_786' title='bbox 2187 4703 2486 4762; x_wconf 81' lang='lat' dir='ltr'><strong><em>voluntatis.</em></strong></span> 
     </span>
    </p>
   </div>
   <div class='ocr_carea' id='block_1_102' title="bbox 2087 4783 3584 4868">
    <p class='ocr_par' dir='ltr' id='par_1_102' title="bbox 2087 4783 3584 4868">
     <span class='ocr_line' id='line_1_102' title="bbox 2087 4783 3584 4868; baseline -0.017 -11"><span class='ocrx_word' id='word_1_787' title='bbox 2087 4802 2311 4868; x_wconf 86' lang='lat' dir='ltr'><strong><em>Quando</em></strong></span> <span class='ocrx_word' id='word_1_788' title='bbox 2344 4804 2492 4853; x_wconf 89' lang='lat' dir='ltr'><strong><em>stant</em></strong></span> <span class='ocrx_word' id='word_1_789' title='bbox 2531 4793 2638 4851; x_wconf 89' lang='lat' dir='ltr'><strong><em>duo</em></strong></span> <span class='ocrx_word' id='word_1_790' title='bbox 2680 4791 3001 4846; x_wconf 86' lang='lat' dir='ltr'><strong><em>altrinsecus</em></strong></span> <span class='ocrx_word' id='word_1_791' title='bbox 3044 4784 3218 4856; x_wconf 88' lang='lat' dir='ltr'><strong><em>parati</em></strong></span> <span class='ocrx_word' id='word_1_792' title='bbox 3249 4783 3315 4836; x_wconf 90' lang='lat' dir='ltr'><strong><em>ad</em></strong></span> <span class='ocrx_word' id='word_1_793' title='bbox 3345 4791 3584 4835; x_wconf 84' lang='lat' dir='ltr'><strong><em>mutuam</em></strong></span> 
     </span>
    </p>
   </div>
   <div class='ocr_carea' id='block_1_103' title="bbox 2016 4872 3586 4956">
    <p class='ocr_par' dir='ltr' id='par_1_103' title="bbox 2016 4872 3586 4956">
     <span class='ocr_line' id='line_1_103' title="bbox 2016 4872 3586 4956; baseline -0.019 -5"><span class='ocrx_word' id='word_1_794' title='bbox 2016 4897 2238 4956; x_wconf 83' lang='lat' dir='ltr'><strong><em>caedem,</em></strong></span> <span class='ocrx_word' id='word_1_795' title='bbox 2297 4907 2405 4946; x_wconf 92' lang='lat' dir='ltr'><strong><em>non</em></strong></span> <span class='ocrx_word' id='word_1_796' title='bbox 2449 4895 2536 4944; x_wconf 89' lang='lat' dir='ltr'><strong><em>est</em></strong></span> <span class='ocrx_word' id='word_1_797' title='bbox 2579 4886 2658 4942; x_wconf 88' lang='lat' dir='ltr'><strong><em>eis</em></strong></span> <span class='ocrx_word' id='word_1_798' title='bbox 2703 4884 2818 4939; x_wconf 71' lang='lat' dir='ltr'><strong><em>haec</em></strong></span> <span class='ocrx_word' id='word_1_799' title='bbox 2863 4882 3002 4937; x_wconf 90' lang='lat' dir='ltr'><strong><em>bona</em></strong></span> <span class='ocrx_word' id='word_1_800' title='bbox 3044 4876 3320 4938; x_wconf 76' lang='lat' dir='ltr'><strong><em>voluntas;</em></strong></span> <span class='ocrx_word' id='word_1_801' title='bbox 3374 4881 3427 4926; x_wconf 89' lang='lat' dir='ltr'><strong><em>et</em></strong></span> <span class='ocrx_word' id='word_1_802' title='bbox 3469 4872 3586 4924; x_wconf 86' lang='lat' dir='ltr'><strong><em>ideo</em></strong></span> 
     </span>
    </p>
   </div>
   <div class='ocr_carea' id='block_1_104' title="bbox 2018 4960 3591 5058">
    <p class='ocr_par' dir='ltr' id='par_1_104' title="bbox 2018 4960 3591 5058">
     <span class='ocr_line' id='line_1_104' title="bbox 2018 4960 3591 5058; baseline -0.018 -16"><span class='ocrx_word' id='word_1_803' title='bbox 2018 4986 2195 5058; x_wconf 82' lang='lat' dir='ltr'><strong><em>angeli</em></strong></span> <span class='ocrx_word' id='word_1_804' title='bbox 2243 4984 2393 5054; x_wconf 88' lang='lat' dir='ltr'><strong><em>pacis</em></strong></span> <span class='ocrx_word' id='word_1_805' title='bbox 2437 4995 2542 5035; x_wconf 91' lang='lat' dir='ltr'><strong><em>non</em></strong></span> <span class='ocrx_word' id='word_1_806' title='bbox 2583 4977 2776 5033; x_wconf 89' lang='lat' dir='ltr'><strong><em>adsunt</em></strong></span> <span class='ocrx_word' id='word_1_807' title='bbox 2821 4972 2926 5028; x_wconf 90' lang='lat' dir='ltr'><strong><em>illis</em></strong></span> <span class='ocrx_word' id='word_1_808' title='bbox 2974 4980 3173 5026; x_wconf 69' lang='lat' dir='ltr'><strong><em>aeterna</em></strong></span> <span class='ocrx_word' id='word_1_809' title='bbox 3218 4962 3408 5036; x_wconf 78' lang='lat' dir='ltr'><strong><em>gaudia</em></strong></span> <span class='ocrx_word' id='word_1_810' title='bbox 3453 4960 3591 5015; x_wconf 56' lang='lat' dir='ltr'><strong><em>olle.</em></strong></span> 
     </span>
    </p>
   </div>
   <div class='ocr_carea' id='block_1_105' title="bbox 2020 5087 3589 5233">
    <p class='ocr_par' dir='ltr' id='par_1_105' title="bbox 2020 5087 3589 5233">
     <span class='ocr_line' id='line_1_105' title="bbox 2020 5087 3589 5233; baseline -0.018 -11"><span class='ocrx_word' id='word_1_811' title='bbox 2020 5087 2212 5220; x_wconf 49' lang='lat' dir='ltr'><strong><em>tergi:</em></strong></span> <span class='ocrx_word' id='word_1_812' title='bbox 2237 5161 2402 5218; x_wconf 83' lang='lat' dir='ltr'><strong><em>multa</em></strong></span> <span class='ocrx_word' id='word_1_813' title='bbox 2427 5158 2760 5233; x_wconf 84' lang='lat' dir='ltr'><strong><em>diligentibus</em></strong></span> <span class='ocrx_word' id='word_1_814' title='bbox 2794 5157 2953 5227; x_wconf 87' lang='lat' dir='ltr'><strong><em>legem</em></strong></span> <span class='ocrx_word' id='word_1_815' title='bbox 2993 5163 3154 5215; x_wconf 86' lang='lat' dir='ltr'><strong><em>tuam,</em></strong></span> <span class='ocrx_word' id='word_1_816' title='bbox 3184 5157 3230 5203; x_wconf 89' lang='lat' dir='ltr'><strong><em>et</em></strong></span> <span class='ocrx_word' id='word_1_817' title='bbox 3263 5161 3365 5201; x_wconf 88' lang='lat' dir='ltr'><strong><em>non</em></strong></span> <span class='ocrx_word' id='word_1_818' title='bbox 3389 5153 3461 5198; x_wconf 88' lang='lat' dir='ltr'><strong><em>est</em></strong></span> <span class='ocrx_word' id='word_1_819' title='bbox 3487 5144 3589 5197; x_wconf 68' lang='lat' dir='ltr'><strong><em>illis</em></strong></span> 
     </span>
    </p>
   </div>
   <div class='ocr_carea' id='block_1_106' title="bbox 2024 5257 2354 5317">
    <p class='ocr_par' dir='ltr' id='par_1_106' title="bbox 2024 5257 2354 5317">
     <span class='ocr_line' id='line_1_106' title="bbox 2024 5257 2354 5317; baseline -0.024 0"><span class='ocrx_word' id='word_1_820' title='bbox 2024 5257 2354 5317; x_wconf 86' lang='lat' dir='ltr'><strong><em>scandalum.</em></strong></span> 
     </span>
    </p>
   </div>
   <div class='ocr_carea' id='block_1_107' title="bbox 1679 5371 2229 5436">
    <p class='ocr_par' dir='ltr' id='par_1_107' title="bbox 1679 5371 2229 5436">
     <span class='ocr_line' id='line_1_107' title="bbox 1679 5371 2229 5436; baseline -0.024 0"><span class='ocrx_word' id='word_1_821' title='bbox 1679 5378 1957 5436; x_wconf 83' lang='lat' dir='ltr'><strong>BALUZII</strong></span> <span class='ocrx_word' id='word_1_822' title='bbox 1993 5371 2229 5431; x_wconf 71' lang='grc' dir='ltr'><strong><em>ΝΟΤᾸΞ.</em></strong></span> 
     </span>
    </p>
   </div>
   <div class='ocr_carea' id='block_1_108' title="bbox 407 5473 1919 5551">
    <p class='ocr_par' dir='ltr' id='par_1_108' title="bbox 407 5473 1919 5551">
     <span class='ocr_line' id='line_1_108' title="bbox 407 5473 1919 5551; baseline -0.012 -7"><span class='ocrx_word' id='word_1_823' title='bbox 407 5503 431 5529; x_wconf 73' lang='grc' dir='ltr'>ι</span> <span class='ocrx_word' id='word_1_824' title='bbox 473 5489 762 5551; x_wconf 73' lang='lat' dir='ltr'><strong><em>Hmeticus</em></strong></span> <span class='ocrx_word' id='word_1_825' title='bbox 788 5483 1165 5540; x_wconf 87' lang='lat' dir='ltr'><strong><em>Gundobadus.</em></strong></span> <span class='ocrx_word' id='word_1_826' title='bbox 1200 5481 1333 5536; x_wconf 88' lang='lat' dir='ltr'><strong><em>Vide</em></strong></span> <span class='ocrx_word' id='word_1_827' title='bbox 1363 5494 1524 5550; x_wconf 87' lang='lat' dir='ltr'><strong><em>supra</em></strong></span> <span class='ocrx_word' id='word_1_828' title='bbox 1568 5477 1620 5531; x_wconf 93' lang='lat' dir='ltr'><strong><em>in</em></strong></span> <span class='ocrx_word' id='word_1_829' title='bbox 1657 5475 1793 5528; x_wconf 91' lang='lat' dir='ltr'><strong><em>libro</em></strong></span> <span class='ocrx_word' id='word_1_830' title='bbox 1821 5473 1919 5528; x_wconf 88' lang='lat' dir='ltr'><strong><em>ad-</em></strong></span> 
     </span>
    </p>
   </div>
   <div class='ocr_carea' id='block_1_109' title="bbox 339 5551 1334 5629">
    <p class='ocr_par' dir='ltr' id='par_1_109' title="bbox 339 5551 1334 5629">
     <span class='ocr_line' id='line_1_109' title="bbox 339 5551 1334 5629; baseline -0.008 -20"><span class='ocrx_word' id='word_1_831' title='bbox 339 5575 526 5629; x_wconf 79' lang='lat' dir='ltr'><strong><em>versus</em></strong></span> <span class='ocrx_word' id='word_1_832' title='bbox 554 5558 727 5629; x_wconf 78' lang='lat' dir='ltr'><strong><em>legem</em></strong></span> <span class='ocrx_word' id='word_1_833' title='bbox 757 5554 1070 5610; x_wconf 82' lang='lat' dir='ltr'><strong><em>Gundebadi</em></strong></span> <span class='ocrx_word' id='word_1_834' title='bbox 1099 5567 1216 5629; x_wconf 82' lang='lat' dir='ltr'><strong><em>cap.</em></strong></span> 
     </span>
    </p>
   </div>
   <div class='ocr_carea' id='block_1_110' title="bbox 410 5613 1924 5682">
    <p class='ocr_par' dir='ltr' id='par_1_110' title="bbox 410 5613 1924 5682">
     <span class='ocr_line' id='line_1_110' title="bbox 410 5613 1924 5682; baseline -0.011 1"><span class='ocrx_word' id='word_1_835' title='bbox 410 5613 452 5669; x_wconf 15' lang='lat' dir='ltr'><strong><em>bi</em></strong></span> <span class='ocrx_word' id='word_1_836' title='bbox 477 5613 748 5682; x_wconf 71' lang='grc' dir='ltr'><em>Ροηῖηάω</em></span> <span class='ocrx_word' id='word_1_837' title='bbox 784 5634 906 5680; x_wconf 87' lang='lat' dir='ltr'><strong><em>sunt</em></strong></span> <span class='ocrx_word' id='word_1_838' title='bbox 945 5613 1230 5678; x_wconf 63' lang='lat' dir='ltr'><strong><em>sententiis.</em></strong></span> <span class='ocrx_word' id='word_1_839' title='bbox 1274 5618 1369 5673; x_wconf 90' lang='lat' dir='ltr'><strong><em>Vel</em></strong></span> <span class='ocrx_word' id='word_1_840' title='bbox 1413 5618 1604 5672; x_wconf 88' lang='lat' dir='ltr'><strong><em>unicus</em></strong></span> <span class='ocrx_word' id='word_1_841' title='bbox 1643 5613 1734 5669; x_wconf 91' lang='lat' dir='ltr'><strong><em>hic</em></strong></span> <span class='ocrx_word' id='word_1_842' title='bbox 1773 5613 1924 5667; x_wconf 86' lang='lat' dir='ltr'><strong><em>locus</em></strong></span> 
     </span>
    </p>
   </div>
   <div class='ocr_carea' id='block_1_111' title="bbox 341 5682 1923 5762">
    <p class='ocr_par' dir='ltr' id='par_1_111' title="bbox 341 5682 1923 5762">
     <span class='ocr_line' id='line_1_111' title="bbox 341 5682 1923 5762; baseline -0.011 -10"><span class='ocrx_word' id='word_1_843' title='bbox 341 5700 571 5755; x_wconf 82' lang='lat' dir='ltr'><strong><em>ostendit</em></strong></span> <span class='ocrx_word' id='word_1_844' title='bbox 608 5695 912 5752; x_wconf 83' lang='lat' dir='ltr'><strong><em>sententias</em></strong></span> <span class='ocrx_word' id='word_1_845' title='bbox 934 5709 1054 5762; x_wconf 75' lang='lat' dir='ltr'><strong><em>qua:</em></strong></span> <span class='ocrx_word' id='word_1_846' title='bbox 1079 5697 1377 5762; x_wconf 89' lang='lat' dir='ltr'><strong><em>sequuntu_r</em></strong></span> <span class='ocrx_word' id='word_1_847' title='bbox 1401 5700 1654 5762; x_wconf 84' lang='lat' dir='ltr'><strong><em>non__esse</em></strong></span> <span class='ocrx_word' id='word_1_848' title='bbox 1682 5682 1923 5762; x_wconf 54' lang='lat' dir='ltr'><strong><em>dividen:</em></strong></span> 
     </span>
    </p>
   </div>
   <div class='ocr_carea' id='block_1_112' title="bbox 345 5751 1921 5832">
    <p class='ocr_par' dir='ltr' id='par_1_112' title="bbox 345 5751 1921 5832">
     <span class='ocr_line' id='line_1_112' title="bbox 345 5751 1921 5832; baseline -0.011 -10"><span class='ocrx_word' id='word_1_849' title='bbox 345 5751 544 5823; x_wconf 53' lang='lat'><strong><em>(15536</em></strong></span> <span class='ocrx_word' id='word_1_850' title='bbox 576 5751 681 5822; x_wconf 85' lang='lat' dir='ltr'><strong><em>hoc</em></strong></span> <span class='ocrx_word' id='word_1_851' title='bbox 723 5765 862 5820; x_wconf 87' lang='lat' dir='ltr'><strong><em>libro</em></strong></span> <span class='ocrx_word' id='word_1_852' title='bbox 891 5782 904 5817; x_wconf 90' lang='lat'><strong>:</strong></span> <span class='ocrx_word' id='word_1_853' title='bbox 936 5751 1090 5832; x_wconf 72' lang='lat' dir='ltr'><strong><em>quod</em></strong></span> <span class='ocrx_word' id='word_1_854' title='bbox 1122 5751 1310 5832; x_wconf 73' lang='lat' dir='ltr'><strong><em>tamen</em></strong></span> <span class='ocrx_word' id='word_1_855' title='bbox 1333 5758 1459 5832; x_wconf 83' lang='lat' dir='ltr'><strong><em>fecit</em></strong></span> <span class='ocrx_word' id='word_1_856' title='bbox 1500 5755 1798 5832; x_wconf 55' lang='lat' dir='ltr'><strong><em>hlassonus,</em></strong></span> <span class='ocrx_word' id='word_1_857' title='bbox 1829 5751 1921 5822; x_wconf 91' lang='lat' dir='ltr'><strong><em>qui</em></strong></span> 
     </span>
    </p>
   </div>
   <div class='ocr_carea' id='block_1_113' title="bbox 347 5823 1920 5900">
    <p class='ocr_par' dir='ltr' id='par_1_113' title="bbox 347 5823 1920 5900">
     <span class='ocr_line' id='line_1_113' title="bbox 347 5823 1920 5900; baseline -0.011 -10"><span class='ocrx_word' id='word_1_858' title='bbox 347 5836 482 5895; x_wconf 71' lang='lat' dir='ltr'><strong><em>hunc</em></strong></span> <span class='ocrx_word' id='word_1_859' title='bbox 521 5839 738 5892; x_wconf 88' lang='lat' dir='ltr'><strong><em>titulum</em></strong></span> <span class='ocrx_word' id='word_1_860' title='bbox 771 5835 837 5888; x_wconf 87' lang='lat' dir='ltr'><strong><em>de</em></strong></span> <span class='ocrx_word' id='word_1_861' title='bbox 875 5823 973 5887; x_wconf 78' lang='lat' dir='ltr'><strong><em>suo</em></strong></span> <span class='ocrx_word' id='word_1_862' title='bbox 1011 5829 1246 5900; x_wconf 83' lang='lat' dir='ltr'><strong><em>adjecit:</em></strong></span> <span class='ocrx_word' id='word_1_863' title='bbox 1279 5826 1540 5896; x_wconf 81' lang='lat' dir='ltr'><strong><em>Agobardi</em></strong></span> <span class='ocrx_word' id='word_1_864' title='bbox 1578 5823 1920 5893; x_wconf 74' lang='lat' dir='ltr'><strong><em>expositiones</em></strong></span> 
     </span>
    </p>
   </div>
   <div class='ocr_carea' id='block_1_114' title="bbox 2022 5438 3592 5528">
    <p class='ocr_par' dir='ltr' id='par_1_114' title="bbox 2022 5438 3592 5528">
     <span class='ocr_line' id='line_1_114' title="bbox 2022 5438 3592 5528; baseline -0.022 -6"><span class='ocrx_word' id='word_1_865' title='bbox 2022 5470 2141 5523; x_wconf 87' lang='lat' dir='ltr'><strong><em>hinc</em></strong></span> <span class='ocrx_word' id='word_1_866' title='bbox 2170 5475 2216 5518; x_wconf 90' lang='lat' dir='ltr'><strong><em>et</em></strong></span> <span class='ocrx_word' id='word_1_867' title='bbox 2254 5463 2396 5517; x_wconf 88' lang='lat' dir='ltr'><strong><em>illinc</em></strong></span> <span class='ocrx_word' id='word_1_868' title='bbox 2422 5477 2449 5514; x_wconf 92' lang='lat' dir='ltr'><strong><em>e</em></strong></span> <span class='ocrx_word' id='word_1_869' title='bbox 2476 5459 2765 5528; x_wconf 67' lang='lat' dir='ltr'><strong><em>Scriptura,</em></strong></span> <span class='ocrx_word' id='word_1_870' title='bbox 2797 5453 2860 5505; x_wconf 88' lang='lat' dir='ltr'><strong><em>de</em></strong></span> <span class='ocrx_word' id='word_1_871' title='bbox 2889 5465 3033 5528; x_wconf 73' lang='lat' dir='ltr'><strong><em>pace,</em></strong></span> <span class='ocrx_word' id='word_1_872' title='bbox 3053 5447 3124 5528; x_wconf 40' lang='lat' dir='ltr'><strong><em>&#39;de</em></strong></span> <span class='ocrx_word' id='word_1_873' title='bbox 3148 5438 3592 5528; x_wconf 12' lang='lat' dir='ltr'><strong><em>sedandisicordis</em></strong></span> 
     </span>
    </p>
   </div>
   <div class='ocr_carea' id='block_1_115' title="bbox 2022 5509 3595 5606">
    <p class='ocr_par' dir='ltr' id='par_1_115' title="bbox 2022 5509 3595 5606">
     <span class='ocr_line' id='line_1_115' title="bbox 2022 5509 3595 5606; baseline 0 0"><span class='ocrx_word' id='word_1_874' title='bbox 2022 5509 2407 5606; x_wconf 58' lang='grc' dir='ltr'><strong><em>ἓὲὶῗὲεῧῦιὶὲἶὶῖι</em></strong></span> <span class='ocrx_word' id='word_1_875' title='bbox 2425 5509 2678 5606; x_wconf 61' lang='grc' dir='ltr'><strong><em>ίαῖθὴνέῗης</em></strong></span> <span class='ocrx_word' id='word_1_876' title='bbox 2719 5509 2799 5606; x_wconf 51' lang='grc' dir='ltr'><em>ἀὲ.</em></span> <span class='ocrx_word' id='word_1_877' title='bbox 2817 5509 2922 5574; x_wconf 58' lang='grc' dir='ltr'><strong><em>ὀεὶτ</em></strong></span> <span class='ocrx_word' id='word_1_878' title='bbox 2961 5511 3497 5606; x_wconf 26' lang='grc' dir='ltr'><strong><em>β¹ί¹ξίῗέἒέίέἰίξ⁸ίξ²έὶίίε</em></strong></span> <span class='ocrx_word' id='word_1_879' title='bbox 3531 5509 3595 5606; x_wconf 63' lang='grc' dir='ltr'><strong><em>(ἐξ</em></strong></span> 
     </span>
    </p>
   </div>
   <div class='ocr_carea' id='block_1_116' title="bbox 2024 5577 3594 5664">
    <p class='ocr_par' dir='ltr' id='par_1_116' title="bbox 2024 5577 3594 5664">
     <span class='ocr_line' id='line_1_116' title="bbox 2024 5577 3594 5664; baseline -0.022 -3"><span class='ocrx_word' id='word_1_880' title='bbox 2024 5577 2722 5664; x_wconf 55' lang='lat' dir='ltr'><strong><em>Z’itiiéiir&#39;is&#39;iof&#39;dé’lnféns,</em></strong></span> <span class='ocrx_word' id='word_1_881' title='bbox 2766 5593 2831 5664; x_wconf 84' lang='lat' dir='ltr'><strong><em>de</em></strong></span> <span class='ocrx_word' id='word_1_882' title='bbox 2869 5583 3326 5664; x_wconf 76' lang='lat' dir='ltr'><strong><em>persecutionibus.</em></strong></span> <span class='ocrx_word' id='word_1_883' title='bbox 3367 5577 3500 5633; x_wconf 83' lang='lat' dir='ltr'><strong><em>Nam</em></strong></span> <span class='ocrx_word' id='word_1_884' title='bbox 3541 5579 3594 5664; x_wconf 41' lang='lat' dir='ltr'><strong><em>i‘n</em></strong></span> 
     </span>
    </p>
   </div>
   <div class='ocr_carea' id='block_1_117' title="bbox 2023 5656 3591 5733">
    <p class='ocr_par' dir='ltr' id='par_1_117' title="bbox 2023 5656 3591 5733">
     <span class='ocr_line' id='line_1_117' title="bbox 2023 5656 3591 5733; baseline -0.021 -1"><span class='ocrx_word' id='word_1_885' title='bbox 2023 5656 2405 5732; x_wconf 25' lang='lat' dir='ltr'><strong><em>“codicevcteri</em></strong></span> <span class='ocrx_word' id='word_1_886' title='bbox 2435 5656 2793 5733; x_wconf 57' lang='lat' dir='ltr'><strong><em>nihil&#39;legitur</em></strong></span> <span class='ocrx_word' id='word_1_887' title='bbox 2821 5656 3139 5733; x_wconf 81' lang='lat' dir='ltr'><strong><em>istiusmodi,</em></strong></span> <span class='ocrx_word' id='word_1_888' title='bbox 3172 5667 3273 5707; x_wconf 89' lang='lat' dir='ltr'><strong><em>nec</em></strong></span> <span class='ocrx_word' id='word_1_889' title='bbox 3297 5665 3433 5733; x_wconf 75' lang='lat' dir='ltr'><strong><em>opus</em></strong></span> <span class='ocrx_word' id='word_1_890' title='bbox 3456 5656 3591 5733; x_wconf 70' lang='lat' dir='ltr'><strong><em>erat.</em></strong></span> 
     </span>
    </p>
   </div>
   <div class='ocr_carea' id='block_1_118' title="bbox 2024 5718 3590 5801">
    <p class='ocr_par' dir='ltr' id='par_1_118' title="bbox 2024 5718 3590 5801">
     <span class='ocr_line' id='line_1_118' title="bbox 2024 5718 3590 5801; baseline -0.023 1"><span class='ocrx_word' id='word_1_891' title='bbox 2024 5718 2348 5801; x_wconf 40' lang='lat' dir='ltr'><strong><em>bldslvtjimen</em></strong></span> <span class='ocrx_word' id='word_1_892' title='bbox 2381 5748 2440 5793; x_wconf 93' lang='lat' dir='ltr'><strong><em>ut</em></strong></span> <span class='ocrx_word' id='word_1_893' title='bbox 2467 5718 2605 5789; x_wconf 81' lang='lat' dir='ltr'><strong><em>viam</em></strong></span> <span class='ocrx_word' id='word_1_894' title='bbox 2630 5718 2838 5788; x_wconf 59' lang='lat' dir='ltr'><strong><em>lectori</em></strong></span> <span class='ocrx_word' id='word_1_895' title='bbox 2861 5718 3344 5801; x_wconf 80' lang='lat' dir='ltr'><strong><em>complanaremus,</em></strong></span> <span class='ocrx_word' id='word_1_896' title='bbox 3387 5719 3473 5773; x_wconf 86' lang='lat' dir='ltr'><strong><em>hic</em></strong></span> <span class='ocrx_word' id='word_1_897' title='bbox 3510 5718 3590 5769; x_wconf 82' lang='lat' dir='ltr'><strong><em>ad-</em></strong></span> 
     </span>
    </p>
   </div>
   <div class='ocr_carea' id='block_1_119' title="bbox 2024 5796 3263 5873">
    <p class='ocr_par' dir='ltr' id='par_1_119' title="bbox 2024 5796 3263 5873">
     <span class='ocr_line' id='line_1_119' title="bbox 2024 5796 3263 5873; baseline -0.019 -3"><span class='ocrx_word' id='word_1_898' title='bbox 2024 5796 2257 5870; x_wconf 74' lang='lat' dir='ltr'><strong><em>didimus</em></strong></span> <span class='ocrx_word' id='word_1_899' title='bbox 2284 5813 2395 5864; x_wconf 75' lang='lat' dir='ltr'><strong><em>lucc.</em></strong></span> <span class='ocrx_word' id='word_1_900' title='bbox 2424 5808 2603 5868; x_wconf 78' lang='lat' dir='ltr'><strong><em>verba,</em></strong></span> <span class='ocrx_word' id='word_1_901' title='bbox 2638 5804 2935 5873; x_wconf 82' lang='lat' dir='ltr'><strong><em>Sequuntur</em></strong></span> <span class='ocrx_word' id='word_1_902' title='bbox 2967 5796 3263 5853; x_wconf 66' lang='lat' dir='ltr'><strong><em>Sententiat.</em></strong></span> 
     </span>
    </p>
   </div>
  </div>
