4010 6184
310 367 417 424 255

1278 361 1336 415 S.
1375 357 1727 419 AGOBARDI
1763 353 2074 412 EPISCOPI
2103 353 2589 415 LUGDUNENSlS

3465 359 3574 416 256

381 481 426 534 Α
448 479 642 550 quibus
663 493 765 548 pax
795 476 964 532 multa
986 472 1300 531 scandalum
1330 491 1438 531 non
1473 475 1730 540 excludit,
1763 487 1889 530 nec-
1915 470 1969 529 Α
1991 476 2046 521 ut
2072 468 2270 538 faciant
2301 469 2440 524 vobis
2468 470 2722 536 homines,
2771 479 2819 525 et
2867 489 2957 526 vos
3000 472 3160 540 facite
3191 473 3285 526 eis.
3320 471 3450 527 Ha'c
3498 486 3574 530 est

312 571 440 628 dum
475 570 675 625 habent
697 567 1081 639 plenitudinem
1118 566 1272 638 legis,
1300 582 1420 638 quae
1444 567 1681 622 charitas
1710 574 1815 622 est.

382 662 533 717 Beati
554 661 726 725 mites,
748 659 994 730 quoniam
1024 658 1122 728 ipsi
1147 657 1475 726 possidebunt
1495 669 1708 710 terram.
1759 730 1762 738 ν

379 753 630 809 Forsitan
657 750 854 806 dicturi
887 758 1014 805 sunt
1035 749 1377 813 contentiosi,
1411 748 1478 802 ad
1509 747 1889 817 possidendam

311 854 514 902 terram
545 843 838 898 viventium
864 840 1330 895 mansuetudinem
1350 855 1470 894 esse
1491 838 1887 903 necessariam;

312 935 380 991 ad
418 933 807 991 defendendam
843 939 1023 985 autem
1066 939 1267 985 terram
1298 930 1664 993 morientium,
1700 927 1893 982 frater-

309 1042 435 1082 nam
468 1022 935 1094 congressionem?
963 1020 1067 1076 Sed
1103 1020 1325 1073 audiant
1356 1018 1672 1088 Apostolum
1705 1018 1890 1071 dicen-

311 1128 420 1172 tem
450 1134 463 1169 :
495 1115 608 1169 Nos
635 1112 792 1166 talem
835 1110 1256 1166 consuetudinem
1297 1126 1399 1162 non
1425 1108 1695 1173 habemus,
1731 1123 1893 1176 neque

311 1205 560 1262 Ecclesia:
591 1202 804 1258 Christi.

380 1295 530 1350 Beati
586 1292 983 1359 misericordes,
1032 1294 1283 1364 quoniam
1333 1292 1430 1362 ipsi
1477 1291 1892 1344 misericordiam

310 1394 703 1457 consequentur.
727 1383 880 1438 Beati
901 1382 1131 1454 paciﬁci,
1175 1380 1424 1452 quoniam
1467 1380 1568 1449 ﬁlii
1607 1381 1700 1432 Dei
1743 1396 1894 1434 voca-

312 1479 528 1533 buntur.

382 1571 497 1624 Non
525 1567 748 1624 oﬂ'ertur
771 1573 970 1620 aeterna
991 1563 1366 1618 misericordia
1390 1571 1444 1616 et
1464 1564 1640 1615 honor
1664 1561 1896 1614 filiorum

311 1664 406 1718 Dei
439 1657 975 1721 immisericordibus,
999 1665 1053 1709 et
1080 1669 1270 1725 pacem
1298 1653 1775 1717 disrumuentibus,
1801 1650 1897 1706 sed

313 1751 658 1808 facientibus.
1858 1736 1863 1742 ’

1987 558 2128 612 enim
2153 557 2236 611 lea:
2263 568 2309 612 et
2336 559 2616 630 prophetae.

2061 647 2217 702 Nullo
2251 649 2410 703 modo
2446 649 2568 718 quis
2612 657 2790 720 potest
2817 651 2960 707 filius
2986 650 3081 706 Dei
3117 668 3256 719 esse,
3306 655 3411 710 nisi
3461 655 3579 711 imi-

1993 744 2156 792 tetur.
2207 739 2307 802 Qui
2353 753 2482 808 ergo
2530 755 2636 794 non
2682 740 2961 806 imitando,
3015 758 3046 794 a
3100 750 3251 797 tanta
3297 745 3580 802 nobilitate

1993 829 2320 900 degenerat,
2355 846 2463 885 non
2499 833 2764 886 veraciter
2797 834 2892 888 sed
2937 832 3074 889 falso
3099 835 3268 890 dicit:
3303 837 3465 891 Pater
3487 855 3581 892 na-

1991 928 2116 984 ster,
2156 922 2245 990 qui
2272 938 2324 974 es
2353 922 2408 974 in
2456 922 2614 976 caelis.
2648 923 2716 977 Et
2749 923 2869 979 ideo
2927 941 3033 980 non
3083 934 3290 980 tantum
3349 928 3582 983 crudeli-

1995 1017 2126 1074 tate,
2169 1011 2264 1064 sed
2305 1019 2360 1064 et
2402 1010 2638 1067 falsitate
2673 1014 2980 1068 damnatur.
3026 1014 3084 1070 Si
3112 1032 3219 1072 non
3258 1017 3580 1075 intrabimus

1994 1100 2047 1154 in
2096 1115 2319 1170 regnum
2364 1101 2647 1168 cmlorum,
2691 1105 2793 1158 nisi
2841 1106 3199 1162 abundaverit
3231 1105 3443 1177 iustitia
3491 1127 3582 1166 no-

1994 1197 2105 1243 stra
2141 1189 2427 1261 plusquam
2473 1191 2786 1248 Scribarum
2815 1203 2870 1249 et
2898 1195 3336 1252 Pharisaeorum:
3376 1210 3583 1270 quanto

1996 1280 2168 1351 magis
2204 1282 2307 1335 nisi
2343 1283 2698 1337 abundaverit
2743 1284 3028 1356 plusquam
3074 1289 3484 1359 publicanon
3528 1300 3585 1348 et

1995 1373 2369 1427 ethnicorum?

2065 1461 2167 1528 Qui
2217 1463 2602 1532 perfectionem
2663 1477 3012 1535 remunerat,
3072 1470 3205 1524 nihil
3249 1475 3582 1544 corruptioin

1995 1554 2101 1609 nisi
2157 1555 2554 1611 damnationem
2594 1568 2874 1613 reservat.
2921 1559 3248 1628 Considera,
3295 1579 3330 1618 o
3375 1574 3584 1620 amator

1996 1661 2178 1700 rerum
2213 1646 2602 1715 periturarum,
2652 1657 2706 1703 et
2750 1649 3026 1722 neglector
3081 1652 3178 1718 tui,
3219 1655 3347 1723 quia
3393 1655 3483 1709 alii
3529 1657 3585 1710 in

1997 1746 2052 1791 te
2076 1739 2322 1808 peccanti
2351 1747 2506 1808 potes
2547 1741 2854 1808 dimittere,
2896 1743 3211 1814 tibimetipsi
3255 1763 3361 1801 non
3409 1756 3582 1818 potes.

383 1843 617 1897 Audistis
664 1841 788 1912 quia
829 1839 1028 1893 dictum
1068 1846 1140 1891 est
1189 1837 1418 1908 antiquis
1455 1851 1472 1890 :
1512 1835 1635 1889 Non
1674 1836 1894 1889 occides.
1927 1839 1974 1898 B
2003 1830 2070 1884 Et
2121 1831 2246 1900 quia
2292 1831 2359 1887 ad
2405 1840 2514 1886 tam
2560 1849 2722 1904 grave
2761 1834 2962 1889 malum
3012 1836 3216 1891 nullum
3270 1839 3446 1909 majus
3501 1857 3588 1897 re-

317 1937 418 1999 Qui
446 1942 618 1986 autem
639 1929 905 1993 occiderit,
926 1945 1042 1982 rcus
1068 1928 1165 1982 erit
1187 1926 1412 1997 judicio.
1446 1925 1556 1997 Ego
1579 1935 1752 1979 autem
1779 1926 1895 1979 dico

314 2025 474 2091 vobis,
508 2025 631 2096 quia
665 2023 830 2078 omnis
860 2020 950 2092 qui
995 2019 1242 2073 irascitur
1296 2017 1451 2087 fratri
1483 2034 1600 2082 sua,
1639 2033 1756 2070 reus
1800 2018 1896 2071 erit

307 2118 532 2188 judicio.
565 2115 667 2180 Qui
703 2124 878 2168 autem
898 2112 1086 2166 dixerit
1113 2111 1266 2181 fratri
1295 2127 1388 2166 suo
1414 2109 1624 2174 Racha,
1659 2126 1779 2163 reus
1803 2110 1898 2163 erit

315 2208 539 2264 consilii.
588 2205 690 2272 Qui
730 2214 903 2258 autem
932 2203 1121 2257 dixerit
1149 2201 1344 2267 Fatue,
1373 2218 1493 2256 reus
1529 2201 1626 2256 erit
1653 2201 1900 2270 gehenna:

313 2301 471 2372 ignis,
524 2309 628 2354 etc.
675 2297 910 2350 Audistis
947 2295 1072 2366 quia
1119 2293 1314 2347 dictant
1359 2302 1489 2346 est:
1533 2290 1757 2345 Oculum
1803 2307 1902 2361 pro

313 2389 483 2456 oculo,
515 2400 562 2444 et
583 2389 786 2443 dentem
815 2402 908 2457 pro
934 2385 1104 2439 dente.
1137 2384 1251 2455 Ego
1278 2391 1453 2437 autem
1481 2383 1599 2436 dico
1628 2381 1767 2436 vobis
1796 2398 1899 2435 non

313 2484 549 2538 resistere
586 2479 761 2545 malo;
804 2478 894 2532 sed
928 2477 974 2531 si
998 2477 1113 2548 quis
1156 2485 1205 2530 te
1241 2475 1552 2546 percusserit
1589 2474 1644 2527 in
1686 2473 1899 2527 dextera

313 2571 530 2626 maxilla
553 2580 662 2635 tua,
685 2567 854 2639 pra’be
880 2567 958 2620 illi
988 2577 1035 2621 et
1057 2566 1296 2620 alteram.
1324 2565 1391 2618 Et
1411 2566 1456 2618 ei
1483 2565 1572 2634 qui
1593 2563 1702 2618 vult
1729 2574 1898 2618 tecum

308 2662 509 2734 jucﬁcio
538 2660 866 2724 contendere,
893 2667 939 2712 et
976 2658 1205 2712 tunicam
1233 2666 1378 2710 tuam
1405 2655 1606 2721 tollere,
1624 2655 1824 2709 dimitte
1854 2655 1901 2707 ei

317 2763 367 2807 et
395 2751 633 2824 pallium,
664 2760 717 2804 et
739 2750 968 2819 reliqua.

383 2843 620 2912 Antiqua
653 2839 850 2914 populo
883 2846 1216 2909 praeceptum
1245 2844 1304 2892 ut
1342 2852 1556 2907 qualem
1588 2838 1710 2906 quis
1746 2837 1902 2891 alteri

239 2940 253 2955 ’
315 2932 583 2987 maculam
614 2929 921 2994 indixisset,
947 2928 1104 2982 talem
1147 2927 1415 2982 sustinere
1455 2926 1899 2995 compelleretur;

316 3041 456 3080 novo
504 3031 716 3088 autem,
764 3022 968 3076 nullum
1018 3020 1221 3075 malum
1270 3019 1504 3086 inferre,
1559 3020 1655 3074 sed
1697 3019 1903 3074 illatutn

313 3116 691 3187 :equanimiter
728 3115 977 3170 tolerare.
1024 3113 1124 3180 Qui
1167 3127 1296 3184 ergo
1327 3129 1434 3168 non
1467 3112 1640 3166 solum
1671 3128 1778 3167 non
1817 3128 1903 3167 re-

317 3180 478 3270 sistit,
511 3203 606 3260 sed
639 3205 803 3259 etiam
829 3203 1048 3258 modum
1086 3180 1299 3256 talionis
1349 3202 1761 3272 supergrediens
1813 3219 1902 3256 ex-
1929 3180 1972 3241 C

318 3297 481 3362 cedit,
515 3312 615 3351 nec
663 3297 731 3353 ad
776 3296 1057 3364 antiquum
1102 3293 1355 3363 populum
1392 3294 1644 3364 pertinet,
1690 3309 1792 3348 nec
1835 3294 1901 3348 ad

319 3405 536 3444 novum.
571 3387 716 3455 Quos
733 3386 986 3455 jubemur
1011 3385 1253 3456 diligere,
1281 3400 1387 3439 non
1417 3385 1781 3454 permittimur
1811 3400 1905 3439 no-

320 3491 510 3536 centes
540 3479 754 3534 laedere.

391 3569 586 3625 Tribus
616 3569 790 3624 modis
829 3576 1106 3639 peccatur,
1151 3567 1498 3639 cogitatione,
1541 3567 1814 3623 locutione
1849 3577 1905 3623 et

321 3662 550 3716 actione.
580 3661 734 3715 Patet
761 3675 890 3731 ergo
917 3661 970 3714 in
1000 3661 1324 3730 cogitatione
1359 3661 1597 3714 radicem
1639 3675 1760 3715 esse
1790 3677 1905 3715 ma—

319 3753 516 3818 larum,
544 3750 754 3807 fructus
777 3761 957 3806 autem
985 3752 1038 3804 in
1067 3752 1394 3821 operatione.
1425 3751 1491 3805 Et
1511 3761 1905 3821 consequenter

323 3842 490 3896 veteri
539 3842 732 3913 populo
779 3840 984 3897 fructus
1025 3841 1292 3898 malorum
1332 3851 1604 3908 vetantur,
1652 3844 1706 3898 in
1764 3859 1909 3899 novo

321 3950 450 3989 vero
472 3935 681 3989 radices
707 3935 1277 4005 exstirparejubemur
1303 3955 1315 3990 :
1350 3935 1576 4007 ideoque
1614 3937 1755 4007 apud
1784 3937 1904 3993 illos

322 4027 673 4082 homicidium
713 4027 767 4082 in
819 4036 973 4082 reatu
1030 4035 1188 4094 erat;
1240 4031 1380 4098 apud
1435 4045 1536 4085 nos
1589 4039 1771 4084 autem
1823 4031 1904 4085 ira

321 4117 531 4172 occulta
576 4125 632 4170 et
674 4131 852 4171 sermo
900 4114 1212 4184 iniuriosus.
1259 4118 1599 4188 Quapropter
1629 4120 1721 4190 qui
1749 4134 1903 4174 men-

325 4219 432 4262 tem
463 4223 568 4261 non
610 4215 804 4279 purgat
843 4223 874 4262 a
925 4207 1127 4275 furore,
1167 4225 1266 4266 nec
1293 4225 1489 4266 manus
1533 4199 1830 4281 compescit
1873 4227 1904 4266 a

323 4298 490 4361 ccede,
520 4313 620 4351 nec
662 4312 785 4352 cum
821 4297 1059 4367 antiquis
1099 4297 1199 4369 legi
1251 4299 1497 4356 subditus
1525 4308 1627 4367 est,
1656 4315 1756 4356 nec
1782 4317 1905 4356 cum

325 4389 478 4444 novis
503 4387 824 4458 evangelicae
855 4388 1042 4456 gratias
1069 4387 1314 4444 libertate
1344 4391 1595 4447 donatus.

395 4479 628 4533 Audistis
649 4479 773 4550 quia
805 4478 1000 4532 dictum
1039 4490 1113 4534 est
1141 4497 1160 4534 :
1193 4480 1388 4552 Diliges
1413 4484 1707 4554 proximum
1730 4493 1900 4550 tuum,

326 4583 371 4628 et
398 4573 540 4626 adies
566 4572 834 4625 inimicum
873 4581 1039 4626 tuum.
1083 4571 1196 4644 Ego
1225 4584 1399 4629 autem
1423 4575 1539 4630 dico
1563 4577 1703 4632 vobis
1727 4591 1744 4628 :
1769 4579 1906 4633 Dili-

2000 1923 2235 1977 medium
2265 1924 2556 1991 invenitur,
2587 1941 2752 1995 quam
2781 1936 2841 1980 ut
2881 1929 3122 1984 dimittas
3160 1946 3278 1999 quae
3311 1943 3487 2002 potes,
3529 1943 3590 1990 ut

2000 2012 2344 2068 dimittantur
2379 2015 2471 2070 tibi
2501 2030 2621 2084 qua:
2652 2018 2992 2074 committere
3029 2019 3194 2086 vales,
3247 2023 3430 2079 delere
3479 2041 3587 2081 non

1999 2111 2178 2172 potes.

2074 2194 2176 2260 Qui
2204 2207 2348 2251 amat
2376 2207 2579 2269 patrem
2608 2208 2699 2254 aut
2725 2209 2942 2255 matrem
2969 2201 3085 2273 plus
3129 2222 3284 2275 quam
3333 2224 3434 2271 me,
3482 2226 3588 2263 non

2001 2295 2077 2339 est
2126 2303 2207 2340 me
2241 2287 2464 2358 dignus;
2491 2300 2539 2343 et
2577 2291 2667 2361 qui
2715 2301 2858 2344 amat
2888 2292 3058 2360 [ilium
3104 2306 3195 2349 aut
3229 2296 3396 2364 filiam
3433 2315 3591 2370 super

2004 2391 2102 2439 me,
2136 2392 2238 2430 non
2263 2388 2336 2432 est
2361 2396 2441 2433 me
2463 2380 2672 2450 dignus.

2075 2467 2132 2522 Si
2178 2469 2266 2524 ille
2317 2471 2410 2540 qui
2464 2481 2676 2542 patrem
2723 2481 3020 2530 matremve
3073 2475 3192 2546 plus
3240 2488 3387 2533 amat
3427 2495 3590 2549 quam

2003 2559 2204 2626 Deum,
2245 2579 2354 2618 non
2397 2579 2462 2618 eo
2513 2572 2598 2619 est
2630 2566 2853 2635 dignus,
2901 2575 3103 2637 quanto
3132 2571 3303 2638 magis
3336 2580 3419 2626 est
3456 2572 3592 2628 indi-

2002 2667 2160 2721 gnus,
2188 2653 2235 2707 si
2264 2655 2387 2723 plus
2415 2655 2678 2712 amaverit
2710 2665 2911 2711 terram
2941 2659 3023 2713 vel
3063 2662 3324 2729 porcum?
3350 2662 3590 2732 Amplius

2002 2741 2148 2795 enim
2178 2743 2294 2797 haec
2318 2758 2504 2799 amare
2535 2746 2898 2812 convincitur,
2942 2749 3032 2816 qui
3062 2764 3159 2818 pro
3187 2750 3383 2806 talibus
3410 2753 3591 2807 chari-

2007 2839 2194 2897 tatem,
2222 2849 2341 2902 quae
2370 2833 2514 2889 Deus
2540 2843 2642 2900 est,
2678 2835 2951 2892 offendere
2977 2854 3083 2893 non
3113 2849 3344 2895 veretur.

2075 2923 2240 2976 Amen
2293 2925 2409 2978 dico
2460 2925 2644 2980 vobis:
2679 2926 2800 2981 Nisi
2849 2930 3085 2983 conversi
3130 2929 3338 2998 fueritis
3387 2942 3435 2987 et
3487 2935 3591 3005 effi-

2005 3013 2219 3066 ciumini
2247 3014 2382 3066 sicut
2408 3013 2638 3083 parvuli,
2670 3032 2774 3069 non
2820 3017 3082 3072 intrabitis
3117 3019 3172 3071 in
3200 3036 3412 3090 regnum
3439 3023 3592 3078 caelo-

2009 3117 2068 3153 ru
2076 3117 2145 3154 m.

2074 3191 2242 3261 Hujus
2268 3195 2522 3264 praecepti
2551 3195 2932 3267 negligentiam
2960 3198 3236 3254 cruciatus
3277 3201 3593 3258 irremed—ia—

2002 3283 2126 3340 bilis
2183 3293 2237 3340 et
2283 3285 2524 3341 inﬁnitus
2575 3297 2848 3356 sequetur.
2911 3288 3076 3345 Porta
3142 3293 3292 3363 regni
3351 3295 3592 3352 caelestis

2003 3385 2226 3445 angusta
2255 3386 2340 3432 est
2361 3395 2374 3431 :
2407 3393 2525 3448 quae
2547 3379 2802 3448 parvulos
2822 3382 2987 3450 capit,
3010 3382 3104 3437 sed
3132 3397 3384 3440 enormes
3409 3386 3595 3454 exclus

2004 3469 2098 3523 dit.
2125 3469 2225 3536 Qui
2265 3485 2395 3539 ergo
2434 3479 2543 3526 stat
2579 3481 2802 3542 paratus
2825 3473 2890 3528 ad
2917 3474 3143 3542 czedem,
3170 3476 3296 3530 dum
3323 3492 3428 3532 non
3456 3479 3588 3534 sim»

2003 3559 2240 3630 plicitate
2273 3563 2615 3632 parvulorum
2645 3566 2886 3632 humilis,
2930 3567 3022 3621 sed
3067 3569 3314 3639 gigantea
3353 3579 3593 3626 ostenta-

2003 3653 2148 3708 tione
2169 3654 2282 3707 vult
2303 3655 2474 3710 videri
2505 3657 2783 3724 terribilis,
2814 3657 2880 3712 ab
2907 3657 3067 3727 hujus
3089 3660 3338 3731 ingressu
3363 3662 3588 3717 omnino

2006 3743 2263 3813 rejici'tur.

2075 3837 2292 3894 Festina
2318 3839 2564 3908 implere,
2592 3841 2717 3895 dum
2746 3856 2939 3897 manus
2965 3850 3020 3898 et
3052 3842 3218 3914 pedes
3263 3843 3466 3899 solutos
3495 3845 3592 3898 ha-

2003 3929 2122 3996 bes,
2150 3929 2277 3999 quia
2314 3931 2537 3985 venient
2578 3930 2694 3986 dies
2733 3931 2799 3986 de
2846 3931 3043 4002 quibus
3089 3933 3278 3988 dices:
3316 3934 3438 3988 Non
3466 3933 3591 3988 mihi

2002 4022 2240 4093 placent;
2276 4023 2368 4078 ubi
2397 4022 2578 4094 ligatis
2604 4023 2833 4092 pedibus
2875 4032 2931 4078 et
2976 4025 3226 4080 manibus
3274 4025 3506 4080 mitteris
3536 4024 3589 4079 in

2007 4116 2264 4171 tenebras
2301 4116 2616 4181 exteriores,
2673 4115 2726 4169 id
2777 4124 2880 4182 est,
2932 4115 3174 4187 fugiendi
3224 4116 3592 4187 operandique

2004 4208 2224 4264 licentia
2256 4210 2630 4263 subtrahetur.

2076 4300 2318 4366 Domine,
2362 4302 2559 4371 quaties
2606 4302 2889 4371 peccaverit
2936 4303 2992 4355 in
3031 4319 3111 4356 me
3137 4302 3304 4372 frater
3341 4320 3510 4368 meus,
3540 4311 3588 4356 et

2004 4389 2264 4442 dimittam
2311 4391 2582 4462 ei?usque
2627 4391 2853 4460 septies?
2905 4391 3047 4446 Dicit
3095 4391 3173 4446 illi
3221 4393 3414 4448 Jesus:
3465 4393 3592 4448 Non

2005 4481 2122 4534 dico
2151 4474 2245 4534 tibi
2273 4498 2435 4552 usque
2461 4482 2668 4551 septies,
2690 4481 2780 4534 sed
2810 4498 2970 4553 usque
2992 4484 3284 4554 septuagies
3311 4485 3517 4552 septies.

2080 4571 2239 4628 Serve
2269 4589 2509 4644 nequam,
2534 4589 2686 4627 omne
2726 4573 2954 4627 debitum
2999 4573 3178 4628 dimisi
3199 4576 3313 4641 tibi,
3339 4577 3594 4647 quoniam

323 4665 425 4735 gite
452 4664 690 4717 inimicas
722 4673 933 4728 vestros,
958 4663 1241 4734 benefacite
1266 4667 1346 4720 his
1371 4668 1462 4737 qui
1479 4667 1699 4720 oderunt
1721 4686 1830 4733 vos,
1859 4680 1914 4724 et
2008 4665 2203 4736 rogasti
2223 4682 2327 4732 me,
2356 4681 2526 4734 usque
2550 4683 2564 4720 :
2598 4663 2684 4719 Sic
2727 4674 2775 4720 et
2820 4663 2982 4719 Pater
3010 4682 3152 4720 meus
3183 4666 3400 4721 cazlestis
3430 4668 3586 4736 faciet

324 4766 468 4809 orate
492 4772 584 4824 pro
609 4755 1028 4826 persequentibus
1052 4765 1100 4808 et
1123 4755 1563 4811 calumniantibus
1590 4775 1695 4820 vos,
1721 4768 1774 4812 ut
1792 4760 1907 4815 sitis

322 4845 422 4915 ﬁlii
470 4844 651 4898 Patris
697 4845 870 4908 vestri,
908 4845 998 4913 qui
1036 4845 1090 4898 in
1131 4845 1271 4899 oculis
1311 4855 1408 4910 est,
1439 4847 1526 4917 qui
1568 4847 1729 4903 solem
1753 4867 1906 4904 suum

322 4935 449 4988 oriri
475 4933 606 5003 feeit
625 4949 782 5002 super
802 4933 959 4985 bonos
981 4942 1029 4986 et
1058 4933 1245 4998 malos,
1268 4944 1316 4989 et
1338 4935 1469 5006 pluit
1491 4954 1648 5007 super
1661 4939 1835 5008 justas
1857 4952 1906 4996 et

321 5025 567 5093 injustas.
601 5021 662 5078 Si
689 5023 826 5076 enim
861 5021 1079 5091 diligitis
1119 5040 1204 5077 eos
1243 5026 1330 5095 qui
1358 5043 1442 5080 vos
1469 5017 1716 5098 diligunt,
1747 5047 1910 5100 quam

323 5115 608 5168 mercedem
637 5113 928 5168 habebitis?
954 5113 1142 5168 Nonne
1169 5125 1216 5168 et
1241 5116 1503 5186 publicani
1535 5119 1630 5173 hoc
1659 5121 1858 5189 faciunt
1882 5121 1908 5174 7

331 5205 395 5257 Et
426 5205 470 5258 si
495 5203 845 5259 salutaveritis
885 5203 1075 5275 fratres
1122 5215 1312 5259 vestros
1343 5216 1581 5272 tantum,
1629 5210 1754 5279 quid
1792 5226 1905 5263 am-

325 5294 460 5362 plius
489 5293 704 5364 facitis?
729 5295 917 5350 Nonne
945 5294 1134 5348 ethnici
1178 5294 1274 5348 hac
1303 5295 1544 5364 faciunt?
1570 5297 1746 5352 Estoie
1783 5316 1906 5370 ergo

329 5401 414 5439 vos
434 5385 668 5454 perfecti,
691 5386 822 5440 sicut
851 5396 896 5440 et
925 5387 1087 5441 Pater
1105 5395 1270 5440 vester
1290 5385 1505 5441 caelestis
1525 5389 1782 5458 perfectus
1807 5400 1902 5445 est.

331 5475 390 5529 Si
413 5477 548 5530 enim
569 5477 870 5532 dimiseritis
891 5478 1184 5533 hominibus
1212 5489 1425 5550 peccata
1448 5496 1650 5544 eorum,
1682 5482 1905 5537 dimittet

328 5575 376 5620 et
404 5565 541 5620 vobis
583 5566 742 5620 Pater
787 5577 950 5621 vester
997 5569 1213 5624 cmlestis
1252 5568 1441 5624 delicta
1481 5579 1669 5622 vestra.
1713 5569 1770 5624 Si
1805 5588 1906 5625 au-

329 5669 429 5710 tem
472 5673 573 5710 non
617 5655 920 5711 dimiseritis
960 5658 1288 5722 hominibus,
1332 5677 1423 5713 nec
1453 5657 1615 5714 Pater
1643 5672 1804 5714 vester
1827 5661 1907 5714 di-

331 5747 494 5801 mittet
535 5754 748 5817 peccata
779 5754 964 5801 vestra.
999 5745 1190 5801 Omnia
1239 5765 1359 5817 ergo
1401 5765 1719 5820 qurecunque
1753 5750 1904 5804 vultis

2006 4756 2168 4821 vobis,
2215 4757 2260 4810 si
2302 4772 2406 4810 non
2451 4756 2753 4811 remiseritis
2797 4759 3149 4828 unusquisque
3193 4757 3348 4828 fratri
3389 4775 3484 4812 sua
3524 4758 3589 4811 de

2006 4845 2247 4900 cordibus
2296 4846 2496 4900 vestris.
2547 4844 2796 4900 Converte
2835 4834 3069 4917 gladium
3118 4857 3266 4900 tuum
3314 4848 3368 4901 in
3416 4847 3592 4900 locum

2004 4953 2177 4990 suum.
2220 4935 2410 4991 Omnes
2450 4937 2590 4990 enim
2634 4937 2726 5006 qui
2765 4938 3055 5007 acceperint
3103 4937 3360 5008 gladium,
3408 4935 3586 5007 gladia

2002 5028 2260 5097 peribunt.
2319 5027 2516 5082 Habete
2549 5029 2684 5082 inter
2733 5044 2819 5083 vos
2859 5027 3057 5096 salem,
3101 5038 3150 5084 et
3191 5046 3372 5100 pacem
3409 5029 3592 5085 habete

2002 5119 2138 5173 inter
2163 5136 2269 5173 vos.

2075 5209 2339 5276 Quoniam
2370 5225 2534 5280 grave
2563 5211 2760 5266 malum
2782 5220 2870 5265 est
2888 5212 3132 5281 peccanti
3159 5211 3312 5266 fratri
3334 5212 3402 5268 de
3425 5213 3585 5268 corde

2004 5316 2112 5356 non
2139 5301 2440 5372 ignoscere.
2475 5300 2592 5367 Quo
2627 5301 2687 5355 ﬁt
2721 5311 2781 5356 ut
2806 5301 2934 5356 olim
2965 5317 3063 5370 per
3089 5304 3467 5373 pmnitentiam
3501 5301 3586 5357 di-

2004 5391 2169 5446 missa
2196 5399 2416 5462 peccata
2447 5401 2769 5446 revocentur
2798 5391 2866 5446 ad
2891 5393 3206 5447 vindictam.

2077 5482 2288 5548 Quanto
2323 5481 2516 5536 melior
2542 5491 2627 5536 cst
2657 5483 2835 5536 anima
2864 5498 3112 5552 corpore,
3147 5492 3298 5537 tanto
3325 5482 3478 5554 pejor
3506 5490 3590 5539 est

2005 5573 2248 5644 gladius,
2289 5557 2396 5640 quo
2441 5571 2621 5626 anima
2671 5571 2725 5626 in
2768 5581 3029 5626 aeternum
3073 5572 3376 5642 perimitur,
3425 5587 3587 5642 quam

2007 5681 2112 5735 quo
2138 5679 2337 5733 corpus
2360 5665 2428 5718 ad
2458 5673 2671 5733 tempus
2691 5665 2980 5720 occiditur.

2079 5753 2227 5809 Sicut
2259 5754 2593 5823 pulmentum
2634 5755 2910 5825 quodlibet
2941 5756 3143 5825 absque
3189 5755 3302 5811 sale
3347 5771 3458 5810 non
3505 5762 3589 5809 est
