3962 6180
379 384 488 444 259

1345 382 1400 441 8.
1438 384 1786 443 AGOBARDX
1825 387 2135 447 EPISCOPI
2175 391 2666 457 LUGDUNENSIS

3539 416 3645 474 260

338 518 355 531 '
379 503 697 569 audientes;
734 496 940 570 quanto
974 498 1145 570 magis
1188 499 1463 556 contentio
1501 515 1757 557 manuum
1789 510 1845 558 et
1871 517 1960 558 ar—
1982 504 2039 565 Α
2131 502 2263 561 Haec
2289 511 2426 564 enim
2469 514 2647 567 omnia
2676 514 2723 567 si
2767 514 3026 571 vobiscum
3069 520 3245 576 adsint
3289 534 3339 578 et
3375 542 3644 599 superent,

378 593 762 737 ωῗίῗῐῗιιῖῐιιιω
798 695 934 751 opus
967 695 1224 751 pravum,
1267 687 1362 736 aut
1400 696 1529 752 pars
1562 696 1790 752 operum
1809 725 1825 750 ,
1866 683 1960 740 sed

375 787 536 828 omne
561 786 718 841 opus,
750 772 890 828 sicut
915 780 973 827 et
1010 772 1211 828 Paulus
1234 774 1472 829 ostendit
1498 789 1512 828 :
1545 773 1644 828 His
1669 785 1845 830 autem
1870 778 1959 848 qui

374 876 441 916 ex
462 863 807 927 contentione,
831 872 879 916 et
900 863 990 925 qui
1012 879 1117 917 non
1138 864 1469 935 acquiescant
1492 865 1717 930 veritati,
1741 868 1958 920 credunt

373 961 549 1007 autem
573 954 861 1024 iniquitati,
890 955 973 1009 ira
1002 962 1050 1009 et
1081 954 1400 1024 indignatio,
1429 954 1695 1009 tribulatio
1720 965 1771 1010 et
1792 973 1959 1028 angu-

372 1044 475 1096 stia
499 1045 555 1097 in
579 1060 782 1098 omnem
808 1045 1041 1098 animam
1069 1043 1293 1097 hominis
1323 1045 1584 1114 operantis
1610 1043 1829 1099 malum.

326 1176 345 1187 ς
444 1133 575 1199 Qua:
599 1144 772 1187 autem
797 1135 1071 1188 desursum
1096 1142 1172 1187 est
1193 1135 1473 1202 sapientia,
1497 1137 1724 1205 primum
1748 1136 1957 1207 quidem

369 1226 563 1296 pudica
590 1235 688 1292 est,
714 1226 901 1280 deinde
928 1226 1170 1297 paciﬁca,
1198 1226 1456 1293 modesta,
1485 1227 1776 1294 suadibilis,
1809 1229 1956 1284 bonis

369 1318 714 1381 consentiens,
760 1317 913 1388 plena
956 1318 1348 1383 misericordia,
1395 1327 1443 1370 et
1485 1317 1741 1387 fructibus
1783 1318 1952 1386 bonis,

358 1406 610 1477 judicans
635 1409 747 1462 sine
774 1407 1130 1463 simulatione.
1174 1407 1406 1463 Fructus
1435 1419 1609 1463 autem
1641 1410 1865 1479 justitiw
1899 1413 1954 1465 in

364 1516 492 1569 pace
520 1502 810 1554 seminatur
837 1499 1150 1569 facientibus
1179 1516 1378 1569 pacem.

436 1590 735 1661 Perpende,
763 1606 796 1644 ο
816 1590 1006 1658 judex,
1034 1590 1161 1660 quia
1191 1590 1282 1644 illa
1314 1589 1579 1661 sapientia
1607 1606 1727 1661 quze
1745 1591 1952 1661 iudicat

362 1679 479 1734 sine
522 1680 898 1744 simulatione,
949 1679 1071 1735 dolo
1122 1688 1179 1735 et
1225 1681 1447 1747 fraude,
1496 1683 1724 1753 paciﬁca
1768 1693 1854 1740 est
1897 1693 1952 1740 et

359 1770 518 1840 plena
545 1771 952 1827 misericordiae.

2061 609 2169 650 non
2195 614 2383 655 vacuos
2418 618 2511 655 nec
2538 603 2650 658 sine
2685 604 2863 674 fructu
2890 624 2977 663 vos
3002 614 3317 669 constituent
3344 617 3398 672 in
3432 619 3648 683 Domini

2060 691 2225 744 nostri
2246 690 2377 745 Iesu
2400 691 2598 749 Christi
2621 698 2984 767 cognitionem.
3014 700 3114 757 Cui
3140 706 3277 760 enim
3315 725 3418 764 non
3453 725 3648 783 prwsto

2058 792 2181 837 sunt
2206 784 2338 853 htec,
2366 802 2534 841 aecus
2560 797 2654 855 est,
2684 798 2733 844 et
2759 806 2919 846 manu
2954 801 3181 862 tentans,
3210 797 3521 858 oblivionem
3549 822 3645 861 ac-

2058 874 2271 943 cipiens,
2314 878 2676 947 purgationem
2699 891 2928 935 veterum
2966 900 3183 939 suorum
3212 888 3646 952 delictorumfln

2056 962 2154 1016 hoc
2179 965 2442 1034 manifesti
2478 978 2600 1022 sunt
2635 969 2735 1038 ﬁlii
2758 970 2859 1026 Dei
2883 981 2932 1026 et
2956 973 3058 1043 ﬁlii
3083 976 3297 1033 diaboli.
3344 978 3528 1038 Omnis
3552 989 3645 1057 qui

2058 1071 2161 1108 non
2188 1065 2262 1109 est
2293 1056 2493 1127 justus,
2518 1075 2621 1114 non
2645 1070 2722 1115 est
2745 1063 2810 1116 de
2837 1062 2985 1131 Deo;
3014 1075 3061 1120 et
3089 1069 3179 1138 qui
3204 1085 3306 1124 non
3326 1071 3497 1143 diligit
3523 1056 3642 1145 fra-

2054 1154 2184 1200 trem
2210 1162 2364 1200 suum
2394 1162 2412 1200 :
2442 1151 2690 1219 quoniam
2727 1153 2837 1207 htec
2864 1163 2940 1225 est
2969 1160 3323 1226 annuntiatio,
3354 1179 3511 1232 quam
3539 1183 3639 1220 au.

2055 1239 2203 1293 distis
2242 1240 2307 1294 ab
2335 1241 2507 1307 initio,
2551 1252 2608 1296 ut
2640 1243 2924 1314 diligamus
2965 1246 3296 1303 alterutrum.
3344 1252 3467 1307 Non
3505 1257 3640 1311 sicut

2056 1328 2211 1396 Cain,
2252 1330 2343 1401 qui
2382 1348 2446 1385 ea:
2487 1332 2719 1403 maligno
2744 1345 2877 1401 erat,
2911 1346 2959 1391 et
3000 1340 3189 1393 occidit
3218 1341 3435 1408 fratrem
3462 1363 3638 1403 suum.

2053 1418 2125 1473 Et
2161 1431 2374 1492 propter
2414 1425 2543 1494 quid
2587 1426 2776 1480 occidit
2815 1430 2975 1483 eum?
3017 1428 3280 1496 Quoniam
3322 1452 3479 1506 opera
3521 1440 3639 1509 ejus

2052 1512 2285 1583 maligna
2313 1525 2497 1580 erant;
2546 1517 2731 1586 fratris
2770 1530 2944 1574 autem
2970 1522 3086 1592 ejus
3119 1523 3291 1592 justa.
3326 1525 3505 1582 Nolite
3536 1533 3639 1585 nti-

2052 1604 2181 1668 rari,
2205 1604 2418 1674 fratres,
2440 1609 2487 1661 si
2507 1609 2617 1662 odit
2637 1626 2724 1664 vos
2750 1613 2999 1667 mundus.
3030 1598 3144 1668 Νὸδ
3169 1617 3362 1671 scimus
3388 1621 3637 1690 quoniam

2050 1695 2295 1750 translati
2318 1714 2498 1753 sumus
2521 1699 2586 1754 de
2608 1712 2772 1756 morte
2801 1704 2856 1757 in
2884 1705 3060 1770 vitam,
3092 1710 3338 1779 quoniam
3368 1711 3636 1782 diligimus

2049 1786 2262 1857 fratres.
2297 1788 2401 1855 Qui
2433 1806 2535 1846 non
2576 1792 2747 1864 diligit
2776 1794 2995 1865 fratrem
3041 1814 3216 1866 suum,
3245 1800 3506 1858 homicida
3535 1815 3631 1860 est.

430 1883 582 1938 Unde
610 1883 743 1939 bella
772 1894 821 1938 ει
859 1885 975 1940 me;
1011 1886 1068 1939 in
1092 1886 1235 1941 vobis
1254 1887 1279 1940 ?
1312 1886 1504 1942 Nonne
1537 1889 1700 1942 hinc?
1733 1906 1798 1944 επ
1823 1907 1946 1945 con.
1968 1871 2020 1934 Β
2047 1875 2118 1930 Et
2161 1879 2307 1932 scitis
2335 1882 2579 1951 quoniam
2611 1885 2777 1939 omnis
2820 1885 3085 1942 homicida
3130 1906 3235 1943 non
3279 1881 3431 1947 habet
3475 1895 3634 1951 vitam

357 1977 687 2045 cupiscentiis
717 1978 919 2043 vestris,
949 1994 1066 2049 qua:
1095 1978 1324 2032 militant
1364 1980 1420 2033 in
1455 1979 1699 2035 membris
1727 1983 1950 2038 vestris?

357 2065 760 2138 Concupiscitis,
806 2078 854 2124 et
900 2086 1004 2124 non
1049 2070 1250 2125 habetis
1282 2084 1299 2123 :
1331 2071 1590 2138 occiditis,
1636 2084 1684 2127 et
1729 2073 1946 2141 zelatis;

356 2175 461 2213 non
490 2160 705 2229 potestis
735 2160 955 2231 adipisci
981 2173 999 2212 :
1031 2160 1269 2232 litigatis,
1312 2170 1359 2215 et
1401 2161 1736 2232 belligeratis,
1767 2173 1812 2217 et
1843 2181 1947 2219 non

353 2253 575 2319 habetis,
605 2262 815 2325 propter
851 2255 989 2326 quod
1019 2272 1122 2309 non
1159 2254 1483 2325 postulastis.
1521 2254 1727 2320 Petitis,
1760 2266 1808 2310 et
1840 2274 1945 2312 non

355 2345 624 2415 accipitis;
652 2361 711 2398 eo
741 2345 879 2416 quod
910 2343 1045 2399 male
1068 2346 1257 2416 petatis
1288 2360 1306 2396 :
1337 2354 1395 2399 ut
1421 2347 1476 2400 in
1516 2347 1944 2417 concupiscentiis

354 2436 533 2489 vestris
560 2436 860 2489 insumatis.
891 2434 1153 2501 Adulteri,
1199 2436 1405 2490 nescitis
1430 2438 1554 2508 quia
1583 2439 1816 2493 amicitia
1844 2438 1946 2492 hu-

339 2525 602 2594 iusmodi,
636 2525 852 2579 inimica
881 2537 955 2579 est
982 2525 1125 2580 Dei?

420 2615 573 2671 Unde
600 2616 710 2671 sint
737 2616 876 2671 bella
904 2625 958 2671 et
982 2617 1127 2683 lites,
1156 2626 1342 2688 aperte
1368 2618 1456 2673 hic
1482 2619 1804 2674 ostenditur.

422 2706 731 2781 Quicunque
756 2727 877 2781 ergo
906 2710 1129 2765 voluerit
1168 2713 1369 2767 amicus
1394 2729 1503 2768 esse
1543 2714 1725 2768 saeculi
1756 2716 1932 2786 hujus,

347 2798 592 2854 inimicus
615 2800 713 2855 Dei
752 2803 1105 2856 constituitur.
1138 2804 1288 2874 Agite
1317 2822 1473 2871 nunc,
1504 2805 1709 2874 divites,
1735 2806 1942 2878 plorata

345 2891 606 2946 ululantes
633 2894 688 2947 in
714 2894 936 2948 miseriis
963 2889 1081 2965 qua?
1107 2896 1381 2950 advenient
1409 2896 1568 2952 vobis.

414 3000 549 3057 Cum
580 3018 688 3056 non
721 3003 884 3067 dicat,
922 3002 1229 3076 Quicunque
1256 3015 1354 3071 est,
1386 3007 1482 3061 sed
1513 3006 1822 3079 Quicunque
1850 3027 1937 3064 vo-

344 3089 501 3146 luerit
547 3093 749 3146 amicus
794 3110 904 3147 esse
947 3094 1130 3149 sreculi
1175 3096 1357 3165 hujus,
1405 3104 1656 3167 patenter
1702 3101 1936 3156 ostendit

344 3183 469 3251 quia
495 3184 683 3238 eodem
713 3184 874 3263 modo
905 3200 1011 3254 quo
1036 3185 1296 3240 Dominus
1329 3187 1630 3243 adulterum
1656 3205 1776 3245 esse
1804 3205 1932 3260 pro-

2047 1975 2297 2023 wternam
2323 1970 2379 2023 in
2407 1987 2462 2023 se
2490 1981 2802 2026 manentem.
2834 1974 2901 2028 In
2927 1977 3024 2031 hoc
3050 1981 3381 2047 cognovimus
3406 1984 3637 2038 charita-

2044 2066 2149 2111 tem
2171 2056 2292 2125 Dei,
2318 2062 2567 2131 quoniam
2589 2061 2679 2116 ille
2702 2079 2797 2134 pro
2826 2065 2973 2120 nobis
3000 2069 3234 2124 animam
3258 2088 3409 2127 suam
3434 2076 3630 2146 posuit,

2042 2156 2093 2202 et
2118 2165 2213 2204 nos
2241 2150 2484 2207 debemus
2510 2170 2605 2225 pro
2632 2154 2885 2224 fratribus
2911 2176 3120 2230 ponere.

2113 2256 2313 2329 Aperte
2335 2262 2424 2317 hic
2444 2265 2681 2319 ostendit
2708 2265 2999 2337 Apostolus
3022 2272 3149 2340 quia
3178 2274 3263 2329 cui
3293 2275 3377 2331 hac
3402 2277 3631 2337 virtutes

2043 2354 2272 2422 adsunt,
2315 2372 2423 2411 non
2460 2366 2543 2414 est
2579 2359 2965 2431 infructuosus,
3006 2376 3061 2421 et
3097 2384 3329 2437 vacuus;
3373 2375 3462 2429 cui
3499 2391 3631 2434 vero

2040 2458 2150 2499 non
2179 2443 2394 2513 adsunt,
2421 2462 2595 2505 caecus
2623 2460 2725 2517 est,
2755 2460 2812 2506 et
2837 2453 2893 2507 in
2922 2456 3157 2513 tenebris
3179 2461 3479 2519 ambulans.

2109 2553 2410 2610 Benedicite
2442 2561 2865 2630 persequentibus
2895 2579 3014 2629 vos;
3045 2564 3349 2637 benedicite,
3382 2581 3432 2626 et
3469 2574 3628 2630 nolite

2038 2642 2365 2700 maledicere.
2388 2644 2622 2703 Gaudete
2641 2666 2759 2703 cum
2779 2652 3145 2722 gaudentibus,
3172 2657 3292 2725 ﬂete
3313 2676 3430 2714 cum
3446 2663 3593 2732 flenti
3607 2693 3625 2704 -

2039 2733 2153 2788 bus.
2192 2733 2260 2788 Id
2290 2736 2460 2807 ipsum
2498 2739 2715 2793 invicem
2744 2743 3043 2810 sentientes,
3079 2762 3182 2802 non
3208 2748 3317 2803 alta
3344 2753 3623 2822 sapientes,

2036 2829 2128 2882 sed
2180 2829 2465 2886 humilibus
2515 2834 2909 2891 consentientes.
2957 2839 3137 2896 Nolite
3191 2861 3302 2899 esse
3345 2849 3625 2917 prudentes

2037 2922 2179 2992 apud
2208 2927 2563 2997 vosmetipsos,
2593 2928 2725 2985 nulli
2771 2932 2969 2987 malum
3009 2952 3102 3005 pro
3132 2936 3272 2992 malo
3314 2941 3623 3010 reddentes;

2035 3014 2362 3083 providentes
2393 3016 2546 3084 bona,
2575 3035 2679 3072 non
2710 3030 2912 3076 tantum
2954 3040 3132 3079 coram
3171 3026 3303 3095 Deo,
3348 3032 3440 3085 sed
3463 3035 3623 3090 etiam

2036 3118 2215 3158 coram
2238 3106 2475 3161 omnibus
2497 3107 2791 3164 hominibus
2814 3113 2861 3165 si
2878 3113 2997 3183 ﬁeri
3018 3126 3209 3186 potest,
3235 3121 3375 3190 quod
3397 3139 3461 3176 ea:
3480 3125 3624 3181 vobis

2035 3202 2130 3261 est,
2177 3211 2296 3251 cum
2340 3199 2577 3254 omnibus
2622 3202 2918 3260 hominibus
2964 3224 3146 3278 pacem
3194 3211 3437 3270 habentes
3467 3230 3487 3268 :
3516 3233 3623 3274 non

343 3275 556 3329 nuntiat
582 3275 635 3328 in
660 3256 971 3345 Evangelia,
997 3277 1087 3346 qui
1112 3277 1296 3331 viderit
1336 3277 1607 3334 mulierem
1640 3282 1710 3335 ad
1741 3298 1932 3336 concu-
1956 3256 2003 3319 Ο
2034 3290 2369 3357 vosmetipsos
2406 3289 2760 3361 defendentes,
2804 3256 3120 3365 citarisrsimi,
3160 3304 3252 3357 sed
3288 3305 3409 3360 date
3447 3307 3621 3364 locum

340 3363 647 3434 piscendum
672 3380 823 3430 eam,
857 3365 976 3435 jam
1001 3368 1286 3421 moechatus
1310 3377 1385 3422 est
1409 3385 1527 3423 eam
1552 3371 1608 3425 in
1632 3372 1786 3426 corde
1811 3390 1930 3442 suo,

339 3457 553 3512 etiamsi
590 3457 658 3512 ad
697 3456 1061 3527 expletionem
1093 3461 1276 3531 operis
1315 3460 1508 3517 nefarii
1537 3479 1644 3518 non
1673 3479 1934 3533 pervene-

340 3546 433 3614 rit,
471 3547 778 3617 quicunque
821 3547 931 3602 vult
969 3551 1177 3606 amicus
1213 3567 1333 3607 esse
1374 3552 1557 3607 seculi
1599 3551 1778 3623 hujus,
1815 3552 1930 3623 jam

337 3638 551 3694 adulter
576 3648 679 3706 est,
705 3641 918 3697 etiamsi
948 3657 1054 3696 non
1078 3643 1388 3714 pervenerit
1414 3643 1483 3699 ad
1512 3644 1745 3701 honores
1767 3655 1824 3702 et
1850 3647 1930 3703 di-

339 3732 500 3788 vitias
524 3733 728 3797 saeculi,
751 3734 891 3791 sicut
916 3742 971 3790 et
994 3735 1271 3805 apostolus
1292 3736 1490 3793 Paulus
1513 3753 1621 3793 non
1647 3736 1752 3805 Qui
1770 3739 1925 3808 ﬁunt,

336 3826 533 3897 inquit,
564 3826 659 3882 sed
687 3825 791 3893 Qui
816 3826 991 3882 volunt
1016 3828 1199 3883 divites
1227 3829 1368 3899 ﬁeri,
1395 3830 1633 3885 incidunt
1676 3832 1733 3886 in
1758 3841 1929 3887 tenta-

332 3918 530 3972 tionem
553 3929 602 3974 et
626 3919 870 3991 laqueum
898 3920 1118 3987 diaboli,
1148 3936 1213 3978 ac
1238 3937 1337 3994 per
1359 3923 1464 3978 hoc
1489 3921 1798 3979 efﬁciuntur
1826 3924 1928 3980 ini-

336 4009 467 4065 mici
494 4009 611 4066 Dei.

405 4122 600 4178 Melius
642 4133 716 4178 est
742 4141 879 4179 enim
908 4129 1285 4197 oenefacientes
1314 4130 1383 4201 (si
1403 4132 1522 4187 velit
1541 4132 1782 4189 voluntas
1804 4132 1923 4206 Dei)

330 4212 466 4282 pati,
496 4228 653 4282 quam
680 4212 1090 4284 malefacientes.

404 4322 531 4379 Haec
570 4326 834 4381 sententia
877 4325 1214 4384 demonstrat
1250 4338 1307 4387 et
1343 4331 1745 4389 henel‘acientes
1782 4335 1923 4389 mala

334 4412 495 4483 hujus
522 4415 703 4471 saeculi
739 4417 870 4487 pati,
902 4434 1010 4474 non
1035 4428 1243 4489 autem,
1264 4430 1325 4477 ut
1357 4423 1602 4495 plerique
1627 4424 1921 4493 aestimant,

333 4505 477 4562 solos
505 4506 645 4562 mala
676 4507 954 4566 facientes.

2030 3377 2145 3431 irte.
2186 3376 2449 3449 Scriptum
2475 3391 2552 3436 est
2590 3387 2729 3439 enim
2756 3402 2774 3441 :
2806 3386 2939 3442 Mihi
2976 3391 3293 3460 vindictam;
3333 3412 3427 3467 ego
3468 3400 3623 3453 retri-

2030 3466 2206 3534 buam,
2243 3470 2371 3523 dicit
2399 3470 2679 3529 Dominus.
2713 3473 2816 3531 Sed
2844 3480 2888 3532 si
2916 3482 3158 3537 esurierit
3200 3484 3442 3541 inimicus
3472 3498 3616 3555 tuus,

2029 3559 2144 3614 ciba
2171 3561 2321 3617 illum
2349 3577 2367 3615 :
2397 3565 2444 3618 si
2470 3567 2600 3633 sitit,
2626 3578 2806 3639 potum
2833 3571 2905 3625 da
2946 3572 3045 3627 illi.
3088 3574 3204 3629 Hoc
3230 3579 3367 3632 enim
3393 3580 3617 3649 faciens,

2027 3652 2278 3708 carbones
2311 3656 2447 3726 ignis
2469 3674 2713 3730 congeres
2736 3679 2893 3733 super
2916 3676 3075 3735 caput
3102 3683 3242 3738 ejus.
3274 3670 3401 3725 Noli
3427 3674 3561 3729 vinci
3581 3694 3617 3729 a

2025 3742 2185 3807 malo,
2230 3745 2321 3798 sed
2362 3747 2508 3802 vince
2547 3750 2605 3804 in
2644 3751 2776 3806 bono
2814 3753 3031 3810 malum.
3074 3756 3274 3829 Diliges
3316 3765 3615 3832 proximum

2025 3840 2175 3888 tuum
2202 3845 2454 3907 tanquam
2489 3840 2731 3912 teipsum.
2768 3843 2987 3899 Dilectio
3016 3849 3241 3917 proximi
3280 3851 3480 3907 malum
3506 3872 3612 3911 non

2026 3936 2292 3997 operatur.
2325 3930 2603 3987 Plenitudo
2629 3950 2752 4005 ergo
2780 3935 2907 4007 legis
2932 3949 3006 3992 est
3030 3939 3259 3995 dilectio.

2095 4038 2214 4095 Non
2255 4016 2429 4098 solum
2466 4050 2719 4118 persequi
2757 4064 3142 4125 persequentes
3181 4076 3287 4115 non
3329 4062 3610 4130 debemus,

2023 4131 2323 4276 iii-neque
2348 4137 2702 4209 maledicere,
2735 4148 2832 4201 sed
2857 4162 2890 4203 e
2910 4152 3209 4220 contrario,
3232 4168 3302 4210 ex
3328 4157 3491 4213 corde
3516 4159 3613 4215 be-

2130 4237 2296 4280 icere.

2097 4337 2190 4435 va:
2227 4340 2428 4396 mundo
2468 4343 2537 4398 ab
2576 4348 2874 4405 scandalis!
2921 4351 3111 4425 Magna
3137 4359 3353 4416 accitas
3388 4370 3443 4417 et
3481 4378 3615 4435 pro-

2025 4425 2190 4481 funda
2221 4429 2468 4486 miseria!
2503 4432 2748 4491 Nondum
2784 4444 3132 4511 cognovimus
3165 4425 3612 4517 proximum-no-

2025 4516 2110 4573 bis
2138 4519 2337 4575 malum
2368 4521 2587 4592 fecisse;
2617 4538 2672 4582 et
2700 4539 2885 4587 nostro
2910 4534 3053 4591 malo
3079 4516 3337 4599 conamur
3361 4558 3485 4599 eum
3512 4548 3607 4616 qui

402 4620 584 4676 Estote
621 4623 796 4695 itaque
830 4626 1110 4695 prudentes
1148 4636 1197 4682 et
1234 4628 1445 4699 vigilate
1480 4632 1536 4685 in
1570 4632 1911 4689 orationibus.

2047 4613 2162 4666 crte
2186 4612 2449 4673 innocens
2472 4628 2558 4674 est
2582 4621 2983 4681 malefactorem
3008 4632 3312 4687 ostendere.

330 4708 465 4764 Ante
508 4712 708 4778 omnia,
758 4724 995 4769 mutuam
1061 4716 1119 4771 in
1187 4718 1561 4790 nobismetipsis
1607 4721 1917 4779 charitatem

329 4802 632 4855 continuam
660 4803 905 4858 habentes
933 4818 951 4857 :
979 4807 1104 4873 quia
1143 4808 1372 4862 charitas
1412 4812 1576 4880 operit
1616 4811 1914 4869 multitudi-

330 4906 447 4945 nem
479 4901 828 4962 peccatorum.
879 4891 982 4949 Vos
1009 4904 1183 4948 autem
1223 4913 1405 4951 curam
1440 4914 1642 4953 omnem
1679 4902 1914 4973 subinfe-

330 4990 520 5048 rentes,
550 4980 842 5036 ministrate
884 4982 942 5036 in
980 4983 1085 5053 ﬁde
1130 4995 1302 5040 vestra
1330 4988 1591 5055 virtutem,
1635 4991 1690 5045 in
1732 4992 1916 5048 virtute

272 5092 277 5097 λ
328 5067 834 5137 autem'scientiam,
875 5072 931 5126 in
957 5074 1175 5128 scientia
1215 5086 1391 5130 autem
1434 5078 1823 5147 abstinentiam,
1859 5083 1915 5136 in

328 5159 641 5215 abstinentia
667 5170 841 5216 autem
866 5162 1192 5233 patientiam,
1236 5167 1292 5219 in
1316 5168 1569 5237 patientia
1602 5182 1774 5226 autem
1801 5173 1911 5243 pie-

327 5260 509 5319 tatem,
531 5254 587 5307 in
606 5254 795 5324 pietate
817 5263 992 5310 autem
1013 5272 1245 5311 amorem
1269 5257 1639 5328 fraternitatis,
1660 5265 1716 5318 in
1736 5280 1915 5321 amore

326 5353 501 5399 autem
527 5347 873 5414 fraternitatis
901 5350 1230 5405 charitatem.

397 5431 514 5488 Non
539 5437 701 5492 habet
722 5440 1035 5494 continuam
1056 5440 1377 5497 charitatem
1399 5443 1487 5512 qui
1511 5443 1772 5501 adversus
1790 5462 1913 5516 pro-

326 5522 533 5577 ximum
561 5528 841 5598 consurgit
870 5529 939 5583 ad
965 5530 1443 5600 congrediendum.
1478 5531 1584 5589 Sed
1611 5542 1668 5590 et
1693 5536 1796 5591 hoc
1820 5553 1913 5594 no-

325 5612 548 5668 tandum
574 5615 701 5683 quia
722 5616 768 5670 si
788 5617 1027 5672 charitas
1045 5619 1223 5689 operit
1246 5620 1645 5678 multitudinem
1666 5634 1912 5695 peccato—

326 5718 444 5759 rum
462 5745 477 5771 ,
505 5704 638 5764 rixa
666 5714 722 5764 et
748 5707 1123 5767 contentiones
1150 5712 1428 5769 cumulant
1453 5712 1662 5785 copiam
1686 5714 1911 5789 ﬂagitio-

320 5810 460 5855 rum.

2093 4726 2212 4784 Non
2241 4730 2414 4788 solum
2440 4733 2630 4791 ﬂentes
2654 4736 2832 4794 facere
2859 4756 2963 4796 non
2993 4743 3278 4813 debemus;
3308 4749 3403 4804 sed
3425 4765 3457 4805 e
3477 4765 3610 4807 con-

2021 4820 2213 4887 trario,
2255 4838 2603 4897 quoscunque
2629 4827 2819 4886 ﬂentes
2847 4832 3165 4904 viderimus,
3193 4836 3325 4895 ﬂere
3361 4855 3486 4897 cum
3523 4843 3606 4900 eis

2019 4920 2074 4967 et
2099 4913 2201 4984 ipsi
2229 4914 2508 4975 debemus.
3306 4954 3311 4957 ·

2094 5028 2349 5087 Debemus
2379 5042 2554 5089 autem
2583 5052 2676 5091 nos
2718 5037 2976 5106 ﬁrmzores
3018 5043 3426 5103 imbecillitatem
3451 5050 3605 5120 inﬁr-

2020 5140 2224 5179 morum
2250 5128 2525 5193 sustinere,
2572 5138 2620 5182 et
2664 5146 2769 5184 non
2797 5133 2943 5188 nobis
2984 5133 3207 5204 placere.
3238 5136 3605 5215 Unusquisque

2018 5219 2258 5287 proximo
2280 5236 2377 5274 suo
2415 5218 2619 5290 placeat
2647 5222 2703 5278 in
2729 5222 2918 5278 bonum
2962 5226 3032 5280 ad
3056 5228 3475 5300 ludiﬁcationem.
3506 5232 3599 5289 Et-

2017 5308 2159 5363 enim
2177 5306 2418 5364 Christus
2439 5327 2543 5365 non
2565 5311 2665 5366 sibi
2687 5311 2921 5382 placuit;
2947 5314 3040 5370 sed
3063 5318 3199 5372 sicut
3219 5320 3471 5390 scriptum
3491 5332 3567 5376 est
3578 5338 3603 5385 ;

2018 5396 2348 5469 Improperia
2373 5402 2837 5473 improperantium
2861 5405 2955 5459 tibi
2991 5408 3289 5464 ceciderunt
3313 5427 3472 5483 super
3497 5429 3598 5469 me.

2021 5486 2357 5563 Qutecunque
2380 5493 2517 5546 enim
2545 5493 2738 5565 scripta
2777 5505 2917 5564 sunt,
2949 5498 3021 5552 ad
3044 5509 3279 5557 nostram
3307 5502 3602 5561 doctrinam

2011 5584 2208 5654 scripta
2232 5593 2389 5651 sunt;
2412 5595 2471 5639 ut
2494 5599 2587 5656 per
2608 5588 2917 5659 patientiam
2941 5600 2990 5645 et
3016 5593 3424 5651 consolationem
3456 5592 3601 5652 Scri-

2009 5685 2287 5749 pturarum
2314 5694 2458 5748 spem
2486 5679 2790 5738 habeamus.

2083 5789 2200 5847 Non
2227 5791 2308 5848 vis
2329 5793 2378 5847 ei
2405 5791 2460 5847 in
2488 5793 2686 5849 bonum
2712 5794 2943 5867 placere,
2970 5811 3159 5856 contra
3187 5816 3347 5872 quem
3381 5809 3601 5859 exserto
