4010 6184
473 388 572 446 261

1531 392 1737 452 LIBER
1774 391 2060 453 CONTRA
2099 389 2424 448 JUDICIUM
2463 391 2595 445 DEI.

3641 391 3754 449 262

469 506 697 567 brachio
721 504 957 577 gladium
975 508 1213 575 vibrans,
1240 519 1334 566 aut
1359 525 1384 553 ι
1417 522 1686 568 matarum
1709 523 1923 578 tenens,
1951 519 2065 566 stas
2093 514 2144 574 Α
2167 507 2482 572 occidendo,
2512 515 2605 560 aut
2631 506 2868 562 caedibus
2891 509 3306 577 prosternendo,
3337 508 3424 563 cui
3451 509 3604 576 vivit,
3633 511 3762 577 sibi,

468 604 694 668 paratus
719 595 788 650 ad
817 594 1128 653 cadendum
1159 607 1272 655 tam
1303 603 1581 668 atrociter,
1607 610 1668 657 ut
1693 603 1839 657 omni
1865 604 2068 657 virtute

469 691 707 746 nudatus
735 690 791 744 in
817 697 1016 745 terram
1041 702 1438 762 prosternatur,
1461 704 1518 750 et
1539 709 1597 750 se
1627 709 1777 749 reum
1806 693 2066 758 fateatur,

469 783 684 838 etiamsi
714 797 821 836 non
850 782 941 836 sit.

539 875 684 929 Deus
714 883 888 927 autem
923 875 1189 945 patientia:
1225 886 1276 930 et
1317 877 1494 932 solatii
1539 879 1623 933 det
1667 879 1812 934 vobis
1839 878 2068 948 idipsum

468 985 654 1039 sapere
694 968 751 1020 in
795 966 1109 1021 alterutrum
1137 970 1424 1024 secundum
1464 971 1647 1025 Iesum
1690 970 1980 1035 Christum,
2009 977 2066 1023 ut

468 1059 746 1114 unanimes
776 1075 882 1112 uno
920 1075 1009 1112 ore
1045 1059 1401 1119 honoriﬁcetis
1432 1061 1596 1117 Deum
1629 1073 1676 1118 et
1710 1063 1925 1117 Patrem
1950 1062 2064 1116 Do-

468 1151 598 1205 mini
631 1150 798 1203 nostri
837 1149 967 1204 Jesu
991 1149 1206 1205 Christi.
1241 1151 1468 1222 Propter
1490 1154 1630 1224 quod
1658 1155 1904 1224 suscipite
1927 1154 2064 1207 invi-

470 1256 601 1303 cem,
628 1239 762 1293 sicut
791 1248 838 1292 et
862 1237 1102 1294 Christus
1130 1243 1354 1312 suscepit
1380 1260 1466 1296 vos
1489 1244 1542 1296 in
1567 1244 1812 1297 honorem
1840 1242 1958 1296 Dei.

543 1329 645 1385 Ubi
676 1329 951 1386 contraria
981 1329 1082 1384 sibi
1113 1333 1360 1387 homines
1388 1348 1514 1398 ore,
1547 1335 1600 1389 id
1625 1343 1708 1388 est
1731 1335 1940 1397 verbis,
1970 1350 2066 1404 op—

469 1429 680 1492 ponunt
732 1421 1201 1485 contentionibus,
1251 1423 1323 1477 ibi
1373 1425 1705 1478 unanimitas
1759 1427 2062 1480 animorum

469 1526 591 1567 esse
617 1526 726 1565 non
756 1520 954 1581 potest,
985 1527 1050 1566 ac
1079 1527 1175 1581 per
1203 1513 1305 1567 hoc
1332 1528 1362 1566 a
1388 1513 1587 1569 talibus
1610 1529 1720 1569 non
1748 1513 2065 1570 honoriﬁca-

471 1613 563 1658 tur
587 1603 752 1668 Deus,
781 1603 872 1659 sed
901 1619 1113 1674 semper
1135 1605 1514 1660 inhonoratur.

543 1693 790 1750 Charitas
841 1696 1044 1765 patiens
1097 1706 1200 1760 est,
1252 1697 1475 1768 benigna
1520 1708 1616 1754 est.
1669 1699 1916 1755 Charitas
1959 1718 2064 1755 non

474 1783 779 1850 cmulatar,
821 1801 924 1840 non
954 1786 1060 1854 agit
1103 1803 1397 1857 perperam,
1441 1805 1545 1842 non
1585 1791 1824 1860 inﬂatur,
1857 1807 1959 1844 non
1988 1799 2064 1844 est

2170 611 2238 652 an
2267 597 2501 663 diabolo,
2535 613 2657 652 cum
2688 606 2897 652 certum
2927 598 3000 652 sit
3026 613 3150 652 eum
3177 598 3398 654 Christo
3422 617 3531 655 non
3559 601 3764 660 vivere.

2242 687 2480 753 Fratres,
2505 688 2750 758 gaudete,
2777 689 2995 758 perfecti
3020 699 3201 756 estote,
3229 691 3600 753 exhortamini,
3626 693 3767 747 idem

2165 779 2357 848 sapite,
2390 795 2571 849 pacem
2609 778 2822 843 habete;
2854 788 2902 832 et
2930 779 3070 834 Deus
3101 779 3393 835 dilectionis
3419 792 3466 835 et
3497 783 3641 852 pacis
3667 785 3767 837 erit

2165 867 2454 922 vobiscum.
2503 867 2688 922 Omnis
2724 869 3048 934 amaritudo,
3083 879 3131 924 et
3161 871 3266 935 ira,
3296 881 3344 924 et
3374 868 3686 942 indignatio,
3716 882 3767 928 et

2166 954 2385 1019 clamor,
2417 965 2464 1008 et
2493 954 2814 1026 blasphemia
2842 955 3061 1010 tollatur
3085 974 3118 1009 a
3146 957 3304 1021 vobis,
3335 974 3453 1010 cum
3482 960 3622 1012 omni
3653 975 3770 1013 ma-

2165 1044 2302 1098 litia.
2337 1044 2522 1099 Estote
2549 1056 2721 1099 autem
2752 1047 2972 1099 invicem
2999 1047 3226 1117 benigni,
3257 1048 3640 1115 misericordes,
3671 1049 3770 1104 do-

2166 1145 2348 1188 nantes
2378 1136 2622 1200 invicem,
2649 1135 2782 1188 sicut
2809 1146 2857 1188 ct
2887 1136 3028 1190 Deus
3055 1137 3267 1191 donavit
3300 1138 3468 1193 nobis.

2235 1225 2609 1280 Perfectorum
2640 1235 2726 1281 est
2761 1226 2934 1291 idem,
2975 1228 3028 1281 id
3056 1236 3141 1282 est
3173 1245 3342 1282 unum
3363 1270 3378 1293 ,
3411 1246 3519 1284 non
3549 1229 3764 1286 diversa

2165 1325 2223 1370 et
2249 1319 2475 1372 adversa
2507 1334 2718 1387 sapere,
2751 1328 2808 1373 et
2836 1320 3038 1374 idcirco
3066 1336 3256 1390 pacem
3283 1322 3504 1377 habere.
3537 1322 3640 1388 Qui
3671 1339 3763 1376 au-

2165 1413 2271 1459 tem
2308 1409 2584 1462 contraria
2632 1417 2801 1478 agunt
2839 1411 3066 1464 rixando
3110 1419 3166 1464 et
3207 1411 3490 1480 litigando,
3537 1427 3770 1483 perpen-

2163 1495 2295 1549 dant
2324 1504 2505 1549 utrum
2535 1496 2678 1551 Deus
2704 1497 2856 1565 pacis
2882 1513 3004 1551 cum
3037 1497 3144 1552 illis
3173 1499 3264 1553 sit.
3297 1500 3365 1552 Et
3402 1515 3522 1553 cum
3555 1510 3765 1556 certum

2164 1585 2236 1640 sit
2283 1586 2452 1640 Deum
2499 1603 2606 1641 non
2649 1589 2960 1654 habentem,
3008 1587 3100 1657 qui
3143 1591 3254 1644 vita
3305 1599 3388 1644 est
3429 1592 3758 1659 animarum,

2164 1686 2438 1730 mortuum
2480 1693 2631 1743 esse;
2680 1679 2866 1748 procul
2909 1679 3074 1734 dubio
3113 1680 3382 1751 colligitur
3421 1691 3759 1738 mortuorum

2165 1783 2286 1822 esse
2315 1769 2664 1834 mortiﬁcare,
2695 1771 2998 1838 proximum
3032 1771 3167 1825 velle
3195 1788 3302 1825 non
3333 1772 3535 1826 vivere.

475 1877 769 1941 ambitiosa,
816 1895 918 1933 non
960 1881 1148 1949 quierit
1187 1898 1304 1951 qua:
1343 1900 1442 1936 sua
1469 1895 1613 1948 sunt,
1642 1857 1762 1938 inon
1800 1887 2062 1952 irritatur,
2095 1863 2141 1921 Β
2241 1857 2422 1952 Est?“
2449 1860 2882 1952 θίνθθγίῗπίιαίοτθδ
2917 1861 3198 1952 θείζδίίαί
3223 1862 3322 1930 ﬁl“
3351 1863 3681 1929 εὴατίδδὺπίῖ
3710 1877 3759 1919 ⁸⁸

475 1985 579 2022 non
621 1970 817 2038 cogitat
862 1969 1082 2036 malum,
1137 1989 1240 2026 non
1280 1974 1472 2043 gaudet
1517 1992 1676 2045 super
1718 1977 2066 2046 iniquitatem,

475 2062 764 2132 congaudet
787 2071 962 2116 autem
991 2063 1213 2128 veritati,
1239 2066 1416 2119 omnia
1444 2068 1649 2136 su/fert,
1675 2068 1853 2122 omnia
1883 2069 2066 2136 credit,

481 2152 656 2204 omnia
685 2161 892 2221 sperat,
920 2153 1101 2206 omnia
1131 2153 1381 2221 sustinet,
1414 2157 1646 2224 charitas
1678 2175 1943 2229 nunquam
1972 2177 2066 2214 ex-

476 2241 621 2296 cidit.

544 2333 602 2388 Si
644 2342 872 2405 urgente
905 2335 1174 2390 charitate
1211 2335 1410 2391 Christi
1451 2349 1810 2410 congruentes
1845 2350 1901 2396 ct
1940 2357 2069 2396 con-

472 2427 761 2497 temperati
803 2441 922 2481 esse
964 2426 1226 2481 debemus
1268 2429 1552 2496 proximis,
1603 2433 1936 2499 pensandum
1983 2443 2069 2489 est

470 2519 568 2587 qui
598 2527 784 2589 surget
805 2518 870 2572 ad
899 2519 1046 2573 rixas
1071 2527 1125 2573 et
1146 2519 1532 2575 dissensiones.
1558 2519 1775 2576 Servum
1798 2535 1932 2580 certe
1954 2527 2066 2581 Do-

475 2609 609 2662 mini
632 2625 736 2663 non
762 2619 961 2680 oportet
989 2610 1213 2680 litigare,
1241 2611 1333 2665 sed
1362 2622 1691 2667 mansuetum
1720 2632 1830 2670 esse
1859 2618 1928 2670 ad
1953 2636 2065 2673 om-

473 2717 583 2764 nes,
617 2700 913 2766 docibilem,
936 2703 1238 2771 patientem,
1269 2721 1387 2758 cum
1417 2707 1672 2762 modestia
1701 2712 2065 2780 corripientem

472 2810 561 2848 eos
588 2795 678 2864 qui
709 2795 977 2848 resistunt.

541 2882 758 2938 Patiens
792 2892 876 2938 est
912 2891 967 2938 et
994 2883 1257 2955 benigna,
1291 2887 1416 2956 quia
1449 2903 1583 2958 quos
1616 2905 1713 2960 per
1746 2894 2066 2962 patientiam

473 2975 689 3041 tolerat,
717 2991 816 3045 per
843 2977 1232 3047 benignitatem
1259 2989 1426 3033 amat.
1466 2981 1532 3034 Et
1561 2982 1606 3036 si
1640 2983 1686 3037 is
1725 2985 1816 3054 qui
1849 2985 2062 3051 tolerat,

472 3083 573 3126 nec
631 3077 810 3123 tamen
863 3068 1080 3140 diligit,
1138 3086 1243 3124 non
1295 3082 1512 3126 exercet
1565 3088 1703 3144 opus
1751 3076 2062 3142 charitatis;

473 3169 676 3231 quanto
703 3160 876 3231 magis
915 3161 1008 3230 qui
1051 3177 1149 3216 nec
1177 3162 1408 3216 tolerat?
1448 3162 1504 3216 Si
1534 3164 1773 3219 charitas
1801 3182 1906 3219 non
1937 3166 2063 3220 irri-

448 3262 572 3319 tat,
615 3254 681 3308 ad
725 3254 1069 3308 irascendum
1113 3269 1222 3309 non
1269 3255 1593 3319 concitatur,
1644 3270 1820 3325 neque
1865 3258 2064 3328 gaudet

472 3358 636 3412 super
687 3343 1004 3412 iniquitate;
1057 3345 1396 3415 pensandum
1453 3347 1672 3401 omnino
1719 3357 1837 3413 est,
1899 3365 2063 3419 quam

472 3433 630 3505 longe
655 3450 685 3488 a
715 3436 983 3490 charitate
1012 3436 1152 3502 sint,
1181 3439 1272 3507 qui
1301 3453 1360 3492 se
1393 3439 1654 3493 adversus
1680 3439 1908 3495 invicem
1941 3457 2064 3510 pro-

473 3532 752 3590 vocantes,
781 3541 880 3596 pro
910 3535 1124 3582 terrena
1147 3528 1444 3597 cupiditate
1466 3528 1780 3598 conﬂigunt.
1812 3531 2064 3587 Charitas

473 3630 581 3671 non
606 3617 808 3672 excidit
839 3635 851 3670 :
879 3618 1006 3687 quia
1034 3634 1250 3689 semper
1274 3628 1360 3674 est
1394 3620 1448 3674 in
1476 3619 1752 3691 profectu,
1785 3637 2067 3693 nunquam

473 3715 656 3762 autem
688 3708 835 3762 venit
860 3709 914 3762 in
947 3708 1180 3765 defectu.

546 3794 667 3850 Sive
694 3798 832 3851 enim
873 3812 1043 3853 mente
1081 3800 1400 3864 excedimus,
1442 3802 1588 3868 Deo;
1635 3805 1740 3859 sive
1777 3805 1938 3858 sobrii
1977 3823 2068 3860 su-

475 3906 610 3956 mus,
654 3891 814 3945 vobis.
861 3891 1106 3947 Charitas
1147 3895 1285 3948 enim
1329 3893 1525 3950 Christi
1568 3907 1714 3967 urget
1754 3914 1848 3951 nos
1863 3915 1883 3962 ;
1925 3898 2068 3951 testi-

475 3994 675 4037 mantes
714 3985 832 4050 hoc,
878 3987 1126 4056 quoniam
1169 3987 1214 4040 si
1256 4003 1392 4041 unus
1428 4004 1522 4058 pro
1563 3988 1801 4042 omnibus
1830 3998 2068 4044 mortuus

472 4085 574 4142 est,
603 4093 722 4147 ergo
752 4093 928 4132 omnes
957 4079 1152 4132 mortui
1174 4088 1333 4142 sunt;
1359 4089 1409 4132 et
1441 4095 1536 4148 pro
1566 4080 1806 4135 omnibus
1831 4091 2069 4136 mortuus

475 4176 586 4232 est;
622 4177 676 4220 ut
707 4178 754 4221 et
781 4169 869 4238 qui
898 4169 1094 4233 vivunt,
1127 4169 1246 4238 jam
1275 4185 1378 4222 non
1415 4169 1515 4222 sibi
1554 4169 1750 4235 vivant,
1790 4170 1882 4224 sed
1907 4171 1956 4226 ei
1980 4171 2069 4241 qui

473 4273 570 4326 pro
598 4257 722 4328 ipsis
748 4267 984 4311 mortuus
1010 4267 1086 4312 est
1113 4267 1160 4312 et
1188 4260 1493 4312 resurrexit.

546 4346 588 4400 li
631 4363 729 4416 pro
764 4348 961 4417 quibus
1001 4347 1254 4404 Christus
1288 4357 1533 4403 mortuus
1558 4357 1672 4414 est,
1703 4365 1813 4404 non
1843 4350 1946 4405 sibi
1977 4351 2071 4406 de—

475 4438 609 4494 bent
633 4439 841 4504 vivere,
883 4438 980 4494 sed
1016 4437 1252 4493 Christo.
1297 4439 1401 4506 Qui
1443 4447 1626 4495 autem
1655 4439 1874 4495 Christo
1913 4441 2069 4508 vivit,

2172 1948 2437 2002 ambulate
2465 1951 2520 2004 in
2548 1950 2842 2016 dilectione,
2867 1953 2999 2005 sicut
3023 1950 3262 2005 Christus
3288 1953 3469 2006 dilexit
3495 1971 3607 2008 nos.
3638 1954 3761 2008 Non

2169 2049 2245 2094 est
2276 2040 2420 2094 nobis
2448 2040 2764 2095 conluctatio
2803 2043 3050 2097 adversus
3090 2060 3303 2098 carnem
3342 2054 3389 2098 et
3431 2048 3760 2116 sanguinem,

2168 2129 2258 2182 sed
2296 2130 2543 2184 adversus
2578 2133 2838 2202 principes
2877 2143 2924 2186 et
2963 2143 3259 2204 potestates,
3291 2135 3538 2190 adversus
3573 2140 3758 2193 mundi

2171 2231 2393 2276 rectores
2422 2223 2752 2279 tenebrarum
2776 2225 2986 2292 harum,
3019 2236 3200 2282 contra
3227 2228 3489 2300 spiritalia
3519 2231 3762 2302 nequitia

2168 2312 2225 2366 in
2251 2313 2559 2369 ccelestibus.

2240 2424 2366 2481 Haec
2406 2428 2677 2481 sententia
2721 2429 2905 2500 regula
2945 2440 3030 2485 est
3057 2431 3513 2501 Christianorum,
3555 2444 3609 2490 et
3651 2445 3761 2492 tam

2169 2523 2388 2582 aperta,
2424 2523 2485 2569 ut
2512 2517 2741 2585 quilibet
2769 2518 2825 2572 in
2862 2534 2927 2574 ea
2965 2521 3115 2575 velut
3155 2521 3210 2576 in
3248 2524 3468 2592 speculo
3500 2539 3559 2579 se
3591 2524 3768 2582 valeat

2168 2606 2538 2662 considerare.

2241 2694 2482 2761 Fratres,
2513 2714 2838 2770 qua’cunque
2865 2710 2986 2754 sunt
3019 2718 3162 2768 vera,
3200 2720 3520 2776 quacunque
3548 2708 3763 2777 pudica,

2166 2805 2489 2860 quaecunque
2542 2791 2692 2860 justa
2721 2832 2736 2858 ,
2797 2810 3118 2864 qua'cunque
3170 2806 3392 2861 sancta,
3444 2814 3766 2870 qua’cunque

2167 2881 2435 2945 amabilia,
2479 2899 2801 2954 qua’cunque
2843 2885 2990 2938 bonae
3030 2886 3207 2954 fainte,
3254 2888 3298 2940 si
3340 2905 3443 2957 qua
3487 2889 3676 2953 virtus,
3719 2890 3764 2942 si

2167 2989 2272 3042 qua
2301 2971 2418 3026 laus
2457 2972 2772 3044 disciplima,
2811 2975 2923 3028 haec
2953 2980 3194 3046 cogitate.
3242 2976 3372 3042 Qum
3399 2987 3448 3030 et
3481 2979 3760 3046 didicistis,

2167 3071 2216 3114 et
2246 3063 2539 3132 accepistis,
2569 3074 2616 3117 et
2643 3065 2886 3129 audistis,
2921 3075 2968 3119 et
2995 3067 3198 3122 vidistis
3227 3068 3283 3122 in
3311 3084 3416 3137 me,
3454 3069 3566 3123 hau:
3592 3071 3765 3140 agite;

2167 3162 2217 3207 et
2242 3153 2383 3207 Deus
2395 3157 2552 3224 pacis
2579 3158 2677 3209 erit
2708 3157 2991 3212 vobiscum.

2092 3223 2137 3286 Ο
2239 3223 2557 3315 Quicunque
2585 3247 2700 3301 vult
2741 3248 2910 3303 Deum
2950 3249 3100 3320 pacis
3137 3266 3322 3306 secum
3360 3253 3598 3319 habere,
3631 3263 3765 3309 ten)-

2167 3336 2314 3407 plum
2335 3337 2585 3393 videlicet
2609 3340 2728 3410 ejus
2753 3355 2893 3404 esse,
2922 3341 3024 3395 ista
3053 3352 3177 3410 agat
3201 3358 3321 3412 quae
3347 3344 3464 3399 haec
3493 3346 3762 3399 sententia

2168 3429 2356 3492 docet,
2387 3437 2450 3483 ut
2483 3429 2747 3501 gloriﬁcet
2771 3440 2826 3486 et
2864 3442 3043 3502 portet
3071 3433 3243 3488 Deum
3281 3435 3336 3490 in
3375 3450 3604 3506 corpore
3638 3452 3757 3491 suo.

2167 3519 2306 3586 Quia
2336 3522 2429 3590 qui
2467 3522 2636 3576 Deum
2671 3539 2778 3578 non
2807 3533 2991 3593 portat
3017 3526 3084 3579 ad
3113 3526 3279 3580 vitam
3309 3542 3460 3582 suam
3481 3568 3496 3594 ,
3528 3528 3766 3598 portabit

2169 3610 2450 3666 inimicum
2481 3614 2611 3667 velit
2636 3613 2772 3668 nolit
2798 3616 2865 3669 ad
2891 3625 3122 3670 mortem
3153 3632 3325 3671 suam.

2239 3699 2508 3771 Rogamus
2541 3720 2652 3769 vos,
2686 3704 2900 3773 fratres,
2933 3707 3180 3776 corripite
3217 3707 3494 3777 inquietos,
3526 3708 3764 3764 consola-

2168 3795 2299 3848 mini
2325 3795 2705 3864 pusillanimes,
2747 3799 2995 3868 suscipite
3029 3799 3287 3866 inﬁrmos,
3316 3801 3567 3868 patientes
3605 3809 3767 3856 estote

2171 3888 2240 3941 ad
2265 3904 2461 3941 omnes.
2502 3887 2682 3942 Videte
2709 3907 2772 3943 ne
2797 3891 2915 3959 quis
2946 3889 3142 3942 malum
3168 3906 3262 3960 pro
3290 3889 3428 3943 malo
3456 3890 3617 3944 alicui
3646 3892 3765 3946 red-

2170 3978 2296 4042 dat;
2322 3979 2414 4032 sed
2439 3995 2641 4048 semper
2664 3979 2804 4049 quod
2830 3979 3020 4032 bonum
3045 3988 3121 4032 est
3144 3979 3412 4032 sectamini
3439 3980 3495 4033 in
3518 3981 3760 4048 invicem,

2171 4081 2220 4124 et
2239 4071 2294 4125 in
2315 4086 2510 4126 omnes.
2539 4070 2757 4143 Semper
2775 4072 3013 4142 gaudete.
3041 4071 3168 4127 Sine
3189 4071 3571 4127 intermissione
3596 4085 3761 4128 orate.

2173 4159 2241 4214 In
2267 4161 2508 4215 omnibus
2535 4163 2736 4232 gratias
2765 4164 2922 4233 agite.
2957 4161 3086 4217 Haec
3125 4163 3262 4216 enim
3288 4162 3528 4218 voluntas
3555 4163 3652 4218 Dei
3685 4176 3766 4219 est

2171 4252 2228 4305 in
2253 4251 2460 4306 Christo
2487 4251 2523 4306 Ι
2527 4269 2619 4307 esu
2644 4255 2700 4308 in
2725 4254 2964 4308 omnibus
2994 4254 3158 4309 vobis.

2243 4346 2310 4400 Et
2352 4347 2468 4402 haec
2499 4349 2778 4402 sententia
2823 4349 3004 4419 regula
3046 4359 3128 4405 est
3168 4349 3612 4406 Christianitatis.
3661 4349 3767 4407 Sed

2173 4440 2329 4494 valde
2366 4441 2660 4496 notandum
2703 4441 2848 4513 quod
2889 4442 2916 4480 ι)
2952 4441 3107 4510 jubet
3151 4444 3424 4498 hominem
3471 4444 3766 4514 patientem

475 4529 623 4586 nullo
650 4531 809 4585 modo
837 4530 948 4584 vult
971 4529 1167 4584 laedere
1190 4531 1518 4600 proximum.
1558 4531 1896 4601 Quapropter
1924 4547 2071 4600 quaa-
2094 4571 2148 4629 Β
2174 4545 2296 4586 esse
2339 4531 2406 4586 ad
2447 4545 2656 4598 omnes,
2703 4546 2813 4586 non
2860 4533 2926 4586 ad
2975 4533 3180 4585 amicos
3221 4541 3450 4586 tantum.
3498 4532 3765 4589 Patientia

476 4621 703 4676 rendum
726 4629 828 4684 est,
856 4621 943 4677 ille
962 4622 1056 4692 qui
1078 4629 1302 4691 paratur
1322 4622 1388 4675 ad
1411 4620 1709 4677 laedendum
1733 4623 2060 4691 proximum,

2173 4626 2318 4680 enim
2348 4625 2589 4680 maxime
2617 4625 2684 4680 ad
2713 4625 2964 4679 inimicos
2993 4632 3076 4678 est
3100 4625 3427 4680 necessaria.

1827 4735 2102 4791 BALUZII
2137 4735 2368 4792 NOT/E.

551 4841 577 4869 ι
619 4829 886 4882 Motorum
908 4839 1103 4884 tenens.
1129 4827 1491 4883 Amanuensis
1516 4842 1622 4897 quo
1643 4826 1924 4897 Massonus
1953 4837 2070 4882 ute-

479 4901 658 4959 batur,
689 4915 799 4952 non
832 4900 1098 4954 intellexit
1132 4900 1261 4968 quid
1299 4907 1445 4952 esset
1471 4896 1730 4951 matarus.
1763 4896 1947 4965 Itaque
1975 4913 2070 4968 vo-

482 4985 599 5026 cem
629 4969 773 5024 illam
799 4967 1251 5040 peregrinam’vel
1278 4970 1458 5038 potius
1487 4967 2026 5040 corruptamputavit
2052 4985 2064 5020 :

482 5055 601 5110 quae
627 5037 1004 5095 causa'luit—ut
1037 5057 1134 5109 pro
1163 5037 1425 5110 mutarum
1462 5048 1661 5110 tenens,
1694 5037 1920 5110 ediderit
1950 5053 2067 5110 mnf

483 5105 606 5163 rium
630 5121 830 5164 tenens.
861 5105 1095 5164 .‘datarus
1117 5119 1201 5164 est
1230 5109 1318 5163 teli
1349 5124 1537 5179 genus,
1569 5108 1747 5179 minus
1766 5105 1986 5179 lancea,
2011 5106 2069 5179 id

482 5181 678 5250 opinor
722 5181 865 5250 quod
912 5179 1110 5233 missile
1145 5177 1370 5235 vocatur
1406 5177 1921 5250 in_Vita_Ludovi9_i
1963 5177 2064 5230 Pii.

533 5245 621 5305 am
648 5245 917 5319 hodieque
941 5251 1236 5319 Vascones,
1277 5257 1370 5302 aut
1406 5248 1596 5302 saltem
1627 5245 1840 5319 Basculi
1872 5245 2075 5300 Vasco-

659 5317 861 5391 portio,
901 5318 1204 5388 bujusmodi
1247 5319 1350 5374 tela
1387 5326 1602 5388 gestant
1649 5317 1703 5371 in
1748 5317 1964 5382 itinere,
2011 5331 2076 5371 ac

491 5405 560 5444 si
600 5408 634 5444 ι.

488 5390 634 5446 alibi.

561 5463 591 5502 δ
626 5460 786 5516 lubet
811 5462 1068 5517 hominem
1097 5461 1396 5531 patientem,
1435 5459 1500 5512 ad
1538 5455 1842 5531 exemplum
1874 5456 2079 5531 Christi

485 5531 774 5598 videlicet,
823 5531 978 5601 cujus
1024 5528 1322 5588 imitatores
1369 5544 1487 5601 esse
1530 5528 1917 5601 debem_us,g_si
1966 5528 2080 5582 veri

487 5601 634 5674 illius
659 5598 906 5674 discipuli
940 5601 1397 5674 viderigvolumus.
1445 5599 1602 5653 Dedit
1643 5598 1787 5653 enim
1830 5598 1918 5674 ille
1938 5613 2079 5674 _pro-_

488 5668 866 5749 fecto_granile
889 5672 1177 5749 patientiae
1220 5670 1628 5749 documentum,
1656 5683 1799 5749 ocum
1841 5668 1972 5722 nihil
2013 5669 2081 5723 ad

490 5742 756 5818 maleﬁcia
795 5751 850 5797 et
888 5742 1112 5818 injurias
1150 5748 1467 5818 reponeret,
1508 5754 1610 5818 nec
1654 5742 1709 5818 i_n
1754 5753 2081 5818 quemquam

492 5828 686 5870 mnus
728 5809 986 5870 intentari
1027 5809 1256 5868 voluerit
1293 5809 1362 5866 ob
1399 5809 1722 5864 vindicanda
1767 5809 2076 5880 opprobria.

2178 4828 2249 4884 Ut
2291 4826 2713 4896 intelligeremus
2749 4841 2958 4892 omnes,
3003 4837 3206 4896 quanto
3243 4827 3420 4882 studio
3459 4836 3767 4896 quantaque

2177 4914 2307 4952 cura
2349 4900 2608 4952 devorare
2645 4900 2937 4953 debeamus
2977 4899 3220 4968 injurias,
3265 4914 3328 4953 ac
3370 4898 3632 4951 malorum
3670 4898 3765 4953 ho-

2176 4970 2383 5022 minum
2425 4969 2632 5038 perpeti
2675 4969 3051 5034 contumelias,
3097 4985 3218 5023 cum
3257 4978 3312 5022 et
3353 4970 3476 5038 ipse
3507 4968 3765 5038 Dominus

2177 5047 2230 5093 et
2260 5038 2401 5092 Deus
2429 5037 2616 5092 noster
2642 5039 2888 5108 inimicos
2919 5055 3045 5093 suos
3071 5039 3347 5108 reliquerit
3373 5037 3588 5108 inultos.
3617 5037 3764 5093 Prae-

2179 5109 2324 5162 clare
2352 5109 2640 5161 admodum
2667 5107 2971 5178 Cyprianus
3004 5110 3056 5163 in
3088 5107 3314 5178 epistola
3345 5107 3414 5159 65
3447 5107 3668 5176 loquens
3698 5111 3764 5163 de

2178 5178 2464 5232 calumniis
2490 5193 2626 5248 quas
2655 5178 2905 5232 Christus
2947 5179 3165 5247 pertulit
3205 5194 3235 5230 a
3268 5178 3638 5232 sacerdotibus
3665 5178 3762 5232 Ju-

2179 5249 2454 5313 dworum,
2501 5247 2618 5302 ait:
2662 5267 2679 5298 ι
2714 5248 2844 5314 Quae
2883 5249 3061 5302 omnia
3102 5248 3170 5301 ab
3211 5263 3276 5302 eo
3320 5248 3439 5302 ideo
3471 5247 3609 5301 facta
3639 5259 3760 5303 sunt

2180 5318 2455 5374 humiliter
2484 5327 2646 5386 atque
2684 5319 2976 5388 patienter,
2995 5327 3068 5389 Aut
3095 5333 3193 5371 nos
3233 5318 3554 5389 humilitatis
3579 5335 3642 5373 ac
3667 5334 3758 5389 pa-

2180 5389 2383 5442 tientiae
2429 5387 2754 5443 haberemus
2799 5387 3126 5456 exemplum.
3165 5405 3184 5439 ι
3234 5387 3326 5443 Sic
3372 5404 3471 5444 nos
3519 5387 3764 5444 videlicet

2180 5458 2502 5514 eﬂ'ormabat
2527 5457 2590 5510 ad
2621 5473 2844 5527 pacem,
2878 5469 2933 5511 et
2972 5458 3037 5511 ad
3071 5459 3354 5513 tenendam
3395 5460 3451 5513 in
3481 5459 3763 5514 calumniis

2181 5539 2236 5586 et
2259 5528 2776 5584 contradictionibus
2810 5527 3156 5596 patientiam;
3185 5544 3306 5597 quin
3334 5530 3533 5582 bonum
3562 5529 3764 5583 Christi

2181 5609 2298 5664 est,
2332 5609 2390 5653 ut
2421 5599 2558 5653 idem
2589 5597 2892 5667 Cyprianus
2916 5599 2991 5651 ait
3022 5598 3074 5651 in
3119 5597 3256 5654 libro
3281 5599 3348 5653 de
3373 5598 3522 5654 Bono
3555 5599 3764 5667 patien—
3821 5611 3838 5626 κ

2183 5673 2290 5726 tim.
2327 5671 2478 5727 Unde
2505 5678 2558 5722 et
2586 5666 2950 5722 Tertullianus
2976 5667 3028 5722 in
3058 5667 3196 5722 libro
3227 5669 3292 5723 de
3315 5667 3582 5723 Patientia
3607 5666 3763 5722 Chri-

2182 5751 2324 5798 stum
2350 5747 2506 5793 vocat
2538 5734 2814 5792 dominum
2839 5738 3113 5808 patientia:
3137 5745 3190 5794 et
3213 5739 3558 5809 magistrum.
