4010 6184
284 339 394 398 ῑῦὸ

1230 327 1289 383 S.
1333 323 1683 383 AGOBARDI
1716 321 2028 381 nomen
2061 319 2551 379 ιωοωίωειε

3449 323 3553 382 2&5

369 446 490 503 Vidi
534 444 716 501 sum“
763 440 932 495 ιιίακ
972 438 1177 493 “ima,
1227 436 1616 506 iwfmrm
1654 445 1874 506 propter
1897 439 2080 499 Aeeta
2102 432 2384 505 gloriosus,
2410 442 2464 489 et
2491 433 2741 504 speciosis
2770 433 2987 488 induere
3027 434 3268 490 vestibus.
3314 435 3562 514 Disperge

286 536 499 593 verbum
526 533 644 596 Dei,
669 538 718 584 et
738 536 956 600 propter
980 526 1333 580 testimonium
1353 525 1498 597 quod
1523 524 1798 590 habebant,
1826 535 1873 580 et
1973 526 2220 596 superbos
2244 528 2302 582 in
2332 527 2517 597 furore
2548 536 2660 590 tuo,
2688 535 2739 580 et
2762 527 3043 597 respiciam
3066 540 3272 585 omnem
3300 544 3563 605 arrogan-

291 625 588 683 clnmabant
614 637 738 675 voce
778 634 971 688 usagna
996 616 1266 672 dicentes:
1293 614 1589 688 Usquequo,
1619 616 1875 670 Dominus
1975 625 2077 672 tem
2106 616 2350 672 humilia.
2392 617 2611 689 Respice
2649 626 2862 671 cunctos
2896 618 3170 688 superbos,
3204 629 3261 674 et
3296 623 3565 693 confunde

286 723 502 769 sanctus
528 721 577 765 et
610 725 780 772 verus,
821 724 929 761 non
963 706 1176 776 judicas
1208 715 1262 760 et
1297 706 1536 761 vindicas
1570 705 1876 775 sanguinem
1975 723 2082 772 eos,
2122 694 2171 761 et
2213 718 2420 762 contere
2457 708 2643 779 impios
2682 708 2739 761 in
2771 706 2885 761 loco
2912 725 3029 762 suo.
3073 710 3344 766 Absconde
3380 729 3468 769 eos
3507 716 3566 771 in

294 812 529 858 nostrum
554 801 620 854 de
647 800 727 854 his
768 798 860 869 qui
886 796 1123 852 habitant
1163 812 1320 868 super
1356 805 1555 850 terram
1572 797 1597 849 ?
1644 795 1712 849 Et
1740 796 1879 851 data?

290 902 413 949 sunt
440 893 514 947 eis
544 888 768 961 singula:
789 886 938 943 stolen
968 886 1122 954 albae,
1153 898 1199 940 et
1220 887 1422 940 dictum
1457 895 1535 940 est
1570 884 1677 940 illis
1712 895 1770 940 ut
1800 903 1882 940 re-

290 984 611 1055 quiescerent
640 979 812 1034 adhuc
836 977 1099 1032 modicum
1126 981 1347 1046 tempus,
1375 975 1540 1030 donec
1568 975 1883 1045 impleantur

294 1074 525 1128 conservi
569 1087 779 1134 eorum,
820 1078 871 1123 et
909 1068 1098 1138 fratres
1142 1083 1357 1131 eorum,
1400 1067 1491 1137 qui
1536 1066 1883 1134 interﬁciendi

291 1172 436 1228 sunt,
465 1164 602 1216 sicut
631 1171 677 1215 et
707 1160 806 1214 illi.

368 1255 494 1310 Hrec
519 1253 791 1310 sententia
812 1251 972 1307 docet
996 1259 1208 1322 tempus
1228 1251 1484 1306 vindictae
1512 1249 1749 1304 ﬁdelium
1776 1264 1884 1304 non

296 1362 420 1403 esse
448 1347 500 1400 in
532 1345 806 1414 praesenti.
846 1342 984 1397 Nam
1023 1343 1070 1398 si
1100 1344 1274 1398 sancti
1310 1359 1411 1414 pro
1436 1342 1544 1397 ﬁde
1569 1342 1717 1410 passi
1745 1354 1889 1410 qum-

297 1446 427 1495 ruut
454 1437 749 1491 vindictam
778 1435 844 1490 de
878 1433 1345 1504 persecutoribus,
1375 1432 1443 1487 de
1479 1434 1675 1501 quibus
1701 1432 1887 1501 utique

297 1527 611 1584 vindicandi
642 1534 792 1591 sunt,
815 1533 873 1579 et
898 1540 1005 1578 non
1034 1525 1356 1594 impetrant;
1388 1523 1657 1592 quomodo
1685 1522 1798 1587 isti,
1820 1522 1888 1577 de

295 1622 495 1693 quibus
532 1619 761 1690 agimus,
790 1618 1223 1688 quotiescunque
1263 1616 1574 1669 irascuntur
1601 1614 1887 1685 proximis,

298 1722 353 1770 et
381 1714 449 1769 ad
473 1711 877 1768 contentionem
914 1724 1173 1764 manuum
1213 1708 1530 1779 prosiliunt,
1564 1715 1757 1778 putant
1783 1705 1887 1761 sibi

1978 795 2239 867 pulverem
2274 798 2456 865 simul,
2486 806 2536 853 et
2572 798 2735 868 facies
2774 815 2955 853 eorum
2986 799 3225 872 demerge
3252 802 3310 857 in
3337 804 3563 874 foveam.

1978 887 2048 942 Et
2074 904 2168 958 ego
2203 889 2490 958 conﬁtebor
2516 890 2658 960 quod
2690 889 2898 944 salvere
2931 899 2981 945 te
3015 892 3179 962 possit
3204 894 3423 948 dextera
3450 905 3565 950 tua.

2052 979 2155 1047 Qui
2183 980 2522 1037 conﬂictibus
2556 991 2612 1037 et
2647 982 3120 1052 congressionibus
3159 987 3356 1040 merita
3397 988 3570 1043 homi-

1982 1084 2112 1124 num
2146 1084 2206 1124 se
2243 1077 2436 1139 putant
2475 1085 2633 1140 posse
2677 1071 2945 1137 invenire,
2994 1073 3235 1128 habeant
3276 1076 3568 1133 brachium

1984 1160 2124 1216 sicut
2152 1160 2314 1226 Deus,
2343 1168 2400 1216 et
2426 1160 2481 1216 in
2510 1177 2641 1217 voce
2669 1163 2833 1217 simili
2860 1172 3071 1229 tonent,
3099 1166 3443 1223 circumdent
3466 1170 3571 1225 sibi

1980 1252 2256 1318 decorem,
2298 1261 2355 1309 et
2396 1254 2451 1308 in
2494 1254 2724 1310 sublime
2752 1257 3053 1328 erigantur,
3085 1258 3300 1328 sintque
3325 1261 3571 1331 gloriosi,

1984 1355 2040 1400 et
2067 1354 2197 1401 tunc
2218 1354 2479 1417 poterunt
2505 1347 2609 1402 sibi
2634 1348 2737 1419 ipsi
2764 1364 2885 1405 esse
2914 1351 3243 1418 snivatores;
3282 1353 3571 1424 impiorum

1987 1446 2167 1493 autem
2189 1447 2246 1493 et
2268 1440 2621 1508 superborqu
2642 1439 3003 1512 dispersores,
3029 1444 3429 1512 bumiliatores,
3450 1461 3575 1502 eon-

1987 1527 2226 1594 tritores,
2254 1537 2308 1583 et
2336 1529 2391 1583 in
2424 1529 2634 1585 foveam
2662 1531 3021 1589 demersores.

2061 1617 2185 1672 Non
2211 1620 2350 1673 enim
2399 1620 2457 1675 in
2488 1637 2615 1675 arcu
2653 1637 2767 1676 meo
2813 1624 3098 1692 conﬁdam,
3146 1638 3314 1698 neque
3357 1625 3563 1698 gladius

1988 1725 2136 1764 meus
2161 1709 2382 1765 salvabit
2417 1728 2533 1775 me;
2561 1713 2687 1783 quia
2728 1712 2951 1770 salvasti
2997 1732 3090 1770 nos
3118 1716 3184 1771 de
3210 1718 3441 1773 hostibus
3481 1736 3576 1775 no-

300 1806 466 1861 Deum
497 1802 769 1869 famulari,
800 1809 857 1857 et
884 1800 1246 1857 amarissimis
1283 1800 1403 1856 suis
1436 1799 1679 1854 motibus
1702 1797 1890 1853 deser-
1915 1793 1964 1853 B
1989 1802 2134 1867 stris,
2164 1811 2212 1856 et
2233 1819 2320 1857 eos
2342 1804 2433 1874 qui
2454 1804 2681 1858 oderunt
2702 1821 2798 1860 nos
2819 1807 3127 1877 confudisti.
3161 1808 3228 1863 In
3256 1810 3367 1865 Deo
3392 1810 3579 1868 lauda-

303 1900 453 1956 vire?

374 1991 489 2058 γω,
527 1992 710 2046 civitas
737 1988 833 2044 illa
870 2003 1064 2059 magna
1095 1986 1353 2058 Babylon,
1381 1986 1562 2040 civitas
1590 1982 1685 2038 illa
1712 1982 1885 2053 fortis,

296 2086 546 2157 quoniam
574 2101 683 2138 una
709 2084 839 2137 hora
865 2082 1001 2136 venit
1020 2080 1286 2151 judicium
1309 2077 1492 2133 tuum!

374 2177 435 2234 Si
479 2191 586 2231 una
628 2176 762 2229 hora
807 2181 1100 2228 venturum
1144 2178 1230 2227 est
1264 2170 1534 2240 judicium
1571 2165 1888 2238 Babylonis,

302 2270 575 2343 quomodo
620 2269 765 2323 cives
805 2265 922 2335 ejus
969 2273 1077 2320 tam
1117 2263 1433 2333 frequenter
1470 2277 1571 2333 pro
1614 2275 1673 2316 se
1718 2259 1890 2314 Deum

306 2363 582 2421 aestimant
611 2358 897 2428 judicare?
943 2358 1071 2415 Hrec
1114 2356 1385 2413 sententia
1430 2356 1767 2410 demonstrat
1806 2366 1896 2407 oc-

305 2457 451 2515 cnlta
475 2469 597 2511 esse
614 2426 827 2524 iudicia
869 2426 968 2508 Dei
1006 2459 1062 2507 et
1098 2449 1549 2521 impenetrabilia.
1583 2447 1738 2504 Unde
1765 2462 1895 2502 con-

1993 1890 2163 1944 bimur
2200 1902 2309 1946 tota
2347 1894 2455 1958 die,
2495 1902 2544 1947 et
2587 1911 2776 1949 nomen
2818 1906 2967 1951 tuum
2990 1898 3321 1967 conﬁtebitur
3349 1901 3403 1956 in
3428 1913 3580 1958 teter-

1993 1998 2137 2036 num.
2174 1981 2545 2043 Verumtamen
2583 1993 2640 2039 tu
2682 1986 2969 2056 confudisti
2992 1998 3041 2043 et
3080 1990 3349 2060 projecisti
3390 2008 3503 2060 nos,
3531 2002 3579 2049 et

1994 2088 2099 2127 non
2126 2073 2409 2143 egredieris
2453 2074 2509 2129 in
2543 2076 2856 2131 exercitibus
2906 2079 3119 2133 nostris.
3183 2078 3393 2136 Vertisti
3434 2092 3579 2155 terga

1994 2174 2172 2219 nostra
2199 2166 2359 2231 hosti,
2382 2176 2430 2220 et
2456 2169 2546 2239 qui
2576 2168 2797 2223 oderunt
2821 2186 2916 2225 nos
2956 2172 3288 2242 diripuerunt
3326 2176 3445 2229 sibi.
3478 2175 3582 2231 De-

1993 2259 2119 2314 disti
2144 2277 2238 2314 nos
2280 2261 2435 2332 quasi
2461 2278 2669 2332 gregem
2695 2263 2765 2317 ad
2792 2264 3104 2332 vorandum,
3149 2275 3199 2320 et
3242 2267 3299 2321 in
3342 2268 3579 2338 gentibus

1992 2349 2283 2420 dispersisti
2312 2369 2425 2406 nos.

2063 2441 2168 2498 Ista
2198 2444 2465 2499 sententia
2494 2446 2733 2501 insinuat
2759 2448 3032 2503 neminem
3068 2450 3275 2506 salvum
3315 2452 3454 2516 fieri,
3487 2462 3581 2509 aut

304 2556 415 2604 stat
453 2547 675 2603 stultam
706 2555 762 2601 et
799 2546 1088 2615 superbam
1130 2557 1251 2598 esse
1290 2541 1766 2612 praesumptionem
1800 2553 1895 2595 θο-
1988 2535 2196 2607 justum
2231 2537 2315 2592 vel
2343 2537 2686 2594 innocentem
2714 2539 3077 2595 demonstrari
3124 2557 3222 2612 per
3250 2553 3582 2602 armaturam

302 2657 424 2697 rum
467 2641 560 2711 qui
600 2646 796 2710 putant
838 2634 1272 2708 impenetrabilia
1297 2632 1503 2703 judicia
1532 2632 1629 2686 Dei
1657 2630 1816 2687 bellis
1842 2637 1899 2685 et
1997 2643 2335 2698 corpoream,
2368 2629 2545 2699 ipsum
2574 2639 2759 2686 autem
2790 2630 2960 2687 Deum
3002 2648 3111 2688 non
3143 2648 3359 2705 semper
3396 2636 3449 2691 in
3477 2638 3583 2693 hac

300 2735 541 2790 caedibus
570 2731 776 2802 liquido
802 2729 1091 2800 publicari.
1998 2720 2107 2775 vita
2132 2721 2290 2776 bonis
2320 2721 2621 2777 retribuere
2646 2722 2839 2777 merita
2893 2722 3140 2793 iustitiae.
3172 2726 3326 2782 Unde
3353 2734 3410 2783 et
3442 2728 3584 2783 Pau-

376 2822 700 2894 Sanguinem
736 2821 874 2874 enim
903 2820 1203 2873 animarum
1227 2826 1517 2873 uestran
1543 2815 1806 2886 requirant
1830 2812 1898 2868 de
1997 2810 2101 2878 lus,
2133 2813 2226 2883 qui
2258 2813 2460 2868 bonum
2496 2818 2775 2870 certamen
2803 2817 3050 2881 certavit,
3084 2833 3302 2875 cursum
3334 2836 3585 2877 consum-

302 2929 466 2968 manu
491 2919 800 2965 cunctarum
838 2908 1143 2973 bestiarum,
1168 2915 1217 2961 ot
1249 2906 1314 2961 de
1338 2922 1502 2960 manu
1529 2905 1804 2958 hominis:
1833 2902 1898 2956 de
1999 2903 2190 2969 iuavit,
2241 2902 2404 2959 ﬁdem
2451 2906 2726 2970 servavit,
2772 2907 3065 2976 repositam
3113 2909 3214 2965 sibi
3259 2911 3389 2966 dicit
3431 2926 3588 2967 coro-

303 3022 469 3062 manu
496 3004 594 3060 viri
620 3012 670 3058 et
700 3002 885 3072 fratris
914 2999 1028 3071 ejus
1066 3000 1333 3071 requiram
1373 2997 1607 3050 animam
1645 2995 1895 3049 hominis.
1999 3008 2125 3048 nam
2145 2991 2394 3062 juStitiat,
2424 3011 2532 3050 non
2558 3004 2854 3065 receptam.
2885 2997 3020 3052 Nam
3049 2998 3103 3052 in
3134 3002 3388 3069 praesenti
3435 3003 3589 3071 quin-
3652 3010 3661 3021 ’

306 3095 618 3168 Quicunque
661 3093 905 3165 eﬁ‘uderit
949 3093 1240 3147 humanum
1285 3089 1616 3159 sanguinem,
1649 3086 1900 3156 [nudetur
1928 3149 1968 3168 η
2002 3085 2158 3154 quies
2204 3085 2577 3156 quadragenas
2631 3104 2739 3142 una
2782 3089 2964 3146 minus
3013 3092 3237 3162 accepit,
3293 3100 3377 3149 ter
3416 3094 3588 3164 virgis

302 3149 544 3257 :anguis'
569 3149 751 3250 illiu;;
798 3183 868 3238 ad
914 3182 1195 3249 inmqinem
1234 3149 1423 3250 quippe
1463 3177 1563 3231 Dei
1602 3149 1781 3247 tractus
1822 3184 1897 3230 est
1925 3149 1972 3212 (ἶ
2001 3149 2196 3244 casus,
2222 3149 2714 3248 semel'lapidatus
2755 3189 2858 3246 est,
2906 3190 2992 3236 ter
3037 3149 3378 3254 naufragium
3435 3149 3584 3251 fecit;

308 3277 485 3332 homo.

388 3368 515 3426 Haec
553 3368 731 3440 prima
772 3367 880 3433 lex,
924 3380 955 3420 a
985 3365 1098 3421 Deo
1123 3365 1246 3421 data
1291 3364 1621 3429 hominibus,
1651 3362 1903 3435 prohibet

308 3459 672 3518 attentissime
696 3459 995 3513 humanum
1025 3456 1344 3527 sanguinem
1369 3454 1617 3509 fundere.

382 3550 502 3606 Non
543 3551 723 3606 omnis
765 3549 858 3620 qui
902 3547 1178 3603 hominem
1215 3546 1498 3609 occiderit,
1545 3543 1904 3616 corporaliter

309 3643 614 3700 occidetur.
640 3641 747 3698 Sed
773 3638 1070 3696 secundum
1094 3638 1226 3693 illud
1244 3636 1623 3708 accipiendum
1646 3645 1734 3692 est
1761 3634 1905 3706 quod

310 3732 575 3789 Dominus
616 3733 670 3787 in
714 3730 1007 3802 Evangelia
1047 3729 1222 3785 dicit:
1259 3727 1445 3783 Omnis
1484 3728 1626 3783 enim
1668 3729 1759 3799 qui
1791 3726 1906 3799 gla-

307 3824 460 3879 dium
489 3825 773 3895 acceperit,
810 3821 1020 3893 peribit.
1060 3820 1129 3876 Et
1155 3818 1449 3891 Apostolus
1476 3817 1551 3873 ait
1584 3836 1598 3873 :
1640 3816 1904 3883 Quoniam

307 3914 479 3969 omnis
523 3912 788 3967 homicida
819 3927 927 3967 non
953 3910 1105 3965 habet
1134 3910 1295 3965 vitam
1334 3910 1588 3964 cateruam
1614 3908 1672 3961 in
1711 3922 1766 3961 se
1793 3922 1907 3959 ma-

310 4014 536 4058 nenfem.
586 4002 771 4069 Quare
799 4010 980 4057 autem
1011 4001 1158 4055 hunc
1185 4007 1398 4053 reatum
1445 4005 1595 4052 tanta
1632 4011 1794 4067 poena
1823 4009 1907 4052 se-

310 4100 538 4164 quatur,
575 4093 693 4147 bmc
730 4107 894 4147 causa
924 4098 1042 4156 est,
1082 4088 1338 4160 quoniam
1379 4088 1449 4144 ad
1488 4087 1782 4159 imaginem
1810 4087 1906 4143 Dei

317 4184 494 4238 factus
518 4192 602 4237 est
632 4183 815 4236 homo.

390 4272 675 4328 Abundant
704 4270 1048 4327 tabernacula
1074 4269 1405 4341 prwdonum,
1428 4277 1477 4322 et
1506 4266 1761 4321 audacter
1787 4283 1910 4338 pro—

316 4373 503 4420 vocant
524 4363 712 4427 Deum,
737 4379 856 4419 cum
877 4362 987 4433 ipse
1011 4360 1212 4416 dederit
1232 4359 1410 4413 omnia
1435 4359 1493 4413 in
1516 4374 1679 4413 manu
1704 4373 1905 4411 eorum.

1999 3277 2056 3325 et
2102 3270 2287 3325 omnia
2331 3270 2421 3325 illa
2449 3272 2693 3342 pericula
2743 3288 2864 3342 qum
2910 3273 3027 3344 ipse
3067 3284 3371 3343 enumerat,
3425 3278 3588 3334 susti-

2000 3360 2139 3415 nuit.

2076 3450 2245 3517 Deus,
2264 3463 2514 3508 venerunt
2533 3463 2708 3524 gentes
2736 3457 2792 3510 in
2813 3456 3170 3514 ha'reditatem
3195 3467 3362 3525 tuam,
3384 3460 3587 3530 pollue-

2003 3552 2127 3599 runt
2164 3543 2416 3615 templum
2457 3555 2698 3600 sanctum
2736 3556 2906 3615 tuum,
2941 3560 3226 3619 posuerunt
3255 3550 3588 3607 Hierusalem

2003 3635 2059 3689 in
2107 3651 2351 3690 acervum
2402 3636 2660 3707 lapidum.
2709 3638 2980 3695 Dederunt
3022 3642 3281 3698 cadavera
3323 3661 3589 3699 servorum

2002 3734 2216 3781 tuorum
2242 3743 2416 3782 escam
2438 3729 2610 3783 avium
2635 3728 2906 3797 caelorum,
2931 3748 3119 3788 carnes
3142 3744 3445 3789 sanctorum
3472 3744 3589 3789 tuo—

2005 3834 2122 3873 rum
2143 3820 2325 3875 bestiis
2365 3828 2539 3876 teme.
2568 3820 2889 3891 Effuderunt
2912 3826 3223 3893 sanguinem
3244 3842 3426 3879 eorum
3455 3840 3589 3894 qua-

2002 3911 2050 3965 si
2074 3927 2269 3982 aquam
2304 3912 2362 3965 in
2385 3911 2608 3965 circuitu
2636 3910 2993 3978 Hierusalem,
3017 3923 3066 3969 et
3095 3932 3198 3971 non
3222 3926 3337 3970 erat
3374 3920 3466 3988 qui
3510 3933 3592 3972 se-

2004 4002 2208 4074 peliret.
2253 4002 2407 4058 Facti
2442 4020 2626 4059 sumus
2656 4005 2993 4076 opprobrium
3018 4006 3199 4062 vicinis
3222 4010 3434 4073 nostris,
3463 4009 3590 4064 sub-

2005 4093 2251 4149 sannatio
2272 4102 2321 4148 et
2341 4092 2536 4148 derisio
2563 4093 2643 4148 his
2662 4096 2754 4162 qui
2775 4096 2833 4148 in
2854 4096 3078 4150 circuitu
3105 4106 3282 4156 nostra
3303 4108 3448 4153 sunt.

2080 4183 2207 4239 Haec
2231 4184 2501 4239 sententia
2527 4184 2716 4239 eadem
2758 4186 2874 4255 ipsa
2901 4186 3238 4243 demonstrat
3271 4204 3391 4259 quae
3417 4197 3474 4245 et
3494 4204 3589 4246 sn-

2006 4276 2208 4349 perior.

2082 4365 2214 4432 Quis
2252 4365 2496 4421 ascendet
2543 4366 2602 4421 in
2644 4374 2873 4421 montem
2897 4367 3151 4424 Domini!
3174 4378 3265 4424 aut
3300 4371 3415 4440 quis
3438 4373 3594 4428 stabit

317 4455 496 4523 Quare
523 4471 645 4525 ergo
672 4456 821 4525 impii
847 4455 1056 4520 vivunt,
1083 4451 1352 4508 sublimati
1376 4460 1498 4506 sunt
1523 4450 1908 4521 confortatique
1932 4455 2067 4527 “in
2113 4454 2229 4510 loco
2275 4464 2455 4510 sancio
2497 4456 2658 4527 ejus?
2697 4454 2957 4512 Innocm
3017 4459 3260 4515 πιαηίιηιε
3309 4470 3359 4515 ει
3399 4462 3594 4518 mundo

1931 4502 1986 4562 D

311 4546 549 4601 divitiis?
595 4545 783 4602 Semen
826 4561 1008 4601 eorum
1048 4553 1314 4618 permanet
1343 4560 1520 4598 coram
1557 4544 1651 4607 eis,
1695 4543 1910 4613 propin-
1931 4543 1984 4562 ν
2011 4544 2190 4610 corde,
2232 4545 2325 4615 qui
2365 4545 2660 4616 ingreditur
2685 4547 2800 4601 sine
2827 4547 3058 4613 macula,
3088 4558 3137 4603 et
3166 4560 3414 4621 operatur
3429 4553 3594 4622 justi-

312 4658 535 4715 quorum
558 4642 714 4696 turba
743 4651 792 4696 et
819 4651 1061 4713 nepotum
1084 4642 1141 4694 in
1168 4648 1444 4711 conspectu
1473 4655 1672 4694 eorum.
1708 4637 1907 4691 Domus

312 4748 497 4787 eorum
541 4748 739 4787 secura:
767 4742 910 4797 sunt,
949 4741 996 4786 et
1021 4739 1242 4802 pacatae,
1288 4740 1336 4784 et
1374 4745 1481 4784 non
1521 4737 1595 4782 est
1637 4727 1783 4798 virga
1812 4726 1910 4781 Dei

312 4840 473 4895 super
495 4840 604 4879 eos.
631 4824 736 4878 Bos
758 4838 940 4877 eorum
962 4821 1213 4892 wncepit,
1243 4828 1291 4875 et
1318 4836 1422 4874 non
1450 4818 1725 4884 abortivit;
1752 4834 1908 4873 vacca

315 4916 532 4986 peperit,
559 4924 606 4968 et
636 4931 741 4968 non
763 4924 836 4968 est
859 4915 1065 4983 privata
1094 4913 1204 4983 fetu
1229 4928 1346 4967 suo.
1373 4910 1737 4982 Egrediuntur
1757 4911 1911 4982 quasi
1938 4924 1941 4927 λ

318 5023 497 5079 greges
524 5007 731 5079 parvuli
760 5022 963 5071 eorum,
995 5015 1043 5061 et
1065 5005 1292 5075 infantes
1320 5022 1501 5060 eorum
1530 5004 1794 5060 exsultant
1828 5003 1912 5059 lu-

313 5098 484 5154 sibus.
517 5096 711 5154 Tenent
740 5108 1064 5169 tympanum,
1101 5106 1150 5151 et
1175 5098 1458 5163 citharam,
1488 5105 1537 5151 et
1576 5097 1805 5169 gaudent
1841 5095 1912 5151 ad

316 5190 546 5245 sonitum
571 5189 776 5261 organi.
806 5188 1019 5244 Ducunt
1047 5189 1105 5243 in
1128 5187 1277 5243 bonis
1316 5187 1429 5243 dies
1457 5205 1603 5253 suos,
1629 5198 1677 5242 et
1701 5189 1756 5242 in
1781 5203 1913 5258 pun-

318 5291 403 5336 cto
427 5282 496 5336 ad
520 5281 731 5352 inferna
756 5281 1095 5337 descendunt.

392 5370 522 5428 Haec
548 5373 819 5428 sententia
864 5372 1067 5427 indicat
1107 5369 1463 5444 temporalem
1490 5386 1612 5426 esse
1638 5370 1906 5427 malorum

318 5458 658 5517 lelicitatem.
683 5462 750 5518 Et
777 5462 981 5518 idcirco
1008 5473 1199 5519 errant
1219 5463 1317 5533 qui
1342 5471 1539 5533 putant
1565 5462 1794 5534 singulis
1817 5464 1909 5519 hic

320 5553 548 5610 retribui
576 5555 719 5625 quod
749 5563 1045 5610 merentur.

393 5644 456 5703 Si
479 5645 638 5703 habes
663 5646 935 5703 brachium
970 5649 1107 5703 sicut
1133 5646 1299 5715 Deus,
1329 5657 1376 5703 et
1412 5649 1460 5703 si
1492 5664 1612 5704 voce
1635 5647 1796 5704 simili
1822 5658 1907 5704 to-

321 5752 418 5792 uas
436 5736 461 5791 ἵ
482 5730 768 5793 Circumda
791 5736 885 5791 tibi
907 5736 1167 5805 decorem,
1198 5747 1244 5792 et
1277 5738 1333 5792 in
1370 5737 1591 5794 sublime
1614 5740 1828 5809 erigere,
1858 5749 1908 5794 et

2008 4636 2156 4701 tiam,
2203 4636 2436 4706 loquitur
2477 4636 2745 4691 veritatem
2782 4637 2839 4690 in
2880 4638 3034 4692 corde
3076 4655 3192 4706 suo,
3233 4640 3322 4712 qui
3367 4654 3470 4696 non
3517 4651 3593 4697 est

2009 4725 2186 4800 facilis
2227 4727 2282 4782 in
2325 4724 2507 4797 lingua
2533 4743 2654 4793 sua,
2696 4744 2859 4799 neque
2886 4727 3007 4799 fecit
3055 4731 3225 4785 amico
3248 4748 3346 4786 suo
3368 4731 3592 4800 malum,

2008 4829 2059 4875 et
2111 4820 2444 4891 opprobrium
2491 4837 2596 4875 non
2640 4821 2891 4876 sustinuit
2932 4837 3089 4893 super
3140 4824 3368 4878 vicinum
3415 4841 3591 4880 suum.

2014 4913 2117 4980 Qui
2142 4912 2352 4983 negligit
2380 4913 2634 4966 damnum
2675 4922 2888 4984 propter
2931 4915 3159 4968 amicum
3205 4931 3378 4981 suum,
3414 4916 3593 4987 justus

2012 5012 2124 5070 est;
2165 5005 2265 5057 iter
2309 5012 2483 5057 autem
2530 5003 2811 5075 impiorum
2853 5004 3071 5076 decipiet
3116 5022 3224 5060 eos.
3280 5003 3475 5061 Melior
3519 5017 3595 5062 est

2016 5096 2220 5166 patiens
2277 5094 2386 5148 viro
2441 5093 2607 5163 forti;
2664 5102 2713 5147 et
2757 5095 2848 5164 qui
2902 5095 3209 5152 dominatur
3247 5097 3424 5151 animo
3471 5113 3593 5162 suo,

2015 5195 2373 5259 expugnatam
2419 5185 2645 5239 urbium.
2699 5185 2883 5253 Arma,
2934 5196 2983 5242 et
3028 5187 3193 5258 gladii
3241 5189 3298 5244 in
3351 5190 3438 5244 via
3484 5205 3598 5263 per-

2015 5278 2153 5335 versi
2185 5288 2203 5329 :
2230 5284 2403 5332 custos
2448 5284 2621 5330 autem
2648 5277 2841 5332 animm
2875 5295 2985 5333 sua:
3019 5278 3170 5351 longe
3200 5280 3392 5334 recedit
3419 5280 3486 5336 ab
3510 5298 3593 5335 eo.

2017 5366 2152 5423 Cum
2210 5365 2452 5422 ceciderit
2506 5364 2751 5422 inimicus
2790 5376 2939 5436 tuus,
3008 5386 3074 5425 ne
3124 5374 3377 5441 gaudeas,
3442 5380 3491 5426 et
3542 5369 3596 5426 in

2011 5458 2169 5512 ruina
2220 5457 2337 5528 ejus
2389 5472 2452 5511 ne
2502 5455 2726 5512 exsultet
2767 5473 2860 5512 cor
2919 5470 3107 5527 suum;
3155 5478 3221 5517 ne
3251 5461 3387 5532 forte
3428 5461 3598 5519 videat

2009 5546 2290 5615 Dominus,
2342 5556 2393 5602 et
2459 5546 2731 5620 displiceat
2794 5546 2864 5615 ei,
2919 5560 2969 5605 et
3016 5551 3227 5622 auferat
3277 5554 3342 5609 ab
3372 5570 3433 5609 eo
3463 5554 3600 5608 iram

1999 5657 2177 5698 suam.

2081 5737 2275 5795 Videat
2299 5738 2526 5796 bellator
2550 5738 2845 5806 fraternus,
2873 5739 2920 5797 si
2940 5739 3016 5796 sit
3041 5740 3304 5798 innocens
3322 5742 3598 5807 manibus.
