4010 6184
368 310 482 366 265

1470 318 1672 374 LIBER
1720 315 1998 374 CONTRA
2036 313 2359 372 JUDICIUM
2397 314 2528 370 DEI.

3528 323 3634 375 est

369 425 582 479 arundo
611 425 794 488 corde,
827 433 882 479 et
909 424 1073 481 faciat
1101 427 1282 482 omnia
1314 443 1434 497 quas
1460 445 1692 500 sequens
1737 437 1955 486 senten-
1982 429 2034 487 Α
2057 435 2114 482 et
2141 427 2290 498 impii
2336 435 2448 482 tam
2491 425 2722 482 feliciter
2751 427 2805 482 in
2834 427 2939 483 hoc
2966 427 3171 484 mundo
3205 431 3424 500 degunt,
3459 441 3518 488 ut
3545 450 3638 491 eos

373 514 452 567 tia
482 521 787 568 enumerat.

450 601 566 658 Non
593 600 768 659 solum
799 603 1012 670 melior,
1042 606 1135 661 sed
1183 623 1284 663 nec
1330 610 1504 665 bon-us
1531 610 1645 663 vult
1687 624 1829 674 esse,
1865 610 1958 678 qui

372 713 474 768 per
495 698 814 768 patientiam
842 714 949 753 non
995 701 1305 756 dominatur
1333 704 1516 758 animo
1541 719 1658 758 suo.
1691 702 1794 770 Qui
1834 717 1960 759 cum

372 788 625 857 proximo
651 788 896 844 decertat
937 799 1159 860 propter
1201 792 1400 846 animal
1436 793 1681 859 brutum,
1709 807 1810 848 nec
1838 807 1959 848 mo—

371 879 555 933 dicum
585 877 841 932 damnum
873 879 987 936 vult
1027 881 1300 950 negligere
1334 891 1557 951 propter
1583 882 1777 938 Deum.
1801 905 1816 914 -

447 969 620 1025 Erues
647 985 732 1024 eos
773 971 864 1041 qui
905 970 1173 1026 ducuntur
1200 973 1269 1027 ad
1309 983 1551 1040 mortem,
1577 984 1626 1029 et
1665 976 1757 1046 qui
1786 975 1963 1029 detra-

372 1064 577 1115 huntur
601 1061 671 1115 ad
696 1062 965 1118 interitum
1017 1062 1236 1118 liberare
1272 1081 1335 1120 ne
1379 1081 1564 1122 cesses.
1615 1064 1674 1122 Si
1719 1067 1958 1121 dixeris:

389 1151 533 1206 Vires
578 1170 679 1207 non
725 1164 1048 1225 suppetunt:
1095 1156 1185 1226 qui
1215 1156 1474 1227 inspector
1507 1167 1583 1212 est
1626 1158 1823 1223 cordis,
1853 1157 1962 1228 ipse

369 1243 638 1313 intelligit,
685 1253 734 1298 et
768 1255 1082 1300 servatorem
1113 1248 1304 1302 animo:
1331 1256 1436 1303 tute
1480 1248 1613 1302 nihil
1653 1248 1812 1318 fallit,
1844 1248 1963 1303 red-

371 1334 564 1405 detque
594 1336 793 1390 homini
808 1336 966 1406 juxta
996 1354 1155 1407 opera
1182 1355 1298 1394 sua.
1341 1337 1458 1394 Vidi
1484 1341 1579 1395 sub
1605 1341 1715 1395 sole
1753 1343 1810 1395 in
1847 1340 1960 1395 loco

375 1428 566 1481 iudicii
621 1428 958 1499 impietatem,
991 1437 1038 1483 et
1081 1430 1138 1484 in
1175 1429 1288 1485 loco
1332 1432 1560 1502 justitia:
1609 1433 1958 1504 iniquitatem.

375 1515 447 1570 Et
482 1519 597 1572 dixi
637 1518 692 1571 in
739 1519 896 1573 corde
923 1535 1038 1574 meo
1067 1533 1085 1571 .°
1117 1521 1330 1576 Iustum
1355 1532 1403 1576 et
1441 1524 1661 1594 impium
1699 1523 1961 1594 judicabit

375 1607 537 1673 Deus,
587 1618 636 1661 et
685 1617 882 1678 tempus
917 1610 992 1663 rei
1038 1608 1206 1665 omnis
1250 1621 1375 1666 tunc
1403 1613 1519 1670 erit.
1563 1611 1704 1668 Verti
1752 1629 1834 1667 me
1883 1614 1954 1667 ad

377 1693 509 1760 alia,
533 1706 580 1750 et
611 1695 713 1750 vidi
762 1697 1054 1753 calumnias
1082 1716 1200 1768 qua:
1225 1702 1320 1756 sub
1365 1702 1474 1757 sole
1497 1713 1774 1772 geruntur,
1802 1712 1850 1757 et
1883 1702 1963 1756 la-

2061 525 2218 586 putes
2237 531 2358 572 esse
2380 517 2730 588 iustissimos.

2065 645 2070 648 ~
2135 608 2315 662 Nescit
2341 609 2495 662 homo
2524 618 2700 663 utrum
2726 625 2904 664 amore
2947 628 3016 686 an
3041 611 3163 666 odio
3203 613 3393 684 dignus
3419 617 3522 686 sit;
3549 619 3640 672 sed

2061 699 2238 754 omnia
2262 698 2318 753 in
2345 699 2526 769 futuro
2557 708 2836 753 servantur
2860 701 3080 765 incerta,
3127 718 3187 755 eo
3214 704 3354 773 quod
3398 707 3640 761 universa

2060 807 2206 862 (eque
2246 790 2483 845 eveniant
2502 789 2654 859 justo
2695 799 2744 843 et
2788 790 2974 860 impio,
3009 791 3142 846 bona
3167 803 3215 846 et
3233 794 3397 859 malo,
3444 800 3640 851 mundo

2060 890 2108 934 et
2145 879 2436 943 immundo,
2485 878 2783 934 immolanti
2823 880 3081 946 victimas,
3110 891 3157 936 et
3204 884 3469 954 sacriﬁcia
3516 904 3639 942 con-

2061 971 2327 1024 temnenti.
2357 968 2505 1024 Sicut
2538 970 2724 1034 bonus,
2766 969 2841 1023 sic
2863 979 2913 1024 et
2964 981 3240 1040 peccator;
3271 983 3328 1027 ut
3369 978 3638 1046 perjurns.

2060 1058 2135 1112 ita
2160 1066 2209 1111 et
2252 1056 2342 1112 ille
2376 1058 2466 1128 qui
2513 1073 2693 1111 verum
2738 1057 2960 1127 dejerat.
2995 1058 3110 1114 Hoc
3131 1070 3207 1116 est
3241 1063 3528 1132 pessimum
3561 1068 3641 1118 iu-

2062 1155 2140 1200 ter
2158 1148 2332 1201 omnia
2362 1162 2482 1215 qua:
2520 1146 2615 1201 sub
2641 1145 2752 1201 sole
2775 1148 2931 1215 ﬁunt,
2962 1149 3086 1218 quia
3105 1149 3287 1205 eadem
3307 1154 3510 1208 cunctis
3530 1172 3642 1210 eve-

2063 1236 2234 1290 niunt.

2134 1325 2189 1379 Si
2219 1326 2402 1380 omnia
2434 1324 2617 1380 futuro
2643 1335 2930 1381 servantur
2957 1327 3188 1394 incerta,
3242 1330 3379 1384 mira
3421 1330 3644 1388 fatuitas

2061 1416 2442 1485 quorumdam,
2493 1415 2583 1485 qui
2628 1417 3014 1473 certaminibus
3059 1422 3406 1477 exsecrandis
3447 1431 3642 1494 putant

2061 1519 2120 1559 se
2147 1504 2214 1559 de
2243 1505 2466 1560 incertis
2495 1504 2673 1560 facere
2701 1513 2872 1560 certa.

2145 1593 2282 1648 νει-ιὶ
2306 1611 2388 1648 me
2424 1595 2494 1648 ad
2516 1594 2700 1660 aliud;
2725 1595 2930 1666 vidique
2959 1597 3056 1650 sub
3093 1597 3220 1664 sole,
3263 1617 3356 1655 nec
3389 1602 3642 1658 velocium

2061 1705 2171 1742 esse
2192 1703 2426 1751 cursum,
2459 1703 2550 1740 nec
2582 1686 2800 1756 fortium
2831 1686 3043 1754 bellum,
3071 1706 3164 1744 nec
3204 1693 3499 1761 sapientum
3543 1713 3642 1765 pa-

377 1802 585 1855 crymas
615 1787 987 1853 innocentium,
1037 1798 1086 1842 et
1121 1789 1383 1844 consolari
1424 1807 1511 1845 eos
1543 1792 1818 1854 neminem,
1869 1807 1960 1845 nec

2074 1795 2200 1844 rtem,
2233 1795 2326 1832 nec
2355 1778 2630 1832 doctorum
2670 1778 2904 1844 divitias,
2953 1796 3044 1832 nec
3083 1781 3350 1850 artiﬁcum
3392 1785 3641 1852 gratiam,

376 1891 530 1945 posse
579 1877 817 1930 resistere
860 1890 1041 1932 eorum
1087 1879 1704 1936 violentitecunctorum
1757 1881 1960 1936 auxilio

378 1967 676 2022 destitutos.

453 2056 570 2112 Non
600 2059 772 2114 solum
805 2060 972 2116 debes
1015 2077 1123 2117 non
1155 2064 1348 2119 ducere
1379 2065 1446 2120 ad
1487 2073 1740 2131 mortem,
1771 2079 1960 2120 verum

381 2148 544 2202 etiam
574 2163 668 2203 eos
695 2150 786 2219 qui
819 2149 1093 2206 ducuntur
1118 2167 1327 2214 eruere,
1355 2153 1401 2208 si
1430 2169 1536 2210 non
1565 2154 1648 2210 vis
1680 2162 1740 2209 ut
1769 2153 1963 2210 reddat

382 2239 482 2294 tibi
509 2239 771 2295 Dominus
799 2243 1095 2296 secundum
1125 2258 1288 2313 opera
1314 2251 1427 2299 tua.

451 2327 679 2396 Quando
715 2332 976 2386 Dominus
1001 2332 1143 2386 inter
1165 2333 1372 2403 justum
1411 2343 1466 2388 et
1493 2334 1718 2404 impium
1763 2336 1964 2392 discre-

377 2419 544 2484 verit,
572 2429 788 2488 tempus
817 2421 994 2476 omnis
1023 2421 1102 2475 rei
1146 2429 1274 2476 tunc
1301 2422 1428 2486 erit,
1467 2438 1574 2478 non
1599 2425 1779 2480 modo.
1809 2424 1966 2492 Quod

378 2515 601 2576 tempus
645 2509 958 2564 desiderans
1007 2509 1272 2575 Ecclesia,
1327 2519 1482 2582 rogat
1527 2511 1836 2578 Dominum,
1885 2513 1966 2568 di—

379 2613 554 2653 cens:
598 2595 796 2652 Indica
840 2615 944 2664 me,
984 2598 1147 2664 Dens,
1177 2608 1227 2653 et
1279 2599 1515 2654 discerne
1546 2617 1763 2655 causam
1795 2617 1965 2656 meam

381 2687 446 2742 de
469 2695 619 2757 gente
665 2702 770 2741 non
807 2699 1010 2743 sancta.
1055 2689 1231 2756 Quam
1256 2704 1371 2744 rem
1399 2691 1443 2745 si
1475 2691 1719 2747 homines
1773 2692 1962 2747 saltem

380 2778 674 2847 iustiﬁcam
703 2779 1014 2844 valuissent,
1060 2796 1166 2836 non
1195 2788 1382 2836 essent
1417 2782 1556 2837 mala
1585 2797 1706 2852 qua
1733 2797 1964 2855 sequen-

384 2880 468 2927 tes
493 2872 774 2927 sententiae
803 2880 1145 2928 enumerant.
1699 2947 1703 2951 _

457 2961 518 3016 Si
545 2963 731 3016 videris
761 2962 1054 3018 calumnias
1083 2979 1386 3035 egenorum,
1416 2973 1462 3018 et
1485 2964 1709 3020 violenta
1727 2965 1960 3036 judicia,

385 3061 435 3108 et
458 3051 682 3106 subverti
703 3053 966 3122 justitiam
992 3054 1048 3107 in
1086 3054 1374 3124 provincia,
1421 3071 1524 3109 non
1563 3056 1768 3110 mireris
1807 3073 1966 3129 super

2060 1868 2151 1922 sed
2177 1878 2378 1937 tempus
2410 1883 2688 1937 casumque
2710 1870 2764 1921 in
2799 1868 3053 1924 omnibus.
3103 1871 3282 1924 Nescit
3305 1873 3457 1926 homo
3485 1875 3642 1945 ﬁnem

2060 1976 2233 2013 suum.
2279 1957 2387 2014 Sed
2414 1960 2550 2012 sicut
2578 1960 2744 2028 pisces
2775 1961 3056 2029 capiuntur
3081 1962 3260 2028 hamo,
3288 1973 3336 2016 et
3362 1965 3497 2018 sicut
3525 1984 3642 2020 aries

2061 2049 2566 2118 comprehenduntur
2593 2049 2801 2120 laqueo,
2832 2051 2908 2104 sic
2936 2052 3217 2121 capiuntur
3243 2054 3479 2110 homines
3510 2067 3640 2111 tem-

2059 2155 2183 2209 pore
2213 2137 2374 2204 malo,
2407 2155 2527 2194 cum
2550 2140 2624 2193 eis
2648 2139 2905 2210 extemplo
2935 2143 3310 2211 supervenerit.

2132 2227 2260 2283 Haec
2282 2229 2550 2284 sententia
2576 2245 2681 2285 non
2711 2230 2938 2300 denegat
2967 2232 3384 2301 providentiam,
3421 2235 3516 2290 sed
3543 2238 3639 2292 do-

2061 2327 2150 2374 cet
2174 2318 2354 2374 exitus
2380 2323 2562 2375 rerum
2603 2321 2910 2376 hominibus
2951 2337 3073 2377 esse
3102 2323 3356 2380 incertos.
3404 2326 3642 2396 Epistola

2061 2410 2130 2465 ad
2152 2409 2426 2466 Romanos
2451 2410 2580 2469 huic
2597 2411 2717 2467 loco
2759 2413 3010 2484 congruit
3035 2431 3046 2466 :
3075 2415 3203 2482 quia
3250 2430 3358 2470 non
3382 2416 3636 2482 volentis,

2061 2511 2236 2568 neque
2257 2499 2545 2565 currentis,
2581 2501 2676 2557 sed
2702 2501 3009 2558 miserantis
3039 2501 3134 2558 Dei
3157 2504 3246 2558 sit.
3277 2503 3430 2570 Quod
3459 2516 3641 2562 autem

2062 2588 2183 2642 ait:
2217 2587 2344 2643 Non
2386 2599 2462 2644 est
2494 2591 2815 2661 sapientibus
2847 2593 3026 2662 panis,
3071 2593 3363 2650 multorum
3405 2598 3644 2665 quotidie

2062 2679 2320 2752 probatur
2349 2681 2617 2751 exemplo,
2658 2683 2751 2752 qui
2788 2697 2912 2738 cum
2955 2685 3341 2754 sapientissimi
3386 2688 3516 2754 sint,
3547 2705 3642 2744 ne-

2061 2769 2315 2825 cessariis
2337 2769 2599 2841 indigent,
2625 2780 2681 2828 et
2719 2773 2990 2828 eruditum
3023 2773 3198 2829 virum
3225 2775 3398 2832 latere
3422 2777 3478 2832 in
3513 2779 3638 2834 obs-

2062 2874 2220 2927 curo,
2247 2861 2650 2931 persecutiones
2695 2863 2829 2932 pati,
2869 2871 2926 2919 et
2951 2879 3062 2920 non
3097 2865 3271 2920 solum
3299 2867 3353 2921 in
3385 2869 3642 2939 populum

2062 2952 2292 3025 gratiam
2317 2969 2425 3008 non
2443 2953 2664 3020 habere,
2680 2955 2778 3010 sed
2802 2955 2983 3026 inopia
2999 2964 3055 3011 et
3075 2965 3319 3029 egestate
3340 2961 3638 3020 tabescere.

2064 3043 2192 3100 Bato
2219 3053 2399 3101 autem
2429 3044 2585 3112 ﬁunt,
2613 3047 2739 3117 quia
2769 3047 2976 3122 incerto
3014 3057 3162 3106 statu
3210 3051 3383 3108 fluunt
3426 3056 3632 3121 omnia,

385 3141 485 3195 hoc
517 3143 718 3212 negotio
743 3157 761 3194 :
791 3145 915 3213 quia
929 3122 1130 3199 excean
1165 3144 1301 3200 alia;
1324 3144 1594 3211 excelsior,
1619 3155 1668 3200 et
1689 3162 1846 3218 διφα-
1865 3122 1962 3204 λοσ
1990 3122 2038 3186 C
2064 3143 2124 3192 et
2145 3151 2252 3191 non
2277 3142 2361 3192 est
2389 3136 2442 3190 in
2481 3137 2730 3206 praesenti
2761 3139 3081 3194 meritorum
3112 3142 3416 3210 retributio,
3459 3146 3554 3201 sed
3581 3147 3634 3200 in

385 3248 588 3302 quoque
612 3233 976 3290 eminentiores
996 3243 1119 3290 sunt
1147 3235 1263 3290 alii.

458 3312 715 3380 Excelsus
739 3325 936 3396 quippe
962 3341 1124 3396 super
1143 3328 1388 3384 excelsos
1416 3329 1532 3384 haec
1556 3328 1780 3398 respicit
1799 3328 1962 3395 Deus,

388 3413 482 3484 qui
509 3413 728 3484 angelos
755 3430 882 3470 suos
930 3431 1094 3485 super
1123 3415 1336 3485 iudices
1363 3427 1418 3474 et
1459 3433 1614 3489 reges
1643 3426 1802 3474 terra;
1829 3433 1966 3489 prae-

387 3506 614 3574 posuit:
654 3506 744 3574 qui
790 3515 1016 3575 possunt
1060 3507 1248 3578 utique
1287 3509 1578 3578 prohibere
1621 3507 1964 3577 iniustitiam,

389 3605 447 3651 et
478 3597 651 3667 magis
679 3597 732 3651 in
759 3604 907 3652 terra
935 3597 1115 3653 valere
1141 3613 1304 3669 quam
1329 3601 1531 3670 quaevis
1559 3601 1842 3656 hominum
1869 3616 1966 3671 po-

389 3695 635 3742 testates.
667 3687 773 3743 Sed
795 3689 1050 3757 quoniam
1071 3699 1252 3745 servat
1275 3691 1330 3745 in
1355 3691 1460 3746 line
1481 3690 1744 3759 judicium
1767 3701 1822 3747 et
1839 3707 1967 3747 con-

390 3777 805 3832 summationem
836 3778 1044 3844 mundi,
1088 3781 1305 3849 quando
1343 3789 1554 3836 matura
1595 3797 1752 3853 seges
1781 3781 1965 3850 fuerit,

388 3876 447 3922 et
471 3882 741 3924 messores
761 3870 1023 3935 venerint,
1049 3868 1302 3940 iussurus
1332 3881 1417 3928 est
1454 3882 1516 3928 ut
1539 3883 1822 3946 separetur
1868 3878 1968 3932 tri-

391 3960 562 4016 ticum
587 3970 643 4017 et
660 3962 847 4018 lolium
873 3965 1120 4021 tradatur
1150 3967 1430 4032 incendio;
1461 3968 1584 4022 ideo
1599 3984 1747 4024 nunc
1775 3983 1968 4038 exspe-

391 4062 528 4122 ctat,
573 4065 630 4111 et
678 4057 858 4114 diﬂ'ert
900 4059 1259 4126 sententiam,
1317 4059 1554 4134 quandiu
1604 4075 1733 4132 ager
1782 4062 1968 4117 mundi

391 4142 551 4198 istius
577 4145 784 4215 plenius
811 4147 1109 4203 excolatur.

463 4235 653 4292 Justus
676 4239 807 4308 perit
833 4241 888 4294 in
915 4240 1130 4310 justitia
1156 4257 1274 4300 sua,
1321 4249 1371 4294 et
1411 4240 1600 4307 impius
1644 4239 1809 4295 multo
1851 4240 1970 4295 vivit

396 4339 624 4400 tempore
646 4332 701 4384 in
727 4331 932 4386 malitia
961 4349 1083 4386 sua.

463 4420 562 4475 Dei
584 4421 638 4475 in
667 4421 878 4476 occulto
905 4422 1168 4491 sapientia
1191 4430 1355 4478 estet
1376 4421 1638 4478 tribulare
1672 4437 1817 4478 nunc
1843 4437 1969 4479 san-

396 4517 512 4564 ctos
556 4518 618 4564 ut
663 4511 928 4582 recipiant
959 4511 1100 4566 mala
1150 4511 1206 4565 in
1254 4512 1364 4567 vita
1411 4527 1527 4577 sua,
1573 4519 1628 4566 et
1654 4505 2000 4580 peccatores;

397 4615 503 4655 non
544 4601 762 4656 visitare
801 4617 900 4671 pro
940 4602 1146 4657 scelere
1184 4610 1240 4657 et
1275 4602 1427 4672 quasi
1457 4603 1522 4658 ad
1550 4601 1846 4658 vindictam
1875 4618 1965 4658 re-

397 4705 649 4756 servare;
681 4699 741 4746 ut
766 4700 821 4746 et
847 4691 952 4746 illis
975 4691 1148 4760 possit
1166 4699 1372 4747 acterna
1393 4692 1534 4746 bona
1561 4691 1874 4756 restituere,
1912 4700 1969 4748 et

398 4780 484 4836 his
509 4783 649 4836 mala
679 4781 879 4838 inferre
909 4792 1192 4853 perpetua.

467 4871 658 4926 Melius
683 4880 767 4927 est
795 4873 1094 4928 secundum
1120 4872 1450 4930 voluntatem
1476 4872 1571 4926 Dei
1598 4881 1657 4927 ut
1672 4871 1853 4941 justus
1874 4889 1967 4942 pe-

400 4967 518 5012 reat
541 4959 596 5013 in
612 4957 825 5028 iustitia
847 4975 964 5024 sua,
993 4975 1154 5030 quam
1183 4969 1243 5014 ut
1267 4960 1493 5030 impium
1517 4961 1730 5016 occidat
1751 4969 1972 5030 propter

397 5047 659 5102 malitiam
708 5048 870 5104 illius.
911 5049 979 5102 Et
1005 5049 1129 5118 quia
1178 5049 1252 5103 ita
1293 5047 1376 5115 lit,
1407 5049 1528 5104 ideo
1553 5050 1801 5118 provenit
1830 5049 1973 5118 quod

397 5153 629 5209 sequens
656 5140 926 5194 sententia
954 5139 1085 5194 dicit
1109 5156 1121 5192 :

467 5229 604 5285 Sunt
630 5231 766 5301 justi
802 5231 987 5304 quibus
1030 5230 1197 5285 multa
1241 5231 1568 5301 proveniunt,
1611 5234 1763 5303 quasi
1816 5250 1973 5302 opera

393 5321 592 5390 egerint
617 5321 929 5392 impiorum;
957 5331 1006 5376 et
1032 5329 1156 5376 sunt
1185 5321 1330 5391 impii
1361 5321 1450 5391 qui
1494 5321 1570 5376 ita
1607 5323 1779 5376 securi
1825 5333 1968 5387 sunt,

390 5411 545 5465 σκιαδὶ
560 5412 824 5481 justorum
854 5412 994 5482 facta
1017 5411 1258 5466 habeant.

461 5501 610 5556 Inter
648 5511 873 5558 cretcras
900 5502 1169 5557 vanitates
1206 5515 1326 5572 qua:
1374 5501 1429 5555 in
1474 5499 1674 5557 mundo
1711 5499 1863 5555 vario
1891 5499 1969 5556 le-

392 5602 589 5649 runtnr
617 5603 836 5658 eventu,
859 5594 1021 5648 etiam
1060 5593 1164 5647 hoc
1197 5591 1524 5663 deprehendi
1553 5590 1695 5659 quod
1715 5588 1877 5658 justis
1901 5603 1968 5645 ca

391 5689 708 5756 l‘l'cquenter
731 5686 986 5741 eveniunt
1021 5699 1138 5753 qua:
1181 5681 1359 5752 impiis
1400 5681 1614 5736 evenire
1645 5679 1960 5745 debuerant,

679 5777 952 5834 PATROL.
989 5773 1145 5836 CIV.

2070 3230 2272 3284 futuro.

2142 3321 2240 3377 Est
2269 3322 2469 3378 malum
2513 3324 2652 3396 quod
2679 3325 2784 3380 vids
2809 3326 2904 3380 sub
2930 3327 3058 3390 sole,
3107 3329 3260 3400 quasi
3300 3344 3396 3400 per
3417 3345 3645 3385 errorem

2067 3413 2336 3483 egrediens
2365 3430 2396 3466 a
2419 3413 2556 3483 facie
2579 3415 2865 3486 principis;
2894 3418 3119 3488 positum
3147 3418 3369 3474 stultum
3392 3420 3445 3474 in
3467 3419 3644 3490 digni-

2068 3510 2174 3556 tate
2196 3501 2426 3568 sublimi,
2457 3510 2506 3557 et
2528 3503 2710 3559 divites
2739 3506 2926 3560 cadere
2945 3507 3208 3561 deorsum.
3252 3506 3372 3562 Vidi
3393 3526 3566 3564 servos
3591 3512 3644 3564 in

2067 3593 2229 3664 equis,
2281 3604 2330 3648 et
2382 3595 2643 3665 principes
2692 3595 3014 3653 ambulantes
3083 3599 3238 3668 quasi
3282 3615 3456 3654 servos
3495 3616 3646 3670 super

2065 3691 2281 3738 terram.

2141 3773 2208 3831 Et
2229 3777 2366 3831 hanc
2394 3791 2523 3848 ergo
2547 3777 2884 3847 iniquitatem
2915 3792 2973 3832 se
2997 3777 3050 3830 in
3079 3776 3280 3833 saeculo
3305 3779 3647 3848 perspexisse

2069 3875 2480 3933 commemorat,
2507 3868 2652 3937 quod
2680 3867 2925 3921 videatur
2952 3868 3211 3935 injustam
3240 3866 3337 3923 Dei
3359 3883 3480 3923 esse
3502 3867 3648 3936 ,Ῑιιιῖὶ-

2069 3957 2234 4018 cium.
2289 3964 2346 4011 et
2401 3957 2515 4011 sive
2555 3971 2658 4027 per
2705 3957 3114 4028 ignorationem,
3162 3957 3276 4011 sive
3302 3959 3505 4028 absque
3533 3958 3650 4029 ejus

2045 4046 2190 4101 ,lieri
2216 4043 2510 4111 voluntate,
2559 4054 2618 4101 ut
2643 4045 2730 4103 vel
2770 4046 2825 4100 in
2862 4045 3048 4102 mundi
3075 4047 3448 4116 potestatibus,
3479 4049 3564 4104 vel
3595 4051 3648 4104 in

2071 4136 2326 4191 Ecclesia:
2353 4137 2676 4208 principatu,
2700 4153 2841 4208 stupe
2865 4138 2920 4194 hi
2946 4138 3038 4208 qui
3065 4139 3261 4195 divites
3301 4140 3357 4196 in
3397 4155 3648 4198 sermone

2073 4233 2202 4281 sunt
2225 4234 2390 4298 atque
2432 4228 2714 4298 sapientia,
2759 4228 2953 4283 divites
2977 4229 3140 4284 etiam
3172 4229 3228 4282 in
3263 4230 3517 4300 operibus
3553 4232 3647 4287 bo-

2074 4318 2178 4383 nis,
2213 4318 2475 4389 ignobiles
2508 4320 2749 4383 sedeant,
2779 4328 2836 4374 et
2861 4320 3174 4390 imprudens
3199 4323 3428 4392 quisque
3465 4323 3521 4378 in
3548 4325 3642 4380 Ec-

2076 4408 2238 4465 clesia
2269 4418 2448 4465 teneat
2473 4411 2834 4480 principatum
2865 4430 2878 4467 :
2924 4413 3029 4468 hoc
3051 4419 3230 4468 autem
3275 4413 3395 4469 ﬁeri
3417 4428 3449 4468 a
3497 4414 3646 4468 vultu

2073 4502 2192 4573 ejus
2223 4503 2316 4574 qui
2353 4503 2410 4557 in
2452 4503 2651 4558 saeculo
2676 4504 2840 4559 habet
2862 4513 3208 4575 potestatem,
3247 4505 3377 4560 dum
3403 4513 3650 4574 potentes

2071 4609 2315 4665 quosque
2341 4602 2396 4648 et
2423 4595 2612 4650 doctos
2637 4603 2870 4664 premat,
2900 4609 3002 4650 nec
3030 4609 3124 4650 eos
3149 4595 3204 4649 in
3227 4595 3440 4664 populis
3477 4611 3641 4666 appa-

2073 4701 2196 4741 rere
2225 4686 2533 4757 permittat;
2565 4685 2687 4742 illos
2729 4700 2862 4740 vero
2905 4699 3042 4756 quos
3069 4685 3172 4740 scit
3199 4699 3319 4742 esse
3345 4685 3644 4757 impruden-

2073 4786 2174 4844 tes,
2200 4778 2256 4834 in
2282 4777 2541 4834 Ecclesiis
2561 4776 2863 4834 faciatesse
2892 4774 3147 4845 majores,
3175 4785 3234 4832 ut
3269 4777 3401 4833 caci
3419 4793 3454 4832 a
3489 4780 3646 4836 caecis

2070 4868 2338 4925 ducantur
2363 4870 2421 4924 in
2455 4868 2686 4925 foveam.

2143 4957 2321 5024 Quare
2375 4958 2649 5014 ostendisti
2704 4958 2836 5013 mihi
2887 4957 3240 5030 iniquitatem,
3293 4968 3344 5014 et
3393 4958 3648 5022 laborem,

2072 5049 2245 5104 videre
2281 5049 2540 5120 predum,
2569 5059 2618 5105 et
2655 5051 2973 5120 injustitiam
3003 5057 3186 5104 contra
3223 5050 3342 5104 me?
3364 5059 3413 5102 et
3450 5049 3647 5118 factum

2073 5147 2149 5194 est
2183 5139 2450 5208 judicium
2495 5148 2545 5193 et
2589 5139 2933 5194 contradictio
2963 5138 3241 5208 potentior.
3288 5135 3513 5207 Propter
3551 5139 3644 5192 hoc

2074 5227 2307 5283 lacerata
2331 5237 2409 5282 est
2435 5226 2541 5294 lea),
2565 5238 2612 5282 et
2642 5245 2745 5282 non
2781 5228 3009 5298 pervenit
3039 5241 3202 5294 usque
3226 5225 3296 5278 ad
3315 5224 3472 5292 ﬁnem
3491 5226 3646 5296 judi-

2073 5321 2212 5375 cium
2227 5334 2246 5371 :
2273 5320 2398 5390 quia
2417 5319 2608 5390 impius
2629 5318 2876 5390 praevalet
2897 5317 3148 5370 adversus
3161 5315 3391 5384 justum,
3412 5327 3645 5388 propter—

2066 5425 2132 5462 ea
2154 5407 2420 5479 egreditur
2436 5409 2701 5478 judicium
2728 5423 3042 5478 perversum.

2139 5496 2264 5551 [lare
2291 5496 2584 5567 loquuntur
2613 5497 2918 5550 nescientes
2941 5493 3144 5563 judicia
3171 5494 3264 5550 Dei
3299 5496 3647 5569 investigabi-

2066 5587 2137 5643 lia
2188 5598 2245 5643 et
2286 5588 2610 5658 profundum
2641 5585 2952 5642 divitiarum
2994 5586 3271 5656 sapientia:
3316 5597 3374 5645 et
3405 5590 3645 5646 scientia:

2067 5680 2201 5750 ejus,
2230 5681 2370 5749 quod
2404 5695 2509 5733 non
2542 5679 2611 5732 ita
2642 5677 2817 5730 videat.
2848 5676 3009 5742 Deus,
3043 5687 3100 5731 ut.
3143 5678 3290 5733 videt
3315 5678 3496 5738 homo.
3526 5681 3641 5739 llo-

3250 5770 3286 5828 9
