4010 6184
337 286 444 339 ΞΠ

1321 287 1379 341 S.
1416 283 1764 342 AGOBAllDl
1798 283 2105 340 Ei’lSCOPl
2145 284 2633 342 LUGDUNENSlS

3515 285 3620 345 2:38

341 416 430 455 nio
457 407 663 454 tantum
686 403 978 470 prmsentis
1001 402 1241 472 respicit,
1268 402 1412 458 Deus
1437 400 1618 456 futura
1643 409 1697 455 et
1723 408 1928 456 aeterna
1957 404 2008 465 Α
2101 401 2180 457 De
2209 401 2342 458 Sion
2376 403 2667 473 egredietur
2693 402 2799 466 lex,
2821 410 2869 456 et
2914 400 3125 456 verbum
3155 399 3370 456 Domini
3400 402 3466 457 de
3492 402 3626 460 Hie-

341 491 638 562 cognoscit.
669 490 988 548 Communis
1014 495 1083 549 ad
1129 493 1300 550 Deum
1342 493 1563 566 querela
1612 501 1927 549 sanctorum

341 592 445 648 est,
476 597 646 653 quare
673 591 867 640 contra
893 599 988 640 eos
1021 585 1282 654 injustam
1313 584 1578 653 judicium
1612 583 1726 649 ﬂat,
1758 591 1815 639 et
1841 583 1928 638 in-

339 674 563 729 noxium
603 674 659 728 in
687 676 1160 744 persecutionibus
1187 677 1506 748 sanguinem
1550 676 1814 741 fundant;
1865 689 1932 729 ac

341 764 390 820 si
430 765 648 835 quando
688 773 816 821 ante
856 766 1094 822 tribunal
1131 767 1384 822 steterint
1417 766 1661 836 iudicum
1707 765 1932 822 saecula-

339 859 484 914 rium
539 857 710 929 judex
739 860 982 930 acceptis
1019 860 1337 915 muneribus
1374 861 1702 916 condemnet
1745 860 1931 914 inson-

339 959 470 1013 tem,
495 958 550 1004 et
574 965 728 1005 reum
757 950 991 1005 liberet:
1037 950 1182 1021 quod
1214 951 1433 1022 quidem
1479 965 1586 1005 non
1635 949 1814 1005 solum
1855 948 1924 1002 de

333 1040 610 1111 judicibus
636 1041 840 1106 saeculi,
869 1041 966 1096 sed
989 1041 1259 1097 interdum
1286 1042 1352 1096 de
1380 1053 1404 1080 ο
1432 1040 1690 1096 Ecclesiae
1714 1052 1932 1110 quoque

340 1132 680 1208 principibus
705 1132 811 1188 dici
839 1139 1039 1201 potest,
1069 1131 1214 1202 quod
1243 1139 1466 1202 propter
1511 1144 1740 1185 munera
1787 1129 1932 1184 lace-

342 1232 468 1278 rent
502 1223 697 1293 legem,
724 1231 780 1277 et
819 1237 926 1277 non
974 1223 1274 1291 perducant
1303 1236 1474 1291 usque
1501 1222 1568 1276 ad
1599 1220 1761 1275 finem
1785 1219 1933 1289 Judi—

339 1315 504 1377 cium,
543 1325 600 1370 et
637 1314 835 1384 impius
869 1314 1163 1384 pmevaleat
1193 1315 1454 1369 adversus
1471 1313 1699 1383 justum,
1731 1321 1788 1367 et
1816 1327 1932 1365 ma-

341 1408 426 1478 gis
455 1407 512 1461 in
549 1406 757 1475 judicio
785 1414 1073 1476 peccatum
1102 1405 1288 1460 divitis
1317 1419 1481 1474 quam
1521 1403 1772 1473 pauperis
1791 1402 1933 1456 veri-

341 1505 426 1554 tas
447 1496 788 1569 defendatur,
814 1497 956 1554 unde
982 1496 1321 1568 querimonia
1365 1501 1452 1552 est
1481 1491 1749 1564 judicium
1779 1493 1932 1548 exire

340 1607 670 1664 perversum.
714 1590 832 1647 Non
870 1589 1132 1646 debemus
1155 1604 1320 1659 super
1345 1589 1451 1643 hac
1479 1599 1664 1642 rerum
1705 1584 1934 1653 inaequi-

344 1693 458 1740 tate
487 1683 716 1747 turbari,
751 1683 998 1738 videntes
1023 1691 1080 1736 et
1107 1682 1161 1736 in
1194 1680 1467 1750 principio
1495 1677 1685 1734 mundi
1714 1675 1782 1730 ab
1830 1675 1932 1730 im-

340 1777 432 1848 pio
452 1775 588 1833 Cain
602 1774 945 1831 interfectum
963 1773 1097 1829 Abel
1112 1773 1342 1841 justum,
1357 1781 1411 1828 et
1430 1782 1622 1841 postea
1645 1767 1929 1825 exsulante
1957 1769 2006 1830 Β

340 1864 513 1923 Iacob
539 1878 770 1937 regnare
799 1865 853 1919 in
891 1865 1051 1918 domo
1085 1862 1258 1933 patris
1281 1862 1446 1916 Esau.
1477 1858 1718 1930 Egyptii
1741 1857 1857 1911 luto
1879 1862 1934 1909 et

341 1955 514 2012 latere
535 1953 780 2028 allligunt
801 1954 940 2009 filios
966 1953 1153 2008 Israel.
1265 1941 1276 1952 ’

416 2045 596 2113 Quare
622 2061 726 2100 non
755 2045 969 2115 respicis
1013 2059 1169 2113 super
1215 2043 1400 2114 iniqua
1446 2049 1675 2110 agentes,
1709 2050 1758 2094 et
1789 2049 1931 2094 taces

343 2137 624 2193 deuorante
684 2137 846 2207 impio
878 2137 1158 2206 justiorem
1211 2136 1308 2189 se?
1357 2134 1427 2189 Et
1479 2134 1640 2204 facies
1697 2132 1932 2187 homines

345 2227 500 2300 quasi
525 2228 693 2300 pisces
725 2228 910 2293 maris,
939 2235 988 2283 et
1027 2227 1181 2298 quasi
1213 2226 1393 2297 reptile
1437 2241 1540 2280 non
1567 2223 1762 2279 habens
1787 2224 1933 2292 prin-

343 2319 533 2390 cipem.
1684 2308 1695 2316 ’

413 2409 674 2466 Dominus
696 2418 886 2466 noster
913 2410 1094 2466 sciens
1113 2407 1415 2465 clementia:
1445 2424 1556 2464 sum
1580 2408 1818 2478 pondera
1844 2417 1932 2463 at-

342 2515 448 2572 que
473 2514 778 2566 mensuras,
809 2501 1081 2555 interdum
1108 2515 1217 2555 non
1239 2500 1460 2555 exaudit
1496 2499 1841 2565 clamantem,
1871 2507 1932 2554 ut

343 2607 468 2649 eum
490 2592 707 2664 probet,
737 2600 793 2648 et
837 2593 1012 2663 magis
1054 2600 1316 2663 provocet
1372 2591 1438 2647 ad
1499 2592 1818 2662 rogandum,
1877 2599 1932 2646 et

344 2686 499 2756 quasi
527 2686 651 2756 igne
690 2693 995 2752 excoctum,
1034 2685 1322 2756 iustiorem
1351 2692 1406 2740 et
1429 2685 1706 2755 puriorem
1738 2682 1923 2738 faciat.

343 2774 494 2842 Quod
525 2775 832 2848 intelligens
850 2775 1180 2849 Apostolus,
1211 2775 1499 2829 secundum
1537 2774 1594 2827 id
1614 2774 1753 2845 quod
1777 2775 1931 2828 mise-

2029 491 2282 560 rusalem,
2330 502 2378 546 et
2420 492 2676 561 iudicabit
2717 493 2856 546 inter
2891 490 3114 562 populos
3139 489 3351 556 multos,
3384 501 3434 548 et
3458 495 3628 550 conio

2027 586 2132 655 piet
2157 593 2330 654 gentes
2359 583 2518 654 fortes
2547 599 2710 656 usque
2735 584 2793 637 in
2838 583 3201 654 longinquum,
3242 593 3291 639 et
3317 585 3625 655 conﬂabant

2029 674 2233 745 gladios
2265 689 2390 729 suos
2433 674 2491 728 in
2537 687 2792 738 vomeres,
2836 680 2884 726 et
2918 672 3100 726 hastas
3143 688 3271 727 suas
3304 674 3362 726 in
3400 674 3623 746 ligones,

2031 782 2135 820 non
2161 774 2328 820 sumet
2367 781 2493 835 gens
2540 763 2790 818 aduersus
2839 771 3044 833 gentem
3099 761 3360 834 gladium,
3419 775 3469 819 et
3518 781 3625 821 non

2029 856 2232 910 discent
2265 855 2409 909 ultra
2439 854 2764 925 belligerare.
2808 851 2990 908 Venite
3028 862 3079 908 et
3111 853 3280 909 uidete
3329 871 3488 925 opera
3517 855 3624 910 Do-

2029 943 2183 1011 mini,
2212 961 2330 1016 quia
2383 945 2558 1016 posuit
2607 943 2866 1014 prodigia
2901 959 3060 1014 super
3100 952 3319 1011 terram,
3373 946 3623 1015 auferens

2032 1037 2170 1093 bella
2189 1053 2353 1109 usque
2381 1037 2451 1091 ad
2471 1037 2629 1106 finem
2659 1045 2835 1090 terra.
2882 1035 3079 1090 Arcum
3105 1045 3355 1102 conteret,
3404 1047 3454 1092 et
3495 1055 3621 1094 cono

2031 1128 2224 1200 [finget
2250 1144 2426 1194 anna,
2451 1137 2500 1182 et
2519 1137 2670 1182 scuta
2697 1128 2964 1184 eomburet
2988 1129 3120 1200 igni.

2103 1240 2242 1308 Heu,
2278 1241 2416 1313 proh
2459 1240 2642 1296 doleri
2667 1239 2784 1310 jam
2811 1240 2867 1296 in
2907 1241 3092 1297 multis
3133 1243 3386 1314 gentibus
3415 1242 3619 1300 factum

2032 1343 2116 1392 est
2145 1344 2208 1391 ut
2235 1334 2468 1390 bellandi
2512 1332 2692 1389 studio
2715 1342 2982 1399 cessante,
3025 1334 3371 1405 agriculturae
3396 1351 3618 1405 operam

2033 1427 2183 1493 dent,-
2229 1434 2452 1497 propter
2495 1440 2658 1495 quam
2707 1425 2872 1480 etiam
2911 1440 3060 1480 arma
3091 1425 3146 1480 in
3177 1425 3427 1482 utensilia
3458 1442 3620 1482 versa

2033 1530 2189 1588 sunt;
2219 1527 2300 1591 et
2329 1520 2507 1575 adhuc
2555 1519 3026 1589 Burgundionibus
3071 1533 3297 1574 necesse
3341 1526 3444 1584 est,
3487 1534 3620 1589 pro-

2031 1621 2155 1684 pter
2179 1611 2396 1667 assidua
2423 1611 2718 1666 domestica
2741 1609 2905 1676 bella,
2952 1617 3013 1663 ut
3060 1608 3261 1678 falces,
3301 1609 3511 1682 ligones
3554 1623 3620 1665 ac

2031 1717 2278 1760 vomeres
2302 1700 2602 1758 contientur
2631 1701 2685 1756 in
2722 1701 2948 1773 gladios.

2113 1817 2307 1873 Vacate
2328 1826 2375 1872 et
2402 1818 2569 1872 uidete
2595 1816 2846 1887 quoniam
2887 1832 2980 1886 ego
3014 1832 3132 1870 sum
3157 1814 3322 1870 Deus.
3371 1815 3479 1870 Mei
3522 1833 3621 1870 αα·
3686 1824 3698 1832 ’

2033 1919 2135 1964 tem
2161 1925 2290 1980 pene
2317 1906 2690 1965 vacillaverunt
2735 1905 2909 1977 pedes,
2939 1923 3066 1976 pene
3091 1907 3246 1976 effusi
3271 1917 3391 1961 sunt
3412 1924 3620 1978 gressus

2034 2003 2155 2057 mei.
2188 2000 2328 2067 Quia
2355 1999 2631 2054 cumulatus
2667 2016 2784 2053 sum
2812 2008 2994 2054 contra
3039 1999 3266 2069 iniquos,
3294 2015 3476 2070 pacem
3509 2016 3623 2069 pec-

2034 2101 2273 2150 catorum
2322 2091 2520 2156 videns,
2569 2089 2710 2161 quod
2743 2106 2846 2144 non
2882 2089 3296 2160 recogitaverunt
3344 2089 3408 2144 de
3454 2100 3621 2146 morte

2034 2199 2152 2249 sua,
2190 2192 2238 2237 et
2263 2181 2476 2251 ﬁrmata
2500 2182 2602 2235 sint
2628 2179 2881 2235 vestibula
2908 2196 3107 2234 eorum.
3155 2177 3221 2234 In
3246 2179 3424 2246 labore
3449 2182 3620 2235 homin

2036 2291 2160 2329 num
2187 2290 2291 2328 non
2311 2283 2453 2337 sunt,
2485 2281 2533 2326 et
2559 2287 2677 2326 cum
2718 2271 3015 2326 hominibus
3048 2288 3152 2325 non
3187 2270 3617 2342 ﬂagellabantur.

1957 2363 1963 2370 ’
2034 2363 2245 2419 Idcirco
2299 2362 2483 2417 nutriti
2533 2368 2656 2416 sunt
2703 2360 2773 2414 ad
2816 2359 3137 2430 superbiam,
3166 2360 3621 2417 circumdederunt

2031 2458 2362 2530 iniquitatem
2400 2456 2518 2520 sibi,
2549 2461 2912 2526 processerunt
2940 2471 2973 2508 a
2996 2454 3311 2525 pinguedine
3357 2453 3496 2509 oculi
3529 2471 3621 2510 eo-

2033 2557 2170 2612 rum,
2204 2547 2524 2600 transierunt
2550 2546 2888 2614 cogitationes
2911 2543 3103 2608 cordis,
3131 2544 3409 2597 irriserunt
3447 2554 3497 2597 et
3542 2543 3622 2597 lo—

2035 2639 2139 2693 cuti
2160 2645 2280 2698 sunt
2307 2637 2362 2690 in
2383 2633 2608 2698 malitia,
2634 2632 2954 2688 calumniam
2980 2632 3044 2688 de
3086 2631 3306 2687 Excelsa
3331 2632 3618 2703 loquentes.

2103 2751 2234 2820 Quae
2273 2761 2330 2806 et
2378 2751 2484 2806 ista
2521 2751 2794 2806 sententia
2848 2749 3000 2815 dicit,
3047 2750 3213 2805 etiam
3265 2747 3623 2820 corporaliter

345 2863 632 2919 ricordiam
668 2837 978 2920 consecutus
998 2880 1031 2917 a
1057 2837 1311 2927 Domino,
1341 2862 1439 2926 ait,
1472 2877 1576 2915 non
1621 2860 1930 2931 deﬁcimus;

2040 2857 2102 2898 ex
2138 2849 2294 2912 parte
2321 2840 2465 2894 facta
2506 2838 2756 2904 fuissent,
2796 2854 2841 2894 St
2870 2839 3280 2910 Burgundiones
3317 2837 3618 2908 acquievis-

345 2960 400 3008 et
425 2952 697 3010 benedicit
724 2953 897 3008 Deum
927 2953 982 3008 in
1005 2954 1152 3008 omni
1183 2960 1450 3024 tempore,
1471 2959 1527 3007 et
1551 2950 1655 3008 scit
1682 2952 1810 3022 quia
1837 2951 1931 3022 qui

345 3045 770 3113 perseveraverit
798 3058 970 3115 usque
999 3044 1052 3099 in
1081 3041 1266 3112 tinem,
1301 3042 1392 3099 hic
1416 3041 1599 3098 salvus
1631 3042 1758 3098 erit.

2038 2943 2180 2993 sent.

421 3243 448 3310 τ
486 3229 567 3284 De
604 3228 854 3310 Ecclesia:
889 3227 1234 3310 principibus,
1368 3235 1476 3292 est,
1505 3133 1975 3310 Δ(ξιδῇεςςξοιιζξζξὲξιη
2321 3219 2610 3285 Romanis,
2640 3229 2700 3274 ut
2725 3219 2928 3274 dictum
2967 3227 3052 3275 est
3090 3219 3158 3274 ad
3186 3217 3395 3288 Lupum
3421 3215 3620 3272 Ferra-

353 3298 500 3355 enim
527 3307 792 3356 vocantur
815 3296 1120 3369 episcopis
1143 3298 1422 3353 veteribus
1468 3305 1523 3353 et
1547 3298 1617 3352 ab
1642 3296 1776 3365 ipsis
1799 3311 1936 3366 pon-

2024 3294 2297 3349 ‘riensem.

387 3431 3580 3464 ________________________________________.______________.

833 3551 1242 3639 SERMO
1313 3545 2365 3634 EXHORTATORIUS
2442 3543 2599 3627 AD
2677 3507 3142 3624 PLEBEM

906 3729 1014 3790 DE
1068 3727 1286 3789 FIDE]
1343 3725 1754 3787 VERITATE
1796 3725 1898 3784 ET
1943 3723 2234 3785 TOTIUS
2265 3721 2453 3783 BONl
2489 3718 3079 3782 INSTITUTIONE.

413 3958 458 4017 l.
512 3957 726 4020 Audite,
781 3953 980 4009 fratres
1032 3951 1228 4017 nostri,
1284 3949 1490 4006 familia
1541 3949 1766 4016 Christi,
1799 3963 1931 4022 grex

350 4050 548 4109 summi
589 4046 847 4119 pastoris,
893 4045 1124 4115 populus
1171 4057 1386 4112 pascuae
1420 4041 1557 4111 ejus,
1588 4049 1643 4096 et
1670 4057 1798 4096 oves
1821 4057 1935 4096 ma—

349 4159 453 4200 nus
479 4140 613 4210 ejus.
644 4138 868 4194 lntroite
885 4143 1072 4204 portas
1098 4135 1288 4189 aeterni
1308 4134 1453 4204 regis
1481 4134 1536 4188 in
1568 4133 1931 4198 confessione,

347 4240 404 4289 et
429 4231 567 4286 atria
597 4229 714 4299 ejus
745 4229 796 4282 in
824 4226 1062 4296 hymnis,
1090 4234 1149 4278 ut
1172 4225 1328 4279 vobis
1351 4225 1564 4279 dicatur
1588 4241 1601 4277 ;
1633 4222 1770 4277 Ecce
1795 4239 1934 4277 nunc

2110 3950 2172 4005 ll.
2214 3949 2331 4005 Non
2349 3951 2506 4006 vobis
2533 3965 2753 4006 necesse
2778 3959 2864 4006 est
2885 3951 3274 4023 transmigrare
3301 3953 3366 4008 de
3394 3953 3525 4010 locis
3551 3955 3622 4012 ad

2038 4043 2176 4107 loca,
2207 4043 2275 4098 de
2303 4057 2469 4114 regno
2506 4043 2573 4098 ad
2616 4041 2868 4113 populum
2893 4041 3144 4106 alterum,
3175 4043 3243 4097 ad
3268 4045 3618 4113 quaerendum

2041 4136 2349 4191 Dominum.
2390 4134 2594 4204 ipsese
2621 4134 2774 4189 vobis
2823 4133 3103 4188 ultroneus
3147 4132 3326 4198 offert,
3354 4143 3410 4190 et
3436 4135 3614 4192 dicit:

2038 4225 2176 4280 Ecce
2212 4234 2291 4279 sto
2316 4225 2385 4278 ad
2414 4225 2623 4289 ostium,
2670 4232 2720 4278 et
2758 4223 2928 4293 pulso.
2963 4221 3024 4278 Si
3044 4223 3162 4293 quis
3186 4223 3415 4278 audierit
3444 4240 3618 4279 vocem

349 4319 636 4378 benedicite
685 4317 930 4375 Domino,
980 4329 1158 4368 omnes
1214 4313 1350 4368 servi
1400 4313 1646 4378 Domini,
1677 4313 1768 4385 qui
1825 4323 1934 4368 sto-
1960 4385 1981 4386 ί
2039 4327 2279 4372 meamet
2309 4315 2833 4386 aperueritjanuam,
2862 4315 3088 4369 introibo
3128 4315 3198 4368 ad
3240 4315 3412 4381 illum,
3439 4325 3487 4370 et
3515 4333 3619 4370 cor-

348 4387 438 4466 tis.
473 4409 526 4464 in
555 4408 710 4462 domo
760 4405 972 4460 Domini
998 4445 1012 4470 ,
1039 4405 1097 4458 in
1145 4403 1297 4458 atriis
1343 4402 1531 4458 domus
1588 4402 1683 4457 Dei
1738 4405 1924 4457 nostri.
1952 4385 2005 4444 Ῑ)
2035 4407 2168 4461 nubo
2193 4423 2311 4460 cum
2339 4385 2454 4470 illo,
2479 4414 2528 4459 et
2548 4385 2657 4475 ipse
2680 4421 2900 4460 mecum.
2934 4405 3073 4473 Quid
3094 4420 3335 4476 unquam
3360 4414 3472 4459 tam
3501 4405 3620 4460 dul-

351 4499 587 4566 Quarrite
634 4497 947 4560 Dominum,
997 4494 1125 4548 dum
1171 4493 1396 4548 inveniri
1440 4502 1604 4564 potest
1632 4507 1652 4545 :
1697 4495 1936 4547 invocate

347 4606 488 4655 eum,
539 4589 665 4643 dum
707 4602 866 4659 prope
911 4596 1006 4641 est.
1043 4585 1110 4641 Et
1135 4600 1297 4655 quam
1324 4599 1494 4655 prope
1537 4585 1656 4640 est!
1707 4583 1774 4638 In
1821 4585 1935 4654 ipso

347 4681 487 4735 enim
513 4680 755 4744 vivimus,
780 4687 829 4731 et
865 4691 1154 4741 movemur,
1181 4684 1228 4730 et
1267 4692 1470 4730 sumus.
1494 4675 1592 4730 Est
1626 4675 1773 4730 enim
1797 4690 1933 4730 cun—

346 4772 454 4828 etis
495 4770 768 4826 mentibus
798 4767 1041 4831 interior,
1073 4768 1284 4822 cunctis
1324 4765 1644 4834 corporibus
1685 4765 1931 4830 interior,

349 4862 466 4930 ipse
508 4858 655 4913 intus
681 4856 874 4926 replet,
918 4855 1160 4909 exterius
1188 4853 1511 4917 circumdat,
1555 4851 1784 4908 inferius
1803 4869 1933 4925 por—

345 4959 447 5015 tat,
479 4947 728 5019 superius
769 4945 1024 5016 protegit.
1059 4943 1177 5012 ipse
1215 4943 1306 5013 qui
1348 4958 1494 4997 nunc
1519 4943 1599 4998 sic
1633 4959 1801 5013 prope
1829 4951 1928 5007 est,

346 5042 530 5098 veniet
557 5050 770 5109 tempus
793 5037 1012 5107 quando
1039 5036 1274 5091 inveniri
1298 5051 1406 5090 non
1427 5035 1648 5106 poterit.
1673 5034 1743 5090 Et
1765 5051 1934 5106 quare

347 5147 457 5188 non
488 5131 793 5186 invenietur
833 5128 925 5197 qui
954 5126 1154 5196 ubique
1178 5135 1285 5194 est,
1321 5126 1416 5197 qui
1445 5141 1710 5196 nusquam
1736 5126 1933 5182 deest?

349 5225 487 5294 Quia
509 5225 623 5297 jam
651 5238 759 5279 non
802 5221 909 5278 erit
951 5228 1162 5289 tempus
1191 5219 1478 5273 Dominum
1509 5219 1803 5288 quaerendi,
1837 5217 1934 5273 sed

347 5325 540 5382 pmnas
579 5312 759 5368 luendi
811 5327 904 5367 eos
952 5310 1044 5379 qui
1098 5325 1243 5364 nunc
1287 5325 1411 5364 eum
1471 5324 1579 5364 non
1632 5309 1929 5364 inveniunt.

351 5405 510 5476 Agite
535 5407 678 5475 quod
704 5405 944 5477 psalmus
973 5404 1133 5460 dicit:
1166 5401 1531 5472 Conﬁteantur
1553 5401 1667 5467 tibi,
1687 5401 1930 5466 Domine,

348 5492 526 5548 omnia
561 5510 718 5564 opera
743 5503 853 5557 tua,
897 5504 946 5549 et
975 5495 1144 5549 sancti
1172 5494 1250 5547 tui
1290 5493 1596 5548 benedicant
1623 5493 1733 5547 tibi.
1762 5491 1933 5547 Bene:

349 5581 512 5637 dicite
537 5596 664 5638 cum
683 5582 837 5651 ipsis,
865 5591 958 5636 aut
986 5583 1318 5638 confitemini
1345 5595 1468 5636 cum
1507 5581 1778 5635 universis
1803 5595 1933 5649 ope-

349 5675 500 5729 ribus
533 5672 774 5734 nomine.

2035 4497 2130 4552 ce?
2153 4497 2283 4566 quid
2309 4503 2418 4550 tam
2443 4495 2778 4565 jucundum?
2823 4492 3080 4566 Adiungit
3123 4498 3310 4561 etiam,
3344 4503 3401 4549 et
3443 4496 3615 4551 dicit:

2036 4586 2140 4653 Qui
2167 4587 2364 4651 uicerit,
2394 4586 2531 4640 dabo
2573 4589 2618 4640 ei
2665 4586 2844 4642 sedere
2891 4603 3093 4641 mecum
3139 4587 3197 4641 in
3242 4587 3431 4641 throno
3478 4603 3614 4642 meo.

2033 4677 2173 4733 Ecce
2199 4677 2314 4732 vult
2360 4677 2565 4734 intrare
2603 4678 2671 4734 ad
2701 4687 2777 4744 te,
2806 4685 2868 4732 ut
2895 4691 3080 4733 coenes
3108 4693 3233 4732 cum
3271 4677 3402 4744 illo;
3428 4693 3537 4733 non
3565 4687 3618 4734 te

2033 4769 2213 4841 pigeat
2233 4770 2466 4838 aperire.
2495 4769 2612 4824 Non
2641 4770 2814 4826 solum
2841 4769 2898 4824 in
2925 4780 3106 4825 mente
3137 4778 3227 4825 tua
3256 4771 3370 4825 vult
3395 4783 3618 4826 ccenare

2034 4869 2232 4924 tecum,
2266 4874 2455 4914 verum
2481 4861 2643 4915 etiam
2671 4859 2849 4915 tevult
2862 4859 3045 4915 levare
3067 4859 3120 4914 in
3152 4861 3408 4916 thronum
3431 4875 3614 4926 suum,

2033 4957 2095 5003 ut
2121 4950 2310 5005 sedeas
2335 4966 2454 5005 cum
2483 4950 2592 5006 illo.
2620 4949 2718 5006 Cui
2746 4951 2869 5004 talia
2898 4951 3311 5021 promittuntur,
3338 4951 3469 5020 quid
3507 4965 3616 5006 amo

2031 5038 2175 5108 plius
2202 5039 2510 5095 desiderare
2537 5041 2724 5096 debet?
2749 5039 3024 5096 Promittit
3049 5041 3224 5096 adhuc
3252 5041 3531 5107 Dominus,
3561 5049 3617 5096 et

2034 5127 2206 5182 dicit:
2242 5126 2300 5182 Si
2327 5129 2444 5198 quis
2486 5127 2656 5199 diligit
2698 5145 2800 5194 me,
2848 5146 3140 5185 sermonem
3167 5147 3340 5184 meum
3367 5129 3612 5193 servabit,

2032 5225 2082 5270 et
2113 5213 2278 5269 Pater
2301 5232 2448 5269 meus
2474 5215 2654 5287 diliget
2687 5233 2825 5282 eum,
2871 5227 2920 5271 et
2964 5219 3033 5272 ad
3079 5235 3199 5273 eum
3244 5221 3525 5284 veniemus,
3565 5225 3614 5272 et

2033 5307 2355 5360 mansionem
2387 5307 2528 5377 apud
2553 5323 2672 5361 eum
2703 5308 2972 5376 faciemus.
3005 5309 3127 5364 Sint
3156 5325 3288 5381 ergo
3326 5310 3493 5364 lumbi
3529 5321 3618 5364 ve-

2034 5397 2456 5466 striprmcincti,
2482 5405 2537 5451 et
2563 5396 2797 5452 lucerna:
2841 5400 3097 5454 ardentes
3135 5401 3191 5454 in
3237 5401 3490 5455 manibus
3522 5411 3618 5453 ve-

2033 5486 2179 5551 stris,
2218 5494 2272 5540 et
2311 5501 2408 5540 vos
2445 5487 2652 5542 similes
2687 5488 2998 5544 hominibus
3025 5490 3467 5561 exspectantibus
3508 5487 3619 5542 Do—

2033 5577 2239 5632 minum
2270 5592 2426 5631 suum
2474 5579 2690 5646 quando
2733 5589 3096 5635 revertatura
3143 5581 3367 5651 nuptiis,
3403 5588 3465 5634 ut
3492 5592 3618 5634 cum

2036 5668 2243 5722 venerit
2292 5676 2346 5721 et
2391 5666 2704 5737 pulsaverit,
2753 5669 3039 5725 confestim
3075 5671 3325 5734 aperiant
3354 5669 3430 5725 ei.
3463 5662 3614 5722 Beati
