4010 6184
397 342 510 400 ξος)

1553 342 1790 400 SERMO
1829 339 1916 398 DE
1955 339 2137 395 FlDEl
2174 339 2545 398 VERITATE.

3577 350 3681 404 27η

400 456 546 512 servi
595 453 692 518 illi,
725 454 788 509 ad
821 467 958 522 quos
981 455 1204 510 Veniunt
1249 451 1416 510 Pater
1443 461 1498 510 et
1538 453 1729 518 Filius,
1763 462 1816 510 et
1845 469 1998 508 man-
2025 453 2076 512 A
2103 465 2218 511 nos,
2277 451 2392 505 sine
2427 450 2726 506 differentia
2763 453 3018 521 munies.
3093 453 3244 510 Unus
3270 453 3533 512 Dominus
3572 474 3691 514 me-

403 549 612 602 sionem
662 545 804 616 apud
833 559 928 600 eos
957 544 1182 601 faciunt.
1215 548 1307 603 Va:
1345 557 1526 604 autem
1568 548 1672 603 illis
1699 548 1790 618 qui
1829 547 1992 602 talem
2094 554 2231 610 gnos
2251 551 2304 595 ct
2341 541 2630 596 laudabilis
2651 542 2832 606 nimis,
2873 541 3028 611 cujus
3051 545 3438 614 magnitudinis
3467 563 3572 603 non
3594 561 3676 607 est

401 639 676 709 hospitem
715 651 746 692 a
764 652 822 692 se
847 637 1147 707 repellunt;
1171 640 1425 709 quoniam
1449 640 1503 693 in
1529 637 1848 694 malevolam
1875 638 1990 692 ani-

399 745 546 787 mam
594 745 706 784 non
739 729 965 784 intrabit
995 729 1283 799 sapientia,
1324 745 1425 785 nec
1468 729 1734 784 habitabit
1782 728 1836 783 in
1867 743 1990 784 cor-

2093 632 2235 698 tinis,
2267 642 2322 689 et
2356 633 2635 702 sapientiae
2663 648 2771 689 non
2798 642 2886 690 est
2913 649 3197 692 numerus.
3275 636 3500 708 Magnus
3530 649 3680 696 certe

2095 738 2200 776 non
2237 723 2398 789 mole,
2429 724 2525 779 sed
2549 725 2780 791 virtute;
2810 725 2904 794 qui
2929 726 3056 781 dum
3080 741 3182 798 per
3206 729 3404 785 molem
3429 735 3678 802 corporis

394 835 529 891 pore
582 820 801 876 subdito
842 821 1103 890 peccatis.
1155 820 1392 890 Spiritus
1423 828 1645 876 sanctus
1688 818 1990 888 disciplinae
2089 828 2356 882 nusquam
2384 822 2490 880 est,
2502 829 2601 886 per
2625 815 3151 888 incircumscrime
3172 821 3533 879 substantiam
3553 840 3688 881 nus-

393 911 618 982 eil'ugiet
649 910 856 975 ﬁctum,
886 919 942 966 et
971 911 1182 966 auferet
1215 927 1276 967 se
1324 927 1353 966 a
1397 911 1820 983 cogitationibus
1866 925 1988 979 quas
2089 917 2253 970 quam
2277 903 2452 958 deest-

395 1011 523 1058 sunt
551 1005 672 1058 sine
697 1001 996 1056 intellectu.
1039 1001 1106 1056 Et
1144 1001 1266 1058 ideo
1292 1003 1461 1057 nolite
1497 1002 1737 1074 cogitare
1779 1001 1982 1066 inania,

2157 993 2246 1048 iV.
2286 993 2439 1050 Hanc
2465 1011 2652 1051 veram
2679 996 3026 1064 Trinitatem,
3046 1014 3344 1070 veramque
3374 1001 3672 1074 Unitatem,

395 1095 562 1148 nolite
589 1093 900 1149 desiderare
926 1093 1205 1161 peritura;
1247 1093 1458 1163 ineptas
1507 1101 1688 1147 autem
1731 1100 1789 1146 et
1815 1091 1986 1145 aniles
2085 1101 2251 1141 unum
2280 1087 2592 1153 Dominum,
2622 1088 2842 1144 laudant
2864 1090 2931 1145 de
2951 1091 3127 1159 cretis,
3169 1093 3394 1152 laudant
3414 1098 3469 1153 in
3496 1101 3674 1156 excelo

393 1185 608 1240 fabulas
652 1183 906 1249 devitate,
947 1193 1200 1240 exercete
1249 1199 1346 1240 vos
1392 1185 1538 1256 ipsos
1585 1185 1654 1240 ad
1698 1184 1977 1254 pietatem.

388 1275 612 1344 Aperite
641 1273 870 1328 Domino
896 1274 1156 1343 pulsanti,
1185 1283 1247 1328 ut
1269 1275 1436 1330 intret
1462 1274 1530 1329 ad
1559 1288 1677 1340 vos,
1719 1281 1777 1328 et
1802 1281 1982 1328 coenet

390 1365 692 1427 vobiscum,
714 1373 768 1418 et
789 1364 1127 1418 mansionem
1153 1365 1295 1434 apud
1315 1380 1413 1420 vos
1437 1365 1622 1420 faciat.
1652 1363 1764 1420 Nec
1791 1372 1980 1419 tacens

387 1455 610 1526 pulsat,
677 1454 772 1509 sed
828 1453 1068 1524 loquitur
1127 1454 1420 1523 unicuique
1467 1454 1661 1509 animae
1709 1454 1973 1524 pulsans:

387 1548 546 1617 Aperi
572 1546 720 1610 mihi,
745 1561 896 1600 soror
913 1561 1054 1610 mea,
1078 1546 1248 1599 antica
1269 1561 1407 1609 mea,
1436 1544 1678 1598 columba
1707 1561 1844 1609 mea,
1878 1545 1977 1596 im-

385 1638 654 1694 maculata
675 1653 808 1692 mea.
838 1637 945 1693 Vos
972 1644 1154 1692 autem
1178 1651 1366 1693 curam
1389 1650 1607 1691 omnem
1632 1633 1973 1690 subinferen-

386 1739 467 1784 tes
497 1729 805 1784 ministrate
829 1729 882 1783 in
916 1728 1023 1784 ﬁde
1050 1736 1233 1785 vestra
1262 1728 1540 1792 virtutem,
1565 1727 1621 1782 in
1647 1729 1848 1783 virtute
1876 1744 1972 1782 au-

2081 1177 2160 1232 sis
2183 1192 2374 1232 omnes
2402 1179 2600 1249 angeli,
2624 1193 2814 1238 omnes
2833 1182 3082 1250 virtutes,
3105 1185 3186 1240 sol
3226 1194 3285 1241 et
3325 1188 3476 1255 luna,
3503 1191 3673 1249 stella

2081 1276 2136 1323 ct
2165 1268 2364 1334 lumen,
2392 1269 2516 1324 εαξιί
2551 1270 2836 1338 caelorum,
2884 1281 2941 1328 et
2960 1289 3116 1346 aqua
3141 1293 3264 1348 quae
3292 1294 3458 1350 super
3501 1283 3670 1341 ctelos

2079 1369 2224 1416 sunt.
2281 1361 2420 1429 Quia
2444 1362 2559 1432 ipse
2588 1364 2746 1431 dixit,
2774 1373 2829 1420 et
2857 1365 2998 1422 facta
3025 1378 3180 1436 sunt;
3224 1371 3341 1442 ipse
3370 1374 3665 1442 mandavit.

2076 1459 2134 1506 et
2152 1459 2336 1507 creata
2359 1461 2504 1507 sunt.
2566 1453 2813 1510 Laudant
2838 1457 2908 1512 de
2934 1464 3082 1515 terra
3111 1460 3378 1519 dracones
3398 1475 3453 1521 et
3479 1481 3667 1523 omnes

2077 1542 2279 1612 abyssi,
2310 1542 2473 1614 ignis,
2497 1545 2723 1613 grando,
2753 1546 2868 1611 nix,
2901 1548 3124 1616 glacies,
3154 1552 3378 1620 spiritus
3394 1557 3662 1624 procella-

2075 1648 2215 1692 rum,
2251 1642 2463 1690 montes
2497 1643 2552 1690 et
2575 1635 2760 1701 colles,
2785 1636 2926 1708 ligna
2955 1638 3258 1708 fructifera,
3281 1651 3336 1698 et
3360 1659 3552 1704 omnes
3573 1663 3666 1704 oe-

2073 1722 2176 1786 dri,
2209 1723 2417 1789 bestiae,
2447 1731 2502 1780 et
2529 1725 2784 1781 universa
2811 1741 3031 1796 pecora,
3089 1739 3392 1802 serpentes,
3431 1743 3489 1790 et
3512 1737 3665 1792 volno

383 1828 496 1875 tem
528 1821 835 1876 scientiam.
869 1819 928 1875 Si
953 1820 1104 1875 enim
1133 1818 1448 1874 meditando
1487 1819 1554 1874 de
1582 1819 1686 1874 ﬁde
1711 1827 1893 1873 vestra
1919 1825 1976 1874 et
2003 1793 2050 1853 Β
2077 1828 2200 1869 cres
2233 1821 2504 1884 pennata,
2532 1830 2692 1888 reges
2715 1793 2896 1884 terrae,
2940 1826 2998 1875 et
3015 1793 3205 1877 omnes
3229 1793 3436 1894 populi,
3468 1828 3667 1897 princi-

382 1925 497 1980 spe,
523 1911 772 1966 crescitis
795 1910 849 1964 in
878 1910 1104 1965 scientia
1124 1917 1179 1964 et
1199 1909 1510 1980 cognitione
1534 1907 1652 1974 Dei,
1676 1924 1783 1963 non
1819 1908 1974 1963 vacui

382 2017 483 2057 nec
513 2002 629 2057 sine
658 2001 836 2057 fructu
862 2001 1065 2066 vivitis,
1093 2008 1148 2055 et
1174 2002 1249 2056 ita
1275 1999 1565 2055 Dominum
1591 1999 1864 2069 hospitem
1899 2007 1979 2053 te-

383 2093 543 2148 netis.

452 2183 538 2240 lIl.
579 2185 744 2242 Fides
764 2194 867 2252 est,
899 2199 1007 2256 qua
1043 2183 1312 2239 credimus
1337 2197 1506 2238 unum
1524 2181 1698 2238 Deum
1727 2182 1975 2252 omnipo—

375 2285 606 2342 tentem,
628 2278 870 2342 Patrem,
897 2284 952 2331 et
975 2275 1196 2340 Filium,
1222 2283 1278 2330 et
1297 2274 1560 2343 Spiritum
1585 2283 1850 2339 sanctum,
1883 2289 1973 2329 ve-

379 2382 498 2420 ram
515 2367 861 2430 Trinitatem,
893 2381 1078 2420 veram
1102 2364 1401 2420 Unitatem.
1457 2364 1502 2418 Ο
1527 2378 1689 2433 quam
1711 2378 1840 2418 vera
1853 2362 1974 2417 Tri-

375 2457 550 2520 nitas,
592 2456 686 2510 ubi
709 2455 884 2510 nullus
911 2455 1156 2511 nascitur
1177 2470 1243 2510 ex
1269 2469 1348 2520 se,
1377 2455 1557 2509 nullus
1571 2454 1814 2525 procedit
1833 2470 1864 2509 a
1890 2469 1968 2520 se,

374 2547 474 2602 sed
499 2546 640 2601 alter
673 2562 739 2602 ex
769 2546 967 2602 altero!
1034 2545 1204 2601 Filius
1235 2544 1488 2601 videlicet
1514 2545 1760 2600 nascitur
1782 2558 1846 2598 ex
1875 2543 1974 2599 Pa-

375 2644 478 2699 tre,
508 2636 747 2706 Spiritus
780 2645 998 2691 sanctus
1023 2635 1266 2706 procedit
1284 2650 1350 2690 ex
1373 2635 1534 2691 Patre
1563 2643 1618 2690 et
1641 2634 1800 2691 Filio.
1831 2635 1965 2691 Pro-

374 2725 465 2781 cul
503 2725 665 2780 dubio
689 2725 855 2797 igitur
900 2733 1125 2796 apparet
1155 2725 1298 2794 quod
1343 2725 1480 2780 alius
1507 2725 1580 2780 sit
1617 2726 1708 2795 qui
1757 2727 1962 2796 genuit,

377 2817 518 2873 alius
539 2817 630 2889 qui
661 2817 876 2889 genitus
905 2825 1007 2881 est,
1040 2816 1178 2871 alius
1203 2817 1296 2887 qui
1339 2814 1407 2872 de
1427 2824 1659 2887 utroque
1695 2817 1960 2887 procedit.

373 2907 422 2966 Ο
449 2925 610 2980 quam
643 2924 768 2964 vera
794 2909 1006 2975 Unitas,
1054 2911 1148 2966 ubi
1179 2925 1287 2965 non
1322 2919 1405 2965 est
1436 2909 1575 2965 alius
1604 2909 1830 2980 spiritus
1852 2909 1960 2964 Pa-
1999 2950 2026 2954 ..

2017 3045 2021 3048 .
2061 2996 2128 3050 ad
2153 2995 2364 3052 laudem
2398 2996 2583 3067 gloria:
2611 2997 2730 3068 ejus
2748 2998 2946 3065 vocati,
2982 2999 3184 3056 debent
3214 3015 3338 3058 esse
3362 3003 3524 3074 pigri,
3551 3015 3650 3062 aut

374 3001 497 3066 tris,
525 3001 662 3056 alius
685 3000 826 3065 Filii,
873 3001 969 3057 sed
1015 3016 1157 3057 unus
1179 3001 1496 3072 utriusque;
1537 3016 1640 3057 nec
1661 3001 1814 3071 prius
1837 3016 1962 3071 pro-

2075 1918 2193 1974 pes,
2215 1911 2272 1958 et
2295 1919 2484 1960 omnes
2499 1905 2713 1975 iudices
2737 1915 2918 1973 terra,
2952 1907 3181 1976 juvenes
3211 1921 3268 1968 et
3284 1914 3546 1983 virgines,
3577 1933 3664 1974 se-

2077 2010 2174 2050 nes
2187 2010 2312 2049 cum
2343 1994 2674 2063 junioribus,
2703 1997 2834 2067 quia
2853 1999 3158 2056 exaltatum
3180 2011 3266 2058 est
3297 2019 3495 2062 nomen
3544 2006 3662 2076 eius

2074 2084 2263 2140 solius.
2319 2084 2388 2139 Et
2407 2085 2678 2142 confessio
2700 2086 2822 2156 ejus
2849 2103 3012 2159 super
3035 2091 3234 2148 caelum
3254 2102 3314 2149 et
3330 2103 3554 2164 terram,
3601 2110 3662 2156 et

2074 2175 2193 2231 laus
2215 2177 2270 2230 in
2299 2175 2540 2232 Ecclesia
2564 2184 2899 2234 sanctorum.
2935 2178 3252 2238 Laudantur
3276 2185 3422 2240 enim
3457 2187 3514 2242 in
3536 2203 3662 2244 san-

2072 2266 2175 2320 etis
2190 2267 2321 2332 suis,
2337 2266 2392 2321 in
2401 2265 2744 2325 ﬁrmamento
2762 2268 2985 2326 virtutis
2995 2285 3131 2338 sum,
3145 2273 3200 2328 in
3220 2275 3510 2335 virtutibus
3522 2281 3656 2346 suis,

2071 2361 2369 2415 secundum
2394 2360 2796 2418 multitudinem
2842 2365 3232 2434 magnitudinis
3257 2383 3390 2437 sum,
3445 2370 3502 2426 in
3523 2387 3658 2430 sono

2070 2452 2232 2518 tubas,
2260 2453 2316 2508 in
2342 2452 2601 2523 psalterio
2621 2461 2678 2511 et
2701 2455 3004 2523 cithara,in
3023 2465 3284 2530 tympano
3305 2469 3361 2515 et
3377 2463 3569 2531 choro,
3601 2466 3654 2520 in

2067 2542 2290 2599 chordis
2316 2551 2373 2598 et
2397 2559 2624 2614 organo,
2668 2545 2725 2600 in
2767 2546 3034 2617 cymbalis
3055 2548 3195 2605 bene
3229 2551 3568 2620 sonantibus,
3599 2555 3655 2610 in

2065 2633 2330 2705 cymbalis
2353 2634 2714 2705 jubilationis.

2136 2721 2202 2777 V.
2241 2722 2378 2778 Cum
2399 2738 2532 2794 ergo
2560 2725 2664 2781 ista
2691 2726 2876 2782 omnia
2901 2726 3086 2795 simul,
3129 2729 3475 2789 rationabilis
3501 2743 3558 2791 et
3581 2734 3654 2790 ir-

2063 2814 2427 2878 rationabilia,
2441 2816 2781 2873 incessanter
2799 2817 3022 2874 laudent
3033 2817 3203 2875 Deum
3219 2861 3236 2885 ,
3264 2823 3536 2891 quomodo
3549 2825 3649 2883 bo-

2063 2906 2258 2970 mines,
2293 2907 2361 2962 ad
2389 2907 2679 2978 imaginem
2705 2916 2762 2964 et
2781 2908 3193 2967 similitudinem
3217 2910 3314 2967 Dei
3342 2913 3566 2979 conditi,
3593 2925 3651 2972 ct

370 3093 517 3148 cedit
540 3109 608 3147 ex
633 3093 794 3148 Patre
839 3092 893 3146 in
923 3091 1140 3156 Filium,
1189 3091 1386 3147 deinde
1409 3107 1476 3147 ex
1505 3091 1644 3146 Filio
1668 3091 1737 3145 ad
1763 3088 1960 3146 diﬂ'un-
1985 3137 2030 3160 η
2060 3087 2224 3151 tardi,
2251 3095 2345 3140 aut
2390 3087 2590 3143 otiosi?
2653 3088 2723 3144 Et
2745 3087 2835 3144 illa
2862 3089 3084 3160 quidem
3111 3091 3332 3148 laudant
3359 3092 3645 3151 Dominum

370 3185 608 3241 dendum
638 3185 690 3239 in
714 3185 969 3240 cordibus
997 3184 1235 3239 fidelium
1273 3184 1557 3239 charitatis
1579 3183 1779 3238 donum
1805 3199 1822 3246 ς
1861 3183 1958 3239 sed

369 3277 531 3334 simul
562 3293 629 3332 ex
657 3285 903 3346 utroque.
967 3274 1086 3330 Non
1137 3284 1222 3331 est
1272 3275 1374 3329 alia
1402 3276 1576 3331 deitas
1603 3274 1802 3340 Patris,
1850 3274 1956 3329 alia

367 3369 512 3434 Filii,
561 3370 664 3426 alia
699 3370 934 3441 Spiritus
961 3371 1158 3436 sancti,
1192 3370 1286 3426 sed
1325 3386 1431 3426 una
1469 3371 1633 3426 trium
1656 3371 1860 3437 deitas;
1901 3380 1956 3425 et

366 3463 572 3518 idcirco
626 3478 751 3516 vere
777 3473 917 3530 unus
946 3461 1108 3516 Deus.
1182 3461 1316 3516 Nam
1344 3463 1388 3517 si
1411 3470 1555 3518 esset
1583 3463 1688 3517 alia
1723 3471 1779 3519 et
1823 3463 1952 3531 alia,

367 3570 472 3608 non
496 3562 642 3607 esset
667 3569 826 3607 unus.
879 3551 994 3607 Una
1021 3569 1149 3624 ergo
1176 3553 1368 3617 deitas,
1398 3570 1504 3607 una
1533 3554 1952 3616 teternitas,una

367 3647 644 3714 majestas,
677 3662 779 3701 una
805 3647 1066 3716 potentia,
1112 3662 1216 3700 una
1249 3647 1519 3712 voluntas,
1552 3662 1657 3700 una
1684 3647 1947 3716 operatio,

362 3756 471 3795 una
493 3740 684 3810 pietas,
731 3755 835 3793 una
865 3738 1053 3808 gloria.
1121 3738 1187 3792 Et
1207 3738 1332 3808 quia
1353 3745 1437 3793 est
1466 3739 1690 3792 omnino
1714 3737 1852 3792 alius
1897 3745 1954 3792 et

361 3832 522 3896 alius,
555 3833 676 3887 ideo
711 3830 980 3895 Trinitas;
1036 3838 1090 3885 et
1125 3831 1250 3899 quia
1279 3845 1386 3884 non
1420 3827 1666 3883 estaliud
1691 3835 1745 3882 et
1783 3828 1946 3892 aliud,

360 3923 485 3977 ideo
513 3922 733 3986 Unitas;
765 3921 892 3990 quia
919 3936 1024 3975 non
1053 3928 1139 3974 est
1168 3919 1279 3989 ipse
1301 3919 1464 3972 Pater
1491 3917 1583 3986 qui
1603 3916 1808 3982 Filius,
1839 3932 1946 3971 non

358 4013 475 4082 ipse
499 4013 666 4067 Filius
689 4013 782 4082 qui
806 4012 988 4077 Pater,
1015 4021 1107 4066 aut
1128 4010 1362 4082 Spiritus
1391 4018 1636 4076 sanctus,
1673 4008 1794 4064 ideo
1820 4024 1946 4065 vera

359 4102 617 4158 Trinitas.
690 4103 829 4170 Quia
855 4118 985 4158 vero
1011 4104 1112 4158 hoc
1137 4110 1219 4156 est
1239 4100 1400 4156 Pater
1433 4101 1576 4171 quod
1603 4100 1794 4167 Filius,
1843 4101 1945 4158 hoc

355 4193 529 4250 Filius
552 4196 695 4265 quod
706 4195 870 4251 Pater
887 4204 942 4251 et
958 4193 1212 4265 Spiritus,
1239 4193 1361 4249 ideo
1383 4207 1506 4247 vera
1525 4192 1762 4248 Trinitas
1793 4191 1940 4267 [Leg.

358 4284 594 4359 Unitas].
649 4286 998 4341 Nativitatem
1019 4284 1140 4338 Filii
1158 4300 1262 4340 non
1290 4283 1564 4353 prmcessit
1587 4292 1828 4354 potestas
1852 4292 1945 4338 aut

353 4377 608 4433 voluntas
641 4377 842 4432 Patris.
913 4375 1005 4432 Sic
1029 4375 1433 4446 processionem
1485 4373 1721 4445 Spiritus
1765 4375 1940 4432 sancti

1983 3137 2030 3202 C

2060 3191 2294 3247 semper.
2341 3178 2453 3234 Nos
2479 3187 2680 3244 autem,
2704 3180 2808 3235 etsi
2831 3195 2940 3236 non
2963 3193 3253 3251 mssumus
3272 3197 3505 3254 semper,
3537 3187 3648 3243 lau-

2039 3265 2249 3322 ‘demus
2279 3266 2468 3345 saltem
2498 3267 2840 3336 frequenter;
2871 3268 3070 3337 quibus
3092 3285 3192 3340 per
3210 3269 3524 3341 Apostolum
3555 3277 3642 3336 di.

2055 3355 2237 3410 citur:
2281 3354 2382 3411 Vos
2414 3367 2586 3411 autem
2615 3374 2778 3428 genus
2800 3358 3039 3426 electum,
3069 3361 3241 3432 regale
3264 3366 3640 3434 sacerdotium,

2055 3465 2180 3519 gens
2208 3459 2413 3514 sancta,
2439 3450 2663 3521 populus
2690 3452 3074 3522 acquisitionis,
3103 3462 3161 3506 ut
3184 3454 3397 3511 uirtutes
3427 3475 3638 3514 annun-

2055 3543 2194 3596 tietis
2215 3541 2331 3612 ejus
2355 3541 2446 3613 qui
2469 3557 2556 3595 vos
2577 3540 2645 3596 de
2672 3540 2895 3597 tenebris
2922 3543 3120 3596 vocavit
3145 3543 3200 3597 in
3226 3544 3538 3600 admirabile
3557 3547 3640 3602 lu-

2053 3648 2172 3686 men
2193 3648 2368 3686 suum.
2421 3631 2490 3685 Et
2510 3647 2605 3701 per
2634 3631 2970 3701 prophetas:
3020 3631 3256 3686 Narrate
3269 3635 3449 3688 omnia
3481 3636 3631 3690 mira-

2054 3725 2181 3777 bilia
2209 3725 2348 3791 ejus,
2399 3725 2708 3778 annuntiate
2731 3725 2870 3778 inter
2894 3733 3068 3793 gentes
3091 3723 3270 3776 studia
3298 3725 3439 3796 ejus,
3481 3735 3636 3782 notas

2052 3817 2210 3886 facile
2240 3817 2300 3869 in
2323 3814 2530 3884 populis
2551 3815 2940 3868 adinventiones
2959 3814 3096 3883 ejus.
3152 3814 3228 3868 De
3247 3817 3446 3885 quibus
3471 3818 3638 3876 virtu-

2049 3906 2197 3960 tibus
2237 3913 2294 3958 et
2317 3903 2678 3968 mirabilibus,
2729 3903 2910 3972 qualia
2932 3905 3062 3970 sint,
3103 3915 3306 3962 sancite
3333 3905 3630 3978 Scriptum
3661 3926 3668 3931 '

2049 3997 2230 4051 verbis
2255 3995 2335 4051 sic
2361 3995 2688 4064 praedicatur
2714 4012 2728 4049 :
2779 3995 2885 4062 Qui
2915 3996 3044 4066 facit
3073 3997 3290 4068 angelos
3321 4016 3446 4055 suos
3477 4001 3632 4071 spiri-

2046 4098 2151 4154 tus,
2194 4097 2243 4143 et
2269 4089 2536 4142 ministros
2576 4103 2702 4142 suos
2731 4087 2903 4158 ignem
2945 4097 3201 4143 urentem.
3257 4088 3365 4156 Qui
3391 4090 3630 4162 fundauit

2043 4191 2240 4238 terram
2269 4197 2426 4252 super
2447 4180 2614 4234 basim
2639 4195 2826 4245 suam;
2884 4196 2990 4234 non
3013 4181 3421 4236 commovebitur
3451 4181 3507 4238 in
3527 4200 3633 4240 stc-

2042 4274 2220 4329 culum
2243 4273 2445 4329 saeculi.
2497 4271 2602 4338 Qui
2626 4272 2836 4327 demisit
2873 4268 3101 4342 lapidem
3139 4271 3448 4342 angularem
3488 4273 3625 4344 ejus,

2043 4383 2161 4421 cum
2181 4365 2460 4420 laudarent
2488 4363 2647 4419 simul
2683 4381 2805 4418 eum
2839 4374 2985 4421 astra
3011 4365 3294 4429 matutina,
3339 4374 3390 4418 et
3423 4365 3628 4434 jubila-

353 4467 492 4522 nihil
512 4467 616 4521 fuit
645 4469 787 4539 quod
813 4467 1160 4538 praecederet.
1208 4465 1426 4520 Patrem
1449 4464 1772 4521 confitemur
1797 4465 1942 4537 geni-
1963 4494 2018 4552 D
2046 4449 2157 4552 rent
2184 4473 2362 4511 omnes
2386 4455 2486 4525 ﬁlii
2524 4455 2640 4509 Dei.
2694 4455 2761 4511 In
2787 4456 3095 4552 fortitudine
3123 4455 3262 4524 ejus,
3293 4464 3498 4552 repente
3512 4473 3627 4510 ma-

353 4565 528 4611 torem
557 4555 700 4621 Filii,
735 4555 996 4612 factorem
1037 4565 1216 4610 autem
1247 4556 1371 4610 caeli
1421 4564 1476 4611 et
1525 4564 1704 4620 terrae,
1759 4555 1940 4610 visibi-

353 4646 484 4701 lium
509 4649 752 4702 omnium
783 4656 838 4703 et
890 4646 1240 4702 invisibilium
1267 4661 1470 4701 rerum.
1546 4645 1742 4700 Filium
1763 4647 1934 4700 conli-

353 4745 532 4791 temur
582 4737 884 4808 ingenitum
913 4736 1110 4801 Patris,
1165 4735 1334 4790 Deum
1357 4735 1424 4789 de
1460 4735 1587 4799 Deo,
1633 4735 1815 4789 lumen
1867 4735 1937 4790 de

353 4825 572 4890 lumine,
630 4828 800 4882 Deum
829 4843 1018 4882 verum
1039 4827 1106 4881 de
1137 4827 1248 4881 Deo
1275 4839 1426 4890 vero,
1477 4833 1683 4890 natum,
1717 4838 1824 4879 non
1856 4824 1936 4878 fa-

353 4926 522 4984 ctum,
560 4919 828 4991 ὁμοούσιον
855 4919 1024 4984 Patri,
1075 4918 1179 4972 hoc
1205 4926 1308 4982 est,
1348 4916 1589 4986 ejusdem
1619 4931 1741 4970 cum
1769 4915 1934 4971 Patre

350 5010 686 5074 subsutnttze,
709 5026 809 5082 per
833 5025 991 5079 quem
1019 5011 1198 5065 omnia
1229 5009 1369 5064 facta
1398 5017 1523 5063 sunt
1546 5023 1666 5077 qua:
1694 5007 1749 5063 in
1769 5008 1930 5075 caelo,

349 5109 405 5154 et
429 5117 551 5172 qua:
578 5101 632 5156 in
658 5109 823 5166 terra,
853 5117 950 5171 per
971 5116 1131 5171 quem
1159 5099 1495 5168 maiestatem
1519 5097 1934 5153 Patrislaudant

347 5191 548 5262 angeli,
587 5192 815 5246 adorant
846 5191 1264 5255 dominationes,
1318 5197 1560 5243 tremunt
1611 5194 1929 5258 potestates,

345 5282 470 5338 coeli
499 5293 555 5339 et
575 5284 836 5340 calorum
863 5284 1108 5339 virtutes.
1195 5283 1456 5354 Spiritum
1489 5292 1737 5337 sanctum
1763 5280 1934 5338 conﬂ-

343 5387 526 5430 temur
550 5378 934 5441 vivificantem,
988 5391 1054 5430 ex
1083 5375 1248 5430 Patre
1285 5383 1340 5430 et
1361 5374 1502 5429 Filio
1529 5375 1930 5443 procedentem,

346 5481 469 5521 cum
500 5466 660 5522 Patre
685 5476 740 5523 et
765 5466 903 5521 Filio
932 5465 1263 5520 adorandum
1292 5473 1348 5519 et
1376 5463 1810 5535 gloriﬁcandum,
1840 5466 1932 5534 qui

324 5540 558 5611 'locutns
586 5567 673 5612 est
694 5573 793 5627 per
820 5557 1126 5627 prophetas.
1157 5555 1368 5612 Donum
1390 5556 1582 5611 dantes
1608 5554 1768 5610 simul
1797 5549 1931 5618 tres,

345 5644 584 5715 Patrem,
614 5649 835 5714 Filium,
875 5657 929 5703 et
973 5648 1234 5718 Spiritum
1287 5657 1533 5704 sanctum
1583 5646 1927 5711 confitemur,

346 5738 464 5792 sine
489 5739 808 5793 confusione
866 5739 1141 5805 indivisos,
1196 5739 1314 5794 sine
1362 5746 1602 5808 tempore
1643 5739 1931 5809 sempiter-

2044 4549 2124 4602 ria
2146 4555 2459 4617 congregata
2487 4556 2641 4609 sunt;
2661 4553 2709 4600 et
2729 4544 3010 4614 prudentia
3030 4544 3145 4613 ejus
3164 4546 3416 4614 percussit
3443 4562 3626 4617 super.

2043 4639 2183 4692 bum.
2229 4637 2335 4705 Qui
2359 4635 2588 4691 extendit
2612 4633 2912 4705 aquilonem
2924 4649 3078 4703 super
3099 4650 3340 4699 vacuum,
3363 4644 3412 4689 et
3434 4652 3626 4706 appen-

2041 4732 2116 4784 dit
2138 4740 2333 4784 terram
2361 4743 2518 4799 super
2536 4725 2782 4782 nihilum.
2831 4723 2935 4791 Qui
2963 4723 3091 4794 ligat
3119 4740 3285 4795 aquas
3313 4725 3371 4780 in
3396 4725 3620 4782 nubibus

2039 4823 2169 4886 suis,
2209 4831 2266 4875 ut
2293 4836 2396 4876 non
2431 4827 2706 4890 erumpant
2733 4827 2930 4889 pariter
2970 4817 3237 4872 deorsum.
3303 4815 3407 4884 Qui
3449 4818 3622 4888 aufert

2039 4915 2210 4970 stillas
2255 4913 2469 4984 pluviae,
2503 4920 2559 4966 et
2585 4911 2730 4967 sicut
2755 4909 2859 4966 alia
2891 4910 3176 4965 translatio
3205 4910 3357 4971 dicit,
3381 4911 3620 4965 innume-

2037 5006 2227 5062 rabiles
2251 5004 2332 5059 illi
2353 5003 2644 5059 stillicidia.
2697 5002 2802 5068 Qui
2843 5018 3052 5057 mensus
3073 5014 3144 5056 est
3193 5001 3392 5072 pugillo
3427 5017 3615 5072 aquas,

2032 5107 2083 5152 et
2103 5097 2254 5152 caelos
2283 5095 2458 5167 palmo
2478 5093 2806 5166 ponderavit.
2857 5091 2962 5159 Qui
2988 5092 3414 5164 appendittribus
3440 5091 3618 5162 digitis

2034 5187 2224 5242 molem
2244 5197 2421 5252 terrm,
2451 5195 2502 5240 et
2527 5183 2766 5240 liberavit
2789 5186 2844 5240 in
2857 5184 3086 5256 pondere
3110 5191 3330 5246 montes,
3375 5191 3423 5236 et
3461 5183 3617 5238 colles

2031 5280 2088 5333 in
2116 5287 2332 5333 statera.
2387 5276 2556 5347 Cujus
2592 5276 2814 5330 thronus
2843 5277 3072 5346 ﬂamma:
3089 5272 3230 5343 ignis
3259 5281 3308 5327 et
3350 5283 3479 5328 rom
3501 5274 3618 5344 ejus

2040 5372 2177 5442 ignis
2203 5385 2472 5424 accensus.
2541 5367 2768 5422 Flavius
2801 5367 2985 5438 igneus
3012 5363 3330 5436 rapidusque
3353 5365 3621 5436 egreditur

2040 5477 2071 5514 η
2098 5460 2234 5529 {acie
2256 5461 2390 5529 ejus.
2441 5457 2616 5512 Millia
2656 5455 2881 5510 millium
2926 5454 3228 5509 ministrant
3251 5457 3320 5522 ei,
3373 5466 3423 5510 et
3447 5457 3618 5512 decies

2038 5551 2227 5607 millies
2269 5561 2484 5605 centena
2539 5547 2709 5603 millia
2756 5549 2947 5602 sistunt
2997 5547 3065 5601 ei.
3149 5557 3338 5604 omnes
3385 5563 3620 5618 namque

2037 5644 2312 5699 exercitus
2334 5642 2456 5696 coeli
2491 5640 2752 5695 assistunt
2779 5639 2851 5705 ei,
2882 5653 2986 5693 non
3009 5636 3182 5694 solum
3213 5654 3244 5693 a
3264 5637 3492 5703 dextris,
3524 5636 3618 5694 sed

2040 5737 2205 5791 etiam
2232 5751 2259 5789 a
2289 5734 2562 5791 sinistris:
2606 5732 2672 5786 de
2723 5731 2918 5801 quibus
2964 5732 3229 5801 propheta
3275 5730 3413 5785 vidit
3435 5726 3618 5796 egredi
