4010 6184
359 349 458 404 ΤΗ

1302 350 1357 406 S.
1399 351 1745 409 AGOBARDI
1785 353 2093 409 EPlSCOPl
2134 355 2610 413 LUGDUNENSIS

3517 364 3625 421 272

359 467 610 536 spiritum
645 465 950 520 dicentem:
1011 464 1291 535 Egredior,
1329 476 1377 520 et
1423 483 1510 522 ero
1535 468 1749 538 spiritus
1794 484 1938 521 men-
1969 473 2017 529 Α
2046 475 2258 524 testate.
2301 470 2367 523 Et
2401 473 2688 526 videntibus
2717 472 2843 538 iliis,
2869 473 3095 528 elevatus
3110 487 3206 541 est,
3245 486 3292 530 et
3321 479 3480 532 nubes
3511 498 3623 536 sus-

359 560 468 613 daa:
495 559 551 612 in
574 575 662 612 ore
691 559 921 613 omnium
946 559 1315 628 prophetarum
1339 561 1476 630 ejus,
1509 560 1562 615 id
1589 564 1702 627 est;
1725 561 1934 632 decepti

357 661 415 707 et
458 651 758 721 decipiendi
808 651 976 720 regis,
1012 658 1073 704 ut
1097 650 1415 706 ascenderet
1441 651 1509 706 ad
1554 651 1732 706 locum
1762 652 1851 707 ubi
1885 653 1936 707 ei

355 751 581 814 paratus
598 750 718 798 erat
746 742 1020 797 interitus.

427 835 514 892 Vl.
548 835 710 890 Istius
749 833 962 890 sinistri
979 833 1251 889 exercitus
1280 843 1375 888 aut
1398 835 1649 904 princeps
1691 841 1785 888 aut
1817 847 1936 888 ma-

351 942 515 998 gnus,
571 925 862 982 invidendo
905 933 1092 980 sancto
1139 925 1254 979 viro
1281 921 1406 990 Job,
1446 924 1706 995 expetivit
1725 939 1851 980 eum
1877 929 1938 977 ut

354 1017 456 1072 sibi
478 1017 868 1072 concederetur
891 1032 924 1070 a
946 1015 1195 1080 Domino,
1222 1030 1328 1071 non
1345 1015 1413 1070 ad
1433 1014 1770 1084 probandum
1794 1013 1939 1084 quod

353 1111 558 1165 factum
584 1116 669 1164 est
693 1123 791 1178 per
809 1121 932 1161 eum
958 1105 1174 1160 nolente
1196 1104 1308 1169 illo,
1338 1104 1433 1159 sed
1457 1104 1524 1158 ad
1541 1101 1937 1172 reprobandum

353 1201 499 1272 quod
511 1197 842 1254 multitudini
864 1194 1087 1250 malitiae
1110 1209 1222 1248 suae
1249 1193 1609 1248 desiderabat.
1679 1192 1849 1263 Hujus
1870 1192 1937 1248 si-

353 1293 512 1348 nistri
551 1290 825 1348 exercitus
854 1289 1108 1360 princeps
1143 1288 1374 1342 accessit
1395 1287 1464 1341 ad
1491 1287 1726 1357 primum
1761 1284 1937 1340 homi-

353 1398 501 1448 nem,
539 1381 677 1437 bene
704 1387 758 1435 et
776 1380 978 1434 bonum
1003 1393 1034 1432 a
1059 1377 1202 1432 bono
1226 1376 1339 1432 Deo
1369 1376 1668 1440 conditum,
1699 1375 1821 1444 igne
1854 1373 1938 1428 in-

353 1473 604 1529 videntia:
626 1485 949 1534 succensus;
1000 1477 1057 1523 et
1100 1468 1315 1536 decepit
1344 1481 1410 1521 ac
1459 1465 1935 1536 prtevaricatorem

353 1567 505 1631 fecit,
543 1571 706 1634 atque
743 1559 1065 1618 omnimodae
1121 1557 1442 1628 corruptelae
1490 1555 1738 1626 subjecit,
1768 1562 1825 1610 et
1867 1554 1936 1609 de

352 1655 616 1713 societate
665 1652 980 1723 angelorum
1008 1646 1334 1720 depositum,
1388 1648 1595 1702 socium
1650 1645 1752 1700 sibi
1784 1643 1932 1709 fecit,

2038 559 2168 627 cepit
2216 576 2334 613 eum
2370 562 2435 614 ab
2479 561 2644 616 oculis
2688 581 2888 617 eorum.
2949 564 3180 635 Cumque
3208 569 3539 624 intuerentur
3567 574 3623 627 in

2037 648 2218 702 ctelum
2241 662 2445 704 euntem
2486 653 2635 706 illum
2659 694 2674 718 ,
2707 671 2820 708 ecce
2858 656 2964 708 duo
3010 657 3106 710 viri
3141 652 3418 714 astiterunt
3461 662 3622 730 juxta

2036 737 2155 793 illos
2192 740 2245 794 in
2273 742 2493 796 vestibus
2516 743 2668 809 albis,
2700 745 2789 815 qui
2828 756 2876 799 et
2902 746 3147 802 dixerunt
3178 768 3190 802 :
3249 747 3360 804 Viri
3384 750 3619 819 Galila'i,

2035 831 2161 898 quid
2176 834 2327 887 statis
2349 835 2652 904 aspicientes
2677 837 2729 890 in
2749 837 2932 892 caelum
2951 838 3091 893 illic
3112 841 3286 905 Iesus,
3310 845 3401 912 qui
3421 861 3624 899 assum-

2034 931 2151 991 ptus
2174 931 2248 976 est
2279 941 2312 977 a
2356 925 2494 978 vobis
2521 927 2590 980 ad
2611 927 2815 994 caelum,
2861 930 2938 983 sic
2979 931 3140 984 veniet
3179 935 3618 1003 quemadmodum

2036 1013 2238 1068 vidistis
2259 1030 2377 1068 eum
2396 1027 2602 1071 euntem
2627 1019 2680 1071 in
2702 1019 2906 1073 ctelum.
2957 1019 3122 1076 Sedet
3141 1038 3268 1093 ergo
3290 1025 3344 1078 in
3366 1040 3430 1079 ea
3453 1042 3620 1082 carne

2036 1119 2199 1173 quam
2247 1106 2540 1174 assumpsit
2568 1122 2668 1177 pro
2696 1109 2874 1176 nobis,
2917 1110 2984 1164 ad
3017 1113 3261 1168 dextram
3313 1112 3513 1183 Patris,
3563 1127 3620 1172 et

2035 1199 2293 1247 venturus
2340 1200 2425 1248 est
2477 1193 2529 1248 in
2578 1194 2747 1264 gloria
2771 1195 3018 1266 judicare
3055 1201 3206 1256 vivos
3249 1210 3306 1256 et
3351 1215 3614 1266 mortuos.

2035 1282 2189 1352 cujus
2223 1285 2376 1356 regni
2398 1302 2503 1342 non
2533 1288 2638 1344 erit
2658 1288 2799 1344 ﬁnis.
2838 1291 2905 1345 Et
2929 1292 3043 1362 ipse
3073 1303 3156 1360 est
3179 1298 3500 1366 propitiatio
3517 1315 3616 1367 pro

2033 1376 2272 1445 peccatis
2297 1378 2523 1445 nostris,
2573 1380 2665 1449 qui
2700 1389 2783 1434 est
2813 1384 2967 1437 testis
2989 1383 3193 1451 ﬁdelis;
3225 1387 3616 1458 primogenitus

2035 1473 2392 1533 mortuorum,
2447 1474 2502 1522 et
2543 1470 2797 1540 princeps
2840 1487 3028 1540 regum
3082 1482 3262 1541 terrm,
3307 1476 3490 1548 Agnus
3518 1478 3615 1532 Dci

2034 1557 2127 1624 qui
2162 1557 2302 1612 tollit
2342 1568 2562 1628 peccata
2583 1562 2798 1616 mundi:
2850 1564 2942 1632 qui
2982 1565 3055 1618 ita
3085 1565 3335 1621 laudatur
3367 1585 3488 1624 cum
3515 1570 3615 1624 Pa-

2037 1653 2118 1700 tre
2141 1647 2208 1702 ab
2234 1649 2438 1720 angelis
2469 1670 2481 1704 :
2516 1650 2727 1707 Sedenti
2753 1654 2806 1707 in
2834 1656 3021 1711 throno
3057 1668 3104 1713 et
3127 1659 3275 1730 Agna
3304 1661 3611 1726 benedictio,

352 1755 516 1817 atque
537 1745 607 1800 de
631 1745 750 1801 luce
771 1743 1012 1813 angelica
1037 1741 1393 1804 abstractum,
1421 1738 1662 1794 tenebris
1685 1738 1800 1794 suis
1814 1738 1937 1792 sub-
1961 1805 2006 1817 “
2034 1744 2082 1788 et
2109 1736 2295 1802 honor,
2322 1747 2371 1792 et
2397 1739 2584 1809 gloria,
2616 1752 2663 1796 et
2694 1753 2923 1812 potestas
2954 1747 3010 1800 ίη
3057 1749 3252 1802 meum
3275 1751 3611 1807 “culorum.

345 1805 576 1910 juéavii,
607 1842 663 1892 et
685 1805 902 1890 aeternis
929 1832 1091 1887 morti
1119 1831 1413 1894 obnoxium
1438 1829 1690 1885 reddidit.
1757 1828 1935 1884 Domi-
1961 1805 2008 1864 Β
2036 1823 2102 1878 Ει
2134 1825 2348 1894 quando
2370 1805 2578 1884 venerit
2619 1831 2671 1886 in
2693 1831 2976 1902 majestate
3002 1852 3098 1892 sua
3118 1847 3174 1894 et
3193 1839 3391 1907 Patris,
3418 1843 3496 1897 sic
3541 1845 3612 1898 ti-

351 1947 454 1987 nus
504 1937 687 1985 autem
721 1941 931 1983 summe
964 1926 1140 1980 bonus
1174 1930 1230 1978 et
1255 1923 1397 1993 pius,
1448 1929 1509 1976 ut
1539 1929 1651 1976 tam
1682 1935 1932 1990 magnam

351 2022 563 2077 ruinam
591 2025 894 2090 repararet,
919 2024 1032 2071 tam
1055 2029 1311 2086 magnum
1333 2011 1546 2077 vulnus,
1570 2012 1718 2068 misit
1736 2011 1931 2067 Filium

349 2128 510 2169 suum
531 2112 702 2166 Deum
725 2109 983 2172 Verbum,
1028 2115 1091 2161 ut
1129 2120 1259 2160 caro
1284 2102 1460 2170 ﬁeret,
1509 2101 1569 2158 id
1608 2110 1713 2168 est,
1768 2102 1932 2156 homo

349 2218 535 2269 verus,
567 2211 623 2258 et
641 2202 916 2257 habitaret
936 2200 990 2254 in
1035 2198 1210 2263 nobis,
1251 2197 1305 2253 id
1353 2205 1460 2263 est,
1502 2197 1557 2252 in
1593 2195 1932 2252 humanitate

351 2293 611 2367 perfecta,
645 2307 810 2365 quam
860 2291 1092 2361 sumpsit
1139 2304 1240 2361 pro
1263 2289 1422 2345 nobis
1475 2287 1633 2359 (Aug.
1664 2288 1718 2342 in
1741 2285 1929 2350 Joan.,

351 2387 532 2440 Tract.
551 2384 629 2456 IV)
661 2399 728 2439 ex
756 2381 932 2447 nobis,
965 2381 1022 2436 id
1040 2388 1142 2444 est,
1171 2395 1239 2436 ex
1266 2387 1459 2436 sancta
1485 2377 1708 2448 Virgine
1733 2377 1802 2431 ad
1827 2376 1932 2430 hoc

349 2485 648 2551 praeparata
672 2485 730 2532 et
753 2474 1056 2539 custodita;
1101 2473 1377 2528 habitaret
1420 2479 1602 2526 autem
1631 2467 1928 2539 corporali-

351 2582 454 2635 ter,
483 2585 590 2625 non
639 2566 977 2639 spiritaliter,
1025 2571 1088 2618 ut
1111 2564 1168 2618 in
1204 2563 1409 2618 sanctis
1439 2560 1677 2625 caeteris,
1723 2559 1778 2613 id
1824 2567 1928 2625 est,

350 2663 490 2718 dono
515 2659 721 2732 gratiae,
767 2656 909 2712 sicut
934 2653 1196 2724 scriptum
1225 2660 1350 2708 est:
1404 2651 1508 2719 Qui
1551 2650 1784 2705 adhes-ret
1825 2647 1934 2702 Do-

349 2751 514 2816 mino,
538 2764 674 2803 unus
693 2747 908 2818 spiritus
929 2754 1024 2800 est.
1067 2743 1167 2811 Qui
1187 2743 1313 2798 licet
1336 2741 1568 2798 Domino
1595 2741 1930 2802 adhaereant,

349 2849 403 2896 et
426 2839 570 2895 Deus
589 2839 644 2894 in
661 2838 768 2892 illis
794 2836 1022 2900 habitet,
1049 2850 1156 2889 non
1186 2841 1368 2888 tamen
1391 2831 1586 2888 exinde
1617 2829 1851 2886 efﬁcitur
1875 2834 1935 2881 ut

350 2936 427 2990 dii
454 2934 566 2990 sint
611 2930 948 2993 naturaliter,
1001 2929 1142 2984 sicut
1189 2927 1244 2981 in
1263 2925 1481 2982 Christo
1515 2923 1724 2978 habitat
1757 2919 1933 2976 omnis

351 3022 626 3095 plenitudo
665 3019 962 3075 divinitatis
987 3015 1366 3087 corporaliter,
1405 3021 1467 3070 ut
1511 3012 1653 3067 Deus
1695 3009 1766 3065 sit
1807 3008 1936 3064 sub-

349 3112 700 3171 stantialiter.
765 3109 898 3178 Quae
945 3107 1279 3172 humanitas,
1323 3121 1392 3161 ex
1438 3119 1546 3175 quo
1588 3116 1711 3158 esse
1745 3101 1929 3172 cmpit,

349 3221 460 3260 non
491 3203 634 3258 aliud
659 3216 783 3257 esse
821 3199 998 3270 potuit
1031 3213 1194 3268 quam
1228 3196 1368 3252 Deus
1403 3204 1459 3250 et
1509 3194 1702 3250 unicus
1737 3191 1932 3257 Filius,

353 3295 479 3363 quia
501 3291 813 3362 unigenitus
847 3301 976 3343 caro
1003 3285 1180 3341 factus
1217 3291 1327 3348 est,
1378 3291 1438 3338 ut
1464 3281 1536 3337 sit
1568 3295 1730 3336 verus
1773 3280 1933 3344 Deus,

355 3400 517 3443 verus
559 3384 742 3448 homo,
790 3394 932 3434 unus
959 3378 1122 3432 Deus.
1198 3375 1266 3430 Et
1312 3373 1440 3430 licet
1487 3371 1633 3427 aliud
1678 3372 1750 3426 sit
1784 3383 1933 3434 caro,

352 3479 498 3536 aliud
522 3475 804 3540 divinitas;
851 3488 959 3528 non
989 3479 1170 3526 tamen
1201 3469 1317 3539 ipse
1351 3467 1487 3523 alius
1536 3474 1619 3522 est
1660 3466 1716 3520 in
1745 3479 1933 3531 carne,

351 3572 489 3627 alius
517 3570 571 3624 in
586 3566 868 3623 divinitate
899 3581 914 3630 ;
956 3562 1052 3618 sed
1082 3569 1315 3630 utroque
1358 3574 1500 3613 unus
1525 3557 1776 3613 Christus
1793 3556 1936 3613 Deus

353 3665 515 3717 homo
544 3698 560 3726 ,
619 3661 974 3730 permanente
1014 3652 1297 3720 utriusque
1349 3657 1558 3703 natura:
1605 3648 1836 3703 veritate
1881 3657 1939 3704 et

349 3751 698 3823 integritate;
756 3747 812 3802 id
853 3753 958 3812 est,
1002 3759 1112 3800 non
1150 3751 1356 3799 mutata
1399 3741 1733 3797 humanitate
1770 3741 1824 3794 in
1849 3739 1934 3795 di-

354 3843 654 3906 vinitatem,
700 3852 878 3908 neque
908 3850 1171 3891 conversa
1220 3833 1502 3888 divinitate
1539 3831 1595 3887 in
1622 3829 1934 3886 humanita-

355 3947 498 3990 tem:
550 3933 643 4004 qui
686 3947 754 3988 ex
783 3938 1014 3999 utroque
1057 3942 1196 3983 unus
1223 3926 1473 3983 Christus
1493 3926 1660 3993 Deus,
1701 3925 1778 3980 ita
1807 3926 1937 3981 ado-

354 4035 507 4081 ratur
541 4039 663 4079 cum
682 4023 845 4078 Patre
890 4030 948 4076 et
973 4018 1110 4074 Filio
1138 4019 1208 4073 ab
1248 4019 1396 4073 omni
1423 4027 1695 4083 creatura,
1761 4025 1820 4070 ut
1840 4033 1934 4071 su-

354 4116 539 4186 perius
560 4113 818 4176 diximus,
864 4111 1006 4166 sicut
1037 4109 1362 4164 adorabatur
1380 4117 1670 4177 antequam
1700 4108 1934 4162 Verbum

341 4217 484 4261 'caro
509 4204 698 4258 ﬂeret:
755 4202 881 4271 quia
913 4199 1338 4254 inconvertibilis
1359 4198 1555 4263 deitas,
1587 4213 1708 4267 qua:
1751 4198 1936 4252 incon-

344 4292 678 4351 -vertibiliter
703 4291 1074 4347 inﬁrmitatem
1102 4298 1367 4356 nostram,
1417 4289 1472 4344 in
1501 4305 1608 4360 qua
1637 4290 1773 4345 mori
1818 4306 1938 4360 pos-

357 4387 450 4452 sit,
477 4384 712 4454 suscepit
739 4382 1114 4439 incarnatione
1138 4395 1255 4445 sua,
1290 4395 1392 4437 nec
1415 4381 1586 4436 minui
1611 4382 1806 4451 potuit,
1837 4397 1935 4436 nec

343 4477 564 4549 augeri.

341 4583 346 4588 ·
433 4567 538 4623 Vll.
579 4565 754 4621 Verus
781 4566 921 4622 Deus
947 4579 1074 4636 ergo
1099 4573 1156 4620 et
1181 4579 1344 4620 verus
1373 4563 1553 4630 homo,
1583 4577 1722 4618 unus
1750 4563 1933 4618 Domi-

359 4675 461 4715 nus
487 4665 680 4712 noster
717 4656 872 4712 Jesus
896 4655 1166 4722 Christus,
1204 4655 1352 4710 venit
1381 4655 1449 4709 ad
1501 4653 1833 4723 passionem,
1880 4662 1940 4709 ut

357 4747 852 4818 perferret-omnia
885 4745 972 4799 illa
999 4760 1119 4815 qua:
1158 4745 1224 4798 de
1269 4745 1361 4798 illo
1415 4744 1771 4812 praenuntiata
1813 4753 1940 4799 sunt

359 4856 458 4912 per
477 4838 804 4908 Scripturas.
856 4837 1006 4891 Unde
1032 4837 1474 4904 comprehensus,
1520 4843 1578 4890 et
1601 4835 1820 4906 ligatus,
1849 4836 1942 4890 lla-

339 4930 608 5004 ‘gellatus,
638 4927 852 4991 irrisus,
890 4933 946 4980 et
971 4925 1024 4979 in
1049 4941 1211 4980 cruce
1233 4938 1547 4995 suspensus,
1581 4940 1705 4980 cum
1733 4926 1942 4981 veniret

361 5023 494 5076 hora
514 5028 574 5073 ut
600 5024 865 5088 potestate
889 5014 1106 5087 propria
1126 5023 1352 5084 poneret
1380 5015 1614 5070 animam
1643 5029 1816 5082 suam,
1848 5031 1942 5086 po-

364 5123 562 5167 testate
586 5114 782 5167 iterum
804 5124 925 5166 eam
955 5117 1290 5179 sumpturus,
1309 5109 1552 5165 clamans
1572 5125 1705 5166 voce
1725 5126 1938 5182 magna,

365 5203 532 5259 dicit:
583 5201 1011 5257 Consummatunt
1038 5211 1158 5256 est:
1208 5210 1264 5257 et
1289 5201 1548 5258 inclinato
1578 5204 1755 5272 capite
1770 5204 1939 5258 tradi-

364 5293 444 5350 dit
468 5296 737 5364 spiritum.
824 5293 995 5349 Natus
1045 5300 1226 5348 autem
1261 5307 1390 5347 vera
1425 5293 1746 5358 nativitate,
1807 5309 1945 5350 verte

366 5385 548 5438 carnis
595 5385 850 5440 sustinuit
903 5399 1084 5440 veram
1123 5383 1453 5454 passionem,
1484 5383 1723 5453 suscepit
1761 5400 1944 5439 veram

367 5479 619 5534 mortem,
676 5488 800 5527 vera
824 5474 1014 5528 carnis
1027 5471 1425 5528 resurrectione
1453 5472 1674 5541 pra’buit
1701 5490 1755 5526 se
1775 5474 1945 5543 ipsum

369 5560 538 5616 vivum
558 5560 827 5630 discipulis
868 5562 923 5614 in
960 5560 1140 5615 multis
1173 5561 1516 5628 argumentis,
1539 5575 1631 5630 per
1655 5560 1767 5614 dies
1811 5577 1945 5630 qua-

367 5653 613 5725 draginta
635 5668 890 5723 apparens
913 5655 987 5707 eis
999 5664 1048 5707 et
1082 5653 1300 5723 loquens
1327 5653 1391 5706 de
1440 5668 1596 5721 regno
1621 5651 1737 5717 Dei,
1795 5667 1946 5706 man-

369 5743 587 5800 ducavit
611 5751 666 5796 et
693 5742 827 5798 bibit
851 5757 1030 5796 coram
1060 5745 1157 5805 eis,
1209 5760 1313 5798 non
1345 5745 1690 5808 necessitate,
1735 5744 1826 5799 sed
1851 5761 1947 5815 po—

1483 5823 1514 5842 κ

2033 1917 2270 1972 mebitur
2297 1920 2363 1973 ab
2385 1920 2464 1975 eis
2487 1936 2624 1990 quos
2643 1923 2984 1994 judicaturus
3012 1938 3116 1997 est,
3147 1939 3208 1985 ut
3251 1933 3432 1987 dicant
3454 1950 3610 1990 mon-

2034 2007 2178 2062 tibus
2201 2015 2255 2064 e:
2285 2013 2481 2077 petris:
2522 2015 2707 2070 Cadite
2731 2033 2887 2088 super
2910 2036 3024 2086 nos,
3053 2031 3101 2075 et
3131 2022 3434 2079 abscondite
3460 2044 3552 2080 nos
3581 2045 3613 2080 a

2032 2097 2170 2166 facie
2193 2100 2421 2155 sedentis
2443 2119 2603 2173 supra
2637 2106 2906 2174 thronum,
2927 2111 3053 2164 etab
3083 2112 3164 2166 ira
3185 2113 3342 2183 agni:
3363 2117 3613 2184 quoniam

2031 2189 2168 2240 venit
2209 2188 2319 2243 dies
2357 2207 2576 2263 ntagnus
2605 2195 2716 2259 irae,
2729 2196 2915 2266 ipsius,
2941 2208 2990 2253 et
3037 2203 3155 2272 quis
3189 2205 3377 2272 poterit
3421 2215 3563 2259 stare
3590 2211 3615 2259 ἶ)

2035 2272 2561 2345 Transacto,omnes
2577 2282 2734 2339 electi
2761 2299 2830 2341 ex
2868 2286 3118 2344 omnibus
3143 2291 3412 2361 gentibus,
3437 2302 3492 2347 et
3515 2295 3612 2348 tri-

2030 2366 2299 2435 bubus,et
2313 2371 2546 2440 populis,
2577 2383 2632 2430 et
2663 2375 2880 2447 linguis,
2903 2386 3063 2433 erunt
3090 2388 3297 2437 stantes
3315 2393 3439 2437 ante
3462 2386 3611 2439 thro-

2030 2475 2159 2514 num
2187 2460 2242 2514 in
2267 2471 2557 2534 conspectu
2577 2464 2735 2534 Agni;
2754 2475 2808 2522 et
2838 2468 3021 2523 amicti
3049 2469 3204 2526 stolis
3231 2471 3389 2537 albis,
3419 2481 3473 2527 et
3495 2473 3612 2543 pal-

2031 2564 2134 2604 mae
2183 2551 2238 2605 in
2267 2554 2518 2609 manibus
2542 2570 2750 2623 eorum,
2796 2566 2854 2614 et
2890 2558 3202 2615 clamabunt
3249 2577 3381 2617 voce
3414 2579 3608 2636 magna

2031 2641 2276 2697 dicentes
2301 2661 2315 2697 :
2361 2643 2523 2700 Salus
2543 2645 2653 2700 Deo
2676 2657 2854 2702 nostro
2878 2649 2968 2719 qui
2990 2649 3133 2704 sedet
3161 2667 3318 2722 super
3338 2653 3604 2719 thronum,
3649 2661 3657 2671 '
3726 2689 3740 2712 ρ

2031 2742 2079 2785 et
2107 2733 2271 2802 Agna.
2327 2733 2404 2787 De
2437 2735 2631 2805 quibus
2651 2737 2884 2792 dicitur:
2916 2736 2990 2792 Hi
3011 2749 3134 2793 sunt
3156 2741 3246 2811 qui
3276 2753 3518 2796 venerunt
3541 2742 3608 2796 de

2032 2821 2366 2879 tribulatione
2393 2841 2604 2895 magna,
2628 2836 2678 2880 et
2699 2827 2936 2882 laverunt
2962 2829 3123 2884 stolas
3151 2847 3298 2896 suas,
3327 2840 3375 2884 et
3399 2831 3611 2885 dealba—

2033 2921 2215 2966 verunt
2241 2930 2330 2968 eas
2359 2914 2414 2968 in
2435 2917 2688 2988 sanguine
2723 2918 2877 2990 Agni.
2929 2919 3056 2974 Ideo
3075 2932 3195 2975 sunt
3212 2933 3333 2976 ante
3363 2923 3607 2976 thronum

2032 3003 2153 3071 Dei,
2181 3015 2229 3061 et
2254 3007 2483 3062 serviunt
2506 3009 2555 3064 ei
2579 3009 2663 3064 die
2687 3021 2735 3064 et
2767 3020 2916 3066 nocte
2955 3013 3010 3067 in
3036 3013 3224 3083 templo
3253 3015 3400 3085 ejus;
3447 3025 3494 3068 et
3521 3015 3610 3084 qui

2033 3093 2173 3148 sedet
2207 3095 2264 3148 in
2289 3096 2496 3164 throno,
2522 3098 2722 3153 habitat
2745 3118 2901 3171 super
2928 3120 3035 3157 eos.
3094 3103 3218 3157 Non
3246 3106 3490 3170 esuriem,
3523 3122 3614 3158 ne-

2033 3201 2133 3257 que
2156 3187 2331 3243 sitient
2355 3189 2600 3260 amplius,
2633 3209 2796 3262 neque
2826 3193 2974 3248 cadet
2997 3212 3152 3265 super
3175 3194 3294 3250 illos
3319 3196 3418 3261 sol,
3451 3214 3612 3268 neque

2034 3276 2174 3332 ullus
2199 3287 2388 3344 (estus;
2416 3281 2661 3352 quoniam
2685 3283 2886 3353 Agnus,
2911 3286 3001 3355 qui
3029 3286 3084 3338 in
3106 3286 3275 3340 medio
3307 3287 3482 3340 throni
3512 3297 3607 3349 est,

2035 3378 2171 3440 reget
2209 3369 2348 3437 illos,
2400 3380 2450 3426 et
2476 3372 2691 3428 deducet
2715 3373 2835 3429 illos
2874 3376 2944 3429 ad
2982 3377 3100 3430 vita:
3122 3377 3288 3446 fontes
3329 3395 3608 3448 aquarum,

2032 3468 2083 3513 et
2120 3461 2373 3533 absterget
2403 3461 2546 3518 Deus
2575 3481 2779 3519 omnem
2810 3465 3099 3537 lacrymam
3123 3484 3187 3521 ex
3216 3467 3380 3522 oculis
3408 3485 3608 3522 eorum.

2034 3548 2104 3604 Et
2140 3549 2323 3607 la'titia
2353 3555 2666 3625 sempiterna
2696 3573 2853 3628 super
2885 3568 3038 3629 caput
3067 3575 3268 3624 eorum,
3294 3559 3433 3630 gaud
3457 3577 3542 3613 um
3563 3569 3612 3615 et

2033 3640 2272 3698 laatitiam
2299 3645 2616 3714 obtinebunt,
2665 3658 2713 3703 et
2742 3649 2906 3719 fugiet
2925 3649 3080 3703 dolor
3105 3659 3154 3704 et
3185 3653 3426 3721 gemitus.
3485 3651 3615 3707 limo

2033 3732 2226 3788 civitas
2254 3733 2372 3800 Dei,
2421 3736 2476 3791 id
2517 3744 2602 3791 est
2625 3737 2952 3793 universitas
2986 3739 3231 3794 omnium
3276 3750 3610 3806 sanctorum,

2034 3837 2140 3877 non
2166 3834 2275 3894 eget
2297 3823 2424 3892 sole,
2449 3843 2610 3897 neque
2632 3825 2778 3893 luna,
2813 3838 2869 3882 ut
2892 3828 3100 3884 luceant
3127 3830 3182 3884 in
3203 3847 3286 3884 ea.
3336 3831 3477 3885 Nam
3501 3833 3612 3886 cla-

2033 3915 2163 3968 ritas
2189 3914 2287 3968 Dei
2324 3913 2634 3970 illuminavit
2657 3933 2793 3984 eam,
2827 3929 2875 3972 et
2899 3917 3113 3973 lucerna
3151 3919 3265 3990 ejus
3298 3930 3374 3974 est
3405 3921 3608 3991 Agnus.

2033 4004 2102 4060 Et
2120 4006 2329 4061 dicetur
2362 4008 2412 4062 ei
2453 4025 2464 4061 :
2500 4007 2623 4063 Non
2650 4009 2896 4062 audietur
2923 4009 3063 4063 ultra
3105 4011 3356 4082 iniquitas
3387 4011 3441 4065 in
3469 4021 3611 4065 terra

2034 4102 2148 4160 tua,
2173 4097 2385 4150 vastitas
2416 4107 2462 4150 et
2487 4097 2728 4152 contritio
2753 4099 2806 4152 in
2827 4100 3060 4155 terminis
3091 4102 3213 4166 tuis,
3263 4111 3311 4155 et
3342 4103 3612 4172 occupabit

2033 4182 2178 4239 salus
2215 4203 2392 4240 muros
2420 4196 2558 4254 tuos,
2602 4197 2650 4242 et
2678 4198 2848 4259 postes
2889 4199 3007 4244 tuas
3039 4191 3296 4246 laudatio.
3370 4192 3494 4246 Non
3514 4193 3613 4247 erit

2035 4276 2129 4330 tibi
2157 4277 2384 4349 amplius
2411 4279 2490 4335 sol
2527 4281 2595 4335 ad
2620 4281 2897 4338 lucentium
2918 4302 3010 4356 per
3043 4287 3198 4352 diem,
3252 4305 3344 4342 nec
3369 4287 3616 4358 splendor

2035 4368 2176 4424 luna:
2213 4369 2527 4426 illuminabit
2547 4383 2636 4438 te;
2693 4375 2785 4428 sed
2811 4378 2906 4430 erit
2950 4379 3045 4432 tibi
3075 4379 3332 4434 Dominus
3361 4381 3415 4434 in
3445 4379 3615 4434 lucem

1961 4494 2012 4554 υ
2037 4461 2422 4532 sempiternam,
2454 4474 2501 4518 et
2523 4463 2664 4520 Deus
2690 4477 2810 4523 tuus
2837 4469 2892 4522 in
2916 4469 3328 4544 gloriam'tuam.
3379 4471 3503 4526 Non
3529 4490 3616 4526 oc—

2037 4553 2172 4608 cidet
2201 4553 2342 4608 ultra
2366 4555 2446 4609 sol
2475 4566 2614 4622 tuus,
2671 4569 2717 4613 et
2761 4559 2888 4615 luna
2915 4572 3007 4616 tua
3034 4580 3135 4618 non
3163 4565 3459 4620 minuetur:
3490 4565 3614 4636 quia

2037 4643 2294 4699 Dominus
2344 4648 2443 4701 erit
2483 4647 2577 4703 tibi
2600 4650 2654 4704 in
2693 4649 2861 4705 lucem
2887 4654 3275 4724 sempiternam,
3313 4664 3360 4708 et
3391 4655 3616 4726 comple—

2040 4738 2233 4792 buntur
2268 4739 2377 4794 dies
2423 4739 2592 4796 luctus
2631 4744 2727 4797 tui.
2796 4741 3032 4814 Populus
3076 4755 3249 4799 autem
3284 4755 3404 4800 tuus
3440 4765 3616 4802 omnes

2030 4830 2188 4900 justi,
2214 4833 2267 4886 in
2286 4844 2592 4903 perpetuum
2609 4835 2988 4890 htereditabunt
3013 4847 3225 4892 terram.
3276 4837 3344 4892 Et
3374 4840 3615 4894 videbunt

2039 4931 2213 4992 gentes
2237 4923 2446 4994 justum
2491 4935 2661 4992 tuum,
2700 4935 2747 4980 et
2773 4928 2944 4980 cuncti
2977 4944 3116 4998 reges
3145 4928 3396 4999 inclytum
3421 4939 3567 4983 tuum
3596 4948 3615 4994 ;

2040 5022 2090 5067 et
2115 5014 2383 5069 vocabitur
2409 5016 2502 5069 tibi
2528 5033 2716 5070 nomen
2753 5034 2962 5084 novum,
3010 5019 3148 5090 quod
3187 5036 3243 5074 os
3277 5019 3490 5074 Domini
3520 5036 3616 5074 no-

2041 5105 2277 5159 minavit.
2333 5104 2403 5159 Et
2437 5107 2541 5160 eris
2571 5123 2764 5161 corona
2799 5108 2981 5178 gloria:
3011 5111 3065 5164 in
3103 5128 3261 5164 manu
3291 5110 3519 5174 Domini,
3569 5121 3616 5164 et

2043 5195 2286 5250 diadema
2311 5199 2456 5266 regni
2484 5197 2537 5250 in
2559 5215 2718 5252 manu
2746 5197 2842 5252 Dei
2873 5201 2971 5254 tui.
3038 5199 3163 5256 Non
3194 5202 3457 5256 vocaberis
3479 5201 3617 5256 ultra

2042 5283 2288 5340 derelicta
2306 5325 2321 5351 ,
2353 5296 2401 5339 et
2421 5295 2562 5340 terra
2584 5298 2673 5341 tua
2700 5305 2803 5342 non
2819 5289 3090 5344 vocabitur
3103 5291 3330 5362 amplius
3351 5292 3620 5357 desolata;

2043 5376 2133 5432 sed
2163 5376 2423 5432 vocaberis
2453 5378 2691 5436 voluntas
2717 5399 2830 5436 mea
2854 5383 2909 5436 in
2932 5401 3011 5447 ea,
3039 5394 3088 5438 et
3118 5394 3259 5438 terra
3286 5395 3377 5438 tua
3408 5385 3620 5440 inhabi-

2044 5480 2156 5524 tata
2171 5487 2190 5536 ;
2215 5473 2341 5542 quia
2366 5473 2678 5543 complacuit
2712 5474 2936 5530 Domino
2966 5479 3110 5540 inte,
3135 5487 3182 5532 et
3206 5487 3347 5530 terra
3363 5487 3456 5531 tua
3476 5476 3624 5531 inha-

2047 5562 2312 5617 bitabitur.
2365 5563 2637 5619 Habitabit
2672 5568 2810 5622 enim
2823 5567 3032 5636 juvenis
3064 5586 3179 5621 cum
3202 5569 3415 5638 virgine,
3459 5578 3506 5622 et
3529 5568 3625 5622 ha-

2047 5655 2279 5710 bitabant
2303 5657 2358 5710 in
2377 5666 2425 5710 te
2451 5657 2550 5725 ﬁlii
2572 5659 2669 5712 tui.
2688 5657 2754 5711 Et
2782 5659 3024 5728 gaudebit
3054 5677 3272 5729 sponsus
3296 5676 3452 5729 super
3475 5676 3622 5730 spon-

2047 5763 2182 5813 sam,
2214 5758 2260 5802 et
2289 5749 2532 5819 gaudebit
2551 5767 2706 5821 super
2732 5761 2780 5805 te
2805 5751 2942 5805 Deus
2982 5761 3122 5805 tuus.
3179 5752 3301 5805 Non
3333 5751 3545 5804 intrabit
3571 5751 3626 5804 in
