3962 6180
345 272 448 326 273

1480 263 1714 321 SERMO
1751 263 1839 318 DE
1878 263 2054 317 FlDEl
2094 261 2457 319 VERITATE.

3474 267 3579 323 274

342 398 456 437 eam
486 378 686 438 aliquid
711 377 1126 447 coinquinatum,
1155 383 1202 428 et
1253 375 1450 444 faciens
1478 375 1914 429 abominationem
1943 375 1990 432 A
2017 374 2413 428 suntmationem
2450 384 2748 428 sanctorum
2776 377 2832 429 in
2876 391 3002 446 opus
3041 375 3345 441 ministerii,
3375 379 3429 432 in
3457 378 3590 433 a'di—

341 484 391 525 et
412 466 740 523 mendatium
759 479 777 516 :
799 481 901 520 nec
923 464 1084 518 fatua:
1114 462 1371 533 virgines,
1393 477 1512 531 qum
1537 477 1642 516 non
1674 473 1914 530 sumpse-

344 572 465 617 runt
493 563 671 616 oleum
698 573 914 613 secum:
946 558 1046 611 nisi
1068 556 1160 624 qui
1187 554 1373 623 scripti
1404 563 1527 609 sunt
1554 555 1606 608 in
1635 553 1772 607 libro
1791 553 1914 606 vita:

341 653 495 723 Agni,
515 660 570 706 et
596 649 895 719 regnabant
924 647 978 700 in
1008 645 1202 701 saecula
1225 645 1566 700 smculorum.

413 739 540 794 VIII.
571 739 700 792 llam
722 736 980 807 praeclara
1029 735 1336 789 testimonia
1383 745 1582 790 sancta:
1613 732 1909 804 Scriptura:

341 831 631 885 ostendunt
677 830 941 882 unitatem
991 834 1046 881 et
1073 825 1434 895 aequalitatem
1473 826 1709 880 sedentis
1753 840 1916 894 super

343 923 592 976 thronum
621 927 676 974 et
700 919 858 989 Agni,
911 917 1088 971 Patris
1135 917 1390 971 videlicet
1439 923 1493 970 et
1526 915 1668 980 Filii,
1709 931 1830 970 cum
1860 924 1915 970 et

337 1028 476 1065 unus
506 1011 708 1065 dicitur
741 1009 859 1063 dies
892 1022 1118 1078 magnus
1145 1008 1240 1061 ira:
1267 1007 1526 1077 ipsorum.
1553 1007 1748 1061 Mans-it
1768 1008 1912 1061 enim

336 1102 560 1172 mqualis
616 1101 787 1163 Patri,
821 1099 1005 1154 etiam
1055 1106 1343 1168 postquam
1396 1097 1571 1153 factus
1623 1106 1708 1153 est
1736 1098 1914 1152 minor

336 1193 517 1247 Patre.
549 1191 704 1247 Unde
733 1197 788 1244 et
809 1188 1000 1243 Patres
1035 1187 1232 1252 sancti,
1267 1187 1514 1242 doctores
1539 1186 1786 1242 videlicet
1814 1186 1915 1240 Ee-

335 1283 539 1347 clesize,
570 1282 624 1336 in
679 1278 1004 1334 brevissimo
1050 1278 1252 1348 hymno
1297 1291 1457 1345 quem
1481 1275 1730 1342 Psalmis,
1759 1277 1912 1330 Anti-

335 1372 530 1441 phonis
578 1379 636 1425 et
691 1367 1073 1438 Responsoriis
1125 1367 1522 1437 subiungimus,
1583 1367 1910 1420 cantandum

335 1462 702 1516 tradiderunt:
731 1456 914 1512 Gloria
943 1455 1116 1521 Patri,
1137 1466 1185 1511 et
1203 1455 1361 1520 Filia,
1378 1465 1426 1510 et
1451 1455 1673 1525 Spiritui
1695 1463 1911 1517 sancta;

331 1553 472 1604 sicut
502 1558 613 1603 erat
638 1549 691 1601 in
714 1548 990 1619 principio,
1018 1554 1068 1599 et
1097 1561 1256 1610 nunc,
1306 1555 1355 1599 et
1380 1561 1600 1615 semper,
1632 1553 1682 1598 et
1707 1546 1764 1598 in
1813 1561 1912 1599 ste-

331 1640 458 1694 cula
513 1637 838 1693 sucularum.
871 1637 1088 1691 Etcum
1132 1635 1290 1690 electi
1311 1651 1379 1690 ex
1413 1636 1665 1691 omnibus
1699 1636 1912 1706 populis

2016 461 2316 529 fieatianem
2350 464 2582 534 corporis
2612 464 2832 530 Christi,
2863 466 3025 520 donec
3051 483 3387 522 occurramus
3416 485 3594 523 omnes

2016 552 2071 604 in
2121 553 2370 606 unitatem
2406 554 2531 622 ﬁdei
2571 565 2620 608 et
2667 556 2984 626 agnitionem
3020 555 3153 610 Filii
3188 557 3286 612 Dei
3323 558 3378 612 in
3425 559 3593 612 virum

2015 641 2322 710 perfectum,
2365 644 2421 697 in
2456 661 2754 700 mensuram
2780 647 2950 701 wtatis
2984 646 3323 717 plenitudinis
3361 647 3591 716 Christi;

2017 737 2073 781 ut
2099 729 2219 797 jam
2255 745 2359 784 nan
2384 731 2548 785 simus
2574 733 2780 802 parvuli
2815 733 3147 801 fluctuantes,
3176 744 3223 788 et
3252 735 3592 805 circumfera-

2015 836 2135 872 mur
2172 823 2314 875 omni
2355 832 2501 876 vento
2543 823 2797 876 doctrina:
2838 823 2893 877 in
2931 825 3160 895 nequitia
3198 826 3495 891 hominum,
3536 829 3594 881 in

2016 912 2212 966 astutia
2240 913 2310 966 ad
2335 914 2824 968 circumventionem
2851 916 3067 969 erroris.
3103 913 3384 970 Veritatem
3415 925 3589 971 autem

2016 999 2262 1068 facientes
2306 1001 2361 1055 in
2404 1001 2682 1066 charitate,
2719 1018 3012 1057 crescamus
3043 1004 3098 1056 in
3135 1002 3227 1057 illo
3251 1019 3345 1073 per
3381 1005 3590 1068 omnia,

2013 1091 2102 1160 qui
2139 1101 2214 1145 est
2245 1101 2400 1161 caput
2442 1089 2679 1146 Christus
2702 1109 2721 1146 :
2757 1093 2910 1163 cujus
2950 1103 3114 1148 totum
3150 1111 3339 1165 corpus
3375 1111 3590 1165 campa—

2015 1189 2153 1235 ctum
2197 1197 2289 1251 per
2339 1197 2543 1234 omnem
2581 1181 2893 1251 juncturam
2940 1182 3468 1248 subministratianis,
3505 1199 3590 1238 se-

2014 1271 2243 1326 cundum
2306 1272 2656 1341 operationem
2706 1272 2762 1326 in
2823 1287 3122 1327 mensuram
3180 1273 3592 1342 uniuscujusque

2013 1360 2252 1425 membri,
2287 1370 2625 1430 augmentum
2653 1363 2885 1432 corporis
2927 1362 3056 1431 facit
3096 1363 3150 1415 in
3190 1362 3591 1432 adificationem

2012 1448 2095 1501 sui
2121 1450 2175 1506 in
2197 1449 2474 1504 charitate.
2499 1450 2566 1504 Et
2593 1451 2792 1506 iterum
2817 1470 2831 1506 :
2863 1449 3033 1522 Caput
3063 1468 3128 1506 ea;
3155 1468 3258 1522 qua
3284 1460 3451 1506 totum
3471 1469 3592 1507 car-

2012 1555 2132 1607 pus,
2177 1555 2270 1609 per
2309 1556 2470 1594 nexus
2511 1549 2559 1594 et
2607 1540 3001 1610 canjunctiones
3045 1541 3495 1597 subministratum
3540 1552 3588 1595 et

2012 1636 2388 1696 constructum,
2412 1630 2597 1684 crescit
2619 1630 2673 1684 in
2695 1640 3047 1700 augmentum.
3072 1631 3141 1687 Et
3159 1631 3265 1686 alio
3291 1632 3408 1687 loco
3432 1649 3446 1686 :
3473 1629 3590 1686 Satn

333 1741 386 1786 er
413 1730 616 1800 linguis
643 1737 787 1782 stare
811 1727 1065 1782 dicuntur
1091 1735 1219 1781 ante
1243 1726 1496 1781 thronum
1533 1727 1586 1781 in
1612 1738 1906 1797 conspecm
1935 1721 1982 1779 B
2009 1715 2147 1770 licite
2174 1727 2372 1772 servate
2399 1719 2651 1772 unitatem
2675 1720 2890 1789 spiritus
2918 1720 2971 1773 in
2994 1719 3200 1775 vinculo
3224 1721 3387 1790 pacis.
3415 1718 3590 1774 Unum

335 1819 498 1891 Agni,
521 1830 578 1874 et
603 1833 709 1872 una
738 1817 886 1872 salus
914 1823 1164 1871 cantatur
1187 1817 1236 1871 ei
1261 1817 1350 1886 qui
1378 1817 1531 1872 sedet
1573 1831 1737 1886 super
1762 1817 1912 1872 thro-

332 1926 462 1964 num
491 1918 548 1963 et
572 1908 747 1979 Agna,
783 1916 840 1962 et
862 1911 1062 1978 pariter
1090 1907 1398 1962 illuminant
1425 1907 1702 1962 civitatem
1723 1923 1908 1962 suam:

331 2004 434 2057 hoc
462 2003 640 2072 ipsum
659 2001 981 2066 ostenditur,
1012 2008 1073 2054 ut
1097 2000 1333 2055 sciamus
1358 2015 1524 2053 unum
1553 2013 1675 2054 esse
1695 1999 1912 2053 Patrem

330 2105 384 2150 at
413 2094 634 2159 Filium,
673 2095 837 2148 etiam
889 2101 1177 2164 postquam
1204 2093 1383 2146 minor
1425 2092 1620 2157 factus,
1651 2091 1912 2146 obediens

333 2189 546 2243 exstitit
588 2201 758 2256 usque
809 2187 878 2241 ad
919 2193 1172 2250 mortem,
1224 2193 1454 2241 mortem
1503 2194 1682 2239 autem
1714 2184 1910 2240 crucis.

333 2280 564 2350 Propter
586 2279 725 2350 quod
754 2279 894 2332 Deus
913 2276 1064 2330 illum
1099 2275 1368 2342 exultavit,
1392 2286 1440 2330 et
1467 2276 1679 2330 donavit
1711 2274 1791 2329 illi
1822 2291 1916 2329 no-

333 2391 472 2438 men,
501 2371 641 2443 quod
669 2379 744 2424 est
764 2386 920 2439 super
949 2384 1097 2422 omne
1125 2383 1342 2432 nomen;
1380 2376 1437 2420 ut
1467 2367 1523 2420 in
1550 2365 1758 2419 nomine
1783 2365 1914 2419 Iesu

333 2480 488 2517 omne
509 2479 642 2533 genu
667 2464 924 2531 flectatur,
944 2457 1245 2522 antestium,
1261 2457 1604 2519 terrestrium,
1623 2463 1672 2509 et
1685 2454 1914 2522 inferna-

332 2571 476 2618 rum,
508 2562 557 2606 et
579 2553 746 2606 omnis
779 2551 957 2620 lingua
983 2549 1318 2620 confiteatur,
1362 2549 1485 2620 quia
1521 2547 1776 2601 Dominus
1819 2545 1914 2601 Je-

329 2659 422 2697 sus
450 2639 693 2696 Christus
714 2642 770 2694 in
795 2639 965 2711 gloria
991 2649 1068 2694 est
1094 2638 1191 2693 Dei
1221 2637 1419 2692 Patris.
1474 2637 1721 2693 Ostendit
1751 2636 1917 2692 etiam

330 2742 503 2804 caput
548 2732 844 2786 exaltatum
883 2732 950 2786 ad
1003 2739 1260 2800 quantam
1311 2730 1699 2786 sublimitatem
1738 2728 1917 2783 elevat

331 2841 539 2894 corpus
574 2839 748 2887 suum,
772 2830 826 2878 et
852 2823 1114 2877 unitatem
1142 2822 1338 2891 capitis
1365 2829 1420 2876 et
1442 2820 1705 2890 corporis,
1729 2821 1915 2890 sponsi

329 2915 595 2971 videlicet
627 2922 684 2968 et
711 2927 943 2982 sponsae.
973 2913 1126 2968 Unde
1157 2912 1357 2966 dicitur
1383 2930 1396 2965 :
1431 2910 1616 2965 Induit
1645 2927 1728 2964 me
1764 2911 1916 2965 vesti-

331 3007 528 3061 mentis
549 3004 758 3070 salutis,
796 3014 846 3060 et
880 3003 1184 3058 indumento
1204 3003 1430 3072 justitite
1474 3001 1815 3056 circumdedit
1833 3017 1917 3056 me

2011 1821 2219 1875 corpus,
2249 1815 2297 1860 et
2333 1823 2468 1861 unus
2493 1809 2728 1878 spiritus,
2765 1811 2900 1864 sicut
2941 1811 3108 1863 vocati
3137 1810 3258 1864 estis
3286 1811 3342 1866 in
3370 1826 3477 1865 una
3503 1827 3591 1881 spe

2011 1897 2296 1952 vocationis
2329 1908 2526 1954 vestrae.
2577 1897 2725 1955 Unus
2770 1901 3048 1965 Dominus,
3084 1918 3193 1958 una
3227 1901 3381 1970 ﬁdes,
3427 1918 3589 1956 unum

2013 1985 2287 2057 baptism.
2318 1987 2465 2044 Unus
2493 1989 2635 2044 Deus
2663 2001 2738 2045 est
2762 1999 2810 2045 et
2844 1991 3004 2046 Pater
3029 1993 3291 2058 omnium,
3318 1992 3408 2062 qui
3432 2008 3588 2062 super

2014 2095 2210 2144 omnes,
2248 2089 2296 2134 et
2314 2097 2416 2152 .per
2454 2082 2650 2147 omnia,
2692 2091 2742 2135 et
2782 2083 2836 2136 in
2867 2082 3105 2138 omnibus
3139 2083 3304 2136 nobis.
3345 2081 3478 2137 Item
3521 2083 3588 2135 de

2013 2169 2220 2224 unitate
2264 2169 2670 2228 membrorum:
2703 2171 2850 2227 Sicut
2893 2175 3029 2228 enim
3065 2189 3250 2243 corpus
3286 2190 3446 2228 unum
3480 2184 3586 2238 est,

2015 2260 2208 2330 inquit,
2233 2270 2282 2315 et
2306 2262 2535 2317 membra
2562 2263 2714 2318 habet
2745 2265 2932 2330 multa,
2956 2266 3132 2320 omnia
3156 2275 3330 2319 autem
3355 2265 3586 2320 membra

2014 2349 2246 2420 corporis
2291 2367 2409 2404 cum
2456 2353 2558 2406 sint
2589 2352 2785 2418 multa,
2826 2370 2987 2406 unum
3028 2370 3214 2424 corpus
3251 2363 3406 2420 sunt;
3437 2355 3514 2409 ita
3538 2366 3588 2409 et

2015 2437 2274 2494 Christus.
2307 2439 2514 2494 Etenim
2542 2442 2597 2495 in
2623 2458 2727 2496 una
2760 2441 2961 2512 Spiritu
2997 2459 3172 2497 omnes
3201 2459 3292 2497 nos
3321 2444 3377 2498 in
3422 2460 3584 2498 unum

2014 2544 2202 2598 corpus
2228 2528 2476 2599 baptisati
2505 2546 2708 2596 sumus,
2735 2532 2841 2586 sive
2867 2531 3066 2597 Juda'i,
3093 2533 3200 2588 sive
3219 2532 3456 2603 gentiles,
3483 2534 3590 2588 sive

2015 2616 2293 2682 servi,sive
2320 2615 2488 2684 liberi,
2503 2626 2552 2671 et
2569 2634 2744 2672 amnes
2759 2619 2813 2671 in
2829 2635 2934 2671 una
2955 2617 3160 2688 Spiritu
3186 2619 3351 2690 potati
3381 2635 3584 2675 sumus.

2020 2705 2161 2760 Nam
2190 2722 2376 2778 corpus
2403 2723 2507 2760 non
2539 2717 2614 2761 est
2642 2723 2802 2760 unum
2828 2705 3134 2772 membrum,
3163 2707 3252 2761 sed
3277 2705 3464 2761 multa.

2086 2818 2154 2872 Χ.
2192 2818 2345 2886 Quod
2386 2827 2567 2874 autem
2598 2818 2854 2874 mediatio
2902 2818 3215 2874 mediatoris
3265 2818 3359 2874 Dei
3389 2829 3444 2873 et
3489 2820 3592 2873 ho~

2017 2910 2219 2965 minum
2249 2909 2460 2966 Domini
2504 2911 2677 2966 nostri
2722 2909 2850 2966 Jesu
2881 2909 3081 2967 Christi
3111 2910 3402 2982 conjungat
3443 2909 3592 2967 Patri

2017 3016 2236 3057 omnem
2261 3000 2489 3056 electam
2512 3008 2842 3068 creaturam,
2868 2999 2942 3054 ita
2973 3009 3034 3054 ut
3058 3000 3162 3055 ista
3190 2999 3446 3056 inell'abili
3475 3001 3596 3056 nni-

331 3098 492 3170 qnasi
511 3064 760 3167 sponsum
788 3095 1092 3148 decoratum
1116 3064 1309 3147 corona
1335 3134 1350 3157 ,
1397 3102 1443 3147 et
1471 3093 1624 3160 quasi
1672 3109 1915 3163 sponsam
1942 3064 1986 3126 Ε
2019 3099 2129 3147 tate
2153 3091 2398 3162 spiritus,
2427 3091 2574 3146 nulla
2599 3091 2671 3146 sit
2694 3064 2982 3148 diversitas
3009 3093 3248 3162 generis,
3270 3092 3595 3148 conditionis

333 3197 586 3244 ornatam
612 3185 895 3240 monilibus
917 3187 1048 3239 suis.
1113 3184 1184 3239 Se
1220 3185 1366 3238 enim
1396 3183 1534 3239 dixit
1555 3197 1835 3252 sponsum,
1858 3196 1918 3237 se

332 3294 618 3350 sponsam.
645 3277 772 3332 Haec
797 3283 943 3330 tanta
968 3276 1147 3331 unitas
1188 3283 1272 3329 est
1300 3273 1430 3329 illud
1459 3272 1836 3328 inaestimabile
1860 3279 1917 3327 et

336 3370 614 3428 ineffabile
638 3369 861 3433 bonum,
885 3369 1028 3439 quod
1057 3384 1158 3423 nec
1204 3367 1394 3423 oculus
1433 3366 1588 3432 vidit,
1626 3381 1728 3422 nec
1767 3366 1918 3422 auris

336 3461 571 3525 audivit,
597 3476 698 3517 nec
717 3461 772 3514 in
795 3475 890 3514 cor
902 3458 1137 3513 hominis
1158 3456 1418 3521 ascendit,
1442 3456 1584 3525 quod
1597 3455 1918 3525 praeparavit

337 3552 487 3606 Deus
510 3549 861 3620 diligentibus
890 3563 976 3614 se;
1003 3563 1123 3603 cum
1143 3546 1326 3617 Agnus
1339 3547 1426 3601 ille
1444 3554 1529 3601 est
1547 3560 1776 3616 sponsus
1795 3561 1918 3614 gre-

336 3644 417 3712 gis
438 3641 548 3703 sui,
573 3651 760 3710 pastor
773 3640 953 3694 ovium
979 3655 1227 3704 suarum;
1252 3647 1308 3693 et
1321 3638 1412 3708 qui
1432 3646 1518 3693 est
1535 3653 1704 3708 agnus
1725 3637 1778 3690 in
1800 3652 1920 3706 pas-

339 3742 518 3805 sione,
543 3739 628 3794 leo
651 3739 704 3792 in
725 3736 1143 3800 resurreCtioue,
1170 3734 1346 3804 aquila
1361 3733 1414 3787 in
1429 3732 1764 3795 ascensione,
1782 3730 1920 3799 lapis

338 3845 560 3899 quoque
587 3827 880 3898 angularis,
929 3827 1172 3897 lupisque
1200 3825 1470 3881 abscissus
1505 3824 1572 3878 de
1601 3829 1778 3876 monte
1803 3823 1922 3876 sine

342 3921 617 3985 inanibus,
654 3928 710 3974 et
765 3919 940 3975 factus
969 3927 1053 3974 est
1105 3933 1260 3972 muns
1289 3931 1516 3986 magnus
1544 3912 1772 3982 implens
1799 3925 1920 3965 om-

341 4026 470 4068 nem
501 4021 724 4066 terram.
755 4010 867 4065 Hoc
894 4021 977 4065 est
1019 4024 1240 4078 regnum
1265 4007 1408 4076 quod
1437 4007 1492 4060 in
1522 4013 1786 4060 aeternum
1815 4017 1923 4057 non

341 4101 717 4171 dissipabitur,
750 4107 805 4154 et
839 4099 1034 4169 populo
1054 4098 1211 4152 alteri
1243 4112 1350 4151 non
1371 4096 1637 4159 tradetur,
1667 4100 1722 4149 et
1746 4093 1922 4163 ipsum

341 4192 511 4246 stabit
539 4193 593 4245 in
620 4199 900 4244 :eternum.
931 4190 1006 4243 De
1029 4190 1132 4244 hac
1160 4189 1364 4242 unitate
1391 4195 1447 4241 et
1469 4185 1725 4242 inell‘abili
1751 4185 1920 4242 subli-

343 4285 541 4337 mitate
568 4282 762 4352 capitis
785 4290 842 4336 et
893 4280 1134 4349 corporis
1181 4294 1280 4347 per
1303 4277 1579 4332 Danielem
1607 4277 1923 4346 praphetam

343 4375 587 4428 dicitur:
631 4371 954 4442 Aspiciebam
989 4371 1046 4424 in
1079 4371 1275 4424 visione
1315 4369 1524 4434 noctis;
1569 4380 1616 4422 et
1659 4385 1774 4423 ecce
1803 4384 1922 4422 cum
1947 4407 2000 4465 D

345 4464 574 4518 nubibus
602 4461 714 4515 cmli
734 4461 886 4532 quasi
905 4460 1047 4530 ﬁlius
1068 4460 1292 4513 hominis
1316 4459 1567 4523 veniebat,
1592 4471 1638 4512 et
1671 4474 1832 4527 usque
1852 4457 1922 4510 ad

345 4554 626 4623 antiquum
651 4551 856 4605 dierum
883 4551 1109 4621 pervenit
1135 4566 1154 4614 ;
1209 4559 1260 4604 et
1287 4549 1344 4603 in
1395 4560 1664 4620 conspectu
1692 4549 1806 4619 ejus
1835 4549 1924 4603 ob-

347 4646 585 4701 tulerunt
611 4660 763 4709 eum;
794 4653 842 4698 et
887 4642 1027 4698 dedit
1057 4644 1104 4697 ei
1140 4651 1466 4713 potestatem,
1493 4651 1539 4696 et
1569 4642 1838 4706 honorem,
1877 4648 1924 4694 et

351 4752 605 4806 regnum;
628 4744 676 4788 et
705 4750 881 4788 omnes
899 4733 1098 4803 populi,
1129 4733 1320 4800 tribus,
1350 4743 1398 4787 et
1444 4731 1638 4802 lingula
1676 4733 1773 4801 ipsi
1817 4747 1926 4786 ser-

350 4831 522 4890 rient;
554 4836 780 4897 potestas
800 4826 936 4896 ejus,
959 4834 1186 4895 potestas
1205 4836 1424 4889 (eterna,
1453 4841 1568 4896 quae
1596 4841 1699 4878 non
1721 4824 1927 4893 aufere-

349 4931 472 4981 tur;
501 4928 551 4970 et
581 4933 796 4986 regnum
825 4917 962 4986 ejus,
985 4916 1126 4986 quod
1156 4932 1260 4969 non
1291 4923 1671 4984 corrumpetur.

418 5008 511 5062 IX.
545 5008 674 5062 llaec
715 5009 896 5062 unitas
921 5016 974 5061 et
1001 5008 1302 5062 sublimitas
1329 5006 1523 5076 capitis
1562 5013 1619 5058 et
1659 5008 1926 5075 corporis,

349 5116 472 5168 qua:
502 5099 685 5152 futura
714 5107 798 5152 est
827 5098 881 5151 in
912 5098 1092 5166 specie
1116 5105 1170 5152 et
1198 5110 1278 5161 re,
1305 5096 1451 5150 omni
1494 5094 1791 5148 intentione
1819 5095 1932 5163 pie-

351 5193 483 5246 latis
510 5191 626 5259 jam
655 5204 803 5244 nunc
841 5189 1067 5242 tenenda
1104 5197 1187 5242 est
1227 5188 1282 5241 in
1331 5186 1436 5240 ﬁde
1473 5194 1529 5239 et
1559 5186 1610 5240 in
1639 5201 1754 5255 spe.
1784 5184 1933 5239 lianc

352 5282 664 5337 sublimiter
706 5279 1046 5334 commendat
1094 5277 1412 5346 Apostolus,
1455 5291 1578 5331 cum
1625 5277 1798 5330 dicit:
1831 5273 1932 5340 Qui

353 5371 642 5436 descendit,
669 5371 778 5440 ipse
800 5379 897 5433 est,
924 5379 971 5422 et
1001 5368 1090 5438 qui
1120 5369 1348 5422 ascendit
1372 5385 1527 5437 super
1553 5384 1728 5422 omnes
1756 5366 1929 5433 oculos,

357 5473 412 5515 ut
457 5461 696 5532 impleret
735 5461 933 5515 omnia.
983 5459 1048 5513 Et
1095 5460 1202 5529 ipse
1244 5459 1385 5514 dedit
1430 5459 1683 5530 quosdam
1724 5459 1934 5529 quidem

358 5551 644 5620 apostolos,
669 5549 925 5619 quosdam
952 5559 1120 5601 autem
1150 5549 1447 5619 prophetas,
1475 5549 1605 5603 alios
1636 5565 1752 5603 vero
1779 5564 1934 5602 evan-

359 5641 592 5707 qelistas.
626 5639 760 5693 alios
807 5647 979 5692 autem
1017 5647 1247 5705 pastores
1299 5647 1346 5692 et
1386 5638 1640 5702 doctores,
1682 5637 1750 5691 ad
1806 5655 1931 5692 con-

2015 3194 2070 3241 et
2107 3199 2288 3251 sexus,
2333 3185 2428 3240 sed
2461 3191 2572 3239 tam
2599 3198 2668 3239 ex
2702 3183 2929 3254 angelis,
2971 3199 3136 3255 quam
3164 3198 3230 3239 ex
3266 3184 3590 3249 hominibus,

2015 3293 2123 3333 una
2150 3278 2340 3333 domus
2361 3285 2418 3330 et
2444 3291 2551 3331 una
2572 3275 2766 3331 civitas
2791 3275 2887 3330 Dei
2921 3275 3034 3342 llat,
3061 3283 3226 3346 atque
3249 3275 3410 3346 hujus
3432 3283 3598 3331 tantae

2016 3379 2074 3428 et
2101 3379 2214 3427 tam
2241 3370 2504 3426 mirabilis
2528 3369 2754 3426 unitatis
2793 3385 2960 3425 unum
3002 3379 3166 3440 caput
3207 3371 3280 3427 sit
3322 3370 3594 3436 Christus,

2017 3465 2092 3518 ita
2127 3463 2286 3521 docet
2327 3461 2618 3531 Apostolus
2647 3475 2662 3515 :
2696 3460 2875 3516 Nolite
2906 3461 3115 3516 mentiri
3145 3461 3384 3528 invicem,
3413 3479 3598 3534 exspo-

2017 3553 2205 3609 liantes
2232 3570 2321 3608 vos
2359 3560 2579 3608 veterem
2604 3551 2865 3606 hominem
2889 3567 3007 3605 cum
3035 3550 3238 3606 actibus
3274 3551 3410 3621 ejus,
3437 3562 3486 3606 et
3515 3553 3595 3606 in-

2018 3644 2231 3699 duentes
2259 3659 2466 3708 navum,
2490 3659 2610 3697 eum
2634 3644 2724 3715 qui
2751 3652 3030 3697 renovatur
3061 3643 3117 3697 in
3147 3643 3485 3714 agnitionem,
3516 3661 3598 3698 se-

2019 3733 2247 3786 cundum
2285 3733 2564 3802 imaginem
2603 3732 2718 3801 ejus
2753 3732 2845 3802 qui
2873 3732 3064 3786 creavit
3088 3748 3206 3787 eum
3227 3745 3245 3782 :
3275 3731 3361 3785 ubi
3391 3747 3495 3786 non
3520 3741 3595 3786 est

2019 3821 2224 3890 gentilis
2269 3831 2318 3874 et
2351 3821 2594 3885 Judwus,
2640 3822 2784 3874 circa
2839 3822 2965 3875 cisio
2998 3831 3047 3874 et
3087 3823 3430 3893 prwputium,
3459 3820 3598 3876 Bar-

2021 3911 2177 3964 barus
2203 3919 2248 3963 et
2283 3909 2498 3979 Scytha,
2525 3925 2702 3963 servus
2734 3919 2782 3963 et
2821 3907 2970 3974 liber,
2998 3911 3088 3963 sed
3125 3912 3302 3964 omnia
3327 3920 3374 3964 et
3405 3912 3460 3964 in
3483 3927 3598 3966 am-

2022 4000 2171 4053 nibus
2207 3997 2465 4052 Christus.
2493 3999 2559 4052 Et
2600 3998 2795 4052 iterum
2830 4016 2843 4052 :
2891 3997 3199 4069 Quicunque
3237 4000 3289 4057 in
3331 3997 3598 4056 Christum

2023 4089 2270 4159 baptizati
2295 4089 2438 4154 estis,
2474 4086 2736 4142 Christum
2777 4088 3041 4146 induistis.
3089 4089 3212 4145 Non
3251 4100 3325 4144 est
3353 4090 3598 4156 Judu'us,

2025 4196 2184 4252 neque
2214 4177 2454 4246 Crtecus;
2488 4197 2593 4236 non
2627 4190 2701 4236 est
2737 4198 2936 4247 servus,
2983 4197 3146 4252 neque
3185 4181 3346 4246 liber;
3385 4199 3489 4238 non
3521 4195 3598 4237 cst

2023 4270 2306 4335 masculus,
2342 4287 2504 4343 neque
2532 4271 2748 4341 femina.
2775 4270 2965 4326 Omnes
2991 4273 3128 4326 enim
3159 4289 3244 4327 vos
3274 4289 3437 4327 unum
3478 4276 3599 4328 estis

2025 4364 2080 4418 in
2132 4362 2339 4418 Christo
2388 4362 2536 4417 Jesu.
2589 4363 2656 4418 Et
2707 4362 2833 4418 alibi
2874 4377 2890 4417 :
2935 4361 3062 4416 Volo
3109 4375 3282 4418 autem
3323 4381 3411 4419 vos
3467 4364 3602 4419 scire

2024 4452 2162 4523 quod
2185 4453 2352 4507 omnis
2383 4452 2480 4506 viri
2511 4461 2665 4522 caput
2696 4451 2932 4507 Christus
2959 4461 3071 4518 est;
3101 4461 3256 4522 caput
3282 4463 3457 4507 autem
3486 4469 3600 4505 mu-

2024 4544 2186 4610 lieris,
2213 4545 2321 4608 vir;
2350 4552 2505 4615 caput
2532 4560 2649 4598 vero
2673 4543 2891 4609 Christi,
2919 4542 3082 4596 Deus.
3106 4543 3346 4612 itemque
3367 4556 3386 4593 :
3409 4541 3603 4597 Omnia

2024 4637 2158 4692 enim
2189 4646 2356 4692 vestra
2385 4645 2506 4691 sunt
2524 4676 2539 4703 ,
2568 4652 2657 4690 vos
2689 4645 2865 4689 autem
2895 4632 3122 4700 Christi,
3151 4634 3390 4692 Christus
3426 4645 3600 4691 autem

2025 4728 2143 4783 Dei.
2173 4729 2241 4784 Et
2267 4729 2372 4783 alio
2400 4727 2517 4784 loco
2542 4746 2555 4782 :
2584 4726 2724 4792 Quid
2752 4735 2827 4782 est
2855 4727 3028 4796 imago
3053 4725 3149 4781 Dei
3172 4725 3470 4792 invisibilis,
3498 4729 3602 4797 pri-

2024 4819 2314 4889 mogenitus
2343 4819 2510 4873 omnis
2532 4825 2788 4874 creaturis
2811 4833 2830 4874 .°
2860 4817 2987 4888 quia
3024 4816 3086 4874 in
3103 4815 3214 4886 ipso
3241 4815 3454 4870 condita
3481 4825 3603 4870 sunt

2026 4911 2200 4965 omnia
2222 4913 2278 4967 in
2317 4913 2454 4968 ctelis
2484 4922 2532 4968 et
2561 4914 2619 4967 in
2639 4921 2802 4979 terra,
2825 4911 3047 4968 visibilia
3079 4921 3128 4968 et
3160 4909 3462 4976 invisibilia,
3497 4910 3605 4966 sive

2027 5002 2222 5068 throni,
2262 5003 2366 5056 sive
2406 5003 2806 5068 dominationes,
2847 5002 2952 5059 sive
2985 5001 3330 5071 principatus,
3369 4999 3476 5053 sive
3511 5015 3607 5069 po-

2028 5098 2255 5144 testatos.
2289 5090 2480 5146 Omnia
2508 5109 2600 5162 per
2634 5093 2805 5163 ipsum
2842 5103 2888 5146 et
2932 5093 2985 5146 in
3025 5092 3136 5162 ipso
3170 5099 3346 5143 creata
3372 5098 3527 5154 sunt;
3555 5099 3605 5143 et

2029 5183 2138 5251 ipse
2176 5193 2250 5236 est
2281 5195 2401 5237 ante
2443 5199 2640 5249 omnes,
2676 5193 2724 5237 et
2763 5185 2936 5238 omnia
2979 5185 3034 5238 in
3079 5183 3191 5252 ipsa
3229 5191 3492 5236 constant.
3535 5181 3606 5236 Et

2032 5271 2138 5343 ipse
2173 5281 2248 5325 est
2275 5281 2429 5342 caput
2464 5273 2695 5343 corporis
2722 5272 2992 5335 Ecclesiae,
3034 5272 3123 5342 qui
3155 5280 3233 5326 est
3268 5271 3603 5341 principium,

2031 5361 2398 5430 primogenitus
2426 5377 2492 5415 ea:
2519 5363 2760 5428 mortuis,
2800 5372 2855 5415 ut
2882 5363 2948 5415 sit
2979 5362 3031 5415 in
3075 5361 3312 5417 omnibus
3351 5363 3459 5432 ipse
3498 5361 3608 5432 prio

2033 5459 2231 5502 mutum
2257 5459 2431 5504 tenens
2455 5464 2472 5501 :
2503 5452 2626 5522 quia
2650 5453 2706 5505 in
2728 5450 2838 5520 ipso
2868 5450 3178 5520 complacuit
3207 5468 3408 5507 omnem
3442 5451 3608 5522 pleni—

2033 5542 2265 5596 tudinem
2309 5542 2564 5607 habitare,
2595 5553 2642 5596 et
2675 5559 2768 5614 per
2800 5559 2920 5596 eum
2964 5543 3292 5598 reconciliari
3341 5545 3514 5599 omnia
3552 5546 3606 5598 in

2033 5637 2232 5705 ipsum;
2261 5637 2542 5706 paciﬁcans
2566 5653 2658 5705 per
2683 5639 2984 5706 sanguinem
3013 5639 3179 5694 crucis
3202 5638 3336 5708 ejus,
3365 5638 3468 5694 sive
3489 5652 3604 5708 qua:
