3962 6180
314 237 420 292 275

1279 242 1336 297 S.
1377 239 1728 298 AGOBARDI
1769 235 2086 292 EPISCOPI
2124 239 2611 298 LUGDUNENSIS

3487 243 3594 298 22's

311 355 366 406 in
410 352 586 419 terris,
611 353 718 408 sive
743 371 861 424 qua
885 354 940 408 in
974 353 1132 408 caelis.
1161 355 1230 407 Et
1264 355 1500 409 iterum:
1533 354 1670 420 Quia
1707 355 1763 408 in
1791 355 1901 424 ipso
1933 333 1979 391 Α
2008 349 2167 410 malo.
2198 362 2246 406 et
2290 355 2346 408 in
2382 356 2620 410 omnibus
2662 356 2878 426 perfecti
2921 366 3082 411 stare.
3128 355 3276 412 State
3312 375 3436 429 ergo
3477 377 3594 416 suc-

310 443 569 500 inltabitat
597 447 767 499 omnis
804 443 1076 511 plenitudo
1111 443 1404 500 divinitatis
1440 447 1815 515 corporaliter;
1851 458 1901 502 et

309 541 433 595 estis
462 542 518 594 in
544 538 635 594 illo
663 539 863 611 repleti,
887 539 978 610 qui
997 548 1073 594 est
1100 551 1256 612 caput
1290 542 1460 596 omnis
1497 542 1823 611 principatus
1851 549 1901 595 et

309 631 601 701 potestatis.

380 721 470 777 XI.
502 722 608 776 Pro
642 721 746 777 hac
789 719 1048 778 ineffabili
1074 723 1287 780 unitate
1329 726 1442 795 ipse
1485 727 1753 782 mediator
1799 725 1896 782 Dei

309 818 365 866 et
400 811 712 876 hominum,
756 812 902 867 Deus
939 813 1121 879 homo,
1151 812 1400 870 Christus
1439 814 1622 881 Jesus,
1653 823 1899 886 tempore

308 900 577 970 passionis
623 917 735 956 sua:
783 903 995 973 rogavit
1040 903 1288 968 Patrem,
1339 905 1527 960 dicens
1562 923 1574 959 :
1609 904 1896 976 Sanctiﬁca

307 1007 393 1045 eos
423 993 477 1046 in
515 993 748 1047 veritate.
785 992 970 1048 Sermo
1011 1003 1134 1049 tuus
1161 995 1371 1050 veritas.
1406 993 1558 1050 Sicut
1595 1005 1653 1048 tu
1679 1012 1760 1049 me
1799 997 1898 1050 mi-

306 1084 420 1138 sisti
447 1085 504 1139 in
530 1085 804 1151 mundum,
832 1095 881 1140 et
913 1103 1006 1156 ego
1035 1087 1155 1140 misi
1193 1102 1281 1140 eos
1305 1087 1361 1140 in
1388 1086 1663 1140 mundum.
1697 1085 1768 1139 Et
1799 1104 1894 1157 pro

306 1178 383 1232 eis
407 1193 501 1247 ego
528 1177 800 1246 sanctiﬁco
823 1179 1099 1247 meipsum,
1137 1186 1196 1232 ut
1229 1178 1334 1232 sint
1363 1188 1414 1232 et
1439 1179 1540 1250 ipsi
1577 1179 1896 1248 sanctiﬁcati

307 1269 362 1322 in
397 1269 629 1323 veritate.
674 1267 797 1322 Non
833 1283 928 1338 pro
954 1268 1038 1323 his
1077 1279 1256 1324 autem
1292 1286 1418 1340 rogo
1459 1279 1688 1337 tantum,
1726 1271 1818 1325 sed
1848 1279 1894 1325 et

307 1374 402 1427 pro
429 1357 502 1413 eis
538 1359 630 1430 qui
654 1358 905 1413 credituri
943 1369 1065 1414 sunt
1094 1376 1188 1430 per
1221 1361 1435 1414 verbum
1474 1377 1656 1416 eorum
1689 1363 1745 1416 in
1770 1379 1852 1417 me
1874 1379 1897 1419 :

309 1459 364 1503 ut
399 1466 576 1506 omnes
602 1467 768 1506 unum
792 1452 920 1518 sint,
949 1453 1084 1506 sicut
1109 1461 1187 1518 tu,
1212 1452 1392 1519 Pater,
1418 1455 1474 1508 in
1502 1471 1604 1520 me,
1634 1465 1683 1509 et
1719 1473 1812 1527 ego
1837 1458 1892 1511 in

307 1553 382 1604 te,
422 1550 471 1596 et
512 1541 614 1612 ipsi
653 1541 710 1596 in
748 1542 926 1608 nobis,
957 1559 1120 1596 unum
1157 1543 1295 1608 sint;
1332 1553 1390 1597 ut
1417 1545 1644 1600 mundus
1678 1548 1888 1612 credat,

305 1633 430 1702 quia
476 1642 533 1685 tu
565 1649 646 1686 me
679 1633 888 1686 misisti.
930 1631 1000 1687 Et
1032 1650 1125 1704 ego
1165 1632 1479 1700 claritatem,
1514 1651 1672 1706 quam
1701 1636 1894 1692 dedisti

306 1721 452 1786 mihi,
487 1722 606 1775 dedi
634 1723 744 1788 eis;
768 1731 825 1775 ut
863 1724 967 1777 sint
1001 1739 1183 1787 unum,
1226 1723 1363 1778 sicut
1399 1733 1446 1778 et
1475 1741 1568 1780 nos
1599 1742 1761 1780 unum
1802 1745 1892 1782 su-

306 1831 441 1868 mus.
471 1813 582 1885 Ego
608 1816 663 1869 in
701 1816 793 1879 eis,
830 1824 878 1870 et
911 1824 966 1869 tu
1003 1816 1060 1870 in
1087 1831 1203 1883 me;
1243 1825 1300 1871 ut
1327 1817 1431 1872 sint
1463 1822 1810 1874 consummati
1834 1823 1892 1876 in

306 1922 504 1972 unum;
529 1917 577 1961 et
615 1917 892 1978 cognoscat
923 1907 1172 1974 mundus,
1214 1909 1340 1980 quia
1378 1919 1435 1963 tu
1474 1927 1554 1965 me
1597 1911 1805 1976 misisti,
1841 1921 1890 1966 et

305 1997 534 2052 dilexisti
563 2014 674 2064 eos,
710 1997 845 2052 sicut
869 2007 915 2052 et
942 2015 1022 2052 nte
1045 1999 1300 2054 dilexisti.
1339 1997 1521 2067 Pater,
1548 2017 1674 2072 quos
1699 2003 1890 2056 dedisti

304 2091 433 2144 milii
450 2130 466 2156 ,
496 2088 613 2145 volo
641 2099 699 2144 ut
727 2090 814 2144 ubi
842 2107 936 2162 ego
963 2106 1097 2154 sum,
1133 2101 1183 2144 et
1219 2091 1302 2146 illi
1330 2093 1433 2146 sint
1459 2109 1692 2156 mecum;
1720 2104 1778 2148 ut
1817 2095 1893 2148 vi-

303 2183 458 2236 deant
494 2179 787 2235 claritatem
829 2197 1023 2246 meam,
1053 2198 1212 2252 quam
1237 2182 1431 2237 dedisti
1458 2184 1622 2247 mihi;
1661 2184 1783 2254 quia
1813 2185 1893 2239 di-

303 2272 477 2326 lexisti
503 2287 585 2326 me
611 2281 733 2326 ante
766 2273 1184 2326 constitutionem
1210 2272 1412 2326 mundi.
1458 2273 1682 2339 Quando
1710 2284 1891 2330 autem

303 2357 613 2432 perﬁcietur
642 2361 746 2416 ista
777 2369 927 2415 tanta
968 2369 1023 2416 et
1065 2371 1174 2417 tam
1208 2362 1456 2420 sublimis
1499 2367 1703 2432 unitas,
1747 2367 1894 2436 Αροο

304 2451 478 2509 ειοὶιιέ
496 2453 910 2525 diligentissime
935 2455 1193 2521 ostendit,
1219 2456 1405 2512 dicens
1431 2477 1442 2511 :
1471 2456 1615 2513 Sicut
1639 2461 1694 2513 in
1721 2458 1892 2513 Adam

303 2561 480 2600 omnes
532 2547 853 2612 moriuntur,
879 2546 955 2600 ita
999 2556 1048 2601 et
1096 2548 1152 2602 in
1191 2547 1399 2603 Christo
1436 2567 1612 2604 omnes
1657 2550 1891 2619 viviﬁca-

302 2637 530 2704 buntur;
561 2639 916 2710 unusquisque
945 2648 1120 2694 autem
1161 2641 1218 2694 in
1258 2657 1356 2694 suo
1401 2641 1606 2706 ordine,
1645 2642 1893 2712 primitiae

209 2785 222 2798 ,
303 2726 562 2795 Christus,
605 2730 794 2785 deinde
828 2730 882 2785 hi
918 2731 1009 2803 qui
1043 2741 1164 2786 sunt
1194 2728 1411 2798 Christi,
1445 2735 1536 2804 qui
1567 2735 1620 2788 in
1664 2733 1892 2787 adventu

301 2819 416 2888 ejus
441 2819 797 2875 crediderunt.
822 2820 1026 2876 Deinde
1053 2821 1198 2891 finis,
1222 2839 1341 2876 cum
1368 2823 1647 2877 tradiderit
1675 2840 1892 2894 regnum

300 2911 415 2967 Deo
460 2921 510 2968 et
551 2912 726 2980 Patri,
755 2930 875 2968 cum
903 2915 1227 2970 evacuaverit
1259 2931 1466 2976 omnem
1505 2916 1855 2987 principatum
1874 2957 1889 2981 ,

301 3012 349 3056 et
392 3012 729 3074 potestatem,
779 3013 828 3058 et
863 3003 1124 3059 virtutem.
1159 3003 1374 3076 Oportet
1410 3013 1583 3058 autem
1625 3005 1777 3058 illum
1813 3022 1891 3058 re-

302 3112 484 3169 gnare,
505 3095 668 3150 donec
687 3105 848 3166 ponat
867 3095 1108 3150 inimicos
1125 3111 1248 3149 suos
1268 3094 1363 3149 sub
1385 3095 1600 3166 pedibus
1619 3095 1753 3167 ejus.
1780 3095 1894 3150 No-

305 3191 514 3245 rissima
542 3198 716 3243 autem
759 3188 973 3242 inimica
1020 3185 1320 3240 destruetur
1343 3204 1502 3240 mors.
1535 3185 1724 3241 Omnia
1755 3188 1892 3241 enim

303 3281 522 3350 subjecit
549 3279 645 3332 sub
668 3279 885 3348 pedibus
909 3278 1044 3347 ejus.
1067 3277 1136 3332 Et
1165 3279 1362 3332 iterum
1389 3297 1400 3332 :
1429 3277 1565 3332 Ecce
1586 3280 1892 3348 mysterium

303 3373 440 3426 vobis
468 3373 606 3426 dico.
634 3371 828 3426 Omnes
851 3371 1058 3442 quidem
1087 3389 1436 3444 resurgemus,
1469 3374 1560 3428 sed
1587 3390 1691 3428 non
1713 3390 1890 3427 omnes

302 3464 717 3517 immutabimur.
742 3461 811 3517 In
833 3473 1113 3530 momento,
1135 3464 1189 3517 in
1213 3465 1320 3518 ictu
1340 3464 1503 3531 oculi,
1529 3466 1584 3519 in
1606 3467 1890 3520 novissima

304 3555 451 3610 tuba.
480 3553 646 3610 Canet
665 3555 804 3610 enim
825 3553 974 3621 tuba,
995 3563 1042 3611 et
1063 3554 1256 3610 mortui
1284 3565 1551 3627 resurgent
1576 3556 1888 3626 incorrupti,

301 3655 352 3700 et
391 3662 486 3701 nos
523 3645 941 3700 immutabimur.
985 3643 1201 3717 Oportet
1237 3646 1375 3700 enim
1419 3644 1756 3716 corruptibile
1793 3644 1890 3700 hoc

301 3736 522 3792 induere
553 3737 1028 3808 incorruptionem,
1061 3747 1110 3792 et
1147 3735 1368 3792 mortale
1407 3738 1504 3792 hoc
1545 3738 1763 3793 induere
1792 3737 1892 3791 im-

304 3827 700 3883 mortalitatem.
718 3824 850 3883 Cum
865 3838 1039 3883 autem
1060 3827 1280 3883 mortale
1307 3829 1404 3882 hoc
1427 3828 1657 3883 induerit
1675 3831 1891 3884 immor-

300 3918 579 3986 talitatem,
603 3929 728 3976 tunc
748 3919 838 3990 fiet
855 3937 1026 3977 sermo
1040 3922 1130 3992 qui
1151 3923 1377 3992 scriptus
1399 3931 1509 3976 est:
1532 3921 1790 3993 Absorpta
1814 3931 1890 3977 est

304 4026 447 4065 mors
479 4011 536 4064 in
569 4010 807 4066 victoria.
840 4009 938 4066 Ubi
965 4021 1063 4078 est,
1088 4027 1250 4079 mors,
1273 4013 1492 4068 victoria
1516 4014 1646 4066 tua?
1673 4013 1760 4068 ubi
1791 4021 1885 4080 est,

302 4117 466 4166 mors,
492 4101 706 4156 aculeus
735 4112 857 4156 tuus
879 4103 906 4156 ἵ
925 4101 1185 4159 Stimulus
1217 4115 1391 4158 autem
1412 4106 1595 4159 mortis
1619 4115 1887 4176 peccatum

306 4199 382 4245 est
401 4231 416 4255 ,
449 4192 613 4244 virtus
641 4207 760 4245 vero
789 4193 1010 4262 peccati,
1053 4191 1154 4246 lex.
1198 4193 1307 4246 Deo
1341 4202 1515 4246 autem
1545 4196 1769 4263 gratias,
1798 4195 1890 4264 qui

304 4280 455 4334 nobis
486 4268 630 4334 didit
670 4280 942 4334 victoriam
975 4297 1068 4352 per
1103 4281 1384 4335 Dominum
1427 4291 1663 4336 nostrum
1704 4283 1887 4336 Iesum

307 4368 593 4424 Christum.
630 4369 714 4427 Ad
742 4371 884 4427 hanc
929 4372 1212 4427 victoriam
1251 4387 1358 4428 non
1404 4373 1741 4444 pervenitur,
1782 4375 1887 4429 nisi
1912 4395 1967 4454 Ι)

305 4462 568 4518 certando
600 4480 614 4518 :
647 4463 904 4536 quoniam
947 4480 1055 4520 non
1099 4474 1313 4542 Oportet
1350 4467 1640 4536 coronari,
1665 4468 1770 4524 nisi
1795 4467 1886 4538 qui

305 4554 542 4625 legitime
569 4557 880 4613 certaverit.

379 4645 488 4702 ΧΗ.
527 4646 697 4720 Hujus
723 4650 951 4706 unitatis
997 4665 1145 4720 pars,
1187 4665 1307 4720 quae
1348 4652 1524 4706 adimo
1571 4651 1886 4722 peregrina-

308 4751 396 4796 tur
425 4740 478 4795 in
510 4749 681 4808 terra,
708 4742 874 4800 habet
917 4745 1268 4800 adversantes
1311 4754 1500 4799 contra
1531 4760 1666 4814 quos
1708 4745 1885 4800 inces-

303 4838 490 4885 santer
513 4830 805 4903 conﬂigat:
836 4833 964 4902 quia
1003 4847 1191 4888 omnes
1221 4834 1311 4902 qui
1349 4833 1436 4902 pie
1479 4832 1667 4887 volunt
1704 4833 1888 4889 vivere

303 4919 358 4974 in
387 4918 605 4977 Christo
631 4919 794 4987 Jesu,
827 4922 1264 4989 persecutionem
1308 4923 1603 4992 patiuntur.
1651 4921 1790 4977 Sunt
1833 4925 1888 4978 in

300 5013 491 5082 primis
519 5012 764 5069 diabolus
799 5019 853 5069 et
883 5013 1059 5083 angeli
1088 5014 1204 5084 ejus
1247 5015 1429 5069 hostes
1466 5015 1659 5080 nostri,
1701 5023 1888 5070 contra

305 5118 442 5174 quos
467 5103 669 5159 armari
695 5119 794 5160 nos
821 5104 933 5159 vult
959 5103 1269 5174 Apostolus,
1307 5107 1527 5161 dicens:
1563 5105 1776 5161 Induite
1803 5124 1887 5161 vos

304 5206 576 5250 armatura
613 5195 732 5264 Dei,
761 5204 818 5252 ut
842 5198 1050 5269 possitis
1087 5206 1226 5252 stare
1251 5198 1498 5253 adversus
1524 5199 1746 5253 insidias
1775 5199 1892 5252 dia-

309 5289 414 5343 boli
445 5303 465 5343 :
501 5294 629 5364 quia
668 5309 774 5348 non
813 5303 889 5349 est
935 5293 1081 5349 nobis
1128 5293 1427 5348 colluctatio
1475 5293 1725 5348 adversus
1772 5310 1890 5347 car—

304 5394 421 5432 nem
443 5390 492 5434 et
515 5385 845 5453 sanguinem,
871 5386 960 5440 sed
991 5387 1238 5442 adversus
1276 5387 1554 5458 principes,
1584 5395 1631 5439 et
1663 5395 1892 5456 potesta-

307 5481 416 5534 tes,
473 5471 723 5528 adversus
770 5477 953 5530 mundi
1011 5488 1232 5532 rectores
1281 5476 1610 5531 tenebrarum
1658 5476 1886 5541 harum,

304 5570 486 5614 contra
528 5561 789 5631 spiritalia
835 5568 1104 5638 nequitias,
1155 5569 1209 5622 in
1253 5566 1560 5622 ctelestibus.
1611 5565 1890 5636 Propterea

311 5653 528 5722 accipite
555 5665 878 5710 armaturam
911 5657 1041 5724 Dei,
1086 5669 1138 5714 ut
1184 5658 1392 5728 possitis
1441 5658 1673 5712 resistere
1713 5659 1764 5711 in
1807 5659 1890 5714 die

2002 443 2160 498 cincti
2187 444 2390 500 lumbos
2428 456 2622 501 vestros
2651 448 2707 501 in
2748 448 2988 512 veritate,
3022 456 3070 502 et
3100 446 3277 502 induti
3315 448 3480 504 lorica
3502 451 3597 519 ju-

1999 537 2178 602 stitite,
2217 546 2266 590 et
2305 537 2524 593 calceati
2560 538 2714 610 pedes
2749 541 2806 593 in
2845 541 3286 610 prteparationem
3321 540 3595 608 Evangelii

1998 625 2176 696 pacis;
2205 628 2261 681 in
2289 629 2529 684 omnibus
2557 639 2819 685 sumentes
2846 640 3053 684 scutum
3082 631 3234 699 fidei,
3261 630 3318 684 in
3346 647 3448 702 quo
3473 649 3595 702 pos-

1997 719 2113 772 sitis
2147 721 2323 774 omnia
2352 719 2456 775 tela
2497 721 2803 793 nequissimi
2825 721 2978 792 ignea
3007 723 3366 791 exstinguere;
3403 732 3452 776 et
3492 741 3589 793 ga-

1997 807 2133 862 leam
2175 808 2362 864 salutis
2412 812 2682 876 assumite,
2709 821 2766 866 et
2802 811 3038 882 gladium
3073 812 3311 880 spiritus,
3337 813 3477 882 quod
3511 819 3634 878 est,

1995 895 2204 949 verbum
2235 896 2352 962 Dei,
2380 915 2472 968 per
2492 915 2693 953 omnem
2724 899 3038 963 orationem,
3069 908 3118 951 et
3155 898 3591 966 obsecrationem,

1996 995 2205 1040 orantes
2235 988 2376 1042 omni
2403 998 2630 1059 tempore
2657 989 2712 1043 in
2737 991 2948 1060 spiritu.
2979 987 3120 1043 Sunt
3147 990 3314 1044 etiam
3341 990 3595 1048 homines

1994 1075 2208 1144 publice
2233 1088 2646 1147 persequentes,
2661 1080 2728 1134 de
2755 1080 2953 1149 quibus
2982 1080 3099 1148 ipse
3125 1080 3386 1135 Dominus
3411 1082 3588 1150 loqui-

1995 1173 2085 1221 tur
2108 1183 2120 1219 :
2155 1165 2290 1220 Ecce
2318 1183 2411 1238 ego
2437 1169 2584 1222 mitto
2607 1185 2694 1224 vos
2723 1156 2858 1224 iicut
2889 1187 3006 1225 oves
3033 1172 3089 1224 in
3119 1172 3290 1225 medio
3317 1171 3585 1242 luporum.

1995 1253 2178 1310 Estote
2221 1274 2344 1328 ergo
2389 1259 2672 1328 prudentes
2719 1261 2856 1314 sicut
2903 1271 3200 1332 serpentes,
3237 1271 3288 1317 et
3328 1263 3588 1333 simplices

1993 1343 2128 1399 sicut
2155 1344 2426 1402 columbtc.
2471 1344 2657 1402 Cavete
2689 1358 2865 1403 autem
2901 1349 2966 1403 ab
2997 1350 3312 1405 hominibus.
3348 1351 3578 1407 Tradent

1993 1437 2132 1492 enim
2173 1453 2263 1492 vos
2307 1438 2362 1492 in
2407 1439 2661 1500 conciliis,
2703 1449 2752 1494 et
2799 1439 2854 1494 in
2902 1442 3182 1511 sgnagogis
3208 1443 3320 1496 suis
3347 1442 3587 1513 ﬂagella-

1995 1528 2122 1582 bunt
2152 1544 2272 1594 vos;
2294 1537 2342 1582 et
2373 1529 2441 1582 ad
2469 1530 2719 1598 praesides
2751 1540 2799 1584 et
2831 1530 2901 1584 ad
2933 1547 3076 1601 reges
3103 1532 3431 1586 dedueemini
3462 1549 3584 1602 pro-

1992 1627 2107 1689 pter
2140 1635 2240 1685 me,
2279 1621 2335 1672 in
2379 1621 2733 1674 testimonium
2777 1619 2885 1674 illis
2913 1631 2964 1674 et
2996 1622 3253 1691 gentibus.
3285 1621 3423 1677 Sunt
3457 1641 3591 1693 quo-

1921 1693 1968 1752 B
1993 1724 2101 1778 que
2134 1709 2225 1764 alii
2262 1717 2640 1780 persecutores
2680 1711 2772 1780 qui
2809 1720 3211 1781 persequuntur
3258 1712 3585 1778 inimicitiis,

1989 1798 2147 1862 odiis,
2189 1799 2636 1865 detractionibus,
2679 1801 3139 1868 accusationibus,
3170 1803 3402 1867 damnis,
3450 1805 3587 1869 rixis

1990 1897 2047 1945 et
2069 1890 2298 1944 diversis
2319 1891 2745 1961 asperitatibus:
2769 1900 2960 1946 contra
2987 1907 3123 1962 quos
3150 1908 3261 1948 non
3287 1893 3454 1948 armis
3483 1910 3580 1964 pu-

1989 1980 2264 2050 gnandum
2293 1991 2400 2045 est,
2427 1981 2524 2036 sed
2553 1982 2816 2051 patientia»
2843 1990 2898 2036 et
2924 1983 3246 2048 tolerantia;
3277 1985 3419 2039 sicut
3448 1986 3591 2056 Apo-

1989 2073 2161 2129 stolus
2189 2074 2346 2130 docet
2368 2089 2464 2129 nos
2493 2075 2764 2145 patientes
2793 2091 2914 2130 esse
2943 2076 3144 2130 debere
3169 2077 3238 2130 ad
3272 2092 3466 2131 omnes
3491 2097 3502 2130 :
3531 2086 3588 2133 et

1991 2164 2253 2220 Dominus
2273 2164 2429 2234 jubet
2451 2180 2559 2220 non
2581 2166 2839 2220 resistere
2866 2165 3029 2220 malo.
3057 2165 3160 2220 Sed
3187 2167 3234 2220 si
3259 2169 3374 2238 quis
3404 2178 3452 2221 te
3478 2184 3592 2238 per-

1990 2260 2204 2314 cusserit
2229 2261 2284 2314 in
2309 2259 2525 2314 dextera
2553 2257 2772 2313 maxilla
2801 2268 2918 2324 tua,
2953 2258 3129 2329 prwbe
3150 2257 3229 2311 illi
3256 2269 3303 2312 et
3335 2260 3580 2313 alteram.

1990 2351 2059 2405 Et
2101 2351 2339 2406 iterum:
2375 2349 2589 2421 Diligite
2629 2350 2869 2403 inimicos
2912 2359 3126 2415 vestros,
3152 2349 3461 2419 ’benefacite
3496 2351 3582 2414 liis

1988 2443 2078 2512 qui
2107 2441 2328 2495 oderunt
2355 2457 2463 2504 vos,
2492 2451 2542 2494 et
2567 2449 2714 2494 orate
2741 2457 2836 2510 pro
2862 2441 3286 2511 persequentibus
3309 2451 3356 2494 et
3385 2441 3588 2496 calamo

1991 2531 2255 2584 niantibus
2289 2547 2399 2596 vos,
2429 2542 2484 2584 ut
2529 2530 2642 2584 sitis
2682 2529 2780 2599 ﬁlii
2812 2527 2992 2584 Patris
3032 2530 3186 2584 vestri
3223 2531 3313 2600 qui
3349 2531 3405 2582 in
3445 2531 3587 2586 ctefis

1989 2629 2086 2673 est.
2120 2619 2189 2674 Et
2223 2621 2462 2676 iterum:
2497 2617 2555 2673 Si
2597 2619 2900 2673 dimiseritis
2940 2620 3080 2672 enim
3120 2618 3417 2674 hominibus
3467 2635 3587 2689 pec-

1990 2723 2109 2767 cata
2155 2730 2366 2777 eorum,
2407 2712 2633 2766 dimittet
2683 2710 2826 2766 vobis
2859 2709 3023 2764 Pater
3049 2720 3216 2764 vester
3243 2709 3462 2765 ctelestis
3491 2710 3586 2764 de-

1990 2804 2117 2858 licta
2144 2813 2334 2858 vestra.
2366 2803 2424 2858 Si
2453 2813 2630 2857 autem
2660 2819 2766 2856 non
2792 2802 3096 2857 dimiseritis
3123 2802 3442 2866 hominibus,
3491 2819 3588 2856 nec

1992 2891 2156 2948 Pater
2181 2903 2344 2952 vester
2370 2893 2595 2947 dimittet
2621 2901 2832 2962 peccata
2869 2901 3057 2946 vestra.
3087 2889 3228 2947 Sunt
3270 2893 3439 2948 etiam
3481 2893 3587 2947 ini-

1995 2986 2122 3043 miei
2169 2985 2329 3050 ﬁdei,
2369 2994 2422 3040 et
2469 2985 2666 3054 quibus
2705 2983 3000 3056 Apostolus
3043 2985 3322 3056 loquitur:
3354 2986 3494 3053 Quia
3531 2989 3590 3042 in

1919 3048 1965 3110 θ
1997 3077 2290 3131 novissimis
2318 3048 2644 3147 temporibus
2691 3048 2960 3158 discedent
3003 3048 3219 3150 quidam
3265 3095 3297 3132 a
3338 3048 3466 3147 ﬁde,
3505 3089 3591 3133 at-

1993 3171 2258 3225 tendentes
2294 3171 2563 3242 spiritibus
2591 3173 2786 3226 erroris
2812 3181 2862 3225 et
2887 3171 3142 3226 doctrinis
3177 3171 3586 3237 dmmoniorum,

1993 3265 2050 3317 in
2107 3263 2372 3334 hypocrisi
2429 3262 2752 3334 loquentium
2801 3262 3152 3316 mendacium.
3200 3261 3402 3318 Contra
3449 3277 3590 3331 quos

1994 3357 2342 3427 pugnandum
2366 3364 2450 3411 est
2477 3370 2586 3410 non
2610 3356 2778 3410 armis
2804 3356 3198 3425 corporalibus,
3216 3355 3310 3410 sed
3331 3355 3590 3424 spiritua-

1994 3446 2155 3511 libus,
2182 3446 2444 3516 exemplis
2486 3444 2760 3510 videlicet,
2785 3443 3190 3516 Scripturarum
3231 3444 3584 3506 auctoritate.

1995 3536 2296 3592 ratiociniis
2318 3535 2440 3590 ﬁdei
2465 3543 2521 3590 et
2545 3535 2813 3590 veritatis.
2833 3534 2973 3589 Sunt
2995 3535 3159 3590 etiam
3182 3534 3385 3589 inimici
3412 3540 3589 3603 quott-
3667 3566 3676 3572 -

1993 3627 2172 3691 diani,
2203 3641 2339 3696 quos
2372 3642 2473 3680 nec
2512 3625 2632 3682 loco
2673 3640 2775 3682 nec
2815 3633 3058 3698 tempore
3086 3640 3374 3695 possumus
3414 3626 3588 3680 decli-

1993 3738 2164 3778 nare:
2197 3737 2332 3792 quos
2373 3721 2664 3792 Apostolus
2702 3731 3021 3786 enumerat,
3050 3722 3275 3777 dicens:
3310 3721 3584 3776 Desideria

1993 3818 2167 3872 carnis
2198 3833 2301 3872 non
2327 3815 2632 3887 perﬁciatis.
2659 3812 2798 3873 Caro
2819 3815 2956 3868 enim
2987 3815 3306 3884 concupiscit
3333 3813 3584 3868 adversus

1991 3909 2254 3978 spiritum,
2283 3908 2498 3978 spiritus
2533 3917 2709 3960 autem
2751 3905 3000 3960 adversus
3027 3921 3259 3959 carnem.
3290 3903 3420 3965 Hac
3444 3904 3583 3958 enim

1991 3998 2090 4052 sibi
2114 3997 2332 4051 invicem
2358 3996 2724 4061 adversantur,
2739 4005 2796 4048 ut
2819 4012 2924 4050 non
2947 4011 3269 4066 quwcunque
3290 3992 3469 4057 vultis,
3486 3992 3583 4047 illa

1992 4088 2218 4157 faciatis.
2249 4086 2400 4152 Quod
2427 4086 2473 4140 si
2507 4087 2694 4156 spiritu
2719 4085 2993 4150 ducimini,
3034 4102 3138 4139 non
3160 4085 3285 4139 estis
3313 4083 3408 4137 sub
3448 4083 3580 4154 lege.

1993 4177 2279 4247 Manifesta
2309 4187 2482 4230 autem
2508 4185 2629 4231 sunt
2669 4193 2828 4246 opera
2856 4176 3050 4239 carnis,
3078 4191 3196 4246 quis
3235 4183 3357 4228 sunt
3404 4173 3578 4242 forni-

1993 4268 2149 4332 catio,
2189 4267 2552 4330 immunditia,
2587 4265 2834 4331 luxuria,
2860 4265 3122 4320 idolorum
3163 4265 3404 4328 servitus,
3435 4279 3586 4317 vene-

1991 4358 2134 4426 ﬁcia,
2159 4356 2466 4421 inimicitia,
2485 4355 2863 4420 contentiones,
2887 4352 3264 4416 aemulationes,
3287 4353 3406 4418 irai,
3426 4351 3581 4417 rixae,

1992 4450 2366 4514 dissensiones,
2407 4458 2580 4513 sectae,
2630 4447 2868 4512 invidiae,
2916 4445 3232 4509 homicidia,
3281 4443 3582 4506 ebrietates,

1991 4540 2410 4604 comessationes,
2451 4548 2499 4592 et
2525 4539 2605 4592 Itis
2640 4538 2836 4592 similia
2860 4552 2878 4589 :
2910 4554 3027 4608 quae
3065 4537 3292 4608 praedico
3323 4534 3484 4598 vobis,
3510 4534 3583 4587 si—

1992 4644 2078 4690 cut
2107 4631 2370 4704 pra'dixi:
2407 4633 2657 4703 quoniam
2697 4631 2787 4701 qui
2825 4630 2955 4683 talia
2992 4637 3186 4700 agunt,
3226 4643 3444 4698 regnum
3480 4625 3581 4680 Dei

1992 4741 2095 4779 non
2128 4731 2525 4794 consequentur.
2556 4722 2756 4778 Contra
2787 4737 2924 4792 quos
2951 4721 3302 4792 pugnandum
3329 4728 3436 4785 est,
3466 4734 3574 4773 non

1991 4817 2164 4872 solum
2196 4817 2428 4880 ratione,
2467 4816 2562 4871 sed
2595 4822 2653 4870 et
2679 4815 2882 4879 labore,
2915 4812 3266 4877 abstinentia,
3297 4811 3581 4867 continen-

1992 4909 2088 4974 tia,
2121 4908 2350 4977 vigiliis;
2381 4907 2522 4963 sicut
2560 4906 2849 4976 Apostolus
2873 4922 2971 4960 suo
2998 4919 3096 4959 nos
3120 4903 3368 4973 exemplo
3411 4899 3581 4956 infor-

1992 5011 2122 5064 mat,
2154 4999 2376 5054 dicens:
2410 4997 2620 5068 Castigo
2647 5014 2832 5069 corpus
2870 5013 3040 5050 meum
3084 5006 3132 5049 et
3179 4995 3414 5050 servituti
3450 4994 3576 5047 sub-

1983 5092 2148 5163 jicio;
2194 5107 2256 5144 ne
2299 5089 2433 5159 forte
2480 5088 2598 5142 aliis
2644 5088 2969 5157 prtedicans,
3017 5087 3125 5157 ipse
3184 5085 3430 5154 reprobus
3475 5085 3580 5153 elﬁ-

1993 5186 2122 5238 ciar.
2154 5183 2305 5238 Unde
2327 5191 2382 5237 et
2409 5181 2727 5251 discipulum
2759 5181 3054 5244 instruens,
3085 5188 3141 5235 et
3165 5178 3234 5234 de
3263 5194 3322 5234 se
3349 5178 3465 5246 jam
3493 5193 3580 5232 se-

1991 5290 2177 5338 curus,
2203 5274 2357 5343 juxta
2390 5272 2551 5327 linem
2594 5272 2717 5326 vitm
2743 5288 2875 5334 sum,
2915 5273 2989 5324 ita
3027 5271 3313 5341 gloriatur,
3347 5270 3574 5325 dicens:

1995 5364 2073 5418 Tu
2114 5382 2230 5418 vero
2273 5363 2540 5433 rigila,in
2587 5363 2825 5416 omnibus
2869 5362 3072 5426 labora,
3117 5378 3248 5432 opus
3292 5363 3377 5431 [ac
3421 5376 3576 5414 evan-

1991 5455 2209 5526 gelistw,
2238 5455 2582 5507 ministerium
2608 5463 2761 5505 tuum
2797 5452 2969 5523 imple.
3004 5452 3118 5523 Ego
3155 5453 3294 5506 enim
3330 5451 3451 5520 jam
3487 5449 3580 5502 de-

1992 5546 2141 5607 libor,
2175 5555 2222 5598 et
2254 5555 2454 5614 tempus
2488 5543 2819 5598 resolutionis
2852 5560 2979 5597 mete
3018 5545 3200 5598 instat.
3233 5541 3436 5595 Bonum
3467 5555 3580 5593 cer-

1992 5650 2165 5693 tamen
2201 5638 2407 5703 certari,
2439 5653 2647 5690 cursum
2679 5637 3054 5700 consummavi,
3081 5634 3235 5704 ﬁdem
3267 5631 3482 5695 servavi.
3514 5629 3577 5695 In
