  <div class='ocr_page' id='page_1' title='image "/cluster/home/n/w/nwhite01/storage/ocr_20150623/104/hvd.32044052819794/144.png"; bbox 0 0 4010 6184; ppageno 0'>
   <div class='ocr_carea' id='block_1_1' title="bbox 385 290 487 346">
    <p class='ocr_par' dir='ltr' id='par_1_1' title="bbox 385 290 487 346">
     <span class='ocr_line' id='line_1_1' title="bbox 385 290 487 346; baseline -0.039 0"><span class='ocrx_word' id='word_1_1' title='bbox 385 290 487 346; x_wconf 75' lang='grc'><strong>2⁵1</strong></span> 
     </span>
    </p>
   </div>
   <div class='ocr_carea' id='block_1_2' title="bbox 1527 298 2512 358">
    <p class='ocr_par' dir='ltr' id='par_1_2' title="bbox 1527 298 2512 358">
     <span class='ocr_line' id='line_1_2' title="bbox 1527 298 2512 358; baseline 0.007 -7"><span class='ocrx_word' id='word_1_2' title='bbox 1527 298 1760 354; x_wconf 77' lang='lat' dir='ltr'><strong>SERMO</strong></span> <span class='ocrx_word' id='word_1_3' title='bbox 1798 300 1884 354; x_wconf 87' lang='lat' dir='ltr'><strong>DE</strong></span> <span class='ocrx_word' id='word_1_4' title='bbox 1925 299 2102 354; x_wconf 77' lang='lat' dir='ltr'><strong>FIDEI</strong></span> <span class='ocrx_word' id='word_1_5' title='bbox 2147 303 2512 358; x_wconf 71' lang='lat' dir='ltr'><strong>\‘ERlTATE.</strong></span> 
     </span>
    </p>
   </div>
   <div class='ocr_carea' id='block_1_3' title="bbox 3535 308 3642 363">
    <p class='ocr_par' dir='ltr' id='par_1_3' title="bbox 3535 308 3642 363">
     <span class='ocr_line' id='line_1_3' title="bbox 3535 308 3642 363; baseline -0.009 -1"><span class='ocrx_word' id='word_1_6' title='bbox 3535 308 3642 363; x_wconf 66' lang='grc' dir='ltr'><strong>Ξῒὸ</strong></span> 
     </span>
    </p>
   </div>
   <div class='ocr_carea' id='block_1_4' title="bbox 389 408 3622 488">
    <p class='ocr_par' dir='ltr' id='par_1_4' title="bbox 389 408 3622 488">
     <span class='ocr_line' id='line_1_4' title="bbox 389 408 3622 488; baseline 0.004 -25"><span class='ocrx_word' id='word_1_7' title='bbox 389 408 603 480; x_wconf 72' lang='lat' dir='ltr'><strong>reliquo,</strong></span> <span class='ocrx_word' id='word_1_8' title='bbox 631 408 854 476; x_wconf 86' lang='lat' dir='ltr'><strong>reposita</strong></span> <span class='ocrx_word' id='word_1_9' title='bbox 875 417 950 465; x_wconf 86' lang='lat' dir='ltr'><strong>est</strong></span> <span class='ocrx_word' id='word_1_10' title='bbox 995 410 1120 466; x_wconf 80' lang='lat' dir='ltr'><strong>mihi</strong></span> <span class='ocrx_word' id='word_1_11' title='bbox 1156 428 1349 466; x_wconf 85' lang='lat' dir='ltr'><strong><em>corona</em></strong></span> <span class='ocrx_word' id='word_1_12' title='bbox 1367 412 1613 482; x_wconf 74' lang='lat' dir='ltr'><strong>justitite,</strong></span> <span class='ocrx_word' id='word_1_13' title='bbox 1647 430 1804 484; x_wconf 89' lang='lat' dir='ltr'><strong>quam</strong></span> <span class='ocrx_word' id='word_1_14' title='bbox 1849 412 1964 466; x_wconf 83' lang='lat' dir='ltr'><strong>red-</strong></span> <span class='ocrx_word' id='word_1_15' title='bbox 1991 416 2042 474; x_wconf 79' lang='grc' dir='ltr'><strong>Α</strong></span> <span class='ocrx_word' id='word_1_16' title='bbox 2064 430 2209 482; x_wconf 82' lang='lat' dir='ltr'><strong>pore.</strong></span> <span class='ocrx_word' id='word_1_17' title='bbox 2237 412 2377 468; x_wconf 83' lang='lat' dir='ltr'><strong>Nam</strong></span> <span class='ocrx_word' id='word_1_18' title='bbox 2412 416 2712 486; x_wconf 73' lang='lat' dir='ltr'><strong>mysterium</strong></span> <span class='ocrx_word' id='word_1_19' title='bbox 2739 417 2848 483; x_wconf 83' lang='lat' dir='ltr'><strong>iam</strong></span> <span class='ocrx_word' id='word_1_20' title='bbox 2891 427 3138 487; x_wconf 89' lang='lat' dir='ltr'><strong>operatur</strong></span> <span class='ocrx_word' id='word_1_21' title='bbox 3161 419 3451 488; x_wconf 86' lang='lat' dir='ltr'><strong>iniquitatis</strong></span> <span class='ocrx_word' id='word_1_22' title='bbox 3473 439 3491 473; x_wconf 91' lang='lat'><em>:</em></span> <span class='ocrx_word' id='word_1_23' title='bbox 3532 431 3622 476; x_wconf 89' lang='lat' dir='ltr'><strong>tan</strong></span> 
     </span>
    </p>
   </div>
   <div class='ocr_carea' id='block_1_5' title="bbox 382 500 1964 574">
    <p class='ocr_par' dir='ltr' id='par_1_5' title="bbox 382 500 1964 574">
     <span class='ocr_line' id='line_1_5' title="bbox 382 500 1964 574; baseline 0.001 -17"><span class='ocrx_word' id='word_1_24' title='bbox 382 505 472 557; x_wconf 89' lang='lat' dir='ltr'><strong>det-</strong></span> <span class='ocrx_word' id='word_1_25' title='bbox 500 502 630 555; x_wconf 83' lang='lat' dir='ltr'><strong>mihi</strong></span> <span class='ocrx_word' id='word_1_26' title='bbox 657 500 914 556; x_wconf 81' lang='lat' dir='ltr'><strong>Dominus</strong></span> <span class='ocrx_word' id='word_1_27' title='bbox 938 503 993 556; x_wconf 91' lang='lat' dir='ltr'><strong>in</strong></span> <span class='ocrx_word' id='word_1_28' title='bbox 1017 502 1109 557; x_wconf 84' lang='lat' dir='ltr'><strong>illa</strong></span> <span class='ocrx_word' id='word_1_29' title='bbox 1135 503 1220 558; x_wconf 92' lang='lat' dir='ltr'><strong>die</strong></span> <span class='ocrx_word' id='word_1_30' title='bbox 1240 504 1422 574; x_wconf 85' lang='lat' dir='ltr'><strong>justus</strong></span> <span class='ocrx_word' id='word_1_31' title='bbox 1441 503 1640 574; x_wconf 86' lang='lat' dir='ltr'><strong>judex;</strong></span> <span class='ocrx_word' id='word_1_32' title='bbox 1667 521 1770 558; x_wconf 91' lang='lat' dir='ltr'><strong>non</strong></span> <span class='ocrx_word' id='word_1_33' title='bbox 1795 504 1964 559; x_wconf 88' lang='lat' dir='ltr'><strong>solum</strong></span> 
     </span>
    </p>
   </div>
   <div class='ocr_carea' id='block_1_6' title="bbox 381 591 1963 666">
    <p class='ocr_par' dir='ltr' id='par_1_6' title="bbox 381 591 1963 666">
     <span class='ocr_line' id='line_1_6' title="bbox 381 591 1963 666; baseline 0 -18"><span class='ocrx_word' id='word_1_34' title='bbox 381 603 558 652; x_wconf 84' lang='lat' dir='ltr'><strong>autem</strong></span> <span class='ocrx_word' id='word_1_35' title='bbox 603 591 764 658; x_wconf 84' lang='lat' dir='ltr'><strong>mihi,</strong></span> <span class='ocrx_word' id='word_1_36' title='bbox 805 592 895 648; x_wconf 86' lang='lat' dir='ltr'><strong>sed</strong></span> <span class='ocrx_word' id='word_1_37' title='bbox 933 603 981 648; x_wconf 90' lang='lat' dir='ltr'><strong>et</strong></span> <span class='ocrx_word' id='word_1_38' title='bbox 1013 595 1251 650; x_wconf 85' lang='lat' dir='ltr'><strong>omnibus</strong></span> <span class='ocrx_word' id='word_1_39' title='bbox 1291 597 1381 665; x_wconf 89' lang='lat' dir='ltr'><strong>qui</strong></span> <span class='ocrx_word' id='word_1_40' title='bbox 1422 595 1963 666; x_wconf 71' lang='lat' dir='ltr'><strong>diliguntadventum</strong></span> 
     </span>
    </p>
   </div>
   <div class='ocr_carea' id='block_1_7' title="bbox 383 701 519 754">
    <p class='ocr_par' dir='ltr' id='par_1_7' title="bbox 383 701 519 754">
     <span class='ocr_line' id='line_1_7' title="bbox 383 701 519 754; baseline -0.015 -15"><span class='ocrx_word' id='word_1_41' title='bbox 383 701 519 754; x_wconf 70' lang='lat' dir='ltr'><strong>ejus.</strong></span> 
     </span>
    </p>
   </div>
   <div class='ocr_carea' id='block_1_8' title="bbox 450 773 1963 840">
    <p class='ocr_par' dir='ltr' id='par_1_8' title="bbox 450 773 1963 840">
     <span class='ocr_line' id='line_1_8' title="bbox 450 773 1963 840; baseline 0.001 -10"><span class='ocrx_word' id='word_1_42' title='bbox 450 773 585 831; x_wconf 70' lang='grc' dir='ltr'><strong>χω.</strong></span> <span class='ocrx_word' id='word_1_43' title='bbox 615 773 765 829; x_wconf 83' lang='lat' dir='ltr'><strong>Inter</strong></span> <span class='ocrx_word' id='word_1_44' title='bbox 801 773 921 830; x_wconf 57' lang='lat' dir='ltr'><strong>haec</strong></span> <span class='ocrx_word' id='word_1_45' title='bbox 963 777 1143 830; x_wconf 84' lang='lat' dir='ltr'><strong>omnia</strong></span> <span class='ocrx_word' id='word_1_46' title='bbox 1187 784 1376 832; x_wconf 88' lang='lat' dir='ltr'><strong>caveat</strong></span> <span class='ocrx_word' id='word_1_47' title='bbox 1411 776 1605 840; x_wconf 81' lang='lat' dir='ltr'><strong>ﬁdelis,</strong></span> <span class='ocrx_word' id='word_1_48' title='bbox 1645 791 1713 832; x_wconf 89' lang='lat' dir='ltr'><strong>ne</strong></span> <span class='ocrx_word' id='word_1_49' title='bbox 1741 776 1963 832; x_wconf 90' lang='lat' dir='ltr'><strong>omnino</strong></span> 
     </span>
    </p>
   </div>
   <div class='ocr_carea' id='block_1_9' title="bbox 379 865 1962 936">
    <p class='ocr_par' dir='ltr' id='par_1_9' title="bbox 379 865 1962 936">
     <span class='ocr_line' id='line_1_9' title="bbox 379 865 1962 936; baseline -0.001 -15"><span class='ocrx_word' id='word_1_50' title='bbox 379 866 466 922; x_wconf 83' lang='lat' dir='ltr'><strong>vel</strong></span> <span class='ocrx_word' id='word_1_51' title='bbox 501 866 557 920; x_wconf 90' lang='lat' dir='ltr'><strong>in</strong></span> <span class='ocrx_word' id='word_1_52' title='bbox 586 865 800 920; x_wconf 89' lang='lat' dir='ltr'><strong>modico</strong></span> <span class='ocrx_word' id='word_1_53' title='bbox 831 865 885 918; x_wconf 93' lang='lat' dir='ltr'><strong>in</strong></span> <span class='ocrx_word' id='word_1_54' title='bbox 909 866 1145 936; x_wconf 82' lang='lat' dir='ltr'><strong>propriis</strong></span> <span class='ocrx_word' id='word_1_55' title='bbox 1169 867 1373 920; x_wconf 77' lang='lat' dir='ltr'><strong>viribus</strong></span> <span class='ocrx_word' id='word_1_56' title='bbox 1417 875 1730 936; x_wconf 59' lang='lat' dir='ltr'><strong>praesumat,</strong></span> <span class='ocrx_word' id='word_1_57' title='bbox 1757 866 1854 922; x_wconf 85' lang='lat' dir='ltr'><strong>sed</strong></span> <span class='ocrx_word' id='word_1_58' title='bbox 1893 866 1962 920; x_wconf 90' lang='lat' dir='ltr'><strong>de</strong></span> 
     </span>
    </p>
   </div>
   <div class='ocr_carea' id='block_1_10' title="bbox 381 956 1960 1030">
    <p class='ocr_par' dir='ltr' id='par_1_10' title="bbox 381 956 1960 1030">
     <span class='ocr_line' id='line_1_10' title="bbox 381 956 1960 1030; baseline 0.001 -19"><span class='ocrx_word' id='word_1_59' title='bbox 381 957 479 1012; x_wconf 89' lang='lat' dir='ltr'><strong>Dei</strong></span> <span class='ocrx_word' id='word_1_60' title='bbox 511 956 803 1028; x_wconf 76' lang='lat' dir='ltr'><strong>adiutorio,</strong></span> <span class='ocrx_word' id='word_1_61' title='bbox 831 964 892 1010; x_wconf 90' lang='lat' dir='ltr'><strong>ut</strong></span> <span class='ocrx_word' id='word_1_62' title='bbox 934 957 1002 1012; x_wconf 85' lang='lat' dir='ltr'><strong>ad</strong></span> <span class='ocrx_word' id='word_1_63' title='bbox 1041 956 1202 1012; x_wconf 83' lang='lat' dir='ltr'><strong>linem</strong></span> <span class='ocrx_word' id='word_1_64' title='bbox 1243 959 1506 1014; x_wconf 90' lang='lat' dir='ltr'><strong>bonorum</strong></span> <span class='ocrx_word' id='word_1_65' title='bbox 1544 958 1847 1030; x_wconf 83' lang='lat' dir='ltr'><strong>pervenire,</strong></span> <span class='ocrx_word' id='word_1_66' title='bbox 1873 957 1960 1012; x_wconf 89' lang='lat' dir='ltr'><strong>vel</strong></span> 
     </span>
    </p>
   </div>
   <div class='ocr_carea' id='block_1_11' title="bbox 375 1047 1952 1122">
    <p class='ocr_par' dir='ltr' id='par_1_11' title="bbox 375 1047 1952 1122">
     <span class='ocr_line' id='line_1_11' title="bbox 375 1047 1952 1122; baseline 0.001 -18"><span class='ocrx_word' id='word_1_67' title='bbox 375 1049 434 1104; x_wconf 92' lang='lat' dir='ltr'><strong>in</strong></span> <span class='ocrx_word' id='word_1_68' title='bbox 470 1047 613 1104; x_wconf 87' lang='lat' dir='ltr'><strong>bono</strong></span> <span class='ocrx_word' id='word_1_69' title='bbox 641 1048 812 1118; x_wconf 89' lang='lat' dir='ltr'><strong>possit</strong></span> <span class='ocrx_word' id='word_1_70' title='bbox 834 1063 998 1118; x_wconf 84' lang='lat' dir='ltr'><strong>opere</strong></span> <span class='ocrx_word' id='word_1_71' title='bbox 1023 1049 1359 1120; x_wconf 84' lang='lat' dir='ltr'><strong>perdurare:</strong></span> <span class='ocrx_word' id='word_1_72' title='bbox 1385 1052 1512 1122; x_wconf 85' lang='lat' dir='ltr'><strong>quia</strong></span> <span class='ocrx_word' id='word_1_73' title='bbox 1542 1052 1801 1108; x_wconf 87' lang='lat' dir='ltr'><strong>Dominus</strong></span> <span class='ocrx_word' id='word_1_74' title='bbox 1836 1052 1914 1106; x_wconf 89' lang='lat' dir='ltr'><strong>ait</strong></span> <span class='ocrx_word' id='word_1_75' title='bbox 1939 1071 1952 1106; x_wconf 90' lang='lat'>:</span> 
     </span>
    </p>
   </div>
   <div class='ocr_carea' id='block_1_12' title="bbox 376 1139 1958 1214">
    <p class='ocr_par' dir='ltr' id='par_1_12' title="bbox 376 1139 1958 1214">
     <span class='ocr_line' id='line_1_12' title="bbox 376 1139 1958 1214; baseline 0.001 -17"><span class='ocrx_word' id='word_1_76' title='bbox 376 1141 508 1197; x_wconf 80' lang='lat' dir='ltr'><strong>Sine</strong></span> <span class='ocrx_word' id='word_1_77' title='bbox 533 1157 615 1195; x_wconf 85' lang='lat' dir='ltr'><strong>me</strong></span> <span class='ocrx_word' id='word_1_78' title='bbox 643 1139 773 1196; x_wconf 88' lang='lat' dir='ltr'><strong>nihil</strong></span> <span class='ocrx_word' id='word_1_79' title='bbox 803 1142 1015 1211; x_wconf 72' lang='lat' dir='ltr'><strong>potestis</strong></span> <span class='ocrx_word' id='word_1_80' title='bbox 1045 1142 1236 1210; x_wconf 87' lang='lat' dir='ltr'><strong>facere.</strong></span> <span class='ocrx_word' id='word_1_81' title='bbox 1265 1143 1334 1197; x_wconf 86' lang='lat' dir='ltr'><strong>Et</strong></span> <span class='ocrx_word' id='word_1_82' title='bbox 1363 1143 1688 1214; x_wconf 71' lang='lat' dir='ltr'><strong>Apostolus:</strong></span> <span class='ocrx_word' id='word_1_83' title='bbox 1715 1143 1857 1199; x_wconf 90' lang='lat' dir='ltr'><strong>Deus</strong></span> <span class='ocrx_word' id='word_1_84' title='bbox 1879 1152 1958 1199; x_wconf 90' lang='lat' dir='ltr'><strong>est</strong></span> 
     </span>
    </p>
   </div>
   <div class='ocr_carea' id='block_1_13' title="bbox 370 1231 1956 1304">
    <p class='ocr_par' dir='ltr' id='par_1_13' title="bbox 370 1231 1956 1304">
     <span class='ocr_line' id='line_1_13' title="bbox 370 1231 1956 1304; baseline 0.001 -18"><span class='ocrx_word' id='word_1_85' title='bbox 370 1232 464 1302; x_wconf 86' lang='lat' dir='ltr'><strong>qui</strong></span> <span class='ocrx_word' id='word_1_86' title='bbox 485 1240 734 1301; x_wconf 90' lang='lat' dir='ltr'><strong>operatur</strong></span> <span class='ocrx_word' id='word_1_87' title='bbox 753 1232 810 1284; x_wconf 90' lang='lat' dir='ltr'><strong>in</strong></span> <span class='ocrx_word' id='word_1_88' title='bbox 842 1231 981 1286; x_wconf 78' lang='lat' dir='ltr'><strong>vobis</strong></span> <span class='ocrx_word' id='word_1_89' title='bbox 1001 1241 1049 1286; x_wconf 90' lang='lat' dir='ltr'><strong>et</strong></span> <span class='ocrx_word' id='word_1_90' title='bbox 1079 1232 1204 1287; x_wconf 81' lang='lat' dir='ltr'><strong>uelle</strong></span> <span class='ocrx_word' id='word_1_91' title='bbox 1228 1241 1278 1286; x_wconf 88' lang='lat' dir='ltr'><strong>et</strong></span> <span class='ocrx_word' id='word_1_92' title='bbox 1305 1233 1552 1303; x_wconf 77' lang='lat' dir='ltr'><strong>perﬁcere</strong></span> <span class='ocrx_word' id='word_1_93' title='bbox 1579 1251 1676 1304; x_wconf 89' lang='lat' dir='ltr'><strong>pro</strong></span> <span class='ocrx_word' id='word_1_94' title='bbox 1704 1234 1839 1288; x_wconf 87' lang='lat' dir='ltr'><strong>bona</strong></span> <span class='ocrx_word' id='word_1_95' title='bbox 1868 1250 1956 1288; x_wconf 83' lang='lat' dir='ltr'><strong>uo-</strong></span> 
     </span>
    </p>
   </div>
   <div class='ocr_carea' id='block_1_14' title="bbox 371 1323 1956 1398">
    <p class='ocr_par' dir='ltr' id='par_1_14' title="bbox 371 1323 1956 1398">
     <span class='ocr_line' id='line_1_14' title="bbox 371 1323 1956 1398; baseline 0.001 -20"><span class='ocrx_word' id='word_1_96' title='bbox 371 1325 593 1378; x_wconf 86' lang='lat' dir='ltr'><strong>luntate.</strong></span> <span class='ocrx_word' id='word_1_97' title='bbox 616 1324 685 1379; x_wconf 88' lang='lat' dir='ltr'><strong>Et</strong></span> <span class='ocrx_word' id='word_1_98' title='bbox 711 1324 905 1379; x_wconf 89' lang='lat' dir='ltr'><strong>iterum</strong></span> <span class='ocrx_word' id='word_1_99' title='bbox 929 1342 942 1378; x_wconf 92' lang='lat'><strong>:</strong></span> <span class='ocrx_word' id='word_1_100' title='bbox 977 1323 1164 1380; x_wconf 86' lang='lat' dir='ltr'><strong>Gratia</strong></span> <span class='ocrx_word' id='word_1_101' title='bbox 1190 1325 1321 1380; x_wconf 83' lang='lat' dir='ltr'><strong>salvi</strong></span> <span class='ocrx_word' id='word_1_102' title='bbox 1351 1326 1481 1395; x_wconf 90' lang='lat' dir='ltr'><strong>facti</strong></span> <span class='ocrx_word' id='word_1_103' title='bbox 1508 1327 1628 1382; x_wconf 82' lang='lat' dir='ltr'><strong>estis</strong></span> <span class='ocrx_word' id='word_1_104' title='bbox 1652 1343 1745 1398; x_wconf 87' lang='lat' dir='ltr'><strong>per</strong></span> <span class='ocrx_word' id='word_1_105' title='bbox 1770 1327 1956 1396; x_wconf 79' lang='lat' dir='ltr'><strong>ﬁdem,</strong></span> 
     </span>
    </p>
   </div>
   <div class='ocr_carea' id='block_1_15' title="bbox 370 1415 1954 1490">
    <p class='ocr_par' dir='ltr' id='par_1_15' title="bbox 370 1415 1954 1490">
     <span class='ocr_line' id='line_1_15' title="bbox 370 1415 1954 1490; baseline 0.001 -19"><span class='ocrx_word' id='word_1_106' title='bbox 370 1428 419 1470; x_wconf 82' lang='lat' dir='ltr'><strong>et</strong></span> <span class='ocrx_word' id='word_1_107' title='bbox 452 1419 549 1471; x_wconf 86' lang='lat' dir='ltr'><strong>hoc</strong></span> <span class='ocrx_word' id='word_1_108' title='bbox 585 1433 688 1471; x_wconf 89' lang='lat' dir='ltr'><strong>non</strong></span> <span class='ocrx_word' id='word_1_109' title='bbox 715 1433 781 1471; x_wconf 82' lang='lat' dir='ltr'><strong>ex</strong></span> <span class='ocrx_word' id='word_1_110' title='bbox 814 1415 976 1471; x_wconf 76' lang='lat' dir='ltr'><strong>nobis.</strong></span> <span class='ocrx_word' id='word_1_111' title='bbox 1019 1417 1088 1474; x_wconf 87' lang='lat' dir='ltr'><strong>Et</strong></span> <span class='ocrx_word' id='word_1_112' title='bbox 1131 1417 1328 1473; x_wconf 83' lang='lat' dir='ltr'><strong>iterum</strong></span> <span class='ocrx_word' id='word_1_113' title='bbox 1368 1435 1381 1472; x_wconf 92' lang='lat'><strong>:</strong></span> <span class='ocrx_word' id='word_1_114' title='bbox 1417 1415 1542 1472; x_wconf 91' lang='lat' dir='ltr'><strong>Non</strong></span> <span class='ocrx_word' id='word_1_115' title='bbox 1584 1419 1722 1490; x_wconf 88' lang='lat' dir='ltr'><strong>quod</strong></span> <span class='ocrx_word' id='word_1_116' title='bbox 1775 1418 1954 1473; x_wconf 88' lang='lat' dir='ltr'><strong>idonei</strong></span> 
     </span>
    </p>
   </div>
   <div class='ocr_carea' id='block_1_16' title="bbox 367 1507 1950 1580">
    <p class='ocr_par' dir='ltr' id='par_1_16' title="bbox 367 1507 1950 1580">
     <span class='ocr_line' id='line_1_16' title="bbox 367 1507 1950 1580; baseline 0.001 -18"><span class='ocrx_word' id='word_1_117' title='bbox 367 1511 533 1563; x_wconf 89' lang='lat' dir='ltr'><strong>simus</strong></span> <span class='ocrx_word' id='word_1_118' title='bbox 554 1510 782 1580; x_wconf 86' lang='lat' dir='ltr'><strong>cogitare</strong></span> <span class='ocrx_word' id='word_1_119' title='bbox 807 1507 1008 1579; x_wconf 82' lang='lat' dir='ltr'><strong>aliquid</strong></span> <span class='ocrx_word' id='word_1_120' title='bbox 1035 1526 1066 1562; x_wconf 91' lang='lat' dir='ltr'><strong>a</strong></span> <span class='ocrx_word' id='word_1_121' title='bbox 1094 1508 1239 1564; x_wconf 90' lang='lat' dir='ltr'><strong>nobis</strong></span> <span class='ocrx_word' id='word_1_122' title='bbox 1267 1511 1419 1580; x_wconf 89' lang='lat' dir='ltr'><strong>quasi</strong></span> <span class='ocrx_word' id='word_1_123' title='bbox 1442 1526 1508 1565; x_wconf 81' lang='lat' dir='ltr'><strong>ex</strong></span> <span class='ocrx_word' id='word_1_124' title='bbox 1532 1509 1698 1573; x_wconf 90' lang='lat' dir='ltr'><strong>nobis,</strong></span> <span class='ocrx_word' id='word_1_125' title='bbox 1722 1510 1812 1564; x_wconf 89' lang='lat' dir='ltr'><strong>sed</strong></span> <span class='ocrx_word' id='word_1_126' title='bbox 1838 1509 1950 1580; x_wconf 89' lang='lat' dir='ltr'><strong>suf-</strong></span> 
     </span>
    </p>
   </div>
   <div class='ocr_carea' id='block_1_17' title="bbox 367 1599 1951 1673">
    <p class='ocr_par' dir='ltr' id='par_1_17' title="bbox 367 1599 1951 1673">
     <span class='ocr_line' id='line_1_17' title="bbox 367 1599 1951 1673; baseline 0.002 -21"><span class='ocrx_word' id='word_1_127' title='bbox 367 1599 602 1668; x_wconf 81' lang='lat' dir='ltr'><strong>ﬁcientia</strong></span> <span class='ocrx_word' id='word_1_128' title='bbox 631 1609 809 1653; x_wconf 89' lang='lat' dir='ltr'><strong>nostra</strong></span> <span class='ocrx_word' id='word_1_129' title='bbox 833 1615 898 1654; x_wconf 88' lang='lat' dir='ltr'><strong>ex</strong></span> <span class='ocrx_word' id='word_1_130' title='bbox 933 1599 1044 1654; x_wconf 90' lang='lat' dir='ltr'><strong>Deo</strong></span> <span class='ocrx_word' id='word_1_131' title='bbox 1081 1609 1176 1654; x_wconf 90' lang='lat' dir='ltr'><strong>est.</strong></span> <span class='ocrx_word' id='word_1_132' title='bbox 1214 1599 1283 1654; x_wconf 87' lang='lat' dir='ltr'><strong>Et</strong></span> <span class='ocrx_word' id='word_1_133' title='bbox 1322 1600 1620 1655; x_wconf 86' lang='lat' dir='ltr'><strong>Dominus:</strong></span> <span class='ocrx_word' id='word_1_134' title='bbox 1651 1600 1819 1656; x_wconf 81' lang='lat' dir='ltr'><strong>Nemo</strong></span> <span class='ocrx_word' id='word_1_135' title='bbox 1859 1618 1951 1673; x_wconf 90' lang='lat' dir='ltr'><strong>po-</strong></span> 
     </span>
    </p>
   </div>
   <div class='ocr_carea' id='block_1_18' title="bbox 367 1688 1949 1761">
    <p class='ocr_par' dir='ltr' id='par_1_18' title="bbox 367 1688 1949 1761">
     <span class='ocr_line' id='line_1_18' title="bbox 367 1688 1949 1761; baseline 0.002 -19"><span class='ocrx_word' id='word_1_136' title='bbox 367 1699 466 1745; x_wconf 83' lang='lat' dir='ltr'><strong>test</strong></span> <span class='ocrx_word' id='word_1_137' title='bbox 504 1691 676 1744; x_wconf 81' lang='lat' dir='ltr'><strong>venire</strong></span> <span class='ocrx_word' id='word_1_138' title='bbox 703 1690 771 1743; x_wconf 90' lang='lat' dir='ltr'><strong><em>ad</em></strong></span> <span class='ocrx_word' id='word_1_139' title='bbox 798 1706 896 1754; x_wconf 88' lang='lat' dir='ltr'><strong>me,</strong></span> <span class='ocrx_word' id='word_1_140' title='bbox 930 1691 1030 1744; x_wconf 87' lang='lat' dir='ltr'><strong>nisi</strong></span> <span class='ocrx_word' id='word_1_141' title='bbox 1058 1688 1240 1755; x_wconf 90' lang='lat' dir='ltr'><strong>Pater,</strong></span> <span class='ocrx_word' id='word_1_142' title='bbox 1277 1692 1368 1761; x_wconf 87' lang='lat' dir='ltr'><strong>qui</strong></span> <span class='ocrx_word' id='word_1_143' title='bbox 1398 1691 1540 1744; x_wconf 88' lang='lat' dir='ltr'><strong>misit</strong></span> <span class='ocrx_word' id='word_1_144' title='bbox 1587 1707 1690 1754; x_wconf 92' lang='lat' dir='ltr'><strong>me,</strong></span> <span class='ocrx_word' id='word_1_145' title='bbox 1727 1692 1949 1746; x_wconf 82' lang='lat' dir='ltr'><strong>traxerit</strong></span> 
     </span>
    </p>
   </div>
   <div class='ocr_carea' id='block_1_19' title="bbox 2065 506 3642 578">
    <p class='ocr_par' dir='ltr' id='par_1_19' title="bbox 2065 506 3642 578">
     <span class='ocr_line' id='line_1_19' title="bbox 2065 506 3642 578; baseline 0.006 -22"><span class='ocrx_word' id='word_1_146' title='bbox 2065 512 2174 558; x_wconf 89' lang='lat' dir='ltr'><strong>tum</strong></span> <span class='ocrx_word' id='word_1_147' title='bbox 2211 514 2264 557; x_wconf 88' lang='lat' dir='ltr'><strong>ut</strong></span> <span class='ocrx_word' id='word_1_148' title='bbox 2303 507 2392 576; x_wconf 91' lang='lat' dir='ltr'><strong>qui</strong></span> <span class='ocrx_word' id='word_1_149' title='bbox 2420 515 2555 559; x_wconf 84' lang='lat' dir='ltr'><strong>tenet</strong></span> <span class='ocrx_word' id='word_1_150' title='bbox 2585 522 2721 560; x_wconf 88' lang='lat' dir='ltr'><strong>nunc</strong></span> <span class='ocrx_word' id='word_1_151' title='bbox 2739 515 2926 571; x_wconf 88' lang='lat' dir='ltr'><strong>teneat,</strong></span> <span class='ocrx_word' id='word_1_152' title='bbox 2957 506 3120 562; x_wconf 87' lang='lat' dir='ltr'><strong>donec</strong></span> <span class='ocrx_word' id='word_1_153' title='bbox 3141 507 3205 562; x_wconf 85' lang='lat' dir='ltr'><strong>de</strong></span> <span class='ocrx_word' id='word_1_154' title='bbox 3229 509 3398 564; x_wconf 88' lang='lat' dir='ltr'><strong>medio</strong></span> <span class='ocrx_word' id='word_1_155' title='bbox 3420 511 3537 578; x_wconf 81' lang='lat' dir='ltr'><strong>ﬁat.</strong></span> <span class='ocrx_word' id='word_1_156' title='bbox 3571 510 3642 565; x_wconf 82' lang='lat' dir='ltr'><strong>Et</strong></span> 
     </span>
    </p>
   </div>
   <div class='ocr_carea' id='block_1_20' title="bbox 2063 594 3643 668">
    <p class='ocr_par' dir='ltr' id='par_1_20' title="bbox 2063 594 3643 668">
     <span class='ocr_line' id='line_1_20' title="bbox 2063 594 3643 668; baseline 0.004 -21"><span class='ocrx_word' id='word_1_157' title='bbox 2063 603 2186 648; x_wconf 88' lang='lat' dir='ltr'><strong>tunc</strong></span> <span class='ocrx_word' id='word_1_158' title='bbox 2219 594 2530 648; x_wconf 84' lang='lat' dir='ltr'><strong>revelabitur</strong></span> <span class='ocrx_word' id='word_1_159' title='bbox 2575 594 2664 649; x_wconf 91' lang='lat' dir='ltr'><strong>ille</strong></span> <span class='ocrx_word' id='word_1_160' title='bbox 2718 596 2950 666; x_wconf 85' lang='lat' dir='ltr'><strong>iniquus,</strong></span> <span class='ocrx_word' id='word_1_161' title='bbox 2990 613 3140 668; x_wconf 87' lang='lat' dir='ltr'><strong>quem</strong></span> <span class='ocrx_word' id='word_1_162' title='bbox 3188 596 3442 653; x_wconf 87' lang='lat' dir='ltr'><strong>Dominus</strong></span> <span class='ocrx_word' id='word_1_163' title='bbox 3486 599 3643 656; x_wconf 81' lang='lat' dir='ltr'><strong>Jesus</strong></span> 
     </span>
    </p>
   </div>
   <div class='ocr_carea' id='block_1_21' title="bbox 2061 684 3639 754">
    <p class='ocr_par' dir='ltr' id='par_1_21' title="bbox 2061 684 3639 754">
     <span class='ocr_line' id='line_1_21' title="bbox 2061 684 3639 754; baseline 0.003 -17"><span class='ocrx_word' id='word_1_164' title='bbox 2061 684 2335 752; x_wconf 80' lang='lat' dir='ltr'><strong>interﬁciet</strong></span> <span class='ocrx_word' id='word_1_165' title='bbox 2385 684 2573 754; x_wconf 85' lang='lat' dir='ltr'><strong>spiritu</strong></span> <span class='ocrx_word' id='word_1_166' title='bbox 2624 685 2729 738; x_wconf 90' lang='lat' dir='ltr'><strong>oris</strong></span> <span class='ocrx_word' id='word_1_167' title='bbox 2782 687 2884 748; x_wconf 88' lang='lat' dir='ltr'><strong>sui,</strong></span> <span class='ocrx_word' id='word_1_168' title='bbox 2922 696 2969 738; x_wconf 92' lang='lat' dir='ltr'><strong>et</strong></span> <span class='ocrx_word' id='word_1_169' title='bbox 3013 685 3242 739; x_wconf 83' lang='lat' dir='ltr'><strong>destruet</strong></span> <span class='ocrx_word' id='word_1_170' title='bbox 3290 685 3639 742; x_wconf 74' lang='lat' dir='ltr'><strong>illustrations</strong></span> 
     </span>
    </p>
   </div>
   <div class='ocr_carea' id='block_1_22' title="bbox 2061 775 3640 850">
    <p class='ocr_par' dir='ltr' id='par_1_22' title="bbox 2061 775 3640 850">
     <span class='ocr_line' id='line_1_22' title="bbox 2061 775 3640 850; baseline 0.004 -24"><span class='ocrx_word' id='word_1_171' title='bbox 2061 775 2313 828; x_wconf 79' lang='lat' dir='ltr'><strong>adventus</strong></span> <span class='ocrx_word' id='word_1_172' title='bbox 2338 776 2420 829; x_wconf 91' lang='lat' dir='ltr'><strong>sui</strong></span> <span class='ocrx_word' id='word_1_173' title='bbox 2449 791 2600 840; x_wconf 87' lang='lat' dir='ltr'><strong>eum;</strong></span> <span class='ocrx_word' id='word_1_174' title='bbox 2647 775 2797 844; x_wconf 84' lang='lat' dir='ltr'><strong>cujus</strong></span> <span class='ocrx_word' id='word_1_175' title='bbox 2837 785 2912 828; x_wconf 89' lang='lat' dir='ltr'><strong>est</strong></span> <span class='ocrx_word' id='word_1_176' title='bbox 2944 776 3194 831; x_wconf 86' lang='lat' dir='ltr'><strong>adventus</strong></span> <span class='ocrx_word' id='word_1_177' title='bbox 3220 779 3504 832; x_wconf 82' lang='lat' dir='ltr'><strong>secundum</strong></span> <span class='ocrx_word' id='word_1_178' title='bbox 3528 796 3640 850; x_wconf 86' lang='lat' dir='ltr'><strong>ope-</strong></span> 
     </span>
    </p>
   </div>
   <div class='ocr_carea' id='block_1_23' title="bbox 2061 865 3642 940">
    <p class='ocr_par' dir='ltr' id='par_1_23' title="bbox 2061 865 3642 940">
     <span class='ocr_line' id='line_1_23' title="bbox 2061 865 3642 940; baseline 0.003 -22"><span class='ocrx_word' id='word_1_179' title='bbox 2061 867 2318 919; x_wconf 82' lang='lat' dir='ltr'><strong><em>rationem</em></strong></span> <span class='ocrx_word' id='word_1_180' title='bbox 2347 865 2582 930; x_wconf 70' lang='lat' dir='ltr'><strong>Satanaz,</strong></span> <span class='ocrx_word' id='word_1_181' title='bbox 2611 866 2663 920; x_wconf 91' lang='lat' dir='ltr'><strong>in</strong></span> <span class='ocrx_word' id='word_1_182' title='bbox 2691 867 2832 919; x_wconf 89' lang='lat' dir='ltr'><strong>omni</strong></span> <span class='ocrx_word' id='word_1_183' title='bbox 2859 867 3068 931; x_wconf 85' lang='lat' dir='ltr'><strong>virtute,</strong></span> <span class='ocrx_word' id='word_1_184' title='bbox 3111 877 3159 921; x_wconf 88' lang='lat' dir='ltr'><strong>et</strong></span> <span class='ocrx_word' id='word_1_185' title='bbox 3201 869 3388 938; x_wconf 84' lang='lat' dir='ltr'><strong>signis,</strong></span> <span class='ocrx_word' id='word_1_186' title='bbox 3427 878 3474 922; x_wconf 92' lang='lat' dir='ltr'><strong>et</strong></span> <span class='ocrx_word' id='word_1_187' title='bbox 3521 886 3642 940; x_wconf 85' lang='lat' dir='ltr'><strong>pro-</strong></span> 
     </span>
    </p>
   </div>
   <div class='ocr_carea' id='block_1_24' title="bbox 2058 954 3634 1028">
    <p class='ocr_par' dir='ltr' id='par_1_24' title="bbox 2058 954 3634 1028">
     <span class='ocr_line' id='line_1_24' title="bbox 2058 954 3634 1028; baseline 0.001 -19"><span class='ocrx_word' id='word_1_188' title='bbox 2058 955 2214 1024; x_wconf 82' lang='lat' dir='ltr'><strong>digiis</strong></span> <span class='ocrx_word' id='word_1_189' title='bbox 2263 954 2618 1020; x_wconf 85' lang='lat' dir='ltr'><strong>mendacibus,</strong></span> <span class='ocrx_word' id='word_1_190' title='bbox 2645 965 2692 1008; x_wconf 91' lang='lat' dir='ltr'><strong>et</strong></span> <span class='ocrx_word' id='word_1_191' title='bbox 2721 957 2776 1008; x_wconf 89' lang='lat' dir='ltr'><strong>in</strong></span> <span class='ocrx_word' id='word_1_192' title='bbox 2823 957 2963 1009; x_wconf 86' lang='lat' dir='ltr'><strong>omni</strong></span> <span class='ocrx_word' id='word_1_193' title='bbox 2993 955 3296 1010; x_wconf 87' lang='lat' dir='ltr'><strong>seductione</strong></span> <span class='ocrx_word' id='word_1_194' title='bbox 3323 957 3634 1028; x_wconf 88' lang='lat' dir='ltr'><strong>iniquitatis,</strong></span> 
     </span>
    </p>
   </div>
   <div class='ocr_carea' id='block_1_25' title="bbox 2057 1045 3640 1116">
    <p class='ocr_par' dir='ltr' id='par_1_25' title="bbox 2057 1045 3640 1116">
     <span class='ocr_line' id='line_1_25' title="bbox 2057 1045 3640 1116; baseline 0.001 -16"><span class='ocrx_word' id='word_1_195' title='bbox 2057 1045 2138 1100; x_wconf 89' lang='lat' dir='ltr'><strong>his</strong></span> <span class='ocrx_word' id='word_1_196' title='bbox 2171 1046 2262 1115; x_wconf 89' lang='lat' dir='ltr'><strong>qui</strong></span> <span class='ocrx_word' id='word_1_197' title='bbox 2282 1053 2518 1116; x_wconf 89' lang='lat' dir='ltr'><strong>pereunt,</strong></span> <span class='ocrx_word' id='word_1_198' title='bbox 2546 1061 2604 1098; x_wconf 91' lang='lat' dir='ltr'><strong>eo</strong></span> <span class='ocrx_word' id='word_1_199' title='bbox 2629 1045 2768 1116; x_wconf 90' lang='lat' dir='ltr'><strong>quod</strong></span> <span class='ocrx_word' id='word_1_200' title='bbox 2809 1046 3119 1099; x_wconf 84' lang='lat' dir='ltr'><strong>charitatem</strong></span> <span class='ocrx_word' id='word_1_201' title='bbox 3160 1046 3392 1100; x_wconf 82' lang='lat' dir='ltr'><strong>veritatis</strong></span> <span class='ocrx_word' id='word_1_202' title='bbox 3427 1063 3532 1102; x_wconf 89' lang='lat' dir='ltr'><strong>non</strong></span> <span class='ocrx_word' id='word_1_203' title='bbox 3560 1064 3640 1101; x_wconf 89' lang='lat' dir='ltr'><strong>re-</strong></span> 
     </span>
    </p>
   </div>
   <div class='ocr_carea' id='block_1_26' title="bbox 2057 1131 3640 1208">
    <p class='ocr_par' dir='ltr' id='par_1_26' title="bbox 2057 1131 3640 1208">
     <span class='ocr_line' id='line_1_26' title="bbox 2057 1131 3640 1208; baseline 0.002 -20"><span class='ocrx_word' id='word_1_204' title='bbox 2057 1142 2302 1205; x_wconf 85' lang='lat' dir='ltr'><strong>ceperunt</strong></span> <span class='ocrx_word' id='word_1_205' title='bbox 2324 1142 2380 1186; x_wconf 89' lang='lat' dir='ltr'><strong>ut</strong></span> <span class='ocrx_word' id='word_1_206' title='bbox 2403 1131 2533 1186; x_wconf 81' lang='lat' dir='ltr'><strong>salui</strong></span> <span class='ocrx_word' id='word_1_207' title='bbox 2569 1133 2774 1202; x_wconf 85' lang='lat' dir='ltr'><strong>fierent.</strong></span> <span class='ocrx_word' id='word_1_208' title='bbox 2803 1133 2933 1187; x_wconf 87' lang='lat' dir='ltr'><strong>Ideo</strong></span> <span class='ocrx_word' id='word_1_209' title='bbox 2961 1136 3128 1188; x_wconf 88' lang='lat' dir='ltr'><strong>mittet</strong></span> <span class='ocrx_word' id='word_1_210' title='bbox 3154 1133 3261 1189; x_wconf 85' lang='lat' dir='ltr'><strong>illis</strong></span> <span class='ocrx_word' id='word_1_211' title='bbox 3289 1134 3429 1189; x_wconf 90' lang='lat' dir='ltr'><strong>Deus</strong></span> <span class='ocrx_word' id='word_1_212' title='bbox 3455 1152 3640 1208; x_wconf 88' lang='lat' dir='ltr'><strong>opera-</strong></span> 
     </span>
    </p>
   </div>
   <div class='ocr_carea' id='block_1_27' title="bbox 2055 1222 3639 1296">
    <p class='ocr_par' dir='ltr' id='par_1_27' title="bbox 2055 1222 3639 1296">
     <span class='ocr_line' id='line_1_27' title="bbox 2055 1222 3639 1296; baseline 0.002 -19"><span class='ocrx_word' id='word_1_213' title='bbox 2055 1225 2247 1278; x_wconf 89' lang='lat' dir='ltr'><strong>tionem</strong></span> <span class='ocrx_word' id='word_1_214' title='bbox 2277 1223 2503 1289; x_wconf 89' lang='lat' dir='ltr'><strong>erroris,</strong></span> <span class='ocrx_word' id='word_1_215' title='bbox 2531 1232 2589 1276; x_wconf 90' lang='lat' dir='ltr'><strong>ut</strong></span> <span class='ocrx_word' id='word_1_216' title='bbox 2637 1222 2851 1277; x_wconf 86' lang='lat' dir='ltr'><strong>credant</strong></span> <span class='ocrx_word' id='word_1_217' title='bbox 2900 1224 3172 1279; x_wconf 88' lang='lat' dir='ltr'><strong>mendacio</strong></span> <span class='ocrx_word' id='word_1_218' title='bbox 3192 1265 3208 1292; x_wconf 92' lang='lat'><strong>,</strong></span> <span class='ocrx_word' id='word_1_219' title='bbox 3261 1234 3308 1279; x_wconf 90' lang='lat' dir='ltr'><strong><em>et</em></strong></span> <span class='ocrx_word' id='word_1_220' title='bbox 3328 1225 3639 1296; x_wconf 87' lang='lat' dir='ltr'><strong>judicentur</strong></span> 
     </span>
    </p>
   </div>
   <div class='ocr_carea' id='block_1_28' title="bbox 2054 1311 3636 1381">
    <p class='ocr_par' dir='ltr' id='par_1_28' title="bbox 2054 1311 3636 1381">
     <span class='ocr_line' id='line_1_28' title="bbox 2054 1311 3636 1381; baseline 0.004 -17"><span class='ocrx_word' id='word_1_221' title='bbox 2054 1329 2232 1366; x_wconf 89' lang='lat' dir='ltr'><strong>omnes</strong></span> <span class='ocrx_word' id='word_1_222' title='bbox 2256 1312 2344 1381; x_wconf 86' lang='lat' dir='ltr'><strong>qui</strong></span> <span class='ocrx_word' id='word_1_223' title='bbox 2381 1327 2484 1364; x_wconf 93' lang='lat' dir='ltr'><strong>non</strong></span> <span class='ocrx_word' id='word_1_224' title='bbox 2511 1311 2842 1366; x_wconf 88' lang='lat' dir='ltr'><strong>crediderunt</strong></span> <span class='ocrx_word' id='word_1_225' title='bbox 2871 1313 3103 1379; x_wconf 82' lang='lat' dir='ltr'><strong>veritati,</strong></span> <span class='ocrx_word' id='word_1_226' title='bbox 3150 1313 3242 1368; x_wconf 90' lang='lat' dir='ltr'><strong>sed</strong></span> <span class='ocrx_word' id='word_1_227' title='bbox 3265 1327 3636 1370; x_wconf 89' lang='lat' dir='ltr'><strong>consenserunt</strong></span> 
     </span>
    </p>
   </div>
   <div class='ocr_carea' id='block_1_29' title="bbox 2052 1400 3636 1478">
    <p class='ocr_par' dir='ltr' id='par_1_29' title="bbox 2052 1400 3636 1478">
     <span class='ocr_line' id='line_1_29' title="bbox 2052 1400 3636 1478; baseline 0.006 -25"><span class='ocrx_word' id='word_1_228' title='bbox 2052 1401 2338 1471; x_wconf 87' lang='lat' dir='ltr'><strong>iniquitati.</strong></span> <span class='ocrx_word' id='word_1_229' title='bbox 2365 1400 2442 1454; x_wconf 83' lang='lat' dir='ltr'><strong>De</strong></span> <span class='ocrx_word' id='word_1_230' title='bbox 2470 1401 2572 1455; x_wconf 92' lang='lat' dir='ltr'><strong>hoc</strong></span> <span class='ocrx_word' id='word_1_231' title='bbox 2600 1409 2841 1472; x_wconf 88' lang='lat' dir='ltr'><strong>tempore</strong></span> <span class='ocrx_word' id='word_1_232' title='bbox 2871 1411 2926 1455; x_wconf 90' lang='lat' dir='ltr'><strong>et</strong></span> <span class='ocrx_word' id='word_1_233' title='bbox 2953 1402 3212 1459; x_wconf 88' lang='lat' dir='ltr'><strong>Dominus</strong></span> <span class='ocrx_word' id='word_1_234' title='bbox 3241 1403 3298 1459; x_wconf 92' lang='lat' dir='ltr'><strong>in</strong></span> <span class='ocrx_word' id='word_1_235' title='bbox 3342 1405 3636 1478; x_wconf 80' lang='lat' dir='ltr'><strong>Evangelia</strong></span> 
     </span>
    </p>
   </div>
   <div class='ocr_carea' id='block_1_30' title="bbox 2052 1491 3632 1568">
    <p class='ocr_par' dir='ltr' id='par_1_30' title="bbox 2052 1491 3632 1568">
     <span class='ocr_line' id='line_1_30' title="bbox 2052 1491 3632 1568; baseline 0.004 -22"><span class='ocrx_word' id='word_1_236' title='bbox 2052 1493 2128 1546; x_wconf 88' lang='lat' dir='ltr'><strong>ait</strong></span> <span class='ocrx_word' id='word_1_237' title='bbox 2166 1508 2180 1546; x_wconf 90' lang='lat'><strong>:</strong></span> <span class='ocrx_word' id='word_1_238' title='bbox 2220 1493 2339 1547; x_wconf 88' lang='lat' dir='ltr'><strong><em>Erit</em></strong></span> <span class='ocrx_word' id='word_1_239' title='bbox 2373 1503 2498 1547; x_wconf 90' lang='lat' dir='ltr'><strong>tunc</strong></span> <span class='ocrx_word' id='word_1_240' title='bbox 2527 1491 2797 1546; x_wconf 74' lang='lat' dir='ltr'><strong>tribulatio</strong></span> <span class='ocrx_word' id='word_1_241' title='bbox 2828 1510 3038 1564; x_wconf 88' lang='lat' dir='ltr'><strong>magna,</strong></span> <span class='ocrx_word' id='word_1_242' title='bbox 3075 1495 3247 1566; x_wconf 86' lang='lat' dir='ltr'><strong>qualis</strong></span> <span class='ocrx_word' id='word_1_243' title='bbox 3289 1514 3393 1552; x_wconf 91' lang='lat' dir='ltr'><strong>non</strong></span> <span class='ocrx_word' id='word_1_244' title='bbox 3437 1499 3538 1568; x_wconf 88' lang='lat' dir='ltr'><strong>fuit</strong></span> <span class='ocrx_word' id='word_1_245' title='bbox 3568 1501 3632 1553; x_wconf 91' lang='lat' dir='ltr'><strong>ab</strong></span> 
     </span>
    </p>
   </div>
   <div class='ocr_carea' id='block_1_31' title="bbox 2049 1581 3633 1654">
    <p class='ocr_par' dir='ltr' id='par_1_31' title="bbox 2049 1581 3633 1654">
     <span class='ocr_line' id='line_1_31' title="bbox 2049 1581 3633 1654; baseline 0.004 -18"><span class='ocrx_word' id='word_1_246' title='bbox 2049 1583 2200 1636; x_wconf 88' lang='lat' dir='ltr'><strong>initio</strong></span> <span class='ocrx_word' id='word_1_247' title='bbox 2226 1581 2408 1635; x_wconf 89' lang='lat' dir='ltr'><strong>mundi</strong></span> <span class='ocrx_word' id='word_1_248' title='bbox 2433 1598 2597 1652; x_wconf 87' lang='lat' dir='ltr'><strong>usque</strong></span> <span class='ocrx_word' id='word_1_249' title='bbox 2632 1583 2806 1646; x_wconf 88' lang='lat' dir='ltr'><strong>modo,</strong></span> <span class='ocrx_word' id='word_1_250' title='bbox 2836 1599 2998 1654; x_wconf 89' lang='lat' dir='ltr'><strong>neque</strong></span> <span class='ocrx_word' id='word_1_251' title='bbox 3034 1584 3144 1654; x_wconf 81' lang='lat' dir='ltr'><strong>fiet.</strong></span> <span class='ocrx_word' id='word_1_252' title='bbox 3187 1585 3258 1640; x_wconf 86' lang='lat' dir='ltr'><strong>Et</strong></span> <span class='ocrx_word' id='word_1_253' title='bbox 3293 1588 3397 1641; x_wconf 90' lang='lat' dir='ltr'><strong>nisi</strong></span> <span class='ocrx_word' id='word_1_254' title='bbox 3418 1588 3633 1643; x_wconf 77' lang='lat' dir='ltr'><strong>breviati</strong></span> 
     </span>
    </p>
   </div>
   <div class='ocr_carea' id='block_1_32' title="bbox 2050 1671 3632 1745">
    <p class='ocr_par' dir='ltr' id='par_1_32' title="bbox 2050 1671 3632 1745">
     <span class='ocr_line' id='line_1_32' title="bbox 2050 1671 3632 1745; baseline 0.004 -19"><span class='ocrx_word' id='word_1_255' title='bbox 2050 1673 2270 1743; x_wconf 78' lang='lat' dir='ltr'><strong>fuissent</strong></span> <span class='ocrx_word' id='word_1_256' title='bbox 2320 1671 2431 1726; x_wconf 89' lang='lat' dir='ltr'><strong>dies</strong></span> <span class='ocrx_word' id='word_1_257' title='bbox 2477 1671 2577 1738; x_wconf 85' lang='lat' dir='ltr'><strong>illi,</strong></span> <span class='ocrx_word' id='word_1_258' title='bbox 2628 1689 2730 1726; x_wconf 89' lang='lat' dir='ltr'><strong>non</strong></span> <span class='ocrx_word' id='word_1_259' title='bbox 2753 1672 2902 1742; x_wconf 80' lang='lat' dir='ltr'><strong>fieret</strong></span> <span class='ocrx_word' id='word_1_260' title='bbox 2951 1673 3095 1728; x_wconf 89' lang='lat' dir='ltr'><strong>salva</strong></span> <span class='ocrx_word' id='word_1_261' title='bbox 3143 1677 3314 1730; x_wconf 88' lang='lat' dir='ltr'><strong>omnis</strong></span> <span class='ocrx_word' id='word_1_262' title='bbox 3355 1680 3632 1745; x_wconf 85' lang='lat' dir='ltr'><strong>caro;sed</strong></span> 
     </span>
    </p>
   </div>
   <div class='ocr_carea' id='block_1_33' title="bbox 366 1761 3630 1854">
    <p class='ocr_par' dir='ltr' id='par_1_33' title="bbox 366 1761 3630 1854">
     <span class='ocr_line' id='line_1_33' title="bbox 366 1761 3630 1854; baseline 0.002 -19"><span class='ocrx_word' id='word_1_263' title='bbox 366 1797 506 1835; x_wconf 84' lang='lat' dir='ltr'><strong>eum.</strong></span> <span class='ocrx_word' id='word_1_264' title='bbox 531 1780 694 1835; x_wconf 85' lang='lat' dir='ltr'><strong>Multa</strong></span> <span class='ocrx_word' id='word_1_265' title='bbox 723 1780 862 1836; x_wconf 88' lang='lat' dir='ltr'><strong>Deus</strong></span> <span class='ocrx_word' id='word_1_266' title='bbox 884 1779 1013 1835; x_wconf 78' lang='lat' dir='ltr'><strong>facit</strong></span> <span class='ocrx_word' id='word_1_267' title='bbox 1036 1780 1089 1834; x_wconf 90' lang='lat' dir='ltr'><strong>in</strong></span> <span class='ocrx_word' id='word_1_268' title='bbox 1118 1782 1336 1837; x_wconf 87' lang='lat' dir='ltr'><strong>homine</strong></span> <span class='ocrx_word' id='word_1_269' title='bbox 1359 1781 1523 1847; x_wconf 87' lang='lat' dir='ltr'><strong>bona,</strong></span> <span class='ocrx_word' id='word_1_270' title='bbox 1547 1797 1665 1854; x_wconf 64' lang='lat' dir='ltr'><strong>qua:</strong></span> <span class='ocrx_word' id='word_1_271' title='bbox 1689 1797 1796 1836; x_wconf 88' lang='lat' dir='ltr'><strong>non</strong></span> <span class='ocrx_word' id='word_1_272' title='bbox 1821 1781 1950 1836; x_wconf 83' lang='lat' dir='ltr'><strong>facit</strong></span> <span class='ocrx_word' id='word_1_273' title='bbox 1975 1782 2023 1841; x_wconf 92' lang='lat' dir='ltr'><strong>B</strong></span> <span class='ocrx_word' id='word_1_274' title='bbox 2049 1771 2262 1854; x_wconf 48' lang='grc' dir='ltr'><strong>ΡνξΨίεζ</strong></span> <span class='ocrx_word' id='word_1_275' title='bbox 2294 1761 2896 1854; x_wconf 37' lang='grc' dir='ltr'><strong>ειεετοδᾼίθνευίαδυξηατ</strong></span> <span class='ocrx_word' id='word_1_276' title='bbox 2937 1764 3048 1818; x_wconf 61' lang='lat' dir='ltr'><strong>di“</strong></span> <span class='ocrx_word' id='word_1_277' title='bbox 3094 1764 3194 1820; x_wconf 68' lang='grc' dir='ltr'><strong>ίίίί·</strong></span> <span class='ocrx_word' id='word_1_278' title='bbox 3249 1765 3394 1821; x_wconf 60' lang='lat' dir='ltr'><strong>Tum</strong></span> <span class='ocrx_word' id='word_1_279' title='bbox 3421 1767 3469 1822; x_wconf 71' lang='grc' dir='ltr'><strong>εί</strong></span> <span class='ocrx_word' id='word_1_280' title='bbox 3515 1771 3630 1840; x_wconf 67' lang='grc' dir='ltr'><strong>φάε</strong></span> 
     </span>
    </p>
   </div>
   <div class='ocr_carea' id='block_1_34' title="bbox 366 1867 1949 1940">
    <p class='ocr_par' dir='ltr' id='par_1_34' title="bbox 366 1867 1949 1940">
     <span class='ocr_line' id='line_1_34' title="bbox 366 1867 1949 1940; baseline 0.001 -16"><span class='ocrx_word' id='word_1_281' title='bbox 366 1870 559 1934; x_wconf 86' lang='lat' dir='ltr'><strong>homo;</strong></span> <span class='ocrx_word' id='word_1_282' title='bbox 585 1869 732 1923; x_wconf 88' lang='lat' dir='ltr'><strong>nulla</strong></span> <span class='ocrx_word' id='word_1_283' title='bbox 778 1885 908 1924; x_wconf 89' lang='lat' dir='ltr'><strong>vero</strong></span> <span class='ocrx_word' id='word_1_284' title='bbox 949 1867 1080 1924; x_wconf 75' lang='lat' dir='ltr'><strong>facit</strong></span> <span class='ocrx_word' id='word_1_285' title='bbox 1122 1870 1284 1925; x_wconf 89' lang='lat' dir='ltr'><strong>homo</strong></span> <span class='ocrx_word' id='word_1_286' title='bbox 1310 1871 1474 1935; x_wconf 86' lang='lat' dir='ltr'><strong>bona,</strong></span> <span class='ocrx_word' id='word_1_287' title='bbox 1511 1886 1632 1940; x_wconf 62' lang='lat' dir='ltr'><strong>quae</strong></span> <span class='ocrx_word' id='word_1_288' title='bbox 1660 1886 1768 1924; x_wconf 90' lang='lat' dir='ltr'><strong>non</strong></span> <span class='ocrx_word' id='word_1_289' title='bbox 1807 1870 1949 1926; x_wconf 89' lang='lat' dir='ltr'><strong>Deus</strong></span> 
     </span>
    </p>
   </div>
   <div class='ocr_carea' id='block_1_35' title="bbox 364 1959 1948 2031">
    <p class='ocr_par' dir='ltr' id='par_1_35' title="bbox 364 1959 1948 2031">
     <span class='ocr_line' id='line_1_35' title="bbox 364 1959 1948 2031; baseline 0.003 -20"><span class='ocrx_word' id='word_1_290' title='bbox 364 1968 587 2028; x_wconf 70' lang='lat' dir='ltr'><strong>praestet</strong></span> <span class='ocrx_word' id='word_1_291' title='bbox 629 1967 690 2014; x_wconf 89' lang='lat' dir='ltr'><strong>ut</strong></span> <span class='ocrx_word' id='word_1_292' title='bbox 723 1959 888 2016; x_wconf 82' lang='lat' dir='ltr'><strong>faciat</strong></span> <span class='ocrx_word' id='word_1_293' title='bbox 919 1961 1099 2016; x_wconf 88' lang='lat' dir='ltr'><strong>homo.</strong></span> <span class='ocrx_word' id='word_1_294' title='bbox 1144 1959 1311 2016; x_wconf 89' lang='lat' dir='ltr'><strong>Suam</strong></span> <span class='ocrx_word' id='word_1_295' title='bbox 1346 1975 1579 2031; x_wconf 84' lang='lat' dir='ltr'><strong>namque</strong></span> <span class='ocrx_word' id='word_1_296' title='bbox 1617 1960 1948 2016; x_wconf 84' lang='lat' dir='ltr'><strong>voluntatem</strong></span> 
     </span>
    </p>
   </div>
   <div class='ocr_carea' id='block_1_36' title="bbox 364 2049 1948 2122">
    <p class='ocr_par' dir='ltr' id='par_1_36' title="bbox 364 2049 1948 2122">
     <span class='ocr_line' id='line_1_36' title="bbox 364 2049 1948 2122; baseline 0 -18"><span class='ocrx_word' id='word_1_297' title='bbox 364 2049 611 2104; x_wconf 85' lang='lat' dir='ltr'><strong>homines</strong></span> <span class='ocrx_word' id='word_1_298' title='bbox 648 2049 882 2116; x_wconf 81' lang='lat' dir='ltr'><strong>faciunt,</strong></span> <span class='ocrx_word' id='word_1_299' title='bbox 916 2065 1028 2108; x_wconf 91' lang='lat' dir='ltr'><strong>non</strong></span> <span class='ocrx_word' id='word_1_300' title='bbox 1075 2050 1202 2116; x_wconf 86' lang='lat' dir='ltr'><strong>Dei,</strong></span> <span class='ocrx_word' id='word_1_301' title='bbox 1244 2051 1460 2121; x_wconf 82' lang='lat' dir='ltr'><strong>quando</strong></span> <span class='ocrx_word' id='word_1_302' title='bbox 1502 2049 1556 2105; x_wconf 91' lang='lat' dir='ltr'><strong>id</strong></span> <span class='ocrx_word' id='word_1_303' title='bbox 1594 2057 1761 2122; x_wconf 77' lang='lat' dir='ltr'><strong>agunt</strong></span> <span class='ocrx_word' id='word_1_304' title='bbox 1804 2049 1948 2120; x_wconf 88' lang='lat' dir='ltr'><strong>quod</strong></span> 
     </span>
    </p>
   </div>
   <div class='ocr_carea' id='block_1_37' title="bbox 363 2139 1947 2214">
    <p class='ocr_par' dir='ltr' id='par_1_37' title="bbox 363 2139 1947 2214">
     <span class='ocr_line' id='line_1_37' title="bbox 363 2139 1947 2214; baseline 0.003 -20"><span class='ocrx_word' id='word_1_305' title='bbox 363 2139 474 2194; x_wconf 89' lang='lat' dir='ltr'><strong>Deo</strong></span> <span class='ocrx_word' id='word_1_306' title='bbox 510 2140 776 2212; x_wconf 85' lang='lat' dir='ltr'><strong>displicet.</strong></span> <span class='ocrx_word' id='word_1_307' title='bbox 819 2141 1045 2210; x_wconf 86' lang='lat' dir='ltr'><strong>Quando</strong></span> <span class='ocrx_word' id='word_1_308' title='bbox 1081 2151 1264 2208; x_wconf 86' lang='lat' dir='ltr'><strong>autem</strong></span> <span class='ocrx_word' id='word_1_309' title='bbox 1305 2144 1380 2198; x_wconf 88' lang='lat' dir='ltr'><strong>ita</strong></span> <span class='ocrx_word' id='word_1_310' title='bbox 1413 2143 1622 2199; x_wconf 81' lang='lat' dir='ltr'><strong>faciunt</strong></span> <span class='ocrx_word' id='word_1_311' title='bbox 1663 2144 1808 2214; x_wconf 91' lang='lat' dir='ltr'><strong>quod</strong></span> <span class='ocrx_word' id='word_1_312' title='bbox 1851 2157 1947 2198; x_wconf 87' lang='lat' dir='ltr'><strong>vo-</strong></span> 
     </span>
    </p>
   </div>
   <div class='ocr_carea' id='block_1_38' title="bbox 359 2229 1946 2306">
    <p class='ocr_par' dir='ltr' id='par_1_38' title="bbox 359 2229 1946 2306">
     <span class='ocr_line' id='line_1_38' title="bbox 359 2229 1946 2306; baseline 0.005 -24"><span class='ocrx_word' id='word_1_313' title='bbox 359 2229 498 2297; x_wconf 92' lang='lat' dir='ltr'><strong>lunt,</strong></span> <span class='ocrx_word' id='word_1_314' title='bbox 527 2241 588 2286; x_wconf 85' lang='lat' dir='ltr'><strong>ut</strong></span> <span class='ocrx_word' id='word_1_315' title='bbox 613 2233 806 2288; x_wconf 78' lang='lat' dir='ltr'><strong>divina:</strong></span> <span class='ocrx_word' id='word_1_316' title='bbox 834 2235 1077 2290; x_wconf 77' lang='lat' dir='ltr'><strong>serviant</strong></span> <span class='ocrx_word' id='word_1_317' title='bbox 1111 2234 1402 2300; x_wconf 84' lang='lat' dir='ltr'><strong>voluntati;</strong></span> <span class='ocrx_word' id='word_1_318' title='bbox 1431 2235 1679 2306; x_wconf 82' lang='lat' dir='ltr'><strong>quamvis</strong></span> <span class='ocrx_word' id='word_1_319' title='bbox 1703 2235 1946 2290; x_wconf 84' lang='lat' dir='ltr'><strong>volentes</strong></span> 
     </span>
    </p>
   </div>
   <div class='ocr_carea' id='block_1_39' title="bbox 357 2324 1946 2395">
    <p class='ocr_par' dir='ltr' id='par_1_39' title="bbox 357 2324 1946 2395">
     <span class='ocr_line' id='line_1_39' title="bbox 357 2324 1946 2395; baseline 0.003 -19"><span class='ocrx_word' id='word_1_320' title='bbox 357 2330 524 2394; x_wconf 75' lang='lat' dir='ltr'><strong>agant</strong></span> <span class='ocrx_word' id='word_1_321' title='bbox 545 2324 690 2393; x_wconf 83' lang='lat' dir='ltr'><strong>quod</strong></span> <span class='ocrx_word' id='word_1_322' title='bbox 716 2333 905 2395; x_wconf 79' lang='lat' dir='ltr'><strong>agunt,</strong></span> <span class='ocrx_word' id='word_1_323' title='bbox 935 2325 1082 2380; x_wconf 90' lang='lat' dir='ltr'><strong>illius</strong></span> <span class='ocrx_word' id='word_1_324' title='bbox 1109 2333 1291 2382; x_wconf 90' lang='lat' dir='ltr'><strong>tamen</strong></span> <span class='ocrx_word' id='word_1_325' title='bbox 1317 2326 1564 2382; x_wconf 86' lang='lat' dir='ltr'><strong>voluntas</strong></span> <span class='ocrx_word' id='word_1_326' title='bbox 1589 2333 1674 2382; x_wconf 89' lang='lat' dir='ltr'><strong>est</strong></span> <span class='ocrx_word' id='word_1_327' title='bbox 1704 2342 1733 2380; x_wconf 89' lang='lat' dir='ltr'><strong>a</strong></span> <span class='ocrx_word' id='word_1_328' title='bbox 1763 2340 1868 2395; x_wconf 92' lang='lat' dir='ltr'><strong>quo</strong></span> <span class='ocrx_word' id='word_1_329' title='bbox 1891 2333 1946 2380; x_wconf 91' lang='lat' dir='ltr'><strong>et</strong></span> 
     </span>
    </p>
   </div>
   <div class='ocr_carea' id='block_1_40' title="bbox 356 2412 1943 2484">
    <p class='ocr_par' dir='ltr' id='par_1_40' title="bbox 356 2412 1943 2484">
     <span class='ocr_line' id='line_1_40' title="bbox 356 2412 1943 2484; baseline 0.002 -16"><span class='ocrx_word' id='word_1_330' title='bbox 356 2421 693 2482; x_wconf 63' lang='lat' dir='ltr'><strong>praparatur</strong></span> <span class='ocrx_word' id='word_1_331' title='bbox 717 2423 774 2468; x_wconf 87' lang='lat' dir='ltr'><strong>et</strong></span> <span class='ocrx_word' id='word_1_332' title='bbox 803 2412 1027 2482; x_wconf 86' lang='lat' dir='ltr'><strong>jubetur</strong></span> <span class='ocrx_word' id='word_1_333' title='bbox 1065 2415 1208 2484; x_wconf 88' lang='lat' dir='ltr'><strong>quod</strong></span> <span class='ocrx_word' id='word_1_334' title='bbox 1237 2416 1440 2471; x_wconf 83' lang='lat' dir='ltr'><strong>volunt.</strong></span> <span class='ocrx_word' id='word_1_335' title='bbox 1469 2416 1628 2472; x_wconf 87' lang='lat' dir='ltr'><strong>Tales</strong></span> <span class='ocrx_word' id='word_1_336' title='bbox 1666 2432 1767 2472; x_wconf 92' lang='lat' dir='ltr'><strong>nos</strong></span> <span class='ocrx_word' id='word_1_337' title='bbox 1795 2428 1943 2473; x_wconf 86' lang='lat' dir='ltr'><strong>amat</strong></span> 
     </span>
    </p>
   </div>
   <div class='ocr_carea' id='block_1_41' title="bbox 355 2501 1942 2580">
    <p class='ocr_par' dir='ltr' id='par_1_41' title="bbox 355 2501 1942 2580">
     <span class='ocr_line' id='line_1_41' title="bbox 355 2501 1942 2580; baseline 0.004 -22"><span class='ocrx_word' id='word_1_338' title='bbox 355 2501 524 2568; x_wconf 83' lang='lat' dir='ltr'><strong>Deus,</strong></span> <span class='ocrx_word' id='word_1_339' title='bbox 553 2503 737 2572; x_wconf 85' lang='lat' dir='ltr'><strong>quales</strong></span> <span class='ocrx_word' id='word_1_340' title='bbox 766 2503 931 2559; x_wconf 82' lang='lat' dir='ltr'><strong>futuri</strong></span> <span class='ocrx_word' id='word_1_341' title='bbox 977 2521 1168 2561; x_wconf 87' lang='lat' dir='ltr'><strong>sumus</strong></span> <span class='ocrx_word' id='word_1_342' title='bbox 1205 2507 1375 2577; x_wconf 85' lang='lat' dir='ltr'><strong>ipsius</strong></span> <span class='ocrx_word' id='word_1_343' title='bbox 1419 2507 1583 2575; x_wconf 90' lang='lat' dir='ltr'><strong>dono,</strong></span> <span class='ocrx_word' id='word_1_344' title='bbox 1609 2523 1718 2563; x_wconf 91' lang='lat' dir='ltr'><strong>non</strong></span> <span class='ocrx_word' id='word_1_345' title='bbox 1755 2509 1942 2580; x_wconf 84' lang='lat' dir='ltr'><strong>quales</strong></span> 
     </span>
    </p>
   </div>
   <div class='ocr_carea' id='block_1_42' title="bbox 352 2596 1938 2670">
    <p class='ocr_par' dir='ltr' id='par_1_42' title="bbox 352 2596 1938 2670">
     <span class='ocr_line' id='line_1_42' title="bbox 352 2596 1938 2670; baseline 0.004 -22"><span class='ocrx_word' id='word_1_346' title='bbox 352 2607 548 2648; x_wconf 72' lang='lat' dir='ltr'><strong>nimus</strong></span> <span class='ocrx_word' id='word_1_347' title='bbox 603 2602 793 2650; x_wconf 88' lang='lat' dir='ltr'><strong>nostro</strong></span> <span class='ocrx_word' id='word_1_348' title='bbox 840 2596 1054 2651; x_wconf 83' lang='lat' dir='ltr'><strong>merito.</strong></span> <span class='ocrx_word' id='word_1_349' title='bbox 1103 2597 1211 2651; x_wconf 84' lang='lat' dir='ltr'><strong>Sua</strong></span> <span class='ocrx_word' id='word_1_350' title='bbox 1263 2598 1404 2654; x_wconf 88' lang='lat' dir='ltr'><strong>bona</strong></span> <span class='ocrx_word' id='word_1_351' title='bbox 1448 2598 1592 2654; x_wconf 89' lang='lat' dir='ltr'><strong>Deus</strong></span> <span class='ocrx_word' id='word_1_352' title='bbox 1644 2600 1938 2670; x_wconf 70' lang='lat' dir='ltr'><strong>praevidet,</strong></span> 
     </span>
    </p>
   </div>
   <div class='ocr_carea' id='block_1_43' title="bbox 352 2682 1938 2756">
    <p class='ocr_par' dir='ltr' id='par_1_43' title="bbox 352 2682 1938 2756">
     <span class='ocr_line' id='line_1_43' title="bbox 352 2682 1938 2756; baseline 0.004 -16"><span class='ocrx_word' id='word_1_353' title='bbox 352 2683 600 2756; x_wconf 61' lang='lat' dir='ltr'><strong>praescit,</strong></span> <span class='ocrx_word' id='word_1_354' title='bbox 631 2682 869 2752; x_wconf 85' lang='lat' dir='ltr'><strong>adjuvat,</strong></span> <span class='ocrx_word' id='word_1_355' title='bbox 898 2693 956 2740; x_wconf 92' lang='lat' dir='ltr'><strong>et</strong></span> <span class='ocrx_word' id='word_1_356' title='bbox 983 2695 1295 2742; x_wconf 85' lang='lat' dir='ltr'><strong>remunerat</strong></span> <span class='ocrx_word' id='word_1_357' title='bbox 1329 2687 1386 2742; x_wconf 90' lang='lat' dir='ltr'><strong>in</strong></span> <span class='ocrx_word' id='word_1_358' title='bbox 1427 2689 1605 2743; x_wconf 87' lang='lat' dir='ltr'><strong>nobis.</strong></span> <span class='ocrx_word' id='word_1_359' title='bbox 1636 2689 1807 2745; x_wconf 88' lang='lat' dir='ltr'><strong>Nemo</strong></span> <span class='ocrx_word' id='word_1_360' title='bbox 1836 2690 1938 2746; x_wconf 92' lang='lat' dir='ltr'><strong>bo-</strong></span> 
     </span>
    </p>
   </div>
   <div class='ocr_carea' id='block_1_44' title="bbox 351 2774 1938 2845">
    <p class='ocr_par' dir='ltr' id='par_1_44' title="bbox 351 2774 1938 2845">
     <span class='ocr_line' id='line_1_44' title="bbox 351 2774 1938 2845; baseline 0.004 -15"><span class='ocrx_word' id='word_1_361' title='bbox 351 2789 455 2831; x_wconf 87' lang='lat' dir='ltr'><strong>nus</strong></span> <span class='ocrx_word' id='word_1_362' title='bbox 481 2774 588 2830; x_wconf 89' lang='lat' dir='ltr'><strong>nisi</strong></span> <span class='ocrx_word' id='word_1_363' title='bbox 629 2774 780 2830; x_wconf 83' lang='lat' dir='ltr'><strong>solus</strong></span> <span class='ocrx_word' id='word_1_364' title='bbox 820 2775 982 2840; x_wconf 87' lang='lat' dir='ltr'><strong>Deus,</strong></span> <span class='ocrx_word' id='word_1_365' title='bbox 1009 2777 1102 2845; x_wconf 91' lang='lat' dir='ltr'><strong>qui</strong></span> <span class='ocrx_word' id='word_1_366' title='bbox 1131 2793 1238 2832; x_wconf 91' lang='lat' dir='ltr'><strong>non</strong></span> <span class='ocrx_word' id='word_1_367' title='bbox 1279 2786 1366 2833; x_wconf 86' lang='lat' dir='ltr'><strong>est</strong></span> <span class='ocrx_word' id='word_1_368' title='bbox 1400 2779 1624 2836; x_wconf 86' lang='lat' dir='ltr'><strong>alterius</strong></span> <span class='ocrx_word' id='word_1_369' title='bbox 1651 2780 1796 2836; x_wconf 86' lang='lat' dir='ltr'><strong>bono</strong></span> <span class='ocrx_word' id='word_1_370' title='bbox 1841 2781 1938 2836; x_wconf 85' lang='lat' dir='ltr'><strong>bo-</strong></span> 
     </span>
    </p>
   </div>
   <div class='ocr_carea' id='block_1_45' title="bbox 352 2867 1933 2942">
    <p class='ocr_par' dir='ltr' id='par_1_45' title="bbox 352 2867 1933 2942">
     <span class='ocr_line' id='line_1_45' title="bbox 352 2867 1933 2942; baseline 0.004 -19"><span class='ocrx_word' id='word_1_371' title='bbox 352 2883 475 2923; x_wconf 89' lang='lat' dir='ltr'><strong>nus.</strong></span> <span class='ocrx_word' id='word_1_372' title='bbox 522 2867 778 2925; x_wconf 80' lang='lat' dir='ltr'><strong>Homines</strong></span> <span class='ocrx_word' id='word_1_373' title='bbox 814 2878 1031 2936; x_wconf 86' lang='lat' dir='ltr'><strong>autem,</strong></span> <span class='ocrx_word' id='word_1_374' title='bbox 1061 2885 1172 2926; x_wconf 92' lang='lat' dir='ltr'><strong>non</strong></span> <span class='ocrx_word' id='word_1_375' title='bbox 1199 2871 1446 2942; x_wconf 84' lang='lat' dir='ltr'><strong>preprio,</strong></span> <span class='ocrx_word' id='word_1_376' title='bbox 1483 2873 1578 2928; x_wconf 89' lang='lat' dir='ltr'><strong>sed</strong></span> <span class='ocrx_word' id='word_1_377' title='bbox 1625 2873 1722 2929; x_wconf 92' lang='lat' dir='ltr'><strong>Dei</strong></span> <span class='ocrx_word' id='word_1_378' title='bbox 1768 2874 1933 2940; x_wconf 87' lang='lat' dir='ltr'><strong>bono,</strong></span> 
     </span>
    </p>
   </div>
   <div class='ocr_carea' id='block_1_46' title="bbox 349 2957 1932 3032">
    <p class='ocr_par' dir='ltr' id='par_1_46' title="bbox 349 2957 1932 3032">
     <span class='ocr_line' id='line_1_46' title="bbox 349 2957 1932 3032; baseline 0.003 -19"><span class='ocrx_word' id='word_1_379' title='bbox 349 2965 480 3014; x_wconf 88' lang='lat' dir='ltr'><strong>sunt</strong></span> <span class='ocrx_word' id='word_1_380' title='bbox 500 2957 656 3024; x_wconf 87' lang='lat' dir='ltr'><strong>boni;</strong></span> <span class='ocrx_word' id='word_1_381' title='bbox 689 2959 782 3028; x_wconf 91' lang='lat' dir='ltr'><strong>qui</strong></span> <span class='ocrx_word' id='word_1_382' title='bbox 805 2967 889 3015; x_wconf 87' lang='lat' dir='ltr'><strong>est</strong></span> <span class='ocrx_word' id='word_1_383' title='bbox 921 2958 1045 3016; x_wconf 82' lang='lat' dir='ltr'><strong>fons</strong></span> <span class='ocrx_word' id='word_1_384' title='bbox 1087 2968 1142 3015; x_wconf 88' lang='lat' dir='ltr'><strong>et</strong></span> <span class='ocrx_word' id='word_1_385' title='bbox 1170 2961 1322 3031; x_wconf 79' lang='lat' dir='ltr'><strong>origo</strong></span> <span class='ocrx_word' id='word_1_386' title='bbox 1362 2961 1654 3028; x_wconf 85' lang='lat' dir='ltr'><strong>bonitatis;</strong></span> <span class='ocrx_word' id='word_1_387' title='bbox 1701 2964 1810 3019; x_wconf 86' lang='lat' dir='ltr'><strong>imo</strong></span> <span class='ocrx_word' id='word_1_388' title='bbox 1841 2965 1932 3032; x_wconf 89' lang='lat' dir='ltr'><strong>qui</strong></span> 
     </span>
    </p>
   </div>
   <div class='ocr_carea' id='block_1_47' title="bbox 346 3050 1943 3128">
    <p class='ocr_par' dir='ltr' id='par_1_47' title="bbox 346 3050 1943 3128">
     <span class='ocr_line' id='line_1_47' title="bbox 346 3050 1943 3128; baseline 0.005 -23"><span class='ocrx_word' id='word_1_389' title='bbox 346 3058 436 3105; x_wconf 88' lang='lat' dir='ltr'><strong>est</strong></span> <span class='ocrx_word' id='word_1_390' title='bbox 460 3050 711 3108; x_wconf 80' lang='lat' dir='ltr'><strong>bonitas:</strong></span> <span class='ocrx_word' id='word_1_391' title='bbox 737 3067 770 3108; x_wconf 86' lang='lat' dir='ltr'><strong>a</strong></span> <span class='ocrx_word' id='word_1_392' title='bbox 810 3066 918 3122; x_wconf 86' lang='lat' dir='ltr'><strong>quo</strong></span> <span class='ocrx_word' id='word_1_393' title='bbox 949 3068 1112 3109; x_wconf 87' lang='lat' dir='ltr'><strong>omne</strong></span> <span class='ocrx_word' id='word_1_394' title='bbox 1152 3054 1374 3120; x_wconf 88' lang='lat' dir='ltr'><strong>bonum,</strong></span> <span class='ocrx_word' id='word_1_395' title='bbox 1408 3063 1464 3110; x_wconf 92' lang='lat' dir='ltr'><strong>et</strong></span> <span class='ocrx_word' id='word_1_396' title='bbox 1498 3055 1620 3111; x_wconf 90' lang='lat' dir='ltr'><strong>sine</strong></span> <span class='ocrx_word' id='word_1_397' title='bbox 1662 3072 1770 3128; x_wconf 88' lang='lat' dir='ltr'><strong>quo</strong></span> <span class='ocrx_word' id='word_1_398' title='bbox 1799 3056 1943 3121; x_wconf 81' lang='lat' dir='ltr'><strong>nihil</strong></span> 
     </span>
    </p>
   </div>
   <div class='ocr_carea' id='block_1_48' title="bbox 347 3140 495 3196">
    <p class='ocr_par' dir='ltr' id='par_1_48' title="bbox 347 3140 495 3196">
     <span class='ocr_line' id='line_1_48' title="bbox 347 3140 495 3196; baseline -0.02 0"><span class='ocrx_word' id='word_1_399' title='bbox 347 3140 495 3196; x_wconf 81' lang='lat' dir='ltr'><strong>boni.</strong></span> 
     </span>
    </p>
   </div>
   <div class='ocr_carea' id='block_1_49' title="bbox 419 3231 1928 3307">
    <p class='ocr_par' dir='ltr' id='par_1_49' title="bbox 419 3231 1928 3307">
     <span class='ocr_line' id='line_1_49' title="bbox 419 3231 1928 3307; baseline 0.006 -21"><span class='ocrx_word' id='word_1_400' title='bbox 419 3231 554 3288; x_wconf 77' lang='lat' dir='ltr'><strong>XIV.</strong></span> <span class='ocrx_word' id='word_1_401' title='bbox 588 3232 715 3289; x_wconf 67' lang='lat' dir='ltr'><strong>Haec</strong></span> <span class='ocrx_word' id='word_1_402' title='bbox 759 3243 845 3289; x_wconf 89' lang='lat' dir='ltr'><strong>est</strong></span> <span class='ocrx_word' id='word_1_403' title='bbox 887 3234 1022 3291; x_wconf 85' lang='lat' dir='ltr'><strong>ﬁdes</strong></span> <span class='ocrx_word' id='word_1_404' title='bbox 1066 3243 1124 3291; x_wconf 91' lang='lat' dir='ltr'><strong>et</strong></span> <span class='ocrx_word' id='word_1_405' title='bbox 1165 3250 1289 3307; x_wconf 87' lang='lat' dir='ltr'><strong>spes</strong></span> <span class='ocrx_word' id='word_1_406' title='bbox 1326 3237 1606 3293; x_wconf 82' lang='lat' dir='ltr'><strong>catholicae</strong></span> <span class='ocrx_word' id='word_1_407' title='bbox 1653 3237 1928 3303; x_wconf 57' lang='lat' dir='ltr'><strong>Ecclesia,</strong></span> 
     </span>
    </p>
   </div>
   <div class='ocr_carea' id='block_1_50' title="bbox 342 3325 1932 3401">
    <p class='ocr_par' dir='ltr' id='par_1_50' title="bbox 342 3325 1932 3401">
     <span class='ocr_line' id='line_1_50' title="bbox 342 3325 1932 3401; baseline 0.005 -24"><span class='ocrx_word' id='word_1_408' title='bbox 342 3339 465 3394; x_wconf 67' lang='lat' dir='ltr'><strong>quae</strong></span> <span class='ocrx_word' id='word_1_409' title='bbox 493 3332 576 3380; x_wconf 88' lang='lat' dir='ltr'><strong>est</strong></span> <span class='ocrx_word' id='word_1_410' title='bbox 603 3325 852 3380; x_wconf 85' lang='lat' dir='ltr'><strong>columna</strong></span> <span class='ocrx_word' id='word_1_411' title='bbox 889 3333 945 3380; x_wconf 90' lang='lat' dir='ltr'><strong>et</strong></span> <span class='ocrx_word' id='word_1_412' title='bbox 976 3325 1378 3382; x_wconf 82' lang='lat' dir='ltr'><strong>ﬁrmamentum</strong></span> <span class='ocrx_word' id='word_1_413' title='bbox 1419 3329 1688 3396; x_wconf 84' lang='lat' dir='ltr'><strong>veritatis,</strong></span> <span class='ocrx_word' id='word_1_414' title='bbox 1715 3329 1769 3384; x_wconf 92' lang='lat' dir='ltr'><strong>in</strong></span> <span class='ocrx_word' id='word_1_415' title='bbox 1813 3329 1932 3401; x_wconf 79' lang='lat' dir='ltr'><strong>lege</strong></span> 
     </span>
    </p>
   </div>
   <div class='ocr_carea' id='block_1_51' title="bbox 344 3415 1933 3492">
    <p class='ocr_par' dir='ltr' id='par_1_51' title="bbox 344 3415 1933 3492">
     <span class='ocr_line' id='line_1_51' title="bbox 344 3415 1933 3492; baseline 0.003 -20"><span class='ocrx_word' id='word_1_416' title='bbox 344 3427 402 3472; x_wconf 87' lang='lat' dir='ltr'><strong>et</strong></span> <span class='ocrx_word' id='word_1_417' title='bbox 433 3415 734 3488; x_wconf 84' lang='lat' dir='ltr'><strong>prophetis,</strong></span> <span class='ocrx_word' id='word_1_418' title='bbox 759 3417 980 3488; x_wconf 83' lang='lat' dir='ltr'><strong>psalmis</strong></span> <span class='ocrx_word' id='word_1_419' title='bbox 1003 3427 1060 3474; x_wconf 89' lang='lat' dir='ltr'><strong>et</strong></span> <span class='ocrx_word' id='word_1_420' title='bbox 1087 3419 1304 3491; x_wconf 86' lang='lat' dir='ltr'><strong>hymnis</strong></span> <span class='ocrx_word' id='word_1_421' title='bbox 1333 3420 1647 3490; x_wconf 61' lang='lat' dir='ltr'><strong>pradicata,</strong></span> <span class='ocrx_word' id='word_1_422' title='bbox 1685 3437 1783 3491; x_wconf 91' lang='lat' dir='ltr'><strong>per</strong></span> <span class='ocrx_word' id='word_1_423' title='bbox 1808 3437 1933 3492; x_wconf 87' lang='lat' dir='ltr'><strong>apo-</strong></span> 
     </span>
    </p>
   </div>
   <div class='ocr_carea' id='block_1_52' title="bbox 341 3509 1927 3585">
    <p class='ocr_par' dir='ltr' id='par_1_52' title="bbox 341 3509 1927 3585">
     <span class='ocr_line' id='line_1_52' title="bbox 341 3509 1927 3585; baseline 0.004 -21"><span class='ocrx_word' id='word_1_424' title='bbox 341 3509 513 3571; x_wconf 83' lang='lat' dir='ltr'><strong>stolos</strong></span> <span class='ocrx_word' id='word_1_425' title='bbox 535 3509 924 3579; x_wconf 78' lang='lat' dir='ltr'><strong>evangelizata,</strong></span> <span class='ocrx_word' id='word_1_426' title='bbox 959 3526 1058 3580; x_wconf 87' lang='lat' dir='ltr'><strong>per</strong></span> <span class='ocrx_word' id='word_1_427' title='bbox 1083 3519 1353 3584; x_wconf 87' lang='lat' dir='ltr'><strong>martyres</strong></span> <span class='ocrx_word' id='word_1_428' title='bbox 1376 3512 1680 3576; x_wconf 83' lang='lat' dir='ltr'><strong>testiﬁcata,</strong></span> <span class='ocrx_word' id='word_1_429' title='bbox 1709 3530 1808 3585; x_wconf 89' lang='lat' dir='ltr'><strong>per</strong></span> <span class='ocrx_word' id='word_1_430' title='bbox 1837 3515 1927 3570; x_wconf 90' lang='lat' dir='ltr'><strong>do-</strong></span> 
     </span>
    </p>
   </div>
   <div class='ocr_carea' id='block_1_53' title="bbox 340 3599 1924 3671">
    <p class='ocr_par' dir='ltr' id='par_1_53' title="bbox 340 3599 1924 3671">
     <span class='ocr_line' id='line_1_53' title="bbox 340 3599 1924 3671; baseline 0.003 -15"><span class='ocrx_word' id='word_1_431' title='bbox 340 3607 524 3656; x_wconf 89' lang='lat' dir='ltr'><strong>ctores</strong></span> <span class='ocrx_word' id='word_1_432' title='bbox 560 3601 825 3671; x_wconf 82' lang='lat' dir='ltr'><strong>exposita.</strong></span> <span class='ocrx_word' id='word_1_433' title='bbox 851 3599 1123 3670; x_wconf 84' lang='lat' dir='ltr'><strong>Quidquid</strong></span> <span class='ocrx_word' id='word_1_434' title='bbox 1161 3603 1289 3661; x_wconf 86' lang='lat' dir='ltr'><strong>huic</strong></span> <span class='ocrx_word' id='word_1_435' title='bbox 1325 3603 1445 3658; x_wconf 82' lang='lat' dir='ltr'><strong>ﬁdei</strong></span> <span class='ocrx_word' id='word_1_436' title='bbox 1473 3604 1810 3660; x_wconf 85' lang='lat' dir='ltr'><strong>contrarium</strong></span> <span class='ocrx_word' id='word_1_437' title='bbox 1839 3605 1924 3660; x_wconf 88' lang='lat' dir='ltr'><strong>in-</strong></span> 
     </span>
    </p>
   </div>
   <div class='ocr_carea' id='block_1_54' title="bbox 339 3693 1927 3768">
    <p class='ocr_par' dir='ltr' id='par_1_54' title="bbox 339 3693 1927 3768">
     <span class='ocr_line' id='line_1_54' title="bbox 339 3693 1927 3768; baseline 0.004 -22"><span class='ocrx_word' id='word_1_438' title='bbox 339 3693 578 3759; x_wconf 84' lang='lat' dir='ltr'><strong>venitur,</strong></span> <span class='ocrx_word' id='word_1_439' title='bbox 605 3699 662 3748; x_wconf 92' lang='lat' dir='ltr'><strong>et</strong></span> <span class='ocrx_word' id='word_1_440' title='bbox 703 3707 930 3762; x_wconf 64' lang='lat' dir='ltr'><strong>queque</strong></span> <span class='ocrx_word' id='word_1_441' title='bbox 962 3693 1179 3749; x_wconf 88' lang='lat' dir='ltr'><strong>dissona</strong></span> <span class='ocrx_word' id='word_1_442' title='bbox 1222 3703 1280 3750; x_wconf 90' lang='lat' dir='ltr'><strong>et</strong></span> <span class='ocrx_word' id='word_1_443' title='bbox 1318 3694 1700 3767; x_wconf 84' lang='lat' dir='ltr'><strong>discrepantia,</strong></span> <span class='ocrx_word' id='word_1_444' title='bbox 1744 3697 1927 3768; x_wconf 89' lang='lat' dir='ltr'><strong>inepta</strong></span> 
     </span>
    </p>
   </div>
   <div class='ocr_carea' id='block_1_55' title="bbox 339 3785 1925 3859">
    <p class='ocr_par' dir='ltr' id='par_1_55' title="bbox 339 3785 1925 3859">
     <span class='ocr_line' id='line_1_55' title="bbox 339 3785 1925 3859; baseline 0.002 -17"><span class='ocrx_word' id='word_1_445' title='bbox 339 3793 499 3850; x_wconf 76' lang='lat' dir='ltr'><strong>sunt,</strong></span> <span class='ocrx_word' id='word_1_446' title='bbox 539 3792 597 3840; x_wconf 88' lang='lat' dir='ltr'><strong>et</strong></span> <span class='ocrx_word' id='word_1_447' title='bbox 633 3785 889 3854; x_wconf 78' lang='lat' dir='ltr'><strong>profana,</strong></span> <span class='ocrx_word' id='word_1_448' title='bbox 927 3794 1088 3856; x_wconf 86' lang='lat' dir='ltr'><strong>atque</strong></span> <span class='ocrx_word' id='word_1_449' title='bbox 1135 3786 1498 3858; x_wconf 83' lang='lat' dir='ltr'><strong>inaniloquia,</strong></span> <span class='ocrx_word' id='word_1_450' title='bbox 1531 3805 1652 3859; x_wconf 71' lang='lat' dir='ltr'><strong>quae</strong></span> <span class='ocrx_word' id='word_1_451' title='bbox 1697 3789 1925 3845; x_wconf 87' lang='lat' dir='ltr'><strong>multum</strong></span> 
     </span>
    </p>
   </div>
   <div class='ocr_carea' id='block_1_56' title="bbox 336 3874 1927 3948">
    <p class='ocr_par' dir='ltr' id='par_1_56' title="bbox 336 3874 1927 3948">
     <span class='ocr_line' id='line_1_56' title="bbox 336 3874 1927 3948; baseline 0.003 -18"><span class='ocrx_word' id='word_1_452' title='bbox 336 3874 627 3945; x_wconf 82' lang='lat' dir='ltr'><strong>proﬁciunt</strong></span> <span class='ocrx_word' id='word_1_453' title='bbox 653 3877 722 3932; x_wconf 86' lang='lat' dir='ltr'><strong>ad</strong></span> <span class='ocrx_word' id='word_1_454' title='bbox 761 3877 1119 3948; x_wconf 89' lang='lat' dir='ltr'><strong>impietatem,</strong></span> <span class='ocrx_word' id='word_1_455' title='bbox 1159 3893 1227 3933; x_wconf 90' lang='lat' dir='ltr'><strong>ac</strong></span> <span class='ocrx_word' id='word_1_456' title='bbox 1262 3892 1362 3948; x_wconf 92' lang='lat' dir='ltr'><strong>per</strong></span> <span class='ocrx_word' id='word_1_457' title='bbox 1399 3879 1503 3934; x_wconf 88' lang='lat' dir='ltr'><strong>hoc</strong></span> <span class='ocrx_word' id='word_1_458' title='bbox 1542 3879 1790 3934; x_wconf 89' lang='lat' dir='ltr'><strong>doctrina</strong></span> <span class='ocrx_word' id='word_1_459' title='bbox 1817 3881 1927 3935; x_wconf 69' lang='lat' dir='ltr'><strong>dm~</strong></span> 
     </span>
    </p>
   </div>
   <div class='ocr_carea' id='block_1_57' title="bbox 337 3967 1924 4039">
    <p class='ocr_par' dir='ltr' id='par_1_57' title="bbox 337 3967 1924 4039">
     <span class='ocr_line' id='line_1_57' title="bbox 337 3967 1924 4039; baseline 0.003 -17"><span class='ocrx_word' id='word_1_460' title='bbox 337 3967 643 4023; x_wconf 85' lang='lat' dir='ltr'><strong>moniorum</strong></span> <span class='ocrx_word' id='word_1_461' title='bbox 689 3973 746 4022; x_wconf 88' lang='lat' dir='ltr'><strong>et</strong></span> <span class='ocrx_word' id='word_1_462' title='bbox 784 3968 1250 4036; x_wconf 84' lang='lat' dir='ltr'><strong>antichristorum,</strong></span> <span class='ocrx_word' id='word_1_463' title='bbox 1293 3969 1362 4024; x_wconf 90' lang='lat' dir='ltr'><strong>de</strong></span> <span class='ocrx_word' id='word_1_464' title='bbox 1391 3969 1590 4038; x_wconf 86' lang='lat' dir='ltr'><strong>quibus</strong></span> <span class='ocrx_word' id='word_1_465' title='bbox 1633 3969 1924 4039; x_wconf 85' lang='lat' dir='ltr'><strong>Apostolus</strong></span> 
     </span>
    </p>
   </div>
   <div class='ocr_carea' id='block_1_58' title="bbox 336 4057 1922 4125">
    <p class='ocr_par' dir='ltr' id='par_1_58' title="bbox 336 4057 1922 4125">
     <span class='ocr_line' id='line_1_58' title="bbox 336 4057 1922 4125; baseline 0.001 -12"><span class='ocrx_word' id='word_1_466' title='bbox 336 4058 415 4113; x_wconf 88' lang='lat' dir='ltr'><strong>ait</strong></span> <span class='ocrx_word' id='word_1_467' title='bbox 450 4078 463 4113; x_wconf 88' lang='lat'><strong>:</strong></span> <span class='ocrx_word' id='word_1_468' title='bbox 506 4057 720 4124; x_wconf 83' lang='lat' dir='ltr'><strong>Filioli,</strong></span> <span class='ocrx_word' id='word_1_469' title='bbox 770 4059 1054 4114; x_wconf 82' lang='lat' dir='ltr'><strong>nouissima</strong></span> <span class='ocrx_word' id='word_1_470' title='bbox 1103 4059 1236 4115; x_wconf 86' lang='lat' dir='ltr'><strong>hora</strong></span> <span class='ocrx_word' id='word_1_471' title='bbox 1281 4069 1392 4125; x_wconf 87' lang='lat' dir='ltr'><strong>est;</strong></span> <span class='ocrx_word' id='word_1_472' title='bbox 1434 4069 1481 4114; x_wconf 91' lang='lat' dir='ltr'><strong>et</strong></span> <span class='ocrx_word' id='word_1_473' title='bbox 1519 4061 1653 4114; x_wconf 84' lang='lat' dir='ltr'><strong>sicut</strong></span> <span class='ocrx_word' id='word_1_474' title='bbox 1699 4060 1922 4115; x_wconf 81' lang='lat' dir='ltr'><strong>audistis</strong></span> 
     </span>
    </p>
   </div>
   <div class='ocr_carea' id='block_1_59' title="bbox 332 4149 1921 4221">
    <p class='ocr_par' dir='ltr' id='par_1_59' title="bbox 332 4149 1921 4221">
     <span class='ocr_line' id='line_1_59' title="bbox 332 4149 1921 4221; baseline 0.003 -19"><span class='ocrx_word' id='word_1_475' title='bbox 332 4151 459 4220; x_wconf 83' lang='lat' dir='ltr'><strong>quia</strong></span> <span class='ocrx_word' id='word_1_476' title='bbox 491 4150 844 4206; x_wconf 79' lang='lat' dir='ltr'><strong>Antichristus</strong></span> <span class='ocrx_word' id='word_1_477' title='bbox 881 4151 1055 4216; x_wconf 83' lang='lat' dir='ltr'><strong>uenit,</strong></span> <span class='ocrx_word' id='word_1_478' title='bbox 1087 4167 1225 4205; x_wconf 83' lang='lat' dir='ltr'><strong>nunc</strong></span> <span class='ocrx_word' id='word_1_479' title='bbox 1259 4149 1568 4205; x_wconf 77' lang='lat' dir='ltr'><strong>Antichristi</strong></span> <span class='ocrx_word' id='word_1_480' title='bbox 1598 4149 1753 4204; x_wconf 87' lang='lat' dir='ltr'><strong>multi</strong></span> <span class='ocrx_word' id='word_1_481' title='bbox 1791 4151 1921 4221; x_wconf 89' lang='lat' dir='ltr'><strong>facti</strong></span> 
     </span>
    </p>
   </div>
   <div class='ocr_carea' id='block_1_60' title="bbox 333 4238 1918 4310">
    <p class='ocr_par' dir='ltr' id='par_1_60' title="bbox 333 4238 1918 4310">
     <span class='ocr_line' id='line_1_60' title="bbox 333 4238 1918 4310; baseline 0.001 -16"><span class='ocrx_word' id='word_1_482' title='bbox 333 4248 478 4294; x_wconf 84' lang='lat' dir='ltr'><strong>sunt.</strong></span> <span class='ocrx_word' id='word_1_483' title='bbox 509 4238 588 4295; x_wconf 90' lang='lat' dir='ltr'><strong>De</strong></span> <span class='ocrx_word' id='word_1_484' title='bbox 626 4240 824 4310; x_wconf 83' lang='lat' dir='ltr'><strong>quibus</strong></span> <span class='ocrx_word' id='word_1_485' title='bbox 860 4239 999 4296; x_wconf 86' lang='lat' dir='ltr'><strong>alius</strong></span> <span class='ocrx_word' id='word_1_486' title='bbox 1035 4239 1309 4310; x_wconf 85' lang='lat' dir='ltr'><strong>apostolus</strong></span> <span class='ocrx_word' id='word_1_487' title='bbox 1345 4258 1358 4293; x_wconf 92' lang='lat'>:</span> <span class='ocrx_word' id='word_1_488' title='bbox 1393 4239 1468 4295; x_wconf 87' lang='lat' dir='ltr'><strong>Hi</strong></span> <span class='ocrx_word' id='word_1_489' title='bbox 1507 4251 1628 4295; x_wconf 85' lang='lat' dir='ltr'><strong>sunt</strong></span> <span class='ocrx_word' id='word_1_490' title='bbox 1677 4257 1918 4295; x_wconf 86' lang='lat' dir='ltr'><strong>murmu-</strong></span> 
     </span>
    </p>
   </div>
   <div class='ocr_carea' id='block_1_61' title="bbox 336 4329 1918 4401">
    <p class='ocr_par' dir='ltr' id='par_1_61' title="bbox 336 4329 1918 4401">
     <span class='ocr_line' id='line_1_61' title="bbox 336 4329 1918 4401; baseline 0.002 -18"><span class='ocrx_word' id='word_1_491' title='bbox 336 4339 562 4396; x_wconf 90' lang='lat' dir='ltr'><strong>ratores,</strong></span> <span class='ocrx_word' id='word_1_492' title='bbox 600 4329 890 4401; x_wconf 84' lang='lat' dir='ltr'><strong>querulosi,</strong></span> <span class='ocrx_word' id='word_1_493' title='bbox 939 4330 1224 4387; x_wconf 88' lang='lat' dir='ltr'><strong>secundum</strong></span> <span class='ocrx_word' id='word_1_494' title='bbox 1275 4331 1536 4386; x_wconf 86' lang='lat' dir='ltr'><strong>desideria</strong></span> <span class='ocrx_word' id='word_1_495' title='bbox 1582 4348 1681 4386; x_wconf 90' lang='lat' dir='ltr'><strong>sua</strong></span> <span class='ocrx_word' id='word_1_496' title='bbox 1730 4331 1918 4386; x_wconf 89' lang='lat' dir='ltr'><strong>ambu-</strong></span> 
     </span>
    </p>
   </div>
   <div class='ocr_carea' id='block_1_62' title="bbox 333 4419 1914 4496">
    <p class='ocr_par' dir='ltr' id='par_1_62' title="bbox 333 4419 1914 4496">
     <span class='ocr_line' id='line_1_62' title="bbox 333 4419 1914 4496; baseline 0.004 -24"><span class='ocrx_word' id='word_1_497' title='bbox 333 4419 540 4486; x_wconf 83' lang='lat' dir='ltr'><strong>lantes,</strong></span> <span class='ocrx_word' id='word_1_498' title='bbox 587 4429 637 4476; x_wconf 87' lang='lat' dir='ltr'><strong>et</strong></span> <span class='ocrx_word' id='word_1_499' title='bbox 684 4437 742 4476; x_wconf 92' lang='lat' dir='ltr'><strong>os</strong></span> <span class='ocrx_word' id='word_1_500' title='bbox 778 4420 992 4476; x_wconf 86' lang='lat' dir='ltr'><strong>illorum</strong></span> <span class='ocrx_word' id='word_1_501' title='bbox 1044 4420 1277 4493; x_wconf 85' lang='lat' dir='ltr'><strong>loquitur</strong></span> <span class='ocrx_word' id='word_1_502' title='bbox 1320 4423 1647 4494; x_wconf 86' lang='lat' dir='ltr'><strong>superbiam,</strong></span> <span class='ocrx_word' id='word_1_503' title='bbox 1693 4440 1914 4496; x_wconf 86' lang='lat' dir='ltr'><strong>quorum</strong></span> 
     </span>
    </p>
   </div>
   <div class='ocr_carea' id='block_1_63' title="bbox 2048 1851 3631 1925">
    <p class='ocr_par' dir='ltr' id='par_1_63' title="bbox 2048 1851 3631 1925">
     <span class='ocr_line' id='line_1_63' title="bbox 2048 1851 3631 1925; baseline 0.006 -19"><span class='ocrx_word' id='word_1_504' title='bbox 2048 1852 2187 1906; x_wconf 82' lang='lat' dir='ltr'><strong>vobis</strong></span> <span class='ocrx_word' id='word_1_505' title='bbox 2211 1852 2401 1906; x_wconf 83' lang='lat' dir='ltr'><strong>dixerit</strong></span> <span class='ocrx_word' id='word_1_506' title='bbox 2429 1867 2444 1904; x_wconf 79' lang='lat'><strong>.&#39;</strong></span> <span class='ocrx_word' id='word_1_507' title='bbox 2475 1852 2610 1906; x_wconf 85' lang='lat' dir='ltr'><strong>Ecce</strong></span> <span class='ocrx_word' id='word_1_508' title='bbox 2638 1854 2722 1907; x_wconf 87' lang='lat' dir='ltr'><strong>hic</strong></span> <span class='ocrx_word' id='word_1_509' title='bbox 2747 1851 3007 1920; x_wconf 83' lang='lat' dir='ltr'><strong>Christus,</strong></span> <span class='ocrx_word' id='word_1_510' title='bbox 3036 1866 3129 1910; x_wconf 89' lang='lat' dir='ltr'><strong>aut</strong></span> <span class='ocrx_word' id='word_1_511' title='bbox 3153 1855 3264 1911; x_wconf 89' lang='lat' dir='ltr'><strong>illic</strong></span> <span class='ocrx_word' id='word_1_512' title='bbox 3282 1899 3297 1925; x_wconf 97' lang='lat'><strong>,</strong></span> <span class='ocrx_word' id='word_1_513' title='bbox 3341 1859 3500 1914; x_wconf 86' lang='lat' dir='ltr'><strong>nolite</strong></span> <span class='ocrx_word' id='word_1_514' title='bbox 3526 1877 3631 1916; x_wconf 86' lang='lat' dir='ltr'><strong>cre-</strong></span> 
     </span>
    </p>
   </div>
   <div class='ocr_carea' id='block_1_64' title="bbox 2047 1944 3628 2024">
    <p class='ocr_par' dir='ltr' id='par_1_64' title="bbox 2047 1944 3628 2024">
     <span class='ocr_line' id='line_1_64' title="bbox 2047 1944 3628 2024; baseline 0.006 -26"><span class='ocrx_word' id='word_1_515' title='bbox 2047 1945 2188 1998; x_wconf 84' lang='lat' dir='ltr'><strong>dere.</strong></span> <span class='ocrx_word' id='word_1_516' title='bbox 2216 1944 2442 2015; x_wconf 88' lang='lat' dir='ltr'><strong>Surgent</strong></span> <span class='ocrx_word' id='word_1_517' title='bbox 2468 1946 2606 1998; x_wconf 89' lang='lat' dir='ltr'><strong>enim</strong></span> <span class='ocrx_word' id='word_1_518' title='bbox 2647 1947 3030 2016; x_wconf 88' lang='lat' dir='ltr'><strong>pseudochristi</strong></span> <span class='ocrx_word' id='word_1_519' title='bbox 3052 1960 3102 2004; x_wconf 92' lang='lat' dir='ltr'><strong>et</strong></span> <span class='ocrx_word' id='word_1_520' title='bbox 3134 1951 3628 2024; x_wconf 77' lang='lat' dir='ltr'><strong>pseudoprophettc;</strong></span> 
     </span>
    </p>
   </div>
   <div class='ocr_carea' id='block_1_65' title="bbox 2045 2033 3627 2110">
    <p class='ocr_par' dir='ltr' id='par_1_65' title="bbox 2045 2033 3627 2110">
     <span class='ocr_line' id='line_1_65' title="bbox 2045 2033 3627 2110; baseline 0.007 -23"><span class='ocrx_word' id='word_1_521' title='bbox 2045 2044 2093 2088; x_wconf 90' lang='lat' dir='ltr'><strong>et</strong></span> <span class='ocrx_word' id='word_1_522' title='bbox 2123 2033 2322 2090; x_wconf 88' lang='lat' dir='ltr'><strong>dabunt</strong></span> <span class='ocrx_word' id='word_1_523' title='bbox 2345 2036 2494 2105; x_wconf 89' lang='lat' dir='ltr'><strong>signa</strong></span> <span class='ocrx_word' id='word_1_524' title='bbox 2529 2052 2719 2106; x_wconf 89' lang='lat' dir='ltr'><strong>magna</strong></span> <span class='ocrx_word' id='word_1_525' title='bbox 2755 2045 2803 2090; x_wconf 91' lang='lat' dir='ltr'><strong>et</strong></span> <span class='ocrx_word' id='word_1_526' title='bbox 2843 2039 3105 2110; x_wconf 89' lang='lat' dir='ltr'><strong>prodigia,</strong></span> <span class='ocrx_word' id='word_1_527' title='bbox 3132 2043 3208 2095; x_wconf 90' lang='lat' dir='ltr'><strong>ita</strong></span> <span class='ocrx_word' id='word_1_528' title='bbox 3235 2052 3290 2096; x_wconf 92' lang='lat' dir='ltr'><strong>ut</strong></span> <span class='ocrx_word' id='word_1_529' title='bbox 3310 2042 3367 2096; x_wconf 89' lang='lat' dir='ltr'><strong>in</strong></span> <span class='ocrx_word' id='word_1_530' title='bbox 3395 2059 3627 2098; x_wconf 90' lang='lat' dir='ltr'><strong>errorem</strong></span> 
     </span>
    </p>
   </div>
   <div class='ocr_carea' id='block_1_66' title="bbox 2043 2124 3629 2202">
    <p class='ocr_par' dir='ltr' id='par_1_66' title="bbox 2043 2124 3629 2202">
     <span class='ocr_line' id='line_1_66' title="bbox 2043 2124 3629 2202; baseline 0.006 -24"><span class='ocrx_word' id='word_1_531' title='bbox 2043 2124 2383 2192; x_wconf 87' lang='lat' dir='ltr'><strong>inducantur,</strong></span> <span class='ocrx_word' id='word_1_532' title='bbox 2414 2127 2459 2179; x_wconf 90' lang='lat' dir='ltr'><strong>si</strong></span> <span class='ocrx_word' id='word_1_533' title='bbox 2485 2125 2600 2194; x_wconf 83' lang='lat' dir='ltr'><strong>ﬁeri</strong></span> <span class='ocrx_word' id='word_1_534' title='bbox 2628 2135 2815 2197; x_wconf 85' lang='lat' dir='ltr'><strong>potest,</strong></span> <span class='ocrx_word' id='word_1_535' title='bbox 2841 2129 2997 2182; x_wconf 90' lang='lat' dir='ltr'><strong>etiam</strong></span> <span class='ocrx_word' id='word_1_536' title='bbox 3039 2128 3204 2184; x_wconf 85' lang='lat' dir='ltr'><strong>electi.</strong></span> <span class='ocrx_word' id='word_1_537' title='bbox 3238 2129 3374 2185; x_wconf 85' lang='lat' dir='ltr'><strong>Ecce</strong></span> <span class='ocrx_word' id='word_1_538' title='bbox 3400 2133 3629 2202; x_wconf 73' lang='lat' dir='ltr'><strong>prtedixi</strong></span> 
     </span>
    </p>
   </div>
   <div class='ocr_carea' id='block_1_67' title="bbox 2044 2216 3622 2293">
    <p class='ocr_par' dir='ltr' id='par_1_67' title="bbox 2044 2216 3622 2293">
     <span class='ocr_line' id='line_1_67' title="bbox 2044 2216 3622 2293; baseline 0.006 -23"><span class='ocrx_word' id='word_1_539' title='bbox 2044 2217 2204 2270; x_wconf 81' lang='lat' dir='ltr'><strong>vobis.</strong></span> <span class='ocrx_word' id='word_1_540' title='bbox 2236 2216 2313 2272; x_wconf 91' lang='lat' dir='ltr'><strong>De</strong></span> <span class='ocrx_word' id='word_1_541' title='bbox 2355 2217 2679 2274; x_wconf 87' lang='lat' dir='ltr'><strong>antichristo</strong></span> <span class='ocrx_word' id='word_1_542' title='bbox 2723 2227 2779 2274; x_wconf 90' lang='lat' dir='ltr'><strong>et</strong></span> <span class='ocrx_word' id='word_1_543' title='bbox 2822 2219 3010 2275; x_wconf 88' lang='lat' dir='ltr'><strong>Daniel</strong></span> <span class='ocrx_word' id='word_1_544' title='bbox 3052 2223 3316 2293; x_wconf 85' lang='lat' dir='ltr'><strong>propheta</strong></span> <span class='ocrx_word' id='word_1_545' title='bbox 3345 2225 3425 2280; x_wconf 88' lang='lat' dir='ltr'><strong>sic</strong></span> <span class='ocrx_word' id='word_1_546' title='bbox 3451 2225 3622 2281; x_wconf 90' lang='lat' dir='ltr'><strong>dicit:</strong></span> 
     </span>
    </p>
   </div>
   <div class='ocr_carea' id='block_1_68' title="bbox 2045 2300 3628 2388">
    <p class='ocr_par' dir='ltr' id='par_1_68' title="bbox 2045 2300 3628 2388">
     <span class='ocr_line' id='line_1_68' title="bbox 2045 2300 3628 2388; baseline 0.007 -22"><span class='ocrx_word' id='word_1_547' title='bbox 2045 2309 2324 2367; x_wconf 79' lang='lat' dir='ltr'><strong>Sermones</strong></span> <span class='ocrx_word' id='word_1_548' title='bbox 2351 2321 2534 2368; x_wconf 87' lang='lat' dir='ltr'><strong>contra</strong></span> <span class='ocrx_word' id='word_1_549' title='bbox 2561 2312 2844 2369; x_wconf 85' lang='lat' dir='ltr'><strong>Excelsum</strong></span> <span class='ocrx_word' id='word_1_550' title='bbox 2870 2313 3132 2388; x_wconf 81' lang='lat' dir='ltr'><strong>loquetur,</strong></span> <span class='ocrx_word' id='word_1_551' title='bbox 3164 2327 3212 2373; x_wconf 87' lang='lat' dir='ltr'><strong>et</strong></span> <span class='ocrx_word' id='word_1_552' title='bbox 3243 2300 3451 2375; x_wconf 86' lang='lat' dir='ltr'><strong>sanctos</strong></span> <span class='ocrx_word' id='word_1_553' title='bbox 3472 2321 3628 2377; x_wconf 77' lang='lat' dir='ltr'><strong>Altis-</strong></span> 
     </span>
    </p>
   </div>
   <div class='ocr_carea' id='block_1_69' title="bbox 2040 2402 3626 2483">
    <p class='ocr_par' dir='ltr' id='par_1_69' title="bbox 2040 2402 3626 2483">
     <span class='ocr_line' id='line_1_69' title="bbox 2040 2402 3626 2483; baseline 0.007 -27"><span class='ocrx_word' id='word_1_554' title='bbox 2040 2402 2160 2456; x_wconf 87' lang='lat' dir='ltr'><strong>simi</strong></span> <span class='ocrx_word' id='word_1_555' title='bbox 2183 2411 2430 2470; x_wconf 89' lang='lat' dir='ltr'><strong>conteret,</strong></span> <span class='ocrx_word' id='word_1_556' title='bbox 2449 2412 2499 2458; x_wconf 92' lang='lat' dir='ltr'><strong>et</strong></span> <span class='ocrx_word' id='word_1_557' title='bbox 2526 2403 2729 2476; x_wconf 86' lang='lat' dir='ltr'><strong>putabit</strong></span> <span class='ocrx_word' id='word_1_558' title='bbox 2754 2405 2894 2477; x_wconf 88' lang='lat' dir='ltr'><strong>quod</strong></span> <span class='ocrx_word' id='word_1_559' title='bbox 2915 2409 3076 2478; x_wconf 87' lang='lat' dir='ltr'><strong>possit</strong></span> <span class='ocrx_word' id='word_1_560' title='bbox 3097 2419 3303 2464; x_wconf 88' lang='lat' dir='ltr'><strong>mutare</strong></span> <span class='ocrx_word' id='word_1_561' title='bbox 3320 2421 3553 2483; x_wconf 90' lang='lat' dir='ltr'><strong>tempora</strong></span> <span class='ocrx_word' id='word_1_562' title='bbox 3576 2423 3626 2468; x_wconf 88' lang='lat' dir='ltr'><strong>et</strong></span> 
     </span>
    </p>
   </div>
   <div class='ocr_carea' id='block_1_70' title="bbox 2040 2491 3624 2573">
    <p class='ocr_par' dir='ltr' id='par_1_70' title="bbox 2040 2491 3624 2573">
     <span class='ocr_line' id='line_1_70' title="bbox 2040 2491 3624 2573; baseline 0.008 -28"><span class='ocrx_word' id='word_1_563' title='bbox 2040 2491 2198 2563; x_wconf 87' lang='lat' dir='ltr'><strong>leges,</strong></span> <span class='ocrx_word' id='word_1_564' title='bbox 2229 2501 2277 2548; x_wconf 91' lang='lat' dir='ltr'><strong>et</strong></span> <span class='ocrx_word' id='word_1_565' title='bbox 2304 2493 2579 2548; x_wconf 88' lang='lat' dir='ltr'><strong>tradentur</strong></span> <span class='ocrx_word' id='word_1_566' title='bbox 2605 2495 2659 2549; x_wconf 87' lang='lat' dir='ltr'><strong>in</strong></span> <span class='ocrx_word' id='word_1_567' title='bbox 2687 2512 2846 2550; x_wconf 88' lang='lat' dir='ltr'><strong>manu</strong></span> <span class='ocrx_word' id='word_1_568' title='bbox 2879 2496 2994 2567; x_wconf 89' lang='lat' dir='ltr'><strong>ejus</strong></span> <span class='ocrx_word' id='word_1_569' title='bbox 3022 2515 3182 2570; x_wconf 89' lang='lat' dir='ltr'><strong>usque</strong></span> <span class='ocrx_word' id='word_1_570' title='bbox 3209 2499 3278 2554; x_wconf 89' lang='lat' dir='ltr'><strong>ad</strong></span> <span class='ocrx_word' id='word_1_571' title='bbox 3324 2510 3543 2573; x_wconf 88' lang='lat' dir='ltr'><strong>tempus,</strong></span> <span class='ocrx_word' id='word_1_572' title='bbox 3573 2511 3624 2557; x_wconf 87' lang='lat' dir='ltr'><strong><em>et</em></strong></span> 
     </span>
    </p>
   </div>
   <div class='ocr_carea' id='block_1_71' title="bbox 2039 2585 3624 2659">
    <p class='ocr_par' dir='ltr' id='par_1_71' title="bbox 2039 2585 3624 2659">
     <span class='ocr_line' id='line_1_71' title="bbox 2039 2585 3624 2659; baseline 0.005 -20"><span class='ocrx_word' id='word_1_573' title='bbox 2039 2595 2294 2656; x_wconf 90' lang='lat' dir='ltr'><strong>tempora,</strong></span> <span class='ocrx_word' id='word_1_574' title='bbox 2322 2593 2371 2640; x_wconf 87' lang='lat' dir='ltr'><strong>et</strong></span> <span class='ocrx_word' id='word_1_575' title='bbox 2399 2585 2674 2640; x_wconf 88' lang='lat' dir='ltr'><strong>dimidium</strong></span> <span class='ocrx_word' id='word_1_576' title='bbox 2702 2590 2966 2659; x_wconf 87' lang='lat' dir='ltr'><strong>temporis.</strong></span> <span class='ocrx_word' id='word_1_577' title='bbox 3013 2588 3082 2643; x_wconf 85' lang='lat' dir='ltr'><strong>Et</strong></span> <span class='ocrx_word' id='word_1_578' title='bbox 3112 2590 3377 2659; x_wconf 88' lang='lat' dir='ltr'><strong>judicium</strong></span> <span class='ocrx_word' id='word_1_579' title='bbox 3405 2591 3624 2657; x_wconf 88' lang='lat' dir='ltr'><strong>sedebit,</strong></span> 
     </span>
    </p>
   </div>
   <div class='ocr_carea' id='block_1_72' title="bbox 2039 2676 3624 2754">
    <p class='ocr_par' dir='ltr' id='par_1_72' title="bbox 2039 2676 3624 2754">
     <span class='ocr_line' id='line_1_72' title="bbox 2039 2676 3624 2754; baseline 0.005 -24"><span class='ocrx_word' id='word_1_580' title='bbox 2039 2685 2096 2730; x_wconf 92' lang='lat' dir='ltr'><strong>ut</strong></span> <span class='ocrx_word' id='word_1_581' title='bbox 2130 2676 2403 2746; x_wconf 77' lang='lat' dir='ltr'><strong>auferatur</strong></span> <span class='ocrx_word' id='word_1_582' title='bbox 2422 2678 2673 2748; x_wconf 87' lang='lat' dir='ltr'><strong>potentia,</strong></span> <span class='ocrx_word' id='word_1_583' title='bbox 2689 2689 2737 2732; x_wconf 88' lang='lat' dir='ltr'><strong>et</strong></span> <span class='ocrx_word' id='word_1_584' title='bbox 2759 2688 3076 2745; x_wconf 90' lang='lat' dir='ltr'><strong>conteratur,</strong></span> <span class='ocrx_word' id='word_1_585' title='bbox 3099 2691 3145 2734; x_wconf 89' lang='lat' dir='ltr'><strong>et</strong></span> <span class='ocrx_word' id='word_1_586' title='bbox 3174 2679 3432 2752; x_wconf 90' lang='lat' dir='ltr'><strong>dispereat</strong></span> <span class='ocrx_word' id='word_1_587' title='bbox 3463 2700 3624 2754; x_wconf 86' lang='lat' dir='ltr'><strong>usque</strong></span> 
     </span>
    </p>
   </div>
   <div class='ocr_carea' id='block_1_73' title="bbox 2037 2767 3622 2847">
    <p class='ocr_par' dir='ltr' id='par_1_73' title="bbox 2037 2767 3622 2847">
     <span class='ocr_line' id='line_1_73' title="bbox 2037 2767 3622 2847; baseline 0.005 -25"><span class='ocrx_word' id='word_1_588' title='bbox 2037 2769 2092 2824; x_wconf 88' lang='lat' dir='ltr'><strong>in</strong></span> <span class='ocrx_word' id='word_1_589' title='bbox 2117 2768 2299 2837; x_wconf 77' lang='lat' dir='ltr'><strong>finem.</strong></span> <span class='ocrx_word' id='word_1_590' title='bbox 2339 2767 2576 2840; x_wconf 83' lang='lat' dir='ltr'><strong>Regnum</strong></span> <span class='ocrx_word' id='word_1_591' title='bbox 2607 2780 2803 2836; x_wconf 87' lang='lat' dir='ltr'><strong>autem,</strong></span> <span class='ocrx_word' id='word_1_592' title='bbox 2845 2781 2894 2825; x_wconf 91' lang='lat' dir='ltr'><strong>et</strong></span> <span class='ocrx_word' id='word_1_593' title='bbox 2939 2781 3186 2842; x_wconf 91' lang='lat' dir='ltr'><strong>potestas,</strong></span> <span class='ocrx_word' id='word_1_594' title='bbox 3217 2783 3264 2828; x_wconf 90' lang='lat' dir='ltr'><strong>et</strong></span> <span class='ocrx_word' id='word_1_595' title='bbox 3315 2777 3622 2847; x_wconf 88' lang='lat' dir='ltr'><strong>magnitudo</strong></span> 
     </span>
    </p>
   </div>
   <div class='ocr_carea' id='block_1_74' title="bbox 2037 2863 3623 2940">
    <p class='ocr_par' dir='ltr' id='par_1_74' title="bbox 2037 2863 3623 2940">
     <span class='ocr_line' id='line_1_74' title="bbox 2037 2863 3623 2940; baseline 0.006 -26"><span class='ocrx_word' id='word_1_596' title='bbox 2037 2863 2198 2932; x_wconf 88' lang='lat' dir='ltr'><strong>regni,</strong></span> <span class='ocrx_word' id='word_1_597' title='bbox 2233 2877 2350 2934; x_wconf 68' lang='lat' dir='ltr'><strong>quae</strong></span> <span class='ocrx_word' id='word_1_598' title='bbox 2387 2871 2462 2916; x_wconf 90' lang='lat' dir='ltr'><strong>est</strong></span> <span class='ocrx_word' id='word_1_599' title='bbox 2490 2864 2668 2918; x_wconf 87' lang='lat' dir='ltr'><strong>subter</strong></span> <span class='ocrx_word' id='word_1_600' title='bbox 2692 2879 2841 2918; x_wconf 89' lang='lat' dir='ltr'><strong>omne</strong></span> <span class='ocrx_word' id='word_1_601' title='bbox 2874 2863 3078 2931; x_wconf 67' lang='lat' dir='ltr'><strong>calum,</strong></span> <span class='ocrx_word' id='word_1_602' title='bbox 3103 2865 3258 2920; x_wconf 86' lang='lat' dir='ltr'><strong>detur</strong></span> <span class='ocrx_word' id='word_1_603' title='bbox 3284 2867 3477 2940; x_wconf 88' lang='lat' dir='ltr'><strong>populo</strong></span> <span class='ocrx_word' id='word_1_604' title='bbox 3504 2887 3623 2923; x_wconf 89' lang='lat' dir='ltr'><strong>san-</strong></span> 
     </span>
    </p>
   </div>
   <div class='ocr_carea' id='block_1_75' title="bbox 2035 2953 3622 3029">
    <p class='ocr_par' dir='ltr' id='par_1_75' title="bbox 2035 2953 3622 3029">
     <span class='ocr_line' id='line_1_75' title="bbox 2035 2953 3622 3029; baseline 0.004 -20"><span class='ocrx_word' id='word_1_605' title='bbox 2035 2965 2240 3010; x_wconf 89' lang='lat' dir='ltr'><strong>ctorum</strong></span> <span class='ocrx_word' id='word_1_606' title='bbox 2281 2953 2557 3022; x_wconf 82' lang='lat' dir='ltr'><strong>Altissimi,</strong></span> <span class='ocrx_word' id='word_1_607' title='bbox 2583 2955 2735 3026; x_wconf 90' lang='lat' dir='ltr'><strong>cujus</strong></span> <span class='ocrx_word' id='word_1_608' title='bbox 2766 2973 2981 3026; x_wconf 87' lang='lat' dir='ltr'><strong>regnum</strong></span> <span class='ocrx_word' id='word_1_609' title='bbox 3021 2959 3392 3029; x_wconf 86' lang='lat' dir='ltr'><strong>sempiternum</strong></span> <span class='ocrx_word' id='word_1_610' title='bbox 3423 2970 3517 3015; x_wconf 87' lang='lat' dir='ltr'><strong>est.</strong></span> <span class='ocrx_word' id='word_1_611' title='bbox 3554 2960 3622 3016; x_wconf 81' lang='lat' dir='ltr'><strong>Et</strong></span> 
     </span>
    </p>
   </div>
   <div class='ocr_carea' id='block_1_76' title="bbox 2037 3045 3620 3122">
    <p class='ocr_par' dir='ltr' id='par_1_76' title="bbox 2037 3045 3620 3122">
     <span class='ocr_line' id='line_1_76' title="bbox 2037 3045 3620 3122; baseline 0.006 -24"><span class='ocrx_word' id='word_1_612' title='bbox 2037 3045 2232 3102; x_wconf 88' lang='lat' dir='ltr'><strong>iterum</strong></span> <span class='ocrx_word' id='word_1_613' title='bbox 2267 3045 2387 3100; x_wconf 90' lang='lat' dir='ltr'><strong>:De</strong></span> <span class='ocrx_word' id='word_1_614' title='bbox 2412 3064 2517 3101; x_wconf 86' lang='lat' dir='ltr'><strong>uno</strong></span> <span class='ocrx_word' id='word_1_615' title='bbox 2567 3057 2742 3102; x_wconf 91' lang='lat' dir='ltr'><strong>autem</strong></span> <span class='ocrx_word' id='word_1_616' title='bbox 2787 3065 2852 3102; x_wconf 84' lang='lat' dir='ltr'><strong>ex</strong></span> <span class='ocrx_word' id='word_1_617' title='bbox 2897 3049 2972 3104; x_wconf 89' lang='lat' dir='ltr'><strong>eis</strong></span> <span class='ocrx_word' id='word_1_618' title='bbox 3019 3067 3283 3122; x_wconf 89' lang='lat' dir='ltr'><strong>egressum</strong></span> <span class='ocrx_word' id='word_1_619' title='bbox 3338 3063 3412 3108; x_wconf 89' lang='lat' dir='ltr'><strong>est</strong></span> <span class='ocrx_word' id='word_1_620' title='bbox 3457 3071 3620 3108; x_wconf 87' lang='lat' dir='ltr'><strong>cornu</strong></span> 
     </span>
    </p>
   </div>
   <div class='ocr_carea' id='block_1_77' title="bbox 1957 3137 3621 3212">
    <p class='ocr_par' dir='ltr' id='par_1_77' title="bbox 1957 3137 3621 3212">
     <span class='ocr_line' id='line_1_77' title="bbox 1957 3137 3621 3212; baseline 0.007 -24"><span class='ocrx_word' id='word_1_621' title='bbox 1957 3138 2001 3198; x_wconf 87' lang='lat' dir='ltr'>C</span> <span class='ocrx_word' id='word_1_622' title='bbox 2034 3153 2195 3191; x_wconf 89' lang='lat' dir='ltr'><strong>unum</strong></span> <span class='ocrx_word' id='word_1_623' title='bbox 2241 3137 2611 3204; x_wconf 84' lang='lat' dir='ltr'><strong>modicum;et</strong></span> <span class='ocrx_word' id='word_1_624' title='bbox 2649 3138 2844 3208; x_wconf 89' lang='lat' dir='ltr'><strong>factum</strong></span> <span class='ocrx_word' id='word_1_625' title='bbox 2891 3150 2964 3194; x_wconf 89' lang='lat' dir='ltr'><strong>est</strong></span> <span class='ocrx_word' id='word_1_626' title='bbox 3015 3143 3214 3212; x_wconf 84' lang='lat' dir='ltr'><strong>grande</strong></span> <span class='ocrx_word' id='word_1_627' title='bbox 3258 3154 3440 3198; x_wconf 91' lang='lat' dir='ltr'><strong>contra</strong></span> <span class='ocrx_word' id='word_1_628' title='bbox 3468 3148 3621 3200; x_wconf 81' lang='lat' dir='ltr'><strong>nteri-</strong></span> 
     </span>
    </p>
   </div>
   <div class='ocr_carea' id='block_1_78' title="bbox 2032 3228 3617 3304">
    <p class='ocr_par' dir='ltr' id='par_1_78' title="bbox 2032 3228 3617 3304">
     <span class='ocr_line' id='line_1_78' title="bbox 2032 3228 3617 3304; baseline 0.007 -23"><span class='ocrx_word' id='word_1_629' title='bbox 2032 3228 2191 3292; x_wconf 90' lang='lat' dir='ltr'><strong>diem,</strong></span> <span class='ocrx_word' id='word_1_630' title='bbox 2235 3241 2282 3284; x_wconf 89' lang='lat' dir='ltr'><strong>et</strong></span> <span class='ocrx_word' id='word_1_631' title='bbox 2311 3241 2492 3284; x_wconf 91' lang='lat' dir='ltr'><strong>contra</strong></span> <span class='ocrx_word' id='word_1_632' title='bbox 2534 3232 2808 3297; x_wconf 88' lang='lat' dir='ltr'><strong>orientem,</strong></span> <span class='ocrx_word' id='word_1_633' title='bbox 2836 3241 2884 3286; x_wconf 92' lang='lat' dir='ltr'><strong>et</strong></span> <span class='ocrx_word' id='word_1_634' title='bbox 2921 3242 3102 3286; x_wconf 87' lang='lat' dir='ltr'><strong>contra</strong></span> <span class='ocrx_word' id='word_1_635' title='bbox 3128 3233 3525 3304; x_wconf 79' lang='lat' dir='ltr'><strong>fortitudinem;</strong></span> <span class='ocrx_word' id='word_1_636' title='bbox 3571 3247 3617 3292; x_wconf 89' lang='lat' dir='ltr'><strong>et</strong></span> 
     </span>
    </p>
   </div>
   <div class='ocr_carea' id='block_1_79' title="bbox 2032 3319 3617 3392">
    <p class='ocr_par' dir='ltr' id='par_1_79' title="bbox 2032 3319 3617 3392">
     <span class='ocr_line' id='line_1_79' title="bbox 2032 3319 3617 3392; baseline 0.008 -21"><span class='ocrx_word' id='word_1_637' title='bbox 2032 3319 2423 3388; x_wconf 75' lang='lat' dir='ltr'><strong>magniﬁcatum</strong></span> <span class='ocrx_word' id='word_1_638' title='bbox 2453 3330 2526 3374; x_wconf 90' lang='lat' dir='ltr'><strong>est</strong></span> <span class='ocrx_word' id='word_1_639' title='bbox 2553 3337 2718 3392; x_wconf 88' lang='lat' dir='ltr'><strong>usque</strong></span> <span class='ocrx_word' id='word_1_640' title='bbox 2754 3321 2824 3375; x_wconf 90' lang='lat' dir='ltr'><strong>ad</strong></span> <span class='ocrx_word' id='word_1_641' title='bbox 2865 3321 3227 3392; x_wconf 90' lang='lat' dir='ltr'><strong>fortitudinem</strong></span> <span class='ocrx_word' id='word_1_642' title='bbox 3258 3326 3405 3392; x_wconf 65' lang='lat' dir='ltr'><strong>coeli;</strong></span> <span class='ocrx_word' id='word_1_643' title='bbox 3452 3336 3500 3382; x_wconf 90' lang='lat' dir='ltr'><strong>et</strong></span> <span class='ocrx_word' id='word_1_644' title='bbox 3529 3328 3617 3383; x_wconf 85' lang='lat' dir='ltr'><strong>de-</strong></span> 
     </span>
    </p>
   </div>
   <div class='ocr_carea' id='block_1_80' title="bbox 2019 3407 3610 3480">
    <p class='ocr_par' dir='ltr' id='par_1_80' title="bbox 2019 3407 3610 3480">
     <span class='ocr_line' id='line_1_80' title="bbox 2019 3407 3610 3480; baseline 0.008 -18"><span class='ocrx_word' id='word_1_645' title='bbox 2019 3407 2150 3480; x_wconf 87' lang='lat' dir='ltr'><strong>jecit</strong></span> <span class='ocrx_word' id='word_1_646' title='bbox 2197 3409 2262 3464; x_wconf 90' lang='lat' dir='ltr'><strong><em>de</em></strong></span> <span class='ocrx_word' id='word_1_647' title='bbox 2298 3410 2628 3480; x_wconf 81' lang='lat' dir='ltr'><strong>fortitudine,</strong></span> <span class='ocrx_word' id='word_1_648' title='bbox 2658 3421 2705 3465; x_wconf 87' lang='lat' dir='ltr'><strong>et</strong></span> <span class='ocrx_word' id='word_1_649' title='bbox 2735 3413 2799 3467; x_wconf 90' lang='lat' dir='ltr'><strong>de</strong></span> <span class='ocrx_word' id='word_1_650' title='bbox 2826 3412 3011 3479; x_wconf 86' lang='lat' dir='ltr'><strong>stellis,</strong></span> <span class='ocrx_word' id='word_1_651' title='bbox 3057 3424 3104 3470; x_wconf 90' lang='lat' dir='ltr'><strong>et</strong></span> <span class='ocrx_word' id='word_1_652' title='bbox 3133 3417 3458 3474; x_wconf 83' lang='lat' dir='ltr'><strong>conculcavit</strong></span> <span class='ocrx_word' id='word_1_653' title='bbox 3501 3437 3610 3475; x_wconf 88' lang='lat' dir='ltr'><strong>eas.</strong></span> 
     </span>
    </p>
   </div>
   <div class='ocr_carea' id='block_1_81' title="bbox 2029 3503 3609 3583">
    <p class='ocr_par' dir='ltr' id='par_1_81' title="bbox 2029 3503 3609 3583">
     <span class='ocr_line' id='line_1_81' title="bbox 2029 3503 3609 3583; baseline 0.006 -25"><span class='ocrx_word' id='word_1_654' title='bbox 2029 3503 2098 3558; x_wconf 85' lang='lat' dir='ltr'><strong>Et</strong></span> <span class='ocrx_word' id='word_1_655' title='bbox 2119 3523 2282 3578; x_wconf 90' lang='lat' dir='ltr'><strong>usque</strong></span> <span class='ocrx_word' id='word_1_656' title='bbox 2310 3507 2379 3560; x_wconf 91' lang='lat' dir='ltr'><strong><em>ad</em></strong></span> <span class='ocrx_word' id='word_1_657' title='bbox 2414 3508 2700 3578; x_wconf 87' lang='lat' dir='ltr'><strong>principem</strong></span> <span class='ocrx_word' id='word_1_658' title='bbox 2731 3507 3059 3578; x_wconf 83' lang='lat' dir='ltr'><strong>fortitudinis</strong></span> <span class='ocrx_word' id='word_1_659' title='bbox 3089 3513 3481 3583; x_wconf 85' lang='lat' dir='ltr'><strong>magnificatam</strong></span> <span class='ocrx_word' id='word_1_660' title='bbox 3517 3525 3609 3581; x_wconf 88' lang='lat' dir='ltr'><strong>est,</strong></span> 
     </span>
    </p>
   </div>
   <div class='ocr_carea' id='block_1_82' title="bbox 2028 3594 3615 3670">
    <p class='ocr_par' dir='ltr' id='par_1_82' title="bbox 2028 3594 3615 3670">
     <span class='ocr_line' id='line_1_82' title="bbox 2028 3594 3615 3670; baseline 0.008 -23"><span class='ocrx_word' id='word_1_661' title='bbox 2028 3603 2077 3647; x_wconf 91' lang='lat' dir='ltr'><strong>et</strong></span> <span class='ocrx_word' id='word_1_662' title='bbox 2115 3595 2178 3648; x_wconf 90' lang='lat' dir='ltr'><strong>ab</strong></span> <span class='ocrx_word' id='word_1_663' title='bbox 2208 3612 2268 3650; x_wconf 88' lang='lat' dir='ltr'><strong>eo</strong></span> <span class='ocrx_word' id='word_1_664' title='bbox 2310 3594 2430 3649; x_wconf 90' lang='lat' dir='ltr'><strong>tulit</strong></span> <span class='ocrx_word' id='word_1_665' title='bbox 2461 3596 2593 3668; x_wconf 88' lang='lat' dir='ltr'><strong>juge</strong></span> <span class='ocrx_word' id='word_1_666' title='bbox 2621 3596 2963 3667; x_wconf 83' lang='lat' dir='ltr'><strong>sacriﬁcium,</strong></span> <span class='ocrx_word' id='word_1_667' title='bbox 2999 3607 3048 3654; x_wconf 91' lang='lat' dir='ltr'><strong>et</strong></span> <span class='ocrx_word' id='word_1_668' title='bbox 3076 3599 3262 3670; x_wconf 87' lang='lat' dir='ltr'><strong>dejecit</strong></span> <span class='ocrx_word' id='word_1_669' title='bbox 3291 3602 3462 3657; x_wconf 91' lang='lat' dir='ltr'><strong>locum</strong></span> <span class='ocrx_word' id='word_1_670' title='bbox 3494 3623 3615 3660; x_wconf 87' lang='lat' dir='ltr'><strong>san-</strong></span> 
     </span>
    </p>
   </div>
   <div class='ocr_carea' id='block_1_83' title="bbox 2027 3685 3612 3768">
    <p class='ocr_par' dir='ltr' id='par_1_83' title="bbox 2027 3685 3612 3768">
     <span class='ocr_line' id='line_1_83' title="bbox 2027 3685 3612 3768; baseline 0.008 -30"><span class='ocrx_word' id='word_1_671' title='bbox 2027 3685 2358 3754; x_wconf 80' lang='lat' dir='ltr'><strong>ctiﬁcationis</strong></span> <span class='ocrx_word' id='word_1_672' title='bbox 2387 3685 2522 3756; x_wconf 85' lang='lat' dir='ltr'><strong>ejus.</strong></span> <span class='ocrx_word' id='word_1_673' title='bbox 2554 3687 2734 3742; x_wconf 84' lang='lat' dir='ltr'><strong>Robur</strong></span> <span class='ocrx_word' id='word_1_674' title='bbox 2765 3699 2937 3744; x_wconf 88' lang='lat' dir='ltr'><strong>autem</strong></span> <span class='ocrx_word' id='word_1_675' title='bbox 2963 3690 3146 3744; x_wconf 89' lang='lat' dir='ltr'><strong>datum</strong></span> <span class='ocrx_word' id='word_1_676' title='bbox 3174 3701 3249 3746; x_wconf 91' lang='lat' dir='ltr'><strong>est</strong></span> <span class='ocrx_word' id='word_1_677' title='bbox 3274 3706 3458 3748; x_wconf 87' lang='lat' dir='ltr'><strong>contra</strong></span> <span class='ocrx_word' id='word_1_678' title='bbox 3480 3697 3612 3768; x_wconf 91' lang='lat' dir='ltr'><strong>juge</strong></span> 
     </span>
    </p>
   </div>
   <div class='ocr_carea' id='block_1_84' title="bbox 2024 3776 3612 3849">
    <p class='ocr_par' dir='ltr' id='par_1_84' title="bbox 2024 3776 3612 3849">
     <span class='ocr_line' id='line_1_84' title="bbox 2024 3776 3612 3849; baseline 0.008 -19"><span class='ocrx_word' id='word_1_679' title='bbox 2024 3776 2344 3845; x_wconf 80' lang='lat' dir='ltr'><strong>sacriﬁcium</strong></span> <span class='ocrx_word' id='word_1_680' title='bbox 2369 3787 2579 3848; x_wconf 90' lang='lat' dir='ltr'><strong>propter</strong></span> <span class='ocrx_word' id='word_1_681' title='bbox 2599 3789 2844 3849; x_wconf 86' lang='lat' dir='ltr'><strong>peccata;</strong></span> <span class='ocrx_word' id='word_1_682' title='bbox 2874 3789 2922 3834; x_wconf 89' lang='lat' dir='ltr'><strong>et</strong></span> <span class='ocrx_word' id='word_1_683' title='bbox 2959 3791 3318 3849; x_wconf 89' lang='lat' dir='ltr'><strong>prosternetur</strong></span> <span class='ocrx_word' id='word_1_684' title='bbox 3336 3787 3527 3840; x_wconf 88' lang='lat' dir='ltr'><strong>veritas</strong></span> <span class='ocrx_word' id='word_1_685' title='bbox 3559 3789 3612 3842; x_wconf 87' lang='lat' dir='ltr'><strong>in</strong></span> 
     </span>
    </p>
   </div>
   <div class='ocr_carea' id='block_1_85' title="bbox 2024 3867 3612 3947">
    <p class='ocr_par' dir='ltr' id='par_1_85' title="bbox 2024 3867 3612 3947">
     <span class='ocr_line' id='line_1_85' title="bbox 2024 3867 3612 3947; baseline 0.007 -27"><span class='ocrx_word' id='word_1_686' title='bbox 2024 3877 2189 3934; x_wconf 88' lang='lat' dir='ltr'><strong>terra,</strong></span> <span class='ocrx_word' id='word_1_687' title='bbox 2212 3877 2260 3921; x_wconf 89' lang='lat' dir='ltr'><strong>et</strong></span> <span class='ocrx_word' id='word_1_688' title='bbox 2283 3867 2465 3937; x_wconf 82' lang='lat' dir='ltr'><strong>faciet,</strong></span> <span class='ocrx_word' id='word_1_689' title='bbox 2488 3877 2538 3921; x_wconf 91' lang='lat' dir='ltr'><strong>et</strong></span> <span class='ocrx_word' id='word_1_690' title='bbox 2571 3870 2986 3938; x_wconf 85' lang='lat' dir='ltr'><strong>prosperabitur.</strong></span> <span class='ocrx_word' id='word_1_691' title='bbox 3015 3870 3082 3924; x_wconf 88' lang='lat' dir='ltr'><strong>Et</strong></span> <span class='ocrx_word' id='word_1_692' title='bbox 3113 3871 3309 3926; x_wconf 84' lang='lat' dir='ltr'><strong>iterum</strong></span> <span class='ocrx_word' id='word_1_693' title='bbox 3348 3887 3367 3926; x_wconf 91' lang='lat'><strong><em>:</em></strong></span> <span class='ocrx_word' id='word_1_694' title='bbox 3401 3873 3471 3928; x_wconf 87' lang='lat' dir='ltr'><strong>Et</strong></span> <span class='ocrx_word' id='word_1_695' title='bbox 3495 3887 3612 3947; x_wconf 86' lang='lat' dir='ltr'><strong>post</strong></span> 
     </span>
    </p>
   </div>
   <div class='ocr_carea' id='block_1_86' title="bbox 2023 3961 3610 4039">
    <p class='ocr_par' dir='ltr' id='par_1_86' title="bbox 2023 3961 3610 4039">
     <span class='ocr_line' id='line_1_86' title="bbox 2023 3961 3610 4039; baseline 0.008 -29"><span class='ocrx_word' id='word_1_696' title='bbox 2023 3975 2238 4029; x_wconf 88' lang='lat' dir='ltr'><strong>regnum</strong></span> <span class='ocrx_word' id='word_1_697' title='bbox 2276 3975 2475 4023; x_wconf 86' lang='lat' dir='ltr'><strong>eorum,</strong></span> <span class='ocrx_word' id='word_1_698' title='bbox 2523 3975 2641 4012; x_wconf 90' lang='lat' dir='ltr'><strong>cum</strong></span> <span class='ocrx_word' id='word_1_699' title='bbox 2668 3961 2917 4014; x_wconf 84' lang='lat' dir='ltr'><strong>creverint</strong></span> <span class='ocrx_word' id='word_1_700' title='bbox 2961 3961 3280 4032; x_wconf 86' lang='lat' dir='ltr'><strong>iniquitates,</strong></span> <span class='ocrx_word' id='word_1_701' title='bbox 3334 3979 3610 4039; x_wconf 88' lang='lat' dir='ltr'><strong>consurget</strong></span> 
     </span>
    </p>
   </div>
   <div class='ocr_carea' id='block_1_87' title="bbox 2023 4049 3609 4128">
    <p class='ocr_par' dir='ltr' id='par_1_87' title="bbox 2023 4049 3609 4128">
     <span class='ocr_line' id='line_1_87' title="bbox 2023 4049 3609 4128; baseline 0.009 -27"><span class='ocrx_word' id='word_1_702' title='bbox 2023 4065 2115 4104; x_wconf 88' lang='lat' dir='ltr'><strong>rex</strong></span> <span class='ocrx_word' id='word_1_703' title='bbox 2155 4049 2428 4120; x_wconf 89' lang='lat' dir='ltr'><strong>impudens</strong></span> <span class='ocrx_word' id='word_1_704' title='bbox 2463 4051 2633 4121; x_wconf 90' lang='lat' dir='ltr'><strong>facie,</strong></span> <span class='ocrx_word' id='word_1_705' title='bbox 2674 4059 2722 4105; x_wconf 91' lang='lat' dir='ltr'><strong>et</strong></span> <span class='ocrx_word' id='word_1_706' title='bbox 2772 4051 3065 4124; x_wconf 89' lang='lat' dir='ltr'><strong>intelligens</strong></span> <span class='ocrx_word' id='word_1_707' title='bbox 3107 4057 3514 4128; x_wconf 87' lang='lat' dir='ltr'><strong>propositiones;</strong></span> <span class='ocrx_word' id='word_1_708' title='bbox 3559 4069 3609 4116; x_wconf 85' lang='lat' dir='ltr'><strong>et</strong></span> 
     </span>
    </p>
   </div>
   <div class='ocr_carea' id='block_1_88' title="bbox 2026 4139 3606 4220">
    <p class='ocr_par' dir='ltr' id='par_1_88' title="bbox 2026 4139 3606 4220">
     <span class='ocr_line' id='line_1_88' title="bbox 2026 4139 3606 4220; baseline 0.01 -28"><span class='ocrx_word' id='word_1_709' title='bbox 2026 4139 2360 4194; x_wconf 86' lang='lat' dir='ltr'><strong>roborabitur</strong></span> <span class='ocrx_word' id='word_1_710' title='bbox 2380 4140 2637 4211; x_wconf 89' lang='lat' dir='ltr'><strong>fortitudo</strong></span> <span class='ocrx_word' id='word_1_711' title='bbox 2667 4142 2802 4213; x_wconf 86' lang='lat' dir='ltr'><strong>ejus,</strong></span> <span class='ocrx_word' id='word_1_712' title='bbox 2836 4143 2926 4198; x_wconf 90' lang='lat' dir='ltr'><strong>sed</strong></span> <span class='ocrx_word' id='word_1_713' title='bbox 2957 4162 3060 4199; x_wconf 88' lang='lat' dir='ltr'><strong>non</strong></span> <span class='ocrx_word' id='word_1_714' title='bbox 3098 4146 3152 4200; x_wconf 88' lang='lat' dir='ltr'><strong>in</strong></span> <span class='ocrx_word' id='word_1_715' title='bbox 3175 4147 3368 4204; x_wconf 87' lang='lat' dir='ltr'><strong>viribus</strong></span> <span class='ocrx_word' id='word_1_716' title='bbox 3391 4153 3535 4220; x_wconf 88' lang='lat' dir='ltr'><strong>suis;</strong></span> <span class='ocrx_word' id='word_1_717' title='bbox 3559 4163 3606 4208; x_wconf 91' lang='lat' dir='ltr'><strong>et</strong></span> 
     </span>
    </p>
   </div>
   <div class='ocr_carea' id='block_1_89' title="bbox 2019 4233 3605 4317">
    <p class='ocr_par' dir='ltr' id='par_1_89' title="bbox 2019 4233 3605 4317">
     <span class='ocr_line' id='line_1_89' title="bbox 2019 4233 3605 4317; baseline 0.011 -32"><span class='ocrx_word' id='word_1_718' title='bbox 2019 4248 2181 4302; x_wconf 88' lang='lat' dir='ltr'><strong>supra</strong></span> <span class='ocrx_word' id='word_1_719' title='bbox 2205 4248 2364 4303; x_wconf 90' lang='lat' dir='ltr'><strong>quam</strong></span> <span class='ocrx_word' id='word_1_720' title='bbox 2387 4233 2528 4286; x_wconf 89' lang='lat' dir='ltr'><strong>credi</strong></span> <span class='ocrx_word' id='word_1_721' title='bbox 2553 4243 2741 4306; x_wconf 86' lang='lat' dir='ltr'><strong>potest,</strong></span> <span class='ocrx_word' id='word_1_722' title='bbox 2783 4236 3023 4291; x_wconf 83' lang='lat' dir='ltr'><strong>universa</strong></span> <span class='ocrx_word' id='word_1_723' title='bbox 3050 4239 3294 4308; x_wconf 84' lang='lat' dir='ltr'><strong>vastabit,</strong></span> <span class='ocrx_word' id='word_1_724' title='bbox 3323 4253 3370 4296; x_wconf 92' lang='lat' dir='ltr'><strong>et</strong></span> <span class='ocrx_word' id='word_1_725' title='bbox 3397 4262 3605 4317; x_wconf 80' lang='lat' dir='ltr'><strong>prospe-</strong></span> 
     </span>
    </p>
   </div>
   <div class='ocr_carea' id='block_1_90' title="bbox 2019 4322 3604 4404">
    <p class='ocr_par' dir='ltr' id='par_1_90' title="bbox 2019 4322 3604 4404">
     <span class='ocr_line' id='line_1_90' title="bbox 2019 4322 3604 4404; baseline 0.009 -28"><span class='ocrx_word' id='word_1_726' title='bbox 2019 4323 2236 4388; x_wconf 87' lang='lat' dir='ltr'><strong>rabitur,</strong></span> <span class='ocrx_word' id='word_1_727' title='bbox 2279 4331 2326 4376; x_wconf 91' lang='lat' dir='ltr'><strong>et</strong></span> <span class='ocrx_word' id='word_1_728' title='bbox 2349 4322 2526 4394; x_wconf 88' lang='lat' dir='ltr'><strong>faciet.</strong></span> <span class='ocrx_word' id='word_1_729' title='bbox 2561 4323 2628 4378; x_wconf 84' lang='lat' dir='ltr'><strong>Et</strong></span> <span class='ocrx_word' id='word_1_730' title='bbox 2653 4326 2926 4395; x_wconf 83' lang='lat' dir='ltr'><strong>interﬁciet</strong></span> <span class='ocrx_word' id='word_1_731' title='bbox 2964 4329 3222 4396; x_wconf 89' lang='lat' dir='ltr'><strong>robustos,</strong></span> <span class='ocrx_word' id='word_1_732' title='bbox 3257 4342 3306 4386; x_wconf 92' lang='lat' dir='ltr'><strong>et</strong></span> <span class='ocrx_word' id='word_1_733' title='bbox 3352 4335 3604 4404; x_wconf 86' lang='lat' dir='ltr'><strong>populum</strong></span> 
     </span>
    </p>
   </div>
   <div class='ocr_carea' id='block_1_91' title="bbox 2017 4413 3605 4494">
    <p class='ocr_par' dir='ltr' id='par_1_91' title="bbox 2017 4413 3605 4494">
     <span class='ocr_line' id='line_1_91' title="bbox 2017 4413 3605 4494; baseline 0.008 -27"><span class='ocrx_word' id='word_1_734' title='bbox 2017 4423 2339 4480; x_wconf 90' lang='lat' dir='ltr'><strong>sanctorum,</strong></span> <span class='ocrx_word' id='word_1_735' title='bbox 2379 4413 2666 4468; x_wconf 87' lang='lat' dir='ltr'><strong>secundum</strong></span> <span class='ocrx_word' id='word_1_736' title='bbox 2707 4414 3022 4470; x_wconf 77' lang='lat' dir='ltr'><strong>uoluntatem</strong></span> <span class='ocrx_word' id='word_1_737' title='bbox 3044 4435 3195 4472; x_wconf 91' lang='lat' dir='ltr'><strong>suam</strong></span> <span class='ocrx_word' id='word_1_738' title='bbox 3225 4436 3243 4474; x_wconf 92' lang='lat'><strong><em>:</em></strong></span> <span class='ocrx_word' id='word_1_739' title='bbox 3274 4432 3320 4475; x_wconf 88' lang='lat' dir='ltr'><strong>et</strong></span> <span class='ocrx_word' id='word_1_740' title='bbox 3348 4423 3605 4494; x_wconf 87' lang='lat' dir='ltr'><strong>dirigetur</strong></span> 
     </span>
    </p>
   </div>
   <div class='ocr_carea' id='block_1_92' title="bbox 333 4494 1933 4586">
    <p class='ocr_par' dir='ltr' id='par_1_92' title="bbox 333 4494 1910 4586">
     <span class='ocr_line' id='line_1_92' title="bbox 333 4494 1910 4586; baseline 0.003 -22"><span class='ocrx_word' id='word_1_741' title='bbox 333 4512 568 4566; x_wconf 87' lang='lat' dir='ltr'><strong>omnium</strong></span> <span class='ocrx_word' id='word_1_742' title='bbox 596 4521 751 4582; x_wconf 86' lang='lat' dir='ltr'><strong>caput</strong></span> <span class='ocrx_word' id='word_1_743' title='bbox 789 4521 864 4567; x_wconf 88' lang='lat' dir='ltr'><strong>est</strong></span> <span class='ocrx_word' id='word_1_744' title='bbox 910 4511 1284 4568; x_wconf 77' lang='lat' dir='ltr'><strong>Antichristus.</strong></span> <span class='ocrx_word' id='word_1_745' title='bbox 1315 4512 1392 4569; x_wconf 86' lang='lat' dir='ltr'><strong>De</strong></span> <span class='ocrx_word' id='word_1_746' title='bbox 1433 4529 1542 4585; x_wconf 91' lang='lat' dir='ltr'><strong>quo</strong></span> <span class='ocrx_word' id='word_1_747' title='bbox 1579 4494 1910 4586; x_wconf 76' lang='lat' dir='ltr'><strong>Apostolus:</strong></span> 
     </span>
    </p>
   </div>
   <div class='ocr_carea' id='block_1_93' title="bbox 2034 4494 3600 4586">
    <p class='ocr_par' dir='ltr' id='par_1_93' title="bbox 2034 4505 3600 4580">
     <span class='ocr_line' id='line_1_93' title="bbox 2034 4505 3600 4580; baseline 0.007 -22"><span class='ocrx_word' id='word_1_748' title='bbox 2034 4505 2171 4560; x_wconf 85' lang='lat' dir='ltr'><strong>lolus</strong></span> <span class='ocrx_word' id='word_1_749' title='bbox 2209 4507 2266 4559; x_wconf 92' lang='lat' dir='ltr'><strong>in</strong></span> <span class='ocrx_word' id='word_1_750' title='bbox 2316 4521 2477 4558; x_wconf 91' lang='lat' dir='ltr'><strong>manu</strong></span> <span class='ocrx_word' id='word_1_751' title='bbox 2503 4505 2636 4574; x_wconf 86' lang='lat' dir='ltr'><strong>ejus,</strong></span> <span class='ocrx_word' id='word_1_752' title='bbox 2661 4515 2710 4559; x_wconf 86' lang='lat' dir='ltr'><strong>et</strong></span> <span class='ocrx_word' id='word_1_753' title='bbox 2737 4523 2828 4559; x_wconf 90' lang='lat' dir='ltr'><strong>cor</strong></span> <span class='ocrx_word' id='word_1_754' title='bbox 2866 4523 3020 4561; x_wconf 89' lang='lat' dir='ltr'><strong>suum</strong></span> <span class='ocrx_word' id='word_1_755' title='bbox 3055 4511 3441 4580; x_wconf 83' lang='lat' dir='ltr'><strong>magniﬁcabit,</strong></span> <span class='ocrx_word' id='word_1_756' title='bbox 3474 4523 3522 4568; x_wconf 90' lang='lat' dir='ltr'><strong>et</strong></span> <span class='ocrx_word' id='word_1_757' title='bbox 3545 4517 3600 4569; x_wconf 91' lang='lat' dir='ltr'><strong>in</strong></span> 
     </span>
    </p>
   </div>
   <div class='ocr_carea' id='block_1_94' title="bbox 334 4600 1914 4675">
    <p class='ocr_par' dir='ltr' id='par_1_94' title="bbox 334 4600 1914 4675">
     <span class='ocr_line' id='line_1_94' title="bbox 334 4600 1914 4675; baseline 0.001 -19"><span class='ocrx_word' id='word_1_758' title='bbox 334 4600 604 4672; x_wconf 80' lang='lat' dir='ltr'><strong>Rogamus</strong></span> <span class='ocrx_word' id='word_1_759' title='bbox 659 4620 744 4658; x_wconf 83' lang='lat' dir='ltr'><strong>vos</strong></span> <span class='ocrx_word' id='word_1_760' title='bbox 792 4611 1000 4668; x_wconf 87' lang='lat' dir='ltr'><strong>autem,</strong></span> <span class='ocrx_word' id='word_1_761' title='bbox 1052 4604 1276 4674; x_wconf 84' lang='lat' dir='ltr'><strong>fratres,</strong></span> <span class='ocrx_word' id='word_1_762' title='bbox 1324 4621 1417 4675; x_wconf 89' lang='lat' dir='ltr'><strong>per</strong></span> <span class='ocrx_word' id='word_1_763' title='bbox 1460 4604 1742 4661; x_wconf 85' lang='lat' dir='ltr'><strong>adventum</strong></span> <span class='ocrx_word' id='word_1_764' title='bbox 1801 4605 1914 4658; x_wconf 81' lang='lat' dir='ltr'><strong>Do-</strong></span> 
     </span>
    </p>
   </div>
   <div class='ocr_carea' id='block_1_95' title="bbox 333 4693 1915 4767">
    <p class='ocr_par' dir='ltr' id='par_1_95' title="bbox 333 4693 1915 4767">
     <span class='ocr_line' id='line_1_95' title="bbox 333 4693 1915 4767; baseline 0.002 -19"><span class='ocrx_word' id='word_1_765' title='bbox 333 4695 464 4748; x_wconf 81' lang='lat' dir='ltr'><strong>mini</strong></span> <span class='ocrx_word' id='word_1_766' title='bbox 519 4696 683 4749; x_wconf 85' lang='lat' dir='ltr'><strong>nostri</strong></span> <span class='ocrx_word' id='word_1_767' title='bbox 731 4696 859 4750; x_wconf 84' lang='lat' dir='ltr'><strong>Jesu</strong></span> <span class='ocrx_word' id='word_1_768' title='bbox 909 4693 1106 4750; x_wconf 86' lang='lat' dir='ltr'><strong>Christi</strong></span> <span class='ocrx_word' id='word_1_769' title='bbox 1155 4705 1202 4750; x_wconf 89' lang='lat' dir='ltr'><strong>et</strong></span> <span class='ocrx_word' id='word_1_770' title='bbox 1256 4705 1447 4749; x_wconf 71' lang='lat' dir='ltr'><strong>nostra:</strong></span> <span class='ocrx_word' id='word_1_771' title='bbox 1501 4697 1915 4767; x_wconf 87' lang='lat' dir='ltr'><strong>congregationis</strong></span> 
     </span>
    </p>
   </div>
   <div class='ocr_carea' id='block_1_96' title="bbox 332 4787 1910 4857">
    <p class='ocr_par' dir='ltr' id='par_1_96' title="bbox 332 4787 1910 4857">
     <span class='ocr_line' id='line_1_96' title="bbox 332 4787 1910 4857; baseline 0.001 -18"><span class='ocrx_word' id='word_1_772' title='bbox 332 4788 389 4839; x_wconf 88' lang='lat' dir='ltr'><strong>in</strong></span> <span class='ocrx_word' id='word_1_773' title='bbox 441 4788 642 4857; x_wconf 86' lang='lat' dir='ltr'><strong>ipsum,</strong></span> <span class='ocrx_word' id='word_1_774' title='bbox 681 4797 734 4842; x_wconf 87' lang='lat' dir='ltr'><strong>ut</strong></span> <span class='ocrx_word' id='word_1_775' title='bbox 784 4805 888 4842; x_wconf 89' lang='lat' dir='ltr'><strong>non</strong></span> <span class='ocrx_word' id='word_1_776' title='bbox 932 4788 1035 4842; x_wconf 91' lang='lat' dir='ltr'><strong>cito</strong></span> <span class='ocrx_word' id='word_1_777' title='bbox 1086 4787 1394 4842; x_wconf 84' lang='lat' dir='ltr'><strong>moveamini</strong></span> <span class='ocrx_word' id='word_1_778' title='bbox 1443 4804 1475 4839; x_wconf 92' lang='lat' dir='ltr'><strong><em>a</em></strong></span> <span class='ocrx_word' id='word_1_779' title='bbox 1512 4796 1676 4840; x_wconf 78' lang='lat' dir='ltr'><strong>vestro</strong></span> <span class='ocrx_word' id='word_1_780' title='bbox 1722 4805 1910 4852; x_wconf 89' lang='lat' dir='ltr'><strong>sensu,</strong></span> 
     </span>
    </p>
   </div>
   <div class='ocr_carea' id='block_1_97' title="bbox 334 4879 1916 4951">
    <p class='ocr_par' dir='ltr' id='par_1_97' title="bbox 334 4879 1916 4951">
     <span class='ocr_line' id='line_1_97' title="bbox 334 4879 1916 4951; baseline 0.001 -18"><span class='ocrx_word' id='word_1_781' title='bbox 334 4895 498 4950; x_wconf 74' lang='lat' dir='ltr'><strong>neque</strong></span> <span class='ocrx_word' id='word_1_782' title='bbox 555 4881 890 4946; x_wconf 86' lang='lat' dir='ltr'><strong>terreamini,</strong></span> <span class='ocrx_word' id='word_1_783' title='bbox 944 4895 1106 4951; x_wconf 80' lang='lat' dir='ltr'><strong>neque</strong></span> <span class='ocrx_word' id='word_1_784' title='bbox 1158 4895 1250 4948; x_wconf 89' lang='lat' dir='ltr'><strong>per</strong></span> <span class='ocrx_word' id='word_1_785' title='bbox 1297 4879 1567 4950; x_wconf 88' lang='lat' dir='ltr'><strong>spiritum,</strong></span> <span class='ocrx_word' id='word_1_786' title='bbox 1614 4895 1777 4950; x_wconf 89' lang='lat' dir='ltr'><strong>neque</strong></span> <span class='ocrx_word' id='word_1_787' title='bbox 1821 4897 1916 4950; x_wconf 88' lang='lat' dir='ltr'><strong>per</strong></span> 
     </span>
    </p>
   </div>
   <div class='ocr_carea' id='block_1_98' title="bbox 332 4969 1910 5043">
    <p class='ocr_par' dir='ltr' id='par_1_98' title="bbox 332 4969 1910 5043">
     <span class='ocr_line' id='line_1_98' title="bbox 332 4969 1910 5043; baseline -0.001 -17"><span class='ocrx_word' id='word_1_788' title='bbox 332 4987 656 5038; x_wconf 86' lang='lat' dir='ltr'><strong>sermonem,</strong></span> <span class='ocrx_word' id='word_1_789' title='bbox 699 4988 861 5042; x_wconf 82' lang='lat' dir='ltr'><strong>neque</strong></span> <span class='ocrx_word' id='word_1_790' title='bbox 911 4988 1003 5043; x_wconf 88' lang='lat' dir='ltr'><strong>per</strong></span> <span class='ocrx_word' id='word_1_791' title='bbox 1049 4969 1326 5041; x_wconf 87' lang='lat' dir='ltr'><strong>epistolam</strong></span> <span class='ocrx_word' id='word_1_792' title='bbox 1376 4978 1624 5040; x_wconf 89' lang='lat' dir='ltr'><strong>tanquam</strong></span> <span class='ocrx_word' id='word_1_793' title='bbox 1681 4986 1774 5039; x_wconf 90' lang='lat' dir='ltr'><strong>per</strong></span> <span class='ocrx_word' id='word_1_794' title='bbox 1817 4987 1910 5026; x_wconf 86' lang='lat' dir='ltr'><strong>nos</strong></span> 
     </span>
    </p>
   </div>
   <div class='ocr_carea' id='block_1_99' title="bbox 334 5061 1912 5133">
    <p class='ocr_par' dir='ltr' id='par_1_99' title="bbox 334 5061 1912 5133">
     <span class='ocr_line' id='line_1_99' title="bbox 334 5061 1912 5133; baseline 0.001 -18"><span class='ocrx_word' id='word_1_795' title='bbox 334 5063 568 5127; x_wconf 82' lang='lat' dir='ltr'><strong>missam,</strong></span> <span class='ocrx_word' id='word_1_796' title='bbox 597 5063 748 5133; x_wconf 88' lang='lat' dir='ltr'><strong>quasi</strong></span> <span class='ocrx_word' id='word_1_797' title='bbox 785 5064 940 5116; x_wconf 89' lang='lat' dir='ltr'><strong>instet</strong></span> <span class='ocrx_word' id='word_1_798' title='bbox 991 5061 1099 5116; x_wconf 88' lang='lat' dir='ltr'><strong>dies</strong></span> <span class='ocrx_word' id='word_1_799' title='bbox 1147 5061 1380 5115; x_wconf 87' lang='lat' dir='ltr'><strong>Domini.</strong></span> <span class='ocrx_word' id='word_1_800' title='bbox 1421 5061 1502 5114; x_wconf 86' lang='lat' dir='ltr'><strong>Ne</strong></span> <span class='ocrx_word' id='word_1_801' title='bbox 1545 5063 1661 5132; x_wconf 90' lang='lat' dir='ltr'><strong>quis</strong></span> <span class='ocrx_word' id='word_1_802' title='bbox 1707 5077 1794 5116; x_wconf 80' lang='lat' dir='ltr'><strong>vos</strong></span> <span class='ocrx_word' id='word_1_803' title='bbox 1831 5079 1912 5118; x_wconf 85' lang='lat' dir='ltr'><strong>se-</strong></span> 
     </span>
    </p>
   </div>
   <div class='ocr_carea' id='block_1_100' title="bbox 331 5139 1909 5221">
    <p class='ocr_par' dir='ltr' id='par_1_100' title="bbox 331 5139 1909 5221">
     <span class='ocr_line' id='line_1_100' title="bbox 331 5139 1909 5221; baseline -0.003 -14"><span class='ocrx_word' id='word_1_804' title='bbox 331 5155 489 5208; x_wconf 83' lang='lat' dir='ltr'><strong>ducat</strong></span> <span class='ocrx_word' id='word_1_805' title='bbox 529 5154 621 5208; x_wconf 90' lang='lat' dir='ltr'><strong>illo</strong></span> <span class='ocrx_word' id='word_1_806' title='bbox 651 5154 826 5208; x_wconf 87' lang='lat' dir='ltr'><strong>modo.</strong></span> <span class='ocrx_word' id='word_1_807' title='bbox 859 5152 1118 5218; x_wconf 83' lang='lat' dir='ltr'><strong>Quoniam</strong></span> <span class='ocrx_word' id='word_1_808' title='bbox 1151 5153 1252 5206; x_wconf 88' lang='lat' dir='ltr'><strong>nisi</strong></span> <span class='ocrx_word' id='word_1_809' title='bbox 1286 5152 1477 5206; x_wconf 79' lang='lat' dir='ltr'><strong>venerit</strong></span> <span class='ocrx_word' id='word_1_810' title='bbox 1524 5139 1771 5204; x_wconf 55' lang='lat' dir='ltr'><strong>dis&#39;cessio</strong></span> <span class='ocrx_word' id='word_1_811' title='bbox 1799 5153 1909 5221; x_wconf 89' lang='lat' dir='ltr'><strong>pri-</strong></span> 
     </span>
    </p>
   </div>
   <div class='ocr_carea' id='block_1_101' title="bbox 333 5244 1903 5315">
    <p class='ocr_par' dir='ltr' id='par_1_101' title="bbox 333 5244 1903 5315">
     <span class='ocr_line' id='line_1_101' title="bbox 333 5244 1903 5315; baseline -0.003 -15"><span class='ocrx_word' id='word_1_812' title='bbox 333 5263 498 5311; x_wconf 75' lang='lat' dir='ltr'><strong>Itum,</strong></span> <span class='ocrx_word' id='word_1_813' title='bbox 526 5256 572 5300; x_wconf 87' lang='lat' dir='ltr'><strong>et</strong></span> <span class='ocrx_word' id='word_1_814' title='bbox 621 5244 877 5300; x_wconf 83' lang='lat' dir='ltr'><strong>revelatus</strong></span> <span class='ocrx_word' id='word_1_815' title='bbox 907 5244 1065 5314; x_wconf 90' lang='lat' dir='ltr'><strong>fuerit</strong></span> <span class='ocrx_word' id='word_1_816' title='bbox 1105 5245 1258 5298; x_wconf 88' lang='lat' dir='ltr'><strong>homo</strong></span> <span class='ocrx_word' id='word_1_817' title='bbox 1300 5245 1523 5314; x_wconf 89' lang='lat' dir='ltr'><strong>peccati,</strong></span> <span class='ocrx_word' id='word_1_818' title='bbox 1555 5244 1698 5312; x_wconf 82' lang='lat' dir='ltr'><strong>ﬁlius</strong></span> <span class='ocrx_word' id='word_1_819' title='bbox 1729 5244 1903 5315; x_wconf 88' lang='lat' dir='ltr'><strong>perdi-</strong></span> 
     </span>
    </p>
   </div>
   <div class='ocr_carea' id='block_1_102' title="bbox 333 5333 1907 5406">
    <p class='ocr_par' dir='ltr' id='par_1_102' title="bbox 333 5333 1907 5406">
     <span class='ocr_line' id='line_1_102' title="bbox 333 5333 1907 5406; baseline -0.001 -17"><span class='ocrx_word' id='word_1_820' title='bbox 333 5337 512 5400; x_wconf 77' lang='lat' dir='ltr'><strong>tionis,</strong></span> <span class='ocrx_word' id='word_1_821' title='bbox 553 5337 644 5406; x_wconf 87' lang='lat' dir='ltr'><strong>qui</strong></span> <span class='ocrx_word' id='word_1_822' title='bbox 675 5334 983 5390; x_wconf 81' lang='lat' dir='ltr'><strong>adversatur</strong></span> <span class='ocrx_word' id='word_1_823' title='bbox 1011 5344 1059 5388; x_wconf 92' lang='lat' dir='ltr'><strong>et</strong></span> <span class='ocrx_word' id='word_1_824' title='bbox 1093 5333 1357 5389; x_wconf 73' lang='lat' dir='ltr'><strong>extollitur</strong></span> <span class='ocrx_word' id='word_1_825' title='bbox 1389 5351 1548 5404; x_wconf 86' lang='lat' dir='ltr'><strong>supra</strong></span> <span class='ocrx_word' id='word_1_826' title='bbox 1583 5351 1732 5389; x_wconf 90' lang='lat' dir='ltr'><strong>omne</strong></span> <span class='ocrx_word' id='word_1_827' title='bbox 1770 5335 1907 5406; x_wconf 89' lang='lat' dir='ltr'><strong>quod</strong></span> 
     </span>
    </p>
   </div>
   <div class='ocr_carea' id='block_1_103' title="bbox 333 5425 1910 5497">
    <p class='ocr_par' dir='ltr' id='par_1_103' title="bbox 333 5425 1910 5497">
     <span class='ocr_line' id='line_1_103' title="bbox 333 5425 1910 5497; baseline -0.001 -17"><span class='ocrx_word' id='word_1_828' title='bbox 333 5428 528 5481; x_wconf 85' lang='lat' dir='ltr'><strong>dicitur</strong></span> <span class='ocrx_word' id='word_1_829' title='bbox 567 5426 729 5491; x_wconf 89' lang='lat' dir='ltr'><strong>Deus,</strong></span> <span class='ocrx_word' id='word_1_830' title='bbox 765 5435 855 5480; x_wconf 92' lang='lat' dir='ltr'><strong>aut</strong></span> <span class='ocrx_word' id='word_1_831' title='bbox 883 5425 1022 5497; x_wconf 88' lang='lat' dir='ltr'><strong>quod</strong></span> <span class='ocrx_word' id='word_1_832' title='bbox 1052 5425 1259 5489; x_wconf 88' lang='lat' dir='ltr'><strong>colitur,</strong></span> <span class='ocrx_word' id='word_1_833' title='bbox 1287 5425 1362 5479; x_wconf 91' lang='lat' dir='ltr'><strong>ita</strong></span> <span class='ocrx_word' id='word_1_834' title='bbox 1391 5435 1444 5478; x_wconf 89' lang='lat' dir='ltr'><strong>ut</strong></span> <span class='ocrx_word' id='word_1_835' title='bbox 1475 5426 1530 5478; x_wconf 89' lang='lat' dir='ltr'><strong>in</strong></span> <span class='ocrx_word' id='word_1_836' title='bbox 1575 5425 1764 5496; x_wconf 89' lang='lat' dir='ltr'><strong>templo</strong></span> <span class='ocrx_word' id='word_1_837' title='bbox 1811 5425 1910 5479; x_wconf 88' lang='lat' dir='ltr'><strong>Dei</strong></span> 
     </span>
    </p>
   </div>
   <div class='ocr_carea' id='block_1_104' title="bbox 332 5516 1910 5589">
    <p class='ocr_par' dir='ltr' id='par_1_104' title="bbox 332 5516 1910 5589">
     <span class='ocr_line' id='line_1_104' title="bbox 332 5516 1910 5589; baseline -0.001 -18"><span class='ocrx_word' id='word_1_838' title='bbox 332 5519 529 5578; x_wconf 86' lang='lat' dir='ltr'><strong>sedeat,</strong></span> <span class='ocrx_word' id='word_1_839' title='bbox 553 5519 826 5573; x_wconf 86' lang='lat' dir='ltr'><strong>ostendens</strong></span> <span class='ocrx_word' id='word_1_840' title='bbox 867 5535 921 5574; x_wconf 86' lang='lat' dir='ltr'><strong>se</strong></span> <span class='ocrx_word' id='word_1_841' title='bbox 948 5526 1197 5589; x_wconf 89' lang='lat' dir='ltr'><strong>tanquam</strong></span> <span class='ocrx_word' id='word_1_842' title='bbox 1222 5517 1289 5571; x_wconf 90' lang='lat' dir='ltr'><strong>sit</strong></span> <span class='ocrx_word' id='word_1_843' title='bbox 1318 5516 1476 5572; x_wconf 90' lang='lat' dir='ltr'><strong>Deus.</strong></span> <span class='ocrx_word' id='word_1_844' title='bbox 1511 5516 1633 5571; x_wconf 87' lang='lat' dir='ltr'><strong>Non</strong></span> <span class='ocrx_word' id='word_1_845' title='bbox 1680 5517 1910 5570; x_wconf 82' lang='lat' dir='ltr'><strong>retine:is</strong></span> 
     </span>
    </p>
   </div>
   <div class='ocr_carea' id='block_1_105' title="bbox 332 5607 1912 5678">
    <p class='ocr_par' dir='ltr' id='par_1_105' title="bbox 332 5607 1912 5678">
     <span class='ocr_line' id='line_1_105' title="bbox 332 5607 1912 5678; baseline 0 -18"><span class='ocrx_word' id='word_1_846' title='bbox 332 5607 469 5676; x_wconf 85' lang='lat' dir='ltr'><strong>quod</strong></span> <span class='ocrx_word' id='word_1_847' title='bbox 497 5624 614 5661; x_wconf 88' lang='lat' dir='ltr'><strong>cum</strong></span> <span class='ocrx_word' id='word_1_848' title='bbox 640 5608 813 5662; x_wconf 88' lang='lat' dir='ltr'><strong>adhuc</strong></span> <span class='ocrx_word' id='word_1_849' title='bbox 847 5624 1008 5663; x_wconf 88' lang='lat' dir='ltr'><strong>essem</strong></span> <span class='ocrx_word' id='word_1_850' title='bbox 1032 5607 1172 5678; x_wconf 88' lang='lat' dir='ltr'><strong>apud</strong></span> <span class='ocrx_word' id='word_1_851' title='bbox 1202 5623 1310 5672; x_wconf 81' lang='lat' dir='ltr'><strong>vos,</strong></span> <span class='ocrx_word' id='word_1_852' title='bbox 1339 5608 1447 5662; x_wconf 74' lang='lat' dir='ltr'><strong>hcce</strong></span> <span class='ocrx_word' id='word_1_853' title='bbox 1467 5607 1701 5662; x_wconf 87' lang='lat' dir='ltr'><strong>dicebam</strong></span> <span class='ocrx_word' id='word_1_854' title='bbox 1728 5607 1870 5660; x_wconf 78' lang='lat' dir='ltr'><strong>vobis</strong></span> <span class='ocrx_word' id='word_1_855' title='bbox 1887 5608 1912 5660; x_wconf 68' lang='grc' dir='ltr'><strong><em>Ρ</em></strong></span> 
     </span>
    </p>
   </div>
   <div class='ocr_carea' id='block_1_106' title="bbox 337 5695 1910 5760">
    <p class='ocr_par' dir='ltr' id='par_1_106' title="bbox 337 5695 1910 5760">
     <span class='ocr_line' id='line_1_106' title="bbox 337 5695 1910 5760; baseline 0.001 -12"><span class='ocrx_word' id='word_1_856' title='bbox 337 5695 398 5748; x_wconf 78' lang='lat' dir='ltr'><strong>Et</strong></span> <span class='ocrx_word' id='word_1_857' title='bbox 432 5713 570 5750; x_wconf 83' lang='lat' dir='ltr'><strong>nunc</strong></span> <span class='ocrx_word' id='word_1_858' title='bbox 595 5696 722 5760; x_wconf 81' lang='lat' dir='ltr'><strong>quid</strong></span> <span class='ocrx_word' id='word_1_859' title='bbox 749 5696 975 5751; x_wconf 85' lang='lat' dir='ltr'><strong>detineat</strong></span> <span class='ocrx_word' id='word_1_860' title='bbox 1000 5697 1156 5759; x_wconf 79' lang='lat' dir='ltr'><strong>scitis,</strong></span> <span class='ocrx_word' id='word_1_861' title='bbox 1193 5706 1243 5748; x_wconf 86' lang='lat' dir='ltr'><strong>ut</strong></span> <span class='ocrx_word' id='word_1_862' title='bbox 1279 5695 1527 5749; x_wconf 70' lang='lat' dir='ltr'><strong>reveletur</strong></span> <span class='ocrx_word' id='word_1_863' title='bbox 1556 5697 1609 5749; x_wconf 87' lang='lat' dir='ltr'><strong>in</strong></span> <span class='ocrx_word' id='word_1_864' title='bbox 1651 5712 1746 5750; x_wconf 87' lang='lat' dir='ltr'><strong>suo</strong></span> <span class='ocrx_word' id='word_1_865' title='bbox 1783 5705 1910 5750; x_wconf 84' lang='lat' dir='ltr'><strong>tent-</strong></span> 
     </span>
    </p>
   </div>
   <div class='ocr_carea' id='block_1_107' title="bbox 2016 4595 3600 4676">
    <p class='ocr_par' dir='ltr' id='par_1_107' title="bbox 2016 4595 3600 4676">
     <span class='ocr_line' id='line_1_107' title="bbox 2016 4595 3600 4676; baseline 0.008 -29"><span class='ocrx_word' id='word_1_866' title='bbox 2016 4595 2164 4664; x_wconf 85' lang='lat' dir='ltr'><strong>copia</strong></span> <span class='ocrx_word' id='word_1_867' title='bbox 2196 4609 2369 4648; x_wconf 89' lang='lat' dir='ltr'><strong><em>rerum</em></strong></span> <span class='ocrx_word' id='word_1_868' title='bbox 2391 4595 2624 4648; x_wconf 90' lang='lat' dir='ltr'><strong>omnium</strong></span> <span class='ocrx_word' id='word_1_869' title='bbox 2645 4596 2843 4649; x_wconf 87' lang='lat' dir='ltr'><strong>occidet</strong></span> <span class='ocrx_word' id='word_1_870' title='bbox 2869 4595 3145 4665; x_wconf 89' lang='lat' dir='ltr'><strong>plurimos,</strong></span> <span class='ocrx_word' id='word_1_871' title='bbox 3171 4609 3218 4653; x_wconf 90' lang='lat' dir='ltr'><strong>et</strong></span> <span class='ocrx_word' id='word_1_872' title='bbox 3256 4612 3439 4657; x_wconf 89' lang='lat' dir='ltr'><strong>contra</strong></span> <span class='ocrx_word' id='word_1_873' title='bbox 3460 4607 3600 4676; x_wconf 89' lang='lat' dir='ltr'><strong>prin-</strong></span> 
     </span>
    </p>
   </div>
   <div class='ocr_carea' id='block_1_108' title="bbox 2013 4687 3592 4758">
    <p class='ocr_par' dir='ltr' id='par_1_108' title="bbox 2013 4687 3592 4758">
     <span class='ocr_line' id='line_1_108' title="bbox 2013 4687 3592 4758; baseline 0.011 -25"><span class='ocrx_word' id='word_1_874' title='bbox 2013 4687 2175 4756; x_wconf 83' lang='lat' dir='ltr'><strong>cipem</strong></span> <span class='ocrx_word' id='word_1_875' title='bbox 2205 4687 2497 4758; x_wconf 86' lang='lat' dir='ltr'><strong>principum</strong></span> <span class='ocrx_word' id='word_1_876' title='bbox 2538 4694 2835 4757; x_wconf 87' lang='lat' dir='ltr'><strong>consurget,</strong></span> <span class='ocrx_word' id='word_1_877' title='bbox 2867 4697 2914 4740; x_wconf 91' lang='lat' dir='ltr'><strong>et</strong></span> <span class='ocrx_word' id='word_1_878' title='bbox 2950 4689 3063 4743; x_wconf 88' lang='lat' dir='ltr'><strong>sine</strong></span> <span class='ocrx_word' id='word_1_879' title='bbox 3092 4707 3251 4745; x_wconf 88' lang='lat' dir='ltr'><strong>manu</strong></span> <span class='ocrx_word' id='word_1_880' title='bbox 3280 4703 3592 4751; x_wconf 88' lang='lat' dir='ltr'><strong>conteretur.</strong></span> 
     </span>
    </p>
   </div>
   <div class='ocr_carea' id='block_1_109' title="bbox 2017 4779 3598 4853">
    <p class='ocr_par' dir='ltr' id='par_1_109' title="bbox 2017 4779 3598 4853">
     <span class='ocr_line' id='line_1_109' title="bbox 2017 4779 3598 4853; baseline 0.006 -19"><span class='ocrx_word' id='word_1_881' title='bbox 2017 4781 2083 4834; x_wconf 88' lang='lat' dir='ltr'><strong>Et</strong></span> <span class='ocrx_word' id='word_1_882' title='bbox 2109 4781 2307 4836; x_wconf 90' lang='lat' dir='ltr'><strong>iterum</strong></span> <span class='ocrx_word' id='word_1_883' title='bbox 2347 4798 2359 4834; x_wconf 94' lang='lat'><strong>:</strong></span> <span class='ocrx_word' id='word_1_884' title='bbox 2396 4779 2465 4833; x_wconf 90' lang='lat' dir='ltr'><strong>Et</strong></span> <span class='ocrx_word' id='word_1_885' title='bbox 2491 4781 2649 4851; x_wconf 89' lang='lat' dir='ltr'><strong>faciet</strong></span> <span class='ocrx_word' id='word_1_886' title='bbox 2668 4779 2830 4852; x_wconf 84' lang='lat' dir='ltr'><strong>juxta</strong></span> <span class='ocrx_word' id='word_1_887' title='bbox 2855 4780 3173 4836; x_wconf 85' lang='lat' dir='ltr'><strong>voluntatem</strong></span> <span class='ocrx_word' id='word_1_888' title='bbox 3210 4799 3361 4839; x_wconf 85' lang='lat' dir='ltr'><strong>suam</strong></span> <span class='ocrx_word' id='word_1_889' title='bbox 3403 4802 3514 4853; x_wconf 86' lang='lat' dir='ltr'><strong>rex,</strong></span> <span class='ocrx_word' id='word_1_890' title='bbox 3546 4799 3598 4844; x_wconf 90' lang='lat' dir='ltr'><strong>et</strong></span> 
     </span>
    </p>
   </div>
   <div class='ocr_carea' id='block_1_110' title="bbox 2013 4870 3594 4943">
    <p class='ocr_par' dir='ltr' id='par_1_110' title="bbox 2013 4870 3594 4943">
     <span class='ocr_line' id='line_1_110' title="bbox 2013 4870 3594 4943; baseline 0.003 -17"><span class='ocrx_word' id='word_1_891' title='bbox 2013 4870 2319 4938; x_wconf 85' lang='lat' dir='ltr'><strong>elevabitur,</strong></span> <span class='ocrx_word' id='word_1_892' title='bbox 2341 4881 2388 4926; x_wconf 94' lang='lat' dir='ltr'><strong>et</strong></span> <span class='ocrx_word' id='word_1_893' title='bbox 2410 4870 2835 4943; x_wconf 78' lang='lat' dir='ltr'><strong>magniﬁcabitur</strong></span> <span class='ocrx_word' id='word_1_894' title='bbox 2856 4871 3130 4927; x_wconf 81' lang='lat' dir='ltr'><strong>adversum</strong></span> <span class='ocrx_word' id='word_1_895' title='bbox 3152 4889 3356 4930; x_wconf 83' lang='lat' dir='ltr'><strong>omnem</strong></span> <span class='ocrx_word' id='word_1_896' title='bbox 3388 4875 3553 4930; x_wconf 88' lang='lat' dir='ltr'><strong>Deum</strong></span> <span class='ocrx_word' id='word_1_897' title='bbox 3574 4895 3594 4942; x_wconf 86' lang='lat'><strong><em>;</em></strong></span> 
     </span>
    </p>
   </div>
   <div class='ocr_carea' id='block_1_111' title="bbox 2015 4961 3598 5037">
    <p class='ocr_par' dir='ltr' id='par_1_111' title="bbox 2015 4961 3598 5037">
     <span class='ocr_line' id='line_1_111' title="bbox 2015 4961 3598 5037; baseline 0.003 -21"><span class='ocrx_word' id='word_1_898' title='bbox 2015 4971 2063 5017; x_wconf 92' lang='lat' dir='ltr'><strong>et</strong></span> <span class='ocrx_word' id='word_1_899' title='bbox 2086 4963 2361 5016; x_wconf 87' lang='lat' dir='ltr'><strong>adversum</strong></span> <span class='ocrx_word' id='word_1_900' title='bbox 2387 4961 2555 5015; x_wconf 90' lang='lat' dir='ltr'><strong>Deum</strong></span> <span class='ocrx_word' id='word_1_901' title='bbox 2594 4962 2810 5018; x_wconf 88' lang='lat' dir='ltr'><strong>deorum</strong></span> <span class='ocrx_word' id='word_1_902' title='bbox 2836 4961 3076 5034; x_wconf 88' lang='lat' dir='ltr'><strong>loquetur</strong></span> <span class='ocrx_word' id='word_1_903' title='bbox 3111 4965 3413 5037; x_wconf 76' lang='lat' dir='ltr'><strong>magniﬁca,</strong></span> <span class='ocrx_word' id='word_1_904' title='bbox 3435 4975 3485 5020; x_wconf 89' lang='lat' dir='ltr'><strong>et</strong></span> <span class='ocrx_word' id='word_1_905' title='bbox 3513 4967 3598 5021; x_wconf 84' lang='lat' dir='ltr'><strong>di-</strong></span> 
     </span>
    </p>
   </div>
   <div class='ocr_carea' id='block_1_112' title="bbox 2014 5052 3594 5127">
    <p class='ocr_par' dir='ltr' id='par_1_112' title="bbox 2014 5052 3594 5127">
     <span class='ocr_line' id='line_1_112' title="bbox 2014 5052 3594 5127; baseline 0.001 -18"><span class='ocrx_word' id='word_1_906' title='bbox 2014 5055 2210 5126; x_wconf 89' lang='lat' dir='ltr'><strong>rigetur</strong></span> <span class='ocrx_word' id='word_1_907' title='bbox 2233 5095 2248 5120; x_wconf 91' lang='lat'><strong>,</strong></span> <span class='ocrx_word' id='word_1_908' title='bbox 2301 5053 2465 5106; x_wconf 87' lang='lat' dir='ltr'><strong>donec</strong></span> <span class='ocrx_word' id='word_1_909' title='bbox 2514 5052 2838 5124; x_wconf 68' lang='lat' dir='ltr'><strong>compleatur</strong></span> <span class='ocrx_word' id='word_1_910' title='bbox 2891 5054 3170 5109; x_wconf 84' lang='lat' dir='ltr'><strong>iracundia</strong></span> <span class='ocrx_word' id='word_1_911' title='bbox 3221 5070 3240 5108; x_wconf 90' lang='lat'><strong><em>:</em></strong></span> <span class='ocrx_word' id='word_1_912' title='bbox 3295 5065 3594 5127; x_wconf 88' lang='lat' dir='ltr'><strong>perpetrata</strong></span> 
     </span>
    </p>
   </div>
   <div class='ocr_carea' id='block_1_113' title="bbox 2014 5143 3591 5216">
    <p class='ocr_par' dir='ltr' id='par_1_113' title="bbox 2014 5143 3591 5216">
     <span class='ocr_line' id='line_1_113' title="bbox 2014 5143 3591 5216; baseline 0.004 -21"><span class='ocrx_word' id='word_1_913' title='bbox 2014 5147 2198 5216; x_wconf 85' lang='lat' dir='ltr'><strong>quippe</strong></span> <span class='ocrx_word' id='word_1_914' title='bbox 2245 5153 2318 5199; x_wconf 89' lang='lat' dir='ltr'><strong>est</strong></span> <span class='ocrx_word' id='word_1_915' title='bbox 2361 5143 2618 5213; x_wconf 79' lang='lat' dir='ltr'><strong>deﬁnitio.</strong></span> <span class='ocrx_word' id='word_1_916' title='bbox 2657 5143 2725 5198; x_wconf 87' lang='lat' dir='ltr'><strong>Et</strong></span> <span class='ocrx_word' id='word_1_917' title='bbox 2766 5143 2934 5198; x_wconf 88' lang='lat' dir='ltr'><strong>Deum</strong></span> <span class='ocrx_word' id='word_1_918' title='bbox 2967 5155 3177 5216; x_wconf 84' lang='lat' dir='ltr'><strong>patrum</strong></span> <span class='ocrx_word' id='word_1_919' title='bbox 3220 5162 3436 5200; x_wconf 88' lang='lat' dir='ltr'><strong>suorum</strong></span> <span class='ocrx_word' id='word_1_920' title='bbox 3487 5162 3591 5202; x_wconf 90' lang='lat' dir='ltr'><strong>non</strong></span> 
     </span>
    </p>
   </div>
   <div class='ocr_carea' id='block_1_114' title="bbox 2014 5238 3592 5308">
    <p class='ocr_par' dir='ltr' id='par_1_114' title="bbox 2014 5238 3592 5308">
     <span class='ocr_line' id='line_1_114' title="bbox 2014 5238 3592 5308; baseline 0.003 -17"><span class='ocrx_word' id='word_1_921' title='bbox 2014 5238 2292 5308; x_wconf 85' lang='lat' dir='ltr'><strong>reputabit,</strong></span> <span class='ocrx_word' id='word_1_922' title='bbox 2324 5246 2372 5291; x_wconf 91' lang='lat' dir='ltr'><strong>et</strong></span> <span class='ocrx_word' id='word_1_923' title='bbox 2422 5238 2520 5291; x_wconf 90' lang='lat' dir='ltr'><strong>erit</strong></span> <span class='ocrx_word' id='word_1_924' title='bbox 2563 5238 2617 5290; x_wconf 90' lang='lat' dir='ltr'><strong>in</strong></span> <span class='ocrx_word' id='word_1_925' title='bbox 2656 5239 3086 5308; x_wconf 86' lang='lat' dir='ltr'><strong>concupiscentiis</strong></span> <span class='ocrx_word' id='word_1_926' title='bbox 3129 5238 3461 5306; x_wconf 90' lang='lat' dir='ltr'><strong>feminarum,</strong></span> <span class='ocrx_word' id='word_1_927' title='bbox 3499 5258 3592 5295; x_wconf 87' lang='lat' dir='ltr'><strong>nec</strong></span> 
     </span>
    </p>
   </div>
   <div class='ocr_carea' id='block_1_115' title="bbox 2009 5327 3591 5400">
    <p class='ocr_par' dir='ltr' id='par_1_115' title="bbox 2009 5327 3591 5400">
     <span class='ocr_line' id='line_1_115' title="bbox 2009 5327 3591 5400; baseline 0.002 -18"><span class='ocrx_word' id='word_1_928' title='bbox 2009 5346 2322 5400; x_wconf 84' lang='lat' dir='ltr'><strong>quemquam</strong></span> <span class='ocrx_word' id='word_1_929' title='bbox 2366 5327 2583 5382; x_wconf 89' lang='lat' dir='ltr'><strong>deorum</strong></span> <span class='ocrx_word' id='word_1_930' title='bbox 2621 5328 2848 5393; x_wconf 89' lang='lat' dir='ltr'><strong>curabit,</strong></span> <span class='ocrx_word' id='word_1_931' title='bbox 2889 5329 3012 5398; x_wconf 89' lang='lat' dir='ltr'><strong>quia</strong></span> <span class='ocrx_word' id='word_1_932' title='bbox 3043 5328 3317 5382; x_wconf 80' lang='lat' dir='ltr'><strong>adversam</strong></span> <span class='ocrx_word' id='word_1_933' title='bbox 3349 5330 3591 5386; x_wconf 86' lang='lat' dir='ltr'><strong>universa</strong></span> 
     </span>
    </p>
   </div>
   <div class='ocr_carea' id='block_1_116' title="bbox 2009 5414 3594 5489">
    <p class='ocr_par' dir='ltr' id='par_1_116' title="bbox 2009 5414 3594 5489">
     <span class='ocr_line' id='line_1_116' title="bbox 2009 5414 3594 5489; baseline 0.001 -15"><span class='ocrx_word' id='word_1_934' title='bbox 2009 5429 2304 5489; x_wconf 84' lang='lat' dir='ltr'><strong>consurget.</strong></span> <span class='ocrx_word' id='word_1_935' title='bbox 2353 5418 2410 5473; x_wconf 88' lang='lat' dir='ltr'><strong>In</strong></span> <span class='ocrx_word' id='word_1_936' title='bbox 2468 5418 2608 5473; x_wconf 90' lang='lat' dir='ltr'><strong>libro</strong></span> <span class='ocrx_word' id='word_1_937' title='bbox 2653 5418 2976 5489; x_wconf 81' lang='lat' dir='ltr'><strong>Apocalypsi</strong></span> <span class='ocrx_word' id='word_1_938' title='bbox 3031 5435 3043 5470; x_wconf 94' lang='lat'>:</span> <span class='ocrx_word' id='word_1_939' title='bbox 3095 5414 3165 5470; x_wconf 90' lang='lat' dir='ltr'><strong>Et</strong></span> <span class='ocrx_word' id='word_1_940' title='bbox 3199 5419 3304 5472; x_wconf 79' lang='lat' dir='ltr'><strong>vidi</strong></span> <span class='ocrx_word' id='word_1_941' title='bbox 3344 5419 3408 5474; x_wconf 89' lang='lat' dir='ltr'><strong>de</strong></span> <span class='ocrx_word' id='word_1_942' title='bbox 3453 5423 3594 5476; x_wconf 84' lang='lat' dir='ltr'><strong>mari</strong></span> 
     </span>
    </p>
   </div>
   <div class='ocr_carea' id='block_1_117' title="bbox 2009 5509 3592 5581">
    <p class='ocr_par' dir='ltr' id='par_1_117' title="bbox 2009 5509 3592 5581">
     <span class='ocr_line' id='line_1_117' title="bbox 2009 5509 3592 5581; baseline 0 -17"><span class='ocrx_word' id='word_1_943' title='bbox 2009 5511 2227 5566; x_wconf 90' lang='lat' dir='ltr'><strong>bestiam</strong></span> <span class='ocrx_word' id='word_1_944' title='bbox 2266 5510 2624 5564; x_wconf 87' lang='lat' dir='ltr'><strong>ascendentem</strong></span> <span class='ocrx_word' id='word_1_945' title='bbox 2651 5551 2665 5575; x_wconf 97' lang='lat'><strong>,</strong></span> <span class='ocrx_word' id='word_1_946' title='bbox 2717 5509 2987 5562; x_wconf 86' lang='lat' dir='ltr'><strong>habentem</strong></span> <span class='ocrx_word' id='word_1_947' title='bbox 3029 5524 3229 5563; x_wconf 88' lang='lat' dir='ltr'><strong>cornua</strong></span> <span class='ocrx_word' id='word_1_948' title='bbox 3270 5520 3494 5581; x_wconf 90' lang='lat' dir='ltr'><strong>septem,</strong></span> <span class='ocrx_word' id='word_1_949' title='bbox 3539 5521 3592 5568; x_wconf 86' lang='lat' dir='ltr'><strong>et</strong></span> 
     </span>
    </p>
   </div>
   <div class='ocr_carea' id='block_1_118' title="bbox 2011 5601 3587 5672">
    <p class='ocr_par' dir='ltr' id='par_1_118' title="bbox 2011 5601 3587 5672">
     <span class='ocr_line' id='line_1_118' title="bbox 2011 5601 3587 5672; baseline 0.001 -15"><span class='ocrx_word' id='word_1_950' title='bbox 2011 5604 2182 5672; x_wconf 87' lang='lat' dir='ltr'><strong>capita</strong></span> <span class='ocrx_word' id='word_1_951' title='bbox 2212 5603 2410 5664; x_wconf 88' lang='lat' dir='ltr'><strong>decem,</strong></span> <span class='ocrx_word' id='word_1_952' title='bbox 2437 5611 2484 5654; x_wconf 90' lang='lat' dir='ltr'><strong>et</strong></span> <span class='ocrx_word' id='word_1_953' title='bbox 2513 5617 2668 5671; x_wconf 89' lang='lat' dir='ltr'><strong>super</strong></span> <span class='ocrx_word' id='word_1_954' title='bbox 2701 5617 2864 5654; x_wconf 85' lang='lat' dir='ltr'><strong>cornu</strong></span> <span class='ocrx_word' id='word_1_955' title='bbox 2889 5601 3004 5672; x_wconf 87' lang='lat' dir='ltr'><strong>ejus</strong></span> <span class='ocrx_word' id='word_1_956' title='bbox 3031 5602 3208 5658; x_wconf 84' lang='lat' dir='ltr'><strong>decem</strong></span> <span class='ocrx_word' id='word_1_957' title='bbox 3248 5602 3587 5668; x_wconf 78' lang='lat' dir='ltr'><strong>diademata;</strong></span> 
     </span>
    </p>
   </div>
   <div class='ocr_carea' id='block_1_119' title="bbox 2012 5693 3590 5764">
    <p class='ocr_par' dir='ltr' id='par_1_119' title="bbox 2012 5693 3590 5764">
     <span class='ocr_line' id='line_1_119' title="bbox 2012 5693 3590 5764; baseline -0.005 -15"><span class='ocrx_word' id='word_1_958' title='bbox 2012 5707 2058 5750; x_wconf 90' lang='lat' dir='ltr'><strong>et</strong></span> <span class='ocrx_word' id='word_1_959' title='bbox 2089 5711 2244 5764; x_wconf 87' lang='lat' dir='ltr'><strong>super</strong></span> <span class='ocrx_word' id='word_1_960' title='bbox 2287 5693 2458 5762; x_wconf 83' lang='lat' dir='ltr'><strong>capita</strong></span> <span class='ocrx_word' id='word_1_961' title='bbox 2503 5693 2615 5761; x_wconf 86' lang='lat' dir='ltr'><strong>ejus</strong></span> <span class='ocrx_word' id='word_1_962' title='bbox 2666 5707 2849 5745; x_wconf 86' lang='lat' dir='ltr'><strong>nomen</strong></span> <span class='ocrx_word' id='word_1_963' title='bbox 2895 5693 3245 5759; x_wconf 77' lang='lat' dir='ltr'><strong>blasphemim.</strong></span> <span class='ocrx_word' id='word_1_964' title='bbox 3305 5694 3370 5748; x_wconf 73' lang='lat' dir='ltr'><strong>Et</strong></span> <span class='ocrx_word' id='word_1_965' title='bbox 3425 5694 3590 5746; x_wconf 73' lang='lat' dir='ltr'><strong>bestia</strong></span> 
     </span>
    </p>
   </div>
  </div>
