4010 6184
361 316 448 370 ΞἹΈ

1325 307 1382 362 S.
1429 303 1775 361 AGOBARDI
1813 299 2119 358 EPISCOPI
2160 299 2643 358 LUGDUNENSIS
3539 301 3632 358 23'.

360 444 520 499 quam
551 425 688 490 ridi,
719 421 908 478 similis
949 430 1058 473 erat
1098 418 1284 490 pardo,
1317 426 1364 472 et
1393 417 1546 488 pedes
1593 416 1709 486 ejus
1755 413 1950 469 similes
1981 415 2029 474 Α
2054 413 2190 482 ignis
2212 421 2260 466 et
2283 412 2571 484 sulphuris,
2588 414 2672 467 ubi
2697 413 2859 468 bestia
2885 422 2934 467 et
2953 414 3419 485 pseudopropheta’
3434 419 3640 473 crucia-

363 519 494 582 nrsi,
525 526 572 570 et
601 531 656 568 os
682 513 797 586 ejus
824 512 957 566 sicut
980 527 1037 563 os
1069 509 1254 564 leonis.
1283 508 1349 562 Et
1376 507 1517 562 dedit
1546 507 1626 560 illi
1654 507 1814 560 draco
1850 506 1949 560 vir-

363 620 524 664 tutem
549 623 700 662 suam
727 613 776 658 et
801 610 1104 674 potestatem
1146 616 1414 672 magnam.
1443 597 1508 652 Et
1545 599 1650 652 uidi
1679 613 1840 651 unum
1884 595 1948 651 de

367 697 623 770 capitibus
648 697 759 751 suis
785 695 942 767 quasi
969 695 1198 749 occisum
1223 694 1281 746 in
1302 702 1542 757 mortem,
1570 703 1616 744 et
1639 690 1794 761 plaga
1814 706 1949 742 mor-

366 795 432 848 tis
478 793 594 864 ejus
634 799 822 846 curata
867 797 960 844 est.
999 786 1070 842 Et
1113 786 1378 841 admirata
1426 794 1499 840 est
1528 785 1770 838 universa
1807 791 1946 836 terra

359 897 476 959 post
533 884 771 941 bestiam.
821 881 893 936 Et
945 879 1299 936 adoraverunt
1347 877 1631 932 draconem
1679 874 1770 946 qui
1803 872 1947 928 dedit

357 988 667 1051 potestatem
697 976 906 1040 bestiaz;
933 982 982 1028 et
1025 970 1374 1042 adoraverunt
1408 969 1644 1032 bestiam,
1673 966 1900 1019 dicentes
1928 977 1947 1014 :

363 1069 496 1136 Quis
521 1067 708 1124 similis
750 1066 927 1121 bestia:
944 1065 969 1118 ἵ
988 1072 1038 1118 et
1061 1063 1176 1134 quis
1205 1061 1394 1132 poterit
1429 1074 1662 1132 pugnare
1699 1074 1818 1112 cum
1847 1073 1909 1111 ea
1926 1057 1952 1110 ἵ

363 1158 434 1214 Et
458 1160 641 1214 datum
667 1166 742 1213 est
785 1156 836 1210 ei
863 1172 921 1210 os
960 1153 1173 1224 loquens
1217 1167 1428 1221 magna,
1455 1159 1505 1204 et
1540 1146 1943 1219 blasphemiam,

365 1261 416 1305 et
465 1251 592 1304 data
639 1258 712 1303 est
759 1246 839 1300 illi
890 1253 1118 1316 potestas
1160 1241 1332 1311 facere
1362 1254 1560 1294 menses
1595 1236 1948 1309 quadraginta

365 1344 520 1396 ditas.
554 1339 621 1393 Et
661 1338 866 1410 aperuit
893 1353 950 1390 os
977 1350 1133 1389 suum
1179 1334 1236 1386 in
1271 1329 1641 1401 blasphemias,
1666 1327 1735 1381 ad
1782 1325 1945 1379 Deum

365 1432 726 1502 blasphemare
753 1443 940 1482 nomen
961 1425 1100 1495 ejus,
1128 1432 1178 1477 et
1205 1418 1603 1476 tabernaculum
1624 1418 1760 1488 ejus,
1789 1426 1839 1470 et
1864 1432 1948 1471 eos

363 1524 452 1596 qui
495 1523 549 1576 in
587 1518 714 1575 ctelo
755 1517 1014 1572 habitant.
1043 1513 1112 1568 Et
1154 1512 1336 1566 datum
1364 1520 1439 1566 est
1464 1511 1514 1565 ei
1551 1508 1743 1564 bellum
1779 1507 1949 1578 facere

363 1629 482 1667 cum
504 1609 722 1673 sanctis,
747 1616 797 1662 et
823 1607 1024 1662 vincere
1052 1603 1192 1659 illos.
1208 1603 1276 1658 Et
1300 1602 1498 1657 iterum
1523 1619 1537 1656 :
1563 1599 1633 1654 Et
1660 1599 1765 1655 uidi
1788 1597 1949 1652 aliam

365 1703 582 1758 bestiam
611 1697 975 1754 ascendentem
998 1695 1063 1750 de
1097 1703 1269 1760 terra;
1295 1703 1342 1748 et
1371 1691 1590 1747 habebat
1618 1707 1818 1748 cornua
1845 1691 1950 1744 duo

2052 504 2246 559 buntur
2277 505 2364 560 die
2394 522 2456 560 ac
2479 516 2629 560 nocte
2650 508 2706 560 in
2731 505 2926 561 stecula
2953 506 3294 561 seculorum.

2119 595 2236 651 XV.
2295 596 2431 652 Tres
2479 598 2571 652 hic
2624 598 2913 663 dicuntur,
2974 597 3223 651 diabolus
3271 598 3547 664 videlicet,
3591 611 3652 658 et

2048 687 2246 752 bestia,
2275 703 2397 757 qua:
2444 698 2529 742 est
2576 688 2976 752 Antichristus,
3038 696 3095 743 et
3142 689 3647 762 pseudopropheta,

2049 792 2170 847 quae
2199 794 2416 834 omnem
2441 781 2740 850 potentiam
2780 780 3105 836 Antichristi
3134 788 3423 837 ostensum
3452 792 3538 838 est
3588 786 3646 841 in

2047 869 2216 939 signis
2238 879 2293 925 et
2312 871 2577 942 prodigiis
2605 873 2980 927 mendacibus.
3018 873 3087 926 Et
3108 873 3228 928 duae
3271 874 3480 941 bestiae,
3510 889 3646 946 ope-

2049 972 2205 1018 rante
2227 963 2461 1029 diabolo,
2490 965 2879 1020 eminentiores
2899 975 3026 1020 sunt
3044 959 3105 1018 in
3125 966 3384 1022 universo
3412 983 3648 1038 corpore

2047 1054 2403 1124 perditorum.
2422 1054 2491 1109 Et
2505 1055 2750 1110 diabolus
2772 1055 2990 1126 quidem
3014 1064 3100 1111 est
3125 1056 3374 1113 inventor
3399 1067 3454 1114 et
3480 1076 3647 1115 causa

2049 1143 2228 1199 omnis
2253 1143 2420 1208 mali,
2446 1151 2704 1213 tanquam
2741 1145 3052 1200 hominibus
3078 1145 3387 1202 mortaliter
3415 1148 3648 1204 viventi-

2048 1235 2151 1290 bus
2185 1235 2488 1290 invisibilis.
2521 1236 2619 1290 Est
2665 1243 2722 1290 et
2759 1236 3031 1292 homicida
3071 1245 3156 1292 est
3183 1237 3252 1292 ab
3288 1238 3461 1293 initio.
3507 1239 3642 1295 Uni-

2049 1341 2208 1382 versa
2237 1327 2380 1380 mala
2409 1341 2529 1396 qua:
2565 1334 2824 1396 operatus
2859 1335 2961 1394 est,
2999 1328 3238 1383 maxime
3265 1343 3364 1398 per
3391 1329 3647 1384 homines

2049 1419 2293 1474 exercuit
2331 1425 2385 1472 et
2430 1427 2669 1474 exercet.
2716 1417 2870 1472 Illum
2922 1427 3103 1474 autem
3159 1411 3396 1488 primum
3432 1421 3641 1475 malum

2051 1509 2196 1580 quod
2224 1508 2277 1563 in
2309 1508 2630 1578 deceptione
2654 1509 2954 1578 primorum
2991 1509 3269 1563 hominum
3295 1519 3642 1579 perpetratus

2051 1609 2171 1668 est,
2209 1615 2308 1673 per
2351 1608 2658 1670 serpentem
2683 1600 2844 1666 fecit;
2878 1601 3003 1670 quia
3035 1615 3136 1656 nec
3174 1609 3294 1656 erat
3330 1603 3512 1667 homo,
3542 1619 3645 1673 per

2053 1710 2214 1766 quem
2243 1694 2405 1765 primi
2453 1694 2700 1750 homines
2733 1693 3130 1763 deciperentur.
3182 1693 3290 1749 Per
3328 1705 3641 1764 serpentem

364 1791 562 1849 similia
591 1790 738 1862 agni,
769 1798 819 1844 et
839 1787 1150 1860 loquebatur
1184 1786 1320 1842 sicut
1346 1784 1528 1839 draco.
1552 1782 1620 1837 Et
1650 1790 1951 1854 potestatem

2061 1788 2274 1843 locutus
2306 1788 2433 1843 Eva:
2453 1828 2468 1852 ,
2508 1801 2609 1857 per
2637 1787 2804 1841 Evam
2838 1785 2989 1841 Adae.
3029 1785 3236 1842 Deinde
3261 1802 3360 1856 per
3386 1787 3521 1842 Cain
3551 1803 3644 1844 oe-

362 1883 560 1956 prioris
607 1881 785 1937 bestia:
813 1894 1016 1934 omnem
1042 1875 1268 1948 faciebat
1303 1876 1360 1930 in
1397 1882 1675 1946 conspectu
1711 1873 1861 1942 ejus;
1906 1880 1956 1925 et

371 1976 494 2046 fecit
525 1983 722 2028 terram
742 1979 792 2026 et
817 1968 1169 2024 inhabitantes
1189 1967 1245 2024 in
1279 1983 1341 2021 ea
1371 1965 1597 2020 adorare
1617 1963 1831 2018 bestiam
1854 1962 1957 2032 pri-

365 2081 530 2131 mam,
562 2062 716 2133 cujus
762 2068 948 2114 curata
985 2067 1061 2113 est
1089 2057 1249 2129 plaga
1295 2057 1502 2110 mortis.
1539 2053 1611 2108 Et
1661 2053 1782 2124 fecit
1805 2051 1957 2124 signa

365 2173 583 2228 magna,
623 2163 679 2208 ut
705 2153 863 2209 etiam
883 2152 1056 2222 ignem
1078 2148 1275 2219 faceret
1307 2148 1372 2202 de
1397 2145 1523 2202 ctelo
1568 2144 1880 2208 descendere
1902 2143 1958 2197 in

364 2257 562 2300 terram
586 2244 642 2297 in
680 2250 957 2313 conspectu
994 2239 1284 2293 hominum.
1319 2236 1382 2290 Et
1423 2234 1630 2292 seduxit
1662 2232 1958 2287 habitantes

366 2348 583 2401 terram,
607 2340 822 2405 propter
864 2330 1039 2400 signa,
1068 2344 1188 2399 qua:
1233 2326 1361 2380 data
1405 2334 1526 2380 sunt
1568 2321 1649 2377 illi
1699 2321 1873 2392 facere
1901 2321 1957 2376 in

366 2431 646 2495 conspectu
688 2421 883 2476 bestias.
916 2419 984 2474 Et
1007 2418 1205 2474 iterum
1242 2415 1399 2486 :Ego
1427 2414 1522 2470 tibi
1560 2413 1735 2467 dicam
1778 2427 1960 2465 sacra-

367 2524 599 2568 mentum
627 2512 884 2575 mulieris,
926 2519 977 2564 et
1003 2509 1179 2564 bestias
1208 2523 1324 2579 quae
1353 2515 1526 2578 portat
1554 2521 1690 2571 eam,
1718 2519 1836 2573 quce
1863 2503 1960 2557 ha-

367 2607 448 2660 bet
484 2603 658 2674 capita
687 2610 904 2672 septem,
940 2608 989 2654 et
1015 2615 1217 2654 cornua
1241 2596 1438 2652 decem.
1478 2594 1659 2651 Bestia
1698 2611 1856 2668 quam
1887 2595 1959 2649 vi-

369 2697 493 2752 disti
522 2695 646 2767 fuit,
667 2703 715 2749 et
746 2709 850 2748 non
875 2699 973 2758 est,
1003 2698 1053 2746 et
1078 2705 1361 2760 ascensura
1387 2696 1462 2748 est
1491 2687 1555 2742 de
1580 2687 1786 2759 abysso,
1830 2696 1879 2742 et
1906 2687 1961 2740 in

364 2787 633 2846 interitum
692 2785 827 2851 ibit;
864 2792 915 2844 et
971 2780 1306 2853 mirabuntur
1354 2778 1708 2856 inhabitantes
1765 2785 1961 2832 terram

368 2881 386 2949 (
399 2894 622 2951 quorum
650 2892 755 2931 non
784 2883 904 2930 sunt
927 2873 1121 2950 scripta
1143 2872 1357 2933 nomina
1380 2871 1435 2925 in
1457 2869 1591 2925 libro
1614 2871 1735 2926 vita:
1761 2885 1796 2925 a
1829 2885 1957 2924 con-

365 2972 635 3026 stitutione
671 2967 901 3040 mundi),
941 2965 1174 3041 videntes
1196 2979 1314 3037 qua:
1351 2971 1487 3029 erat,
1517 2971 1567 3016 et
1613 2977 1716 3016 non
1753 2969 1850 3016 est.
1892 2959 1963 3013 Et

367 3067 450 3120 hic
471 3073 547 3120 est
591 3078 794 3137 sensus,
823 3060 913 3133 qui
939 3058 1092 3113 habet
1143 3056 1480 3127 sapientiam.
1513 3052 1717 3125 Septem
1761 3053 1954 3124 capita,

2055 1877 2186 1934 cidit
2211 1877 2365 1933 Abel.
2397 1877 2465 1932 Et
2499 1877 2756 1947 deinceps
2793 1875 3126 1947 pullularunt
3152 1877 3335 1932 omnia
3360 1879 3502 1933 mala
3528 1920 3544 1944 ,
3587 1888 3646 1933 et

2055 1976 2342 2026 creverunt
2364 1968 2695 2039 iniquitates,
2729 1976 2784 2023 et
2810 1976 3064 2023 crescunt
3093 1969 3289 2033 adhuc,
3321 1969 3494 2024 donec
3519 1986 3642 2040 per-

2054 2061 2276 2116 veniant
2302 2060 2370 2115 ad
2401 2075 2673 2117 summum
2702 2059 2864 2128 mali;
2909 2061 3127 2130 quando
3155 2061 3267 2117 Deo
3291 2063 3644 2133 permittente

2055 2160 2112 2208 et
2133 2153 2420 2209 ordinante
2445 2162 2824 2224 assumpturus
2852 2160 2938 2208 est
2964 2152 3068 2208 sibi
3097 2153 3340 2208 diabolus
3357 2169 3452 2209 vas
3477 2155 3646 2225 aptis-

2057 2245 2277 2310 simum,
2301 2245 2578 2302 hominem
2608 2244 2858 2301 videlicet
2881 2245 3036 2301 illum
3075 2245 3386 2301 damnatum
3437 2254 3494 2301 et
3519 2263 3644 2317 per-

2059 2336 2260 2400 ditum,
2308 2345 2578 2408 caputque
2619 2335 2994 2406 perditorum;
3043 2336 3137 2407 qui
3184 2337 3239 2391 in
3283 2344 3492 2407 tantam
3548 2353 3642 2393 ex-

2058 2434 2269 2482 crescet
2293 2427 2578 2492 malitiam,
2609 2434 2670 2481 ut
2710 2427 2874 2480 homo
2895 2426 3139 2481 omnium
3166 2427 3436 2496 pessimus
3463 2437 3643 2483 osten-

2059 2524 2178 2571 tare
2205 2531 2264 2572 se
2289 2517 2483 2588 possit,
2512 2525 2568 2573 et
2601 2515 2787 2571 audiat
2813 2523 3070 2586 tanquam
3093 2515 3155 2570 ﬁt
3182 2516 3342 2581 Deus,
3377 2525 3434 2571 et
3451 2526 3642 2572 contra

2061 2606 2315 2662 universa
2365 2615 2683 2682 consurgat,
2715 2613 2771 2661 et
2817 2606 3042 2661 extollat
3081 2622 3141 2662 se
3172 2623 3238 2662 ac
3271 2608 3442 2679 jactet
3480 2624 3646 2678 super

2059 2712 2220 2754 omne
2242 2698 2384 2768 quod
2418 2697 2617 2753 dicitur
2655 2698 2798 2753 Deus
2845 2705 2902 2753 et
2932 2697 3076 2768 quod
3105 2697 3299 2753 colitur
3341 2716 3354 2752 :
3385 2699 3461 2753 ita
3489 2709 3548 2754 ut
3575 2699 3644 2756 de

2061 2788 2152 2846 illo
2169 2786 2282 2857 jam
2305 2789 2508 2844 dictum
2535 2789 2659 2844 sita
2687 2789 2918 2844 Domino
2943 2803 2960 2843 :
2990 2787 3115 2844 Non
3148 2799 3225 2844 est
3249 2807 3406 2862 super
3446 2801 3644 2847 terram

2061 2889 2288 2952 potestas
2315 2897 2434 2952 qua:
2468 2888 2800 2952 comparaur
2830 2881 2895 2934 ei
2912 2881 3002 2952 qui
3030 2880 3203 2951 [actus
3248 2892 3324 2937 est
3353 2892 3410 2937 ut
3439 2883 3642 2938 nullum

2063 2971 2286 3026 timeret.
2312 2969 2479 3026 Omne
2508 2969 2732 3026 sublime
2754 2971 2916 3026 uidet.
2943 2969 3065 3043 Ipse
3106 2981 3182 3027 est
3219 2989 3312 3028 rex
3344 2991 3502 3044 super
3529 2977 3647 3030 uni-

2064 3080 2237 3119 versos
2258 3063 2398 3133 filios
2424 3063 2700 3134 superbiae.
2720 3062 2793 3118 Ut
2809 3064 3043 3120 sciamus
3067 3064 3135 3121 de
3160 3063 3252 3121 illo
3279 3066 3481 3122 dictum
3500 3084 3644 3134 esse,

371 3169 563 3231 septem
584 3164 783 3211 montes
803 3161 948 3219 sunt,
969 3137 1125 3223 super
1159 3166 1289 3215 quos
1318 3147 1507 3203 mulier
1532 3147 1694 3210 sedet,
1731 3154 1781 3200 et
1811 3161 1955 3216 reges
1983 3125 2028 3188 (ἶ
2058 3125 2308 3226 grypem-13
2339 3125 2665 3218 οςιειίάίιυιι,
2687 3154 2779 3210 ubi
2807 3153 3008 3210 dicitur
3040 3172 3054 3209 ε
3083 3152 3216 3210 cum
3249 3125 3646 3227 αρρνεηεηάεήξ

372 3260 564 3321 septem
596 3256 738 3302 sunt.
766 3244 1010 3319 Quinque
1031 3241 1352 3306 ceciderunt,
1374 3256 1511 3313 unus
1535 3246 1633 3304 est,
1660 3235 1798 3291 alius
1821 3253 1956 3291 non-

373 3342 496 3396 dum
521 3339 692 3403 venit;
733 3345 928 3392 etcum
977 3333 1203 3399 uenerit,
1245 3339 1446 3402 oportet
1476 3329 1628 3392 illum
1665 3328 1815 3394 breve
1838 3339 1960 3384 tem-

373 3449 472 3504 pus
495 3445 726 3485 manere.
757 3427 826 3482 Et
859 3427 1021 3482 bestia
1048 3440 1166 3496 qua:
1191 3432 1304 3478 erat
1326 3433 1372 3477 et
1398 3439 1500 3476 non
1520 3431 1616 3487 est,
1635 3405 1758 3492 ipsa.
1777 3430 1960 3476 octava

375 3535 472 3592 est,
496 3535 544 3580 et
574 3524 638 3578 de
663 3531 855 3594 septem
883 3530 979 3588 est,
1009 3529 1057 3573 et
1101 3519 1157 3573 in
1196 3518 1464 3573 interitum
1489 3515 1649 3571 vadit.
1685 3515 1754 3569 Et
1783 3515 1958 3570 decem

378 3631 577 3670 cornua
619 3629 736 3684 quae
785 3609 978 3676 uidisti,
1014 3608 1191 3679 decem
1238 3623 1380 3678 reges
1427 3618 1578 3670 sunt,
1608 3604 1698 3676 qui
1744 3621 1960 3676 regnum

375 3705 608 3760 nandum
656 3709 1004 3776 acceperunt,
1045 3699 1135 3776 sed
1188 3706 1492 3770 potestatem
1533 3706 1782 3768 tanquam
1819 3713 1960 3766 reges

378 3820 482 3858 una
507 3801 637 3854 hora
659 3796 923 3868 accipiunt
957 3803 1072 3866 post
1105 3792 1337 3848 bestiam.
1372 3789 1446 3844 Hi
1484 3789 1764 3844 consilium
1795 3807 1959 3844 unum

375 3893 562 3948 habent
587 3899 634 3945 et
661 3890 924 3952 virtutem,
947 3896 994 3940 et
1020 3895 1325 3958 potestatem
1355 3899 1506 3936 suam
1529 3883 1705 3937 bestia:
1730 3883 1958 3939 tradent.

381 3967 452 4041 Ui
477 3999 596 4037 cum
621 3980 768 4052 Agna
802 3977 1131 4050 pugnabunt,
1161 3986 1206 4030 et
1230 3974 1410 4047 Agnus
1439 3975 1604 4029 vincet
1633 3973 1752 4028 illos
1783 3990 1800 4029 :
1826 3991 1962 4046 quo-

369 4075 522 4129 niam
547 4069 804 4124 Dominus
828 4067 1160 4122 daminorum
1199 4074 1296 4128 est,
1329 4074 1378 4118 et
1410 4062 1525 4118 Rex
1569 4080 1770 4134 regum,
1799 4071 1847 4118 et
1873 4064 1964 4135 qui

383 4179 501 4219 cum
554 4160 647 4214 illo
693 4167 815 4215 sunt
852 4157 1056 4221 vocati,
1099 4154 1248 4210 electi
1286 4164 1334 4209 et
1387 4153 1587 4223 ﬁdeles.
1618 4155 1687 4208 Et
1721 4155 1959 4210 iterum:

387 4255 459 4311 Et
497 4251 604 4307 uidi
635 4251 874 4315 bestiam,
903 4257 953 4302 et
1001 4263 1144 4318 reges
1191 4258 1375 4312 teme,
1417 4255 1466 4300 et
1494 4245 1753 4303 exercitus
1783 4261 1964 4301 eorum

383 4351 722 4417 congregatos
749 4341 819 4396 ad
842 4338 1140 4411 faciendum
1168 4336 1408 4417 prtelium
1435 4353 1552 4417 cum
1580 4335 1673 4409 illo
1700 4338 1789 4410 qui
1818 4339 1964 4394 εεάε-

338 4509 342 4513 ,
383 4445 470 4496 bat
485 4413 563 4492 vin
576 4413 730 4508 equo,
757 4442 804 4488 et
836 4449 955 4488 cum
984 4430 1214 4486 exercitu
1252 4415 1394 4510 ejus...
1427 4427 1497 4484 Et
1517 4413 1860 4512 apprehensa
1886 4440 1962 4484 est

384 4531 568 4595 bestia,
601 4507 795 4583 etcum
838 4527 951 4596 ipso
1006 4507 1457 4595 pseudOpropheta
1502 4521 1591 4598 qui
1637 4507 1761 4596 fecit
1808 4523 1959 4598 signa

378 4638 556 4678 coram
599 4622 733 4692 ipso,
761 4617 948 4692 quibus
988 4615 1193 4671 seduxit
1232 4631 1318 4670 eos
1359 4614 1448 4686 qui
1497 4595 1804 4691 acceperunt
1831 4595 1964 4686 clla;

380 4723 634 4770 racterem
663 4712 862 4777 bestiae,
889 4718 938 4765 et
981 4717 1076 4780 qut
1103 4708 1327 4762 adorant
1370 4706 1651 4780 imaginem
1671 4705 1806 4774 ejus.
1848 4701 1961 4758 Vici

378 4802 525 4862 missi
544 4812 664 4859 sunt
694 4803 748 4855 hi
776 4801 882 4854 duo
902 4801 958 4853 in
990 4808 1231 4868 stagnum
1254 4796 1390 4867 ignis
1416 4794 1649 4848 ardentis
1671 4793 1958 4871 sulphuris,

378 4909 426 4954 et
466 4893 639 4950 cwteri
661 4892 816 4947 occisi
848 4898 966 4944 sunt
998 4889 1052 4942 in
1089 4886 1266 4958 gladio
1293 4884 1518 4940 sedentis
1556 4869 1712 4955 super
1741 4869 1968 4956 equum,‘

378 4990 467 5062 qui
506 4985 739 5060 procedit
770 4983 833 5037 de
859 4997 947 5035 ore
969 4981 1156 5051 ipsius.
1201 4979 1270 5034 Et
1307 4979 1502 5034 iterum
1549 4997 1561 5031 :
1592 4977 1659 5031 Et
1688 4994 1804 5031 cum
1831 4963 1961 5046 con}

378 5057 626 5138 summati
660 5075 856 5146 fuerint
884 5071 1026 5126 mille
1055 5071 1203 5137 anni,
1241 5069 1468 5125 solvetur
1497 5067 1727 5125 Satanas
1749 5069 1814 5123 de
1845 5057 1962 5122 car-

381 5189 494 5228 cere
514 5186 632 5235 suo,
656 5177 702 5222 et
739 5165 896 5230 exiet,
925 5171 974 5218 et
1022 5161 1231 5217 seducet
1265 5170 1439 5233 gentes
1487 5177 1605 5232 qua:
1642 5169 1763 5214 sunt
1808 5173 1964 5228 super

381 5260 600 5333 angulos
643 5267 798 5314 terra:
827 5253 938 5326 Gog
987 5263 1035 5308 et
1080 5251 1292 5322 Magog,
1343 5260 1391 5305 et
1419 5249 1749 5321 congregabit
1776 5265 1862 5302 eos
1905 5238 1962 5302 in

382 5354 645 5423 prtelium,
693 5365 916 5422 quorum
942 5363 1190 5402 numerus
1223 5353 1298 5400 est
1323 5344 1456 5398 sicut
1496 5359 1658 5396 arena
1683 5341 1866 5396 maris.
1893 5339 1962 5394 Et

383 5441 729 5498 ascenderunt
786 5455 944 5510 super
999 5436 1328 5492 altitudinem
1383 5444 1569 5496 teme;
1634 5442 1681 5486 et
1739 5434 1962 5485 c’rcum-

387 5535 559 5588 ierunt
589 5539 764 5584 castra
812 5541 1136 5594 sanctorum,
1177 5537 1225 5581 et
1278 5524 1534 5580 civitatem
1580 5522 1840 5576 dilectam.
1897 5521 1963 5574 Et

387 5621 650 5678 descendit
684 5621 820 5690 ignis
860 5637 892 5672 a
937 5619 1045 5672 Deo
1075 5618 1137 5672 de
1165 5615 1312 5680 caelo,
1337 5623 1385 5668 et
1414 5612 1677 5667 devoravit
1718 5611 1876 5674 illos;
1919 5621 1966 5665 et

393 5709 631 5768 diabolus
679 5708 766 5774 qui
823 5707 1097 5761 seducebat
1141 5723 1250 5771 eos,
1279 5705 1468 5758 missus
1509 5711 1582 5756 est
1629 5701 1683 5754 in
1723 5711 1966 5771 stagnum

1987 4487 2041 4547 D

2057 3264 2179 3302 eum
2206 3246 2433 3319 gladius,
2479 3247 2763 3302 subsistere
2789 3263 2894 3301 non
2924 3246 3136 3318 poterit,
3168 3263 3333 3320 neque
3359 3250 3532 3316 hasta,
3561 3268 3647 3307 ne-

2058 3354 2157 3409 que
2181 3339 2389 3393 thorax.

2128 3428 2268 3486 XVI.
2297 3428 2451 3496 Quod
2485 3436 2665 3484 autem
2695 3444 2861 3484 unum
2892 3444 3092 3499 corpus
3132 3430 3205 3486 sit
3243 3432 3488 3486 omnium
3519 3447 3633 3503 per-

2061 3518 2316 3584 ditorum,
2345 3516 2500 3588 cujus
2521 3517 2692 3572 isdem
2717 3518 3087 3574 Antichristus
3110 3527 3269 3590 caput
3286 3521 3378 3586 sit,
3395 3522 3646 3592 superius

2061 3610 2381 3674 ostenditur,
2408 3609 2501 3664 ubi
2522 3610 2725 3664 dictum
2752 3617 2835 3665 est
2867 3628 2880 3664 :
2912 3609 3151 3665 Membra
3190 3612 3506 3667 cohwrentia
3544 3615 3646 3667 sibi

2061 3702 2300 3757 carnium
2324 3702 2458 3772 ejus.
2503 3702 2570 3771 Et
2599 3704 2795 3757 iterum
2829 3720 2842 3756 :
2874 3700 3077 3774 Corpus
3114 3701 3260 3757 illius
3301 3706 3454 3775 quasi
3495 3716 3646 3759 scuta

2062 3795 2279 3868 fusilia;
2305 3805 2631 3867 compactum
2670 3795 2901 3866 squamis
2923 3811 2978 3850 se
3001 3795 3372 3866 prementibus.
3405 3793 3523 3850 Una
3566 3795 3659 3847 uni

2061 3888 2431 3959 conjungitur,
2461 3896 2508 3942 et
2563 3903 2626 3942 ne
2672 3886 2998 3956 spiraculum
3049 3886 3261 3957 quidem
3311 3887 3504 3941 incedit
3552 3904 3647 3958 per

2061 3998 2151 4036 eas
2179 3994 2198 4033 :
2221 3979 2374 4034 alteri
2406 3995 2513 4034 una
2541 3977 2847 4044 adha'rebit,
2877 3985 2926 4031 et
2967 3986 3196 4032 tenentes
3224 3993 3280 4031 se
3320 3993 3647 4048 nequaquam

2062 4071 2466 4143 separabantur.
2492 4070 2568 4125 De
2591 4083 2699 4138 quo
2734 4081 2962 4139 corpore
2983 4076 3038 4122 et
3065 4067 3240 4137 capite
3273 4065 3410 4136 ejus,
3455 4067 3512 4120 id
3537 4076 3645 4130 est,

2063 4161 2296 4227 diabolo,
2309 4160 2394 4215 vel
2409 4158 2762 4223 Antichristo,
2778 4167 2834 4213 et
2845 4169 2944 4226 per
2959 4155 3297 4212 Ezechieiem
3325 4157 3646 4226 prophetam

2065 4253 2263 4309 dicitur
2289 4268 2303 4306 :
2330 4251 2468 4307 Ecce
2507 4267 2600 4323 ego
2639 4251 2709 4304 ad
2739 4259 2788 4305 te
2817 4247 3034 4304 Pharao
3080 4264 3173 4302 rex
3211 4247 3452 4318 Egypti,
3482 4246 3648 4300 draco

2064 4361 2272 4417 magne,
2300 4344 2391 4416 qui
2433 4343 2594 4398 cubas
2631 4343 2688 4397 in
2711 4342 2881 4397 medio
2907 4342 3184 4412 fluminum
3214 4351 3446 4405 tuorum,
3473 4347 3522 4392 et
3563 4339 3648 4392 di—

2065 4438 2139 4493 cis
2162 4451 2181 4490 :
2220 4437 2370 4491 Meus
2392 4445 2467 4492 est
2495 4438 2707 4508 fluvius,
2733 4445 2782 4490 et
2812 4452 2905 4507 ego
2928 4435 3027 4506 feci
3048 4436 3425 4504 memetipsum.
3458 4432 3526 4486 Et
3552 4449 3648 4503 p0-

2067 4547 2190 4584 nam
2221 4528 2447 4598 fraznum
2482 4529 2540 4583 in
2579 4527 2808 4582 maxillis
2844 4528 2970 4593 tuis,
3020 4535 3068 4582 et
3105 4524 3441 4597 agglutinabo
3479 4525 3648 4595 pisces

2064 4620 2341 4690 ﬂuminum
2383 4629 2593 4674 tuorum
2645 4619 2876 4690 squamis
2915 4619 3053 4682 tuis;
3079 4627 3127 4672 et
3157 4617 3433 4671 extraham
3484 4625 3534 4669 te
3580 4615 3648 4668 de

2064 4700 2235 4792 medio
2257 4712 2535 4782 ﬂuminum
2559 4720 2791 4775 tuorum,
2823 4719 2870 4764 et
2899 4707 3130 4764 universi
3159 4708 3324 4779 pisces
3368 4707 3446 4760 tui
3486 4721 3649 4776 squa-

2065 4805 2164 4859 mis
2203 4805 2310 4876 tuis
2344 4803 2706 4870 adhazrebunt,
2747 4812 2796 4858 et
2832 4801 3108 4873 projiciam
3151 4809 3202 4854 te
3241 4799 3298 4854 in
3345 4797 3645 4864 desertum,

2063 4881 2111 4951 et
2138 4880 2312 4950 omnes
2363 4895 2528 4966 pisces
2574 4895 2810 4965 ﬂuminis
2860 4892 2956 4947 tui.
2998 4891 3075 4945 De
3109 4889 3264 4961 cujus
3311 4893 3552 4958 potentia
3590 4893 3648 4940 et

2068 4979 2121 5041 in
2153 4981 2385 5058 psalmo,
2430 4987 2723 5052 secundum
2754 4983 3073 5040 Hebraieam
3109 4990 3288 5036 tamen
3339 4974 3650 5034 translatio-6

2068 5094 2213 5143 nem,
2247 5067 2484 5134 dicitur:
2521 5097 2541 5130 ι
2572 5077 2772 5148 Impius
2798 5074 3093 5131 secundum
3130 5072 3469 5127 altitudinem
3501 5068 3649 5123 furo-

2067 5165 2145 5224 ris
2168 5168 2250 5223 sui
2279 5182 2384 5222 non
2408 5160 2673 5236 requiret,
2690 5181 2793 5222 nec
2813 5171 2896 5221 est
2917 5165 3061 5220 Deus
3083 5164 3138 5218 in
3167 5162 3420 5218 omnibus
3447 5159 3649 5227 cogita-

2069 5259 2307 5314 tionibus
2332 5252 2468 5326 eius.
2499 5251 2818 5312 Partu'riunt
2844 5257 2946 5310 viae
2980 5256 3099 5326 ejus
3130 5255 3181 5309 in
3209 5253 3356 5309 omni
3381 5261 3644 5320 tempore.

2067 5350 2252 5421 Longe
2275 5358 2401 5406 sunt
2417 5347 2622 5419 judicia
2649 5357 2740 5403 tua
2771 5337 2820 5403 a'
2839 5346 2975 5422 faeie
2996 5347 3132 5415 ejus.
3170 5347 3372 5402 Omnes
3399 5343 3650 5399 inimicos

2068 5461 2195 5501 suos
2221 5443 2465 5512 despicit.
2502 5441 2765 5512 Loquitur
2794 5441 2848 5495 in
2893 5441 3056 5495 corde
3100 5454 3218 5495 suo.
3251 5437 3365 5491 Non
3394 5435 3653 5490 movebor

2071 5539 2136 5593 de
2174 5525 2522 5609 g'eneratione
2557 5535 2610 5589 in
2634 5526 3059 5604 generationem,
3082 5547 3176 5586 ero
3205 5531 3321 5585 sine
3341 5526 3504 5582 malo.
3535 5524 3652 5578 Ma-

2070 5626 2354 5682 ledictione
2392 5641 2454 5680 os
2480 5623 2595 5694 ejus
2625 5624 2845 5694 plenum
2878 5631 2977 5687 est,
3005 5621 3076 5677 ~et
3104 5621 3270 5684 dolis,
3298 5627 3354 5673 et
3385 5615 3651 5679 avaritia;

2071 5719 2171 5774 sub
2196 5715 2375 5787 lingua
2401 5715 2516 5786 ejus
2555 5716 2708 5772 dolus
2739 5723 2790 5770 et
2822 5710 3098 5783 iniquitas.
3151 5711 3256 5768 Sed
3285 5717 3338 5766 et
3367 5707 3656 5765 insidiatur
