4010 6184
449 236 551 290 εει

1553 246 1787 304 δῑίῐὶΜΟ
1829 248 1915 303 DE
1955 245 2132 300 FlDEI
2173 245 2541 306 VERITATE.

3615 259 3718 313 282

444 356 601 426 juxta
644 353 910 408 vestibula
948 355 999 408 in
1052 355 1402 423 absconditis,
1451 371 1510 416 ut
1542 363 1833 418 interﬁciat
1879 366 2032 418 inno-
2060 361 2108 420 A
2137 361 2206 414 ab
2250 375 2315 417 eo
2340 362 2482 431 capti
2515 361 2734 428 fuerint,
2779 362 3049 419 stabiliter
3078 373 3346 420 tenentur.
3380 369 3520 439 Ergo
3562 374 3653 440 qui
3685 390 3715 426 a

451 451 682 500 centem.
720 444 874 500 Oculi
918 445 1035 514 eius
1085 449 1335 505 robustos
1382 453 1857 524 circumspiciunt;
1903 457 2033 512 insi-

451 535 631 590 diatur
674 535 731 588 in
763 534 1112 602 abscondito,
1147 541 1302 608 quasi
1342 541 1427 595 leo
1473 542 1526 596 in
1574 544 1758 599 Cubili.
1801 545 2030 600 Insidia-

451 634 540 679 tur
560 632 623 678 ut
653 625 832 692 rapiat
857 641 1174 696 pauperem,
1199 630 1323 685 dum
1347 635 1645 689 attraxerit
1673 649 1795 690 eum
1819 637 1884 691 ad
1914 647 2031 693 rete

449 733 626 781 suum,
675 723 730 772 et
753 715 1092 774 confractum
1124 720 1360 790 subiicit,
1388 732 1442 778 et
1488 725 1656 779 irruet
1685 727 1890 782 viribus
1917 730 2032 784 suis

447 809 712 864 valenter.
750 827 770 860 ι

519 900 679 955 XVII.
714 900 830 956 Hoc
855 917 1054 971 corpus
1076 903 1271 958 diaboli
1310 914 1471 975 atque
1499 906 1842 973 Antichristi,
1869 911 2030 978 quale

448 993 503 1046 in
521 993 777 1062 praesenti
799 994 890 1057 sit,
913 1003 968 1048 et
1007 995 1136 1063 quid
1159 995 1233 1049 illi
1254 996 1308 1050 in
1336 996 1519 1052 futuro
1547 1009 1781 1062 maneat,
1809 1000 2030 1054 demon-

446 1093 656 1140 stratur
678 1087 733 1140 in
767 1085 875 1140 alio
900 1086 1125 1156 psalmo,
1145 1088 1236 1142 ubi
1265 1088 1464 1144 dicitur
1489 1107 1501 1142 :
1534 1089 1675 1154 Quid
1697 1091 1943 1160 gloriaris
1974 1094 2028 1146 in

447 1178 672 1232 malitia.
689 1179 781 1248 qui
794 1187 974 1248 potens
989 1196 1042 1233 es
1060 1181 1336 1250 iniquitate
1350 1182 1375 1234 .9
1389 1190 1443 1236 ct
1456 1190 1669 1236 caetera.
1690 1183 1765 1235 De
1788 1185 1889 1238 hoc
1903 1200 2027 1238 cor-

447 1285 580 1340 pore
598 1271 931 1340 perditorum
958 1271 1194 1340 loquitur
1221 1281 1278 1328 et
1303 1272 1439 1327 liber
1463 1274 1556 1342 qui
1586 1275 1901 1329 inscribitur
1929 1274 2028 1329 Sa-

445 1361 686 1432 pientia},
715 1361 946 1430 qualiter
979 1362 1030 1415 in
1069 1363 1174 1417 line
1198 1372 1499 1432 temporum
1527 1380 1842 1434 oppressum
1873 1377 2028 1420 aeter-

446 1453 534 1506 nis
561 1451 798 1506 miseriis
843 1461 994 1521 gerat
1037 1465 1215 1506 seram
1244 1461 1300 1505 et
1334 1452 1720 1508 infructuosam
1767 1454 2028 1522 paeniten-

445 1541 603 1605 tiam,
632 1541 817 1595 dicens
858 1559 870 1593 :
905 1540 1047 1593 Tunc
1071 1540 1281 1594 stabunt
1300 1541 1436 1610 justi
1477 1543 1532 1594 in
1572 1559 1762 1611 magna
1791 1552 2028 1595 constan-

446 1633 553 1697 tia,
594 1641 651 1686 et
678 1641 872 1686 cetera
906 1647 1025 1700 quas
1050 1632 1470 1700 subsequuntur.
1501 1631 1643 1702 Ergo
1673 1632 1965 1685 erravimus
1991 1649 2023 1685 a

2132 461 2422 519 conspectu
2445 452 2675 506 districti
2695 451 2898 522 judicis
2933 455 3188 524 expulsus
3235 466 3468 524 tenetur,
3486 462 3717 518 miseria:

2130 549 2185 594 et
2207 543 2549 597 tenebrarum
2575 553 2719 598 terra
2745 545 3031 599 cohibetur
3062 565 3074 599 :
3099 547 3223 616 quia
3252 547 3382 602 foris
3413 549 3568 605 dolor
3593 567 3718 606 cru-

2129 633 2239 686 ciat
2269 647 2406 702 quos
2425 633 2628 687 divisos
2651 650 2680 686 a
2709 649 2838 688 vero
2859 634 3063 691 lumine
3085 637 3231 692 intus
3268 640 3484 695 caecitas
3513 642 3713 697 obscu-

2131 733 2217 780 rat
2251 744 2263 778 :
2297 733 2700 780 transactorum
2733 727 2824 780 illa
2855 727 3019 782 ultrix
3061 727 3277 786 ﬂamma
3296 732 3550 787 vitiorum
3580 749 3712 788 con-

2129 816 2514 870 cremationem
2541 824 2596 869 et
2621 815 2802 870 lumen
2833 832 2940 872 non
2971 817 3153 872 habet.

2200 906 2383 961 XVIII.
2418 904 2707 960 Sciendum
2733 914 2912 960 tamen
2937 907 3062 976 quia
3090 909 3230 963 sicut
3268 910 3324 964 in
3352 910 3507 964 domo
3534 909 3714 968 Patris

2130 998 2428 1050 mansiones
2474 997 2652 1050 multm
2689 1004 2810 1050 sunt
2869 1013 2964 1066 pro
3008 998 3310 1054 diversitate
3347 1001 3584 1068 uirtutis;
3635 1005 3716 1059 sic

2130 1088 2412 1142 damnatos
2443 1087 2657 1142 diverso
2696 1088 2994 1156 supplicio,
3026 1090 3285 1159 gehennae
3322 1090 3534 1160 ignibus
3562 1094 3712 1148 subi-

2128 1179 2206 1234 cit
2257 1178 2586 1247 disparilitas
2629 1178 2873 1232 criminis
2923 1196 2935 1230 :
2976 1194 3095 1248 qum
3160 1179 3367 1233 scilicet
3423 1181 3668 1249 gebenna
3697 1221 3714 1247 ,

2128 1271 2377 1340 quamvis
2425 1270 2636 1324 cunctis
2684 1285 2788 1323 una
2821 1270 2916 1336 sit,
2953 1285 3060 1324 non
3111 1280 3290 1325 tamen
3331 1281 3556 1326 cunctos
3608 1287 3714 1327 una

2128 1360 2425 1428 eademque
2464 1360 2725 1429 qualitate
2745 1360 3024 1413 succendit
3051 1378 3062 1413 :
3088 1375 3208 1428 qum
3243 1369 3422 1414 tamen
3451 1361 3713 1430 supplicia

2128 1449 2185 1503 in
2215 1462 2272 1503 se
2291 1448 2568 1502 demersos
2596 1455 2653 1500 et
2680 1447 2822 1499 ultra
2855 1448 2998 1501 vires
3024 1449 3286 1509 cruciant,
3315 1457 3370 1502 et
3396 1449 3450 1502 in
3482 1450 3562 1503 eis
3591 1451 3716 1503 vitae

2127 1539 2427 1593 subsidium
2449 1536 2858 1607 exstingucutes
2887 1547 3138 1602 servant;
3167 1547 3229 1591 ut
3253 1537 3333 1592 sic
3346 1539 3510 1592 vitam
3530 1541 3716 1594 termi-

2127 1643 2230 1682 nus
2257 1628 2468 1697 puniat,
2497 1636 2765 1696 quatenus
2791 1642 3006 1697 semper
3029 1628 3144 1682 sine
3177 1630 3409 1683 termino
3440 1632 3716 1685 cruciatus

446 1726 530 1778 uia
561 1724 820 1789 veritatis,
851 1735 900 1778 et
930 1724 1158 1794 justitia:
1185 1723 1358 1777 lumen
1387 1741 1489 1778 non
1512 1723 1647 1778 luxit
1683 1725 1852 1790 nobis,
1873 1734 1924 1778 et
1948 1723 2027 1778 sol
2054 1709 2102 1770 Β
2129 1720 2297 1784 vivat,
2328 1719 2455 1788 quia
2496 1727 2553 1773 et
2608 1719 2675 1772 ad
2707 1717 2869 1773 linem
2913 1733 3012 1788 per
3054 1727 3321 1773 tormenta
3352 1730 3626 1789 properat,
3660 1730 3715 1775 et

444 1815 799 1886 intelligentiae
829 1833 932 1870 non
955 1826 1100 1870 ortus
1129 1825 1206 1870 est
1228 1817 1395 1870 nobis.
1428 1816 1635 1870 Lassati
1656 1834 1834 1871 sumus
1857 1819 1912 1870 in
1943 1819 2024 1871 via

443 1906 737 1976 iniquitatis
769 1915 816 1960 et
842 1906 1185 1977 perditionis;
1215 1917 1264 1962 et
1291 1906 1687 1962 ambulavimus
1705 1909 1812 1962 vias
1841 1907 2024 1978 diﬁci-

443 1997 543 2061 les,
569 1997 704 2050 niam
727 2006 901 2050 autem
932 1996 1144 2050 Domini
1165 1998 1536 2066 ignoravimus.
1568 1997 1708 2063 Quid
1739 1997 1886 2051 nobis
1904 2013 2025 2068 pro-

447 2088 546 2157 fuit
586 2089 860 2159 superbia,
888 2100 980 2142 aut
1007 2089 1133 2160 quid
1163 2089 1462 2145 divitiarum
1494 2089 1758 2160 jnctantia
1806 2089 2024 2143 contulit

447 2179 636 2234 nobis?
683 2180 1027 2236 Transierunt
1071 2181 1247 2234 omnia
1297 2181 1391 2234 illa
1435 2191 1685 2252 tanquam
1727 2181 1941 2246 umbra,
1975 2188 2026 2235 et

445 2278 697 2342 tanquam
739 2271 954 2324 nuntius
1001 2280 1399 2341 percurrens,et
1428 2281 1677 2341 tanquam
1722 2272 1865 2325 navis
1907 2287 2025 2342 qua

442 2360 750 2433 pertransiit
782 2361 1122 2428 fluctuantem
1141 2376 1352 2430 aquam.
1385 2359 1538 2426 Quod
1567 2370 1748 2415 autem
1771 2377 1836 2416 ex
1863 2375 2025 2431 ange-

445 2450 516 2507 lis
549 2459 608 2506 et
644 2452 956 2506 hominibus
978 2451 1207 2520 perditis
1236 2465 1404 2505 unum
1437 2465 1637 2519 corpus
1661 2450 1750 2513 sit,
1774 2465 1882 2504 uno
1905 2467 2024 2505 cru-

442 2543 613 2600 ciatui
655 2540 989 2612 deputatum,
1024 2541 1282 2596 Dominus
1329 2539 1566 2595 ostendit
1608 2541 1662 2594 in
1714 2539 2021 2610 Evangelio,

443 2633 538 2688 ubi
572 2633 650 2687 ait
681 2647 741 2686 se
777 2629 1048 2687 dicturum
1080 2634 1133 2687 in
1155 2632 1363 2700 judicio
1392 2651 1405 2687 :
1435 2629 1698 2686 Discedite
1729 2649 1761 2686 α
1790 2649 1891 2698 me,
1917 2649 2027 2687 ma—

444 2726 642 2790 ledicti,
691 2726 748 2778 in
789 2727 959 2795 ignem
1007 2735 1289 2789 internum,
1317 2725 1406 2796 qui
1437 2733 1655 2794 paratus
1689 2733 1764 2778 est
1813 2724 2022 2778 diabolo

443 2825 494 2872 et
522 2816 718 2886 angelis
746 2817 882 2887 ejus.
908 2817 984 2872 De
1010 2817 1114 2871 hoc
1141 2816 1387 2871 cruciatu
1417 2815 1775 2886 malignorum
1809 2815 2023 2886 angelo-

445 2921 564 2960 rum
586 2915 641 2962 et
667 2907 943 2962 hominum
969 2907 1103 2961 lsaia
1127 2906 1390 2976 propheta
1422 2906 1475 2959 in
1503 2904 1608 2960 ﬁne
1636 2905 1757 2960 libri
1794 2907 1876 2961 sui
1905 2907 2021 2960 ait:

445 2990 798 3067 Egredientur
838 2996 1006 3070 (haud
1045 2997 1265 3051 dubium
1294 2996 1423 3066 quin
1447 2995 1654 3066 sancti)
1701 3005 1750 3049 et
1779 2996 2025 3050 uidebunt

444 3086 698 3142 cadavera
729 3085 958 3141 virorum
987 3087 1078 3157 qui
1101 3085 1434 3156 prteuarioati
1459 3094 1579 3140 sunt
1600 3085 1656 3140 in
1679 3101 1780 3140 me.
1820 3084 2021 3141 Verulis
2049 3058 2093 3121 δ

409 3227 422 3250 ί
443 3193 623 3231 eorum
644 3194 747 3231 non
774 3178 1048 3241 morietur,
1071 3186 1119 3231 et
1145 3177 1280 3247 ignis
1304 3193 1484 3230 eorum
1513 3193 1618 3230 non
1638 3177 2020 3247 exstinguetur,

443 3277 493 3322 et
529 3278 678 3323 erunt
731 3285 895 3339 usque
945 3269 1015 3321 ad
1062 3271 1355 3322 satietatem
1403 3269 1616 3322 visionis
1663 3271 1804 3323 omni
1851 3269 2018 3324 carni.

445 3358 570 3414 Haec
595 3373 753 3428 pmna
779 3369 834 3413 et
862 3359 1010 3413 locus
1035 3373 1319 3427 pugnarum
1354 3361 1667 3414 nominatur
1686 3360 1740 3414 in
1781 3359 2023 3431 Evange-

446 3449 520 3504 lio
561 3452 798 3506 tenebrae
842 3449 1162 3515 exteriores,
1202 3450 1293 3504 ubi
1326 3448 1567 3524 jactatur
1594 3465 1784 3505 servus
1809 3451 1899 3506 ille
1929 3451 2020 3520 qui

444 3557 551 3596 non
583 3543 829 3613 arguitur
853 3541 922 3596 de
956 3540 1166 3607 fraude,
1193 3542 1288 3596 sed
1318 3542 1385 3597 de
1432 3543 1740 3606 inutilitate,
1775 3544 1900 3613 quia
1932 3559 2022 3598 ac-

440 3641 659 3701 ceptum
705 3631 964 3686 talentum
1018 3632 1341 3700 negotiando
1395 3632 1754 3702 multiplicare
1808 3633 2016 3700 noluit;

445 3736 500 3778 et
523 3723 677 3788 alter,
707 3724 800 3792 qui
843 3725 911 3778 ad
957 3725 1170 3794 nuptias
1199 3725 1424 3780 vestitus
1448 3734 1600 3781 veste
1644 3727 1870 3796 nuptiali
1910 3742 2019 3781 non

444 3814 703 3880 interfuit,
734 3815 913 3884 ligatis
945 3817 1191 3871 manibus
1230 3825 1286 3872 et
1306 3817 1530 3887 pedibus
1568 3817 1867 3888 projicitur.
1902 3818 2021 3888 Ipse

443 3905 594 3960 locus
636 3904 947 3975 frequenter
974 3905 1028 3960 in
1064 3905 1359 3974 Scripturis
1401 3908 1710 3962 nominatur
1738 3907 2016 3975 infernus;

445 3994 586 4049 sicut
604 4001 688 4049 est
714 3993 843 4049 illud
874 3995 926 4048 in
949 3994 1227 4050 Parabolis
1257 4014 1269 4048 :
1297 3995 1496 4051 Semita
1528 3997 1646 4051 vita:
1669 4015 1827 4069 super
1846 4000 2022 4054 erudi-

443 4097 551 4141 tum
571 4127 587 4152 ,
631 4097 686 4141 ut
727 4086 953 4142 declines
981 4088 1045 4142 de
1070 4087 1276 4157 inferno
1307 4087 1582 4142 novissimo
1607 4101 1626 4140 :
1660 4096 1716 4143 et
1757 4089 2020 4146 Ezechias

449 4191 542 4230 rex
580 4176 760 4248 justus
806 4178 1034 4233 Domino
1069 4178 1146 4233 ait
1178 4195 1191 4231 :
1221 4177 1346 4232 Non
1399 4177 1638 4248 infernus
1691 4180 2023 4249 conﬁtebitur

447 4268 573 4332 tibi,
606 4285 766 4339 neque
808 4284 951 4322 mors
987 4267 1224 4323 laudabit
1266 4277 1334 4323 te.
1375 4269 1442 4323 Et
1467 4269 1522 4323 in
1563 4269 1772 4340 psalmo
1802 4289 1814 4324 :
1844 4269 1913 4325 In
1937 4270 2020 4324 in-

2129 1813 2246 1868 sine
2276 1812 2382 1867 line
2439 1811 2696 1871 deﬁciens
2736 1812 2912 1865 durat.
2967 1811 3056 1865 Fit
3090 1827 3219 1881 ergo
3250 1812 3466 1866 miseris
3511 1825 3536 1852 ει
3565 1829 3712 1868 mors

2126 1905 2244 1960 sine
2279 1915 2482 1970 morte,
2518 1904 2641 1959 ﬁnis
2691 1905 2809 1959 sine
2845 1904 2972 1970 ﬁne,
3023 1903 3266 1959 defectus
3306 1905 3423 1959 sine
3475 1905 3711 1971 defectu,

2128 1997 2256 2066 quia
2287 2005 2343 2051 et
2374 2011 2523 2051 mors
2547 1996 2698 2061 vivit,
2740 2004 2797 2050 et
2844 1995 2968 2051 linis
3004 2011 3218 2064 semper
3247 1996 3456 2066 incipit,
3499 2004 3552 2050 et
3587 1998 3713 2052 deﬁ-

2127 2102 2253 2143 cere
2283 2085 2528 2142 defectus
2552 2087 2761 2152 nescit;
2794 2088 3042 2156 quamvis
3071 2087 3180 2141 illic
3207 2087 3346 2157 ignis
3389 2096 3446 2143 et
3481 2089 3547 2142 ad
3582 2103 3713 2144 con-

2127 2177 2451 2233 solationem
2490 2192 2599 2231 non
2631 2177 2804 2243 lucet,
2836 2185 2892 2232 et
2929 2186 3110 2232 tamen
3147 2185 3206 2230 ut
3244 2177 3416 2248 magis
3464 2187 3714 2246 torqueat

2126 2267 2194 2321 ad
2232 2267 2434 2336 aliquid
2476 2266 2637 2321 lucet.
2669 2265 2804 2320 Nam
2833 2281 3092 2336 sequaces
3133 2281 3346 2336 quoque
3371 2282 3499 2322 suos
3527 2283 3711 2322 secum

2127 2360 2181 2414 in
2217 2368 2486 2415 tormento
2529 2359 2745 2428 reprobi
2774 2357 2988 2412 flamma
3011 2358 3318 2414 illustrante
3355 2361 3526 2414 visuri
3561 2369 3711 2424 sunt,

2125 2465 2354 2521 quorum
2409 2464 2596 2503 amore
2636 2448 2981 2517 deliquerunt
3020 2467 3033 2501 :
3066 2457 3333 2517 quatenus
3377 2450 3467 2519 qui
3521 2465 3710 2504 eorum

2124 2541 2292 2593 vitam
2339 2539 2635 2594 carnaliter
2671 2547 2860 2592 contra
2897 2547 3163 2608 prmeepta
3204 2537 3513 2592 Conditoris
3558 2554 3712 2592 ama-

2126 2637 2338 2694 verant,
2369 2630 2608 2698 ipsorum
2645 2641 2862 2698 quoque
2905 2643 3002 2682 eos
3050 2629 3304 2682 interitus
3335 2629 3388 2682 in
3423 2638 3715 2697 augmento

2130 2736 2242 2776 suae
2267 2718 2630 2774 damnationis
2655 2717 2872 2789 allligat.
2908 2717 3008 2772 Hic
3031 2717 3182 2772 locus
3205 2717 3591 2787 suppliciorum
3633 2719 3716 2772 di-
3811 2765 3822 2776 ,

2125 2814 2271 2870 citur
2293 2821 2350 2868 et
2393 2813 2564 2877 lacus,
2595 2811 2690 2867 sed
2731 2813 2786 2865 in
2829 2826 2938 2881 quo
2965 2825 3072 2866 non
3101 2820 3187 2867 est
3229 2827 3396 2880 aqua,
3436 2813 3577 2867 sicut
3610 2828 3710 2883 per

2126 2906 2447 2962 Zachariam
2494 2905 2734 2960 dicitur:
2770 2903 2848 2956 Tu
2899 2921 3102 2976 quoque
3150 2906 3207 2958 in
3254 2907 3510 2976 sanguine
3555 2915 3713 2960 testa-

2127 2997 2287 3051 menti
2313 2996 2390 3049 tui
2418 2995 2636 3049 emisisti
2661 2995 2858 3048 vinctos
2879 3004 2998 3048 tuos
3025 2995 3089 3050 de
3128 2995 3248 3049 lacu
3277 2997 3333 3049 in
3366 3013 3468 3066 quo
3499 3014 3602 3050 non
3628 3007 3704 3050 est

2124 3106 2284 3160 aqua.
2307 3089 2376 3143 Et
2416 3104 2514 3158 per
2538 3087 2827 3142 Ezecliiam
2857 3102 3040 3156 regem
3069 3087 3274 3156 justum
3306 3106 3319 3142 :
3363 3089 3488 3144 Non
3524 3105 3706 3160 exspe-

2123 3181 2360 3244 ctabant,
2391 3180 2478 3251 qui
2509 3178 2830 3232 descendunt
2878 3179 2936 3230 in
2977 3177 3174 3242 laeum,
3221 3180 3490 3232 veritatem
3536 3188 3704 3232 tuam.

2123 3273 2386 3328 Dicuntur
2434 3271 2730 3326 novissima
2759 3269 2884 3336 laci,
2918 3276 2976 3324 et
3001 3267 3349 3325 fundamenta
3380 3270 3505 3336 laci,
3535 3278 3591 3325 et
3613 3286 3712 3325 nos

2121 3364 2342 3419 vissima
2370 3362 2570 3434 abyssi.

2193 3453 2334 3509 XIX.
2371 3454 2479 3508 Vos
2504 3467 2634 3522 ergo
2664 3451 2832 3506 abluti
2868 3465 3010 3522 aqua
3046 3451 3420 3521 baptismatis,
3451 3459 3506 3505 et
3535 3451 3708 3506 hono-

2123 3545 2224 3600 rati
2273 3544 2490 3598 nomine
2540 3542 2876 3609 Christiano,
2927 3544 3190 3614 signoque
3241 3543 3433 3597 salutis
3478 3543 3706 3613 signati,

2119 3643 2340 3704 pensate
2389 3642 2614 3699 attente,
2647 3633 3054 3703 et'perpendite
3079 3634 3418 3703 'diligenter,
3459 3635 3503 3688 si
3547 3635 3712 3689 babe-

2122 3741 2240 3779 mus
2267 3725 2410 3794 quod
2436 3724 2630 3778 merito
2661 3724 2980 3788 timeamus,
3021 3724 3067 3778 si
3096 3732 3180 3777 est
3213 3724 3354 3791 quod
3387 3724 3534 3776 omni
3564 3723 3711 3777 solli-

2120 3814 2358 3869 citudine
2386 3813 2585 3866 mentis
2631 3825 2825 3865 cavere
2867 3811 3192 3873 debeamus;
3229 3818 3283 3862 et
3315 3809 3439 3862 inde
3468 3810 3709 3880 cogitare

2120 3903 2426 3957 nullatenus
2453 3901 2806 3972 negligamus,
2845 3901 2987 3956 sicut
3009 3908 3065 3954 et
3093 3914 3249 3954 sacer
3268 3900 3509 3970 psalmus
3529 3903 3706 3968 docet,

2120 3992 2306 4048 dicens
2343 4011 2356 4046 :
2395 3992 2659 4058 Quoniam
2696 3993 3025 4062 iniquitatem
3066 4006 3238 4044 meam
3271 3991 3615 4057 annuntiabo,
3653 4004 3705 4047 et

2120 4085 2356 4156 cogitabo
2378 4099 2473 4154 pro
2506 4092 2718 4153 peccato
2754 4099 2888 4137 meo.
2915 4082 2984 4137 Et
3011 4082 3210 4137 iterum
3250 4101 3262 4137 :
3309 4082 3570 4149 Quoniam
3597 4085 3706 4138 ini-

2116 4179 2370 4249 quitatem
2395 4191 2564 4230 meam
2593 4191 2688 4245 ego
2714 4191 2989 4245 εοῃηοεσο,
3014 4184 3062 4228 et
3083 4185 3351 4245 peccatum
3385 4192 3556 4229 meum
3580 4191 3706 4230 con-

2119 4281 2202 4324 tra
2223 4286 2303 4324 me
2331 4278 2631 4337 estsemper
2656 4281 2674 4319 ἰ
2700 4276 2756 4322 ει
2790 4279 2896 4322 non
2927 4267 3098 4321 solum
3131 4276 3340 4322 mentes
3370 4276 3583 4322 nostras
3609 4282 3703 4322 CO-

447 4359 595 4426 ferno
625 4369 800 4413 autem
847 4360 965 4429 quis
1013 4359 1344 4429 cdn/itebitur
1369 4359 1497 4414 tibi?
1522 4361 1590 4415 Et
1620 4363 1816 4416 iterum
1846 4380 1858 4414 :
1895 4361 2019 4417 Non
2045 4389 2097 4447 Β
2122 4364 2361 4434 gitando,
2407 4361 2501 4417 sed
2527 4370 2582 4415 et
2623 4360 2834 4431 linguas
2863 4369 3078 4415 nostras
3105 4360 3390 4428 loquendo,
3422 4361 3495 4416 ibi
3538 4376 3702 4416 occu-

444 4450 637 4504 martui
653 4449 946 4504 laudabunt
973 4462 1042 4516 te,
1066 4451 1306 4516 Domine,
1324 4469 1485 4523 neque
1507 4469 1684 4508 omnes
1704 4455 1792 4526 qui
1816 4455 2024 4508 descen-

442 4544 575 4596 dunt
614 4544 670 4597 in
707 4543 991 4613 infernum.
1023 4544 1091 4598 Et
1132 4545 1322 4600 beatus
1368 4543 1470 4600 Job
1501 4563 1514 4598 :
1563 4545 1631 4600 In
1673 4546 2023 4615 profundissi-

445 4649 607 4698 mum,
631 4633 737 4698 ait,
766 4633 1031 4703 infernum
1061 4635 1379 4690 descendunt
1409 4637 1584 4689 omnia
1607 4651 1741 4689 mea.
1768 4635 2023 4689 Nomina-

448 4733 534 4777 tur
563 4730 622 4777 et
641 4723 762 4778 aliis
787 4723 1114 4789 nominibus,
1145 4725 1285 4779 sicut
1305 4725 1473 4780 isdem
1493 4727 1682 4780 bcatus
1705 4726 1808 4782 Job
1830 4726 2025 4781 iterum

444 4813 522 4868 ait
552 4812 781 4868 Domino
825 4832 837 4867 :
865 4814 1080 4870 Dimitte
1124 4831 1247 4885 ergo
1283 4831 1366 4869 me
1392 4824 1448 4869 ut
1476 4815 1721 4886 plangam
1749 4815 2023 4887 paululum

444 4913 724 4973 antequam
754 4905 962 4970 eadem,
993 4915 1042 4959 et
1083 4921 1188 4960 non
1217 4915 1449 4959 revertar
1474 4906 1542 4959 ad
1572 4915 1766 4960 terram
1789 4907 2020 4960 tenebro-

443 5011 556 5047 sam
595 5005 645 5050 et
672 5007 905 5064 opertam
952 4998 1134 5052 mortis
1178 4997 1432 5068 caligine;
1485 5007 1678 5052 terram
1725 5000 1948 5054 miseriae
1976 5007 2023 5053 et

443 5086 796 5154 tenebrarum,
831 5088 919 5141 ubi
961 5088 1144 5142 umbra
1195 5089 1399 5153 mortis,
1446 5099 1494 5143 et
1537 5087 1713 5142 nullus
1743 5089 1895 5156 ordo,
1932 5089 2024 5144 sed

441 5178 786 5247 sempiternus
814 5180 1003 5234 horror
1036 5181 1310 5234 inhabitat.
1341 5179 1477 5247 Quid
1503 5181 1646 5235 enim
1691 5189 1851 5237 terrae
1876 5193 2022 5237 tene-

443 5269 620 5327 brosa;
669 5273 888 5328 nomine
943 5273 1047 5328 nisi
1078 5282 1222 5328 terra
1279 5274 1470 5328 tartari
1511 5273 1693 5330 clausa
1743 5275 2022 5344 signatur?

443 5361 554 5419 Nec
575 5365 847 5421 immerito
875 5366 1116 5422 infernus
1147 5375 1290 5422 terra
1307 5366 1536 5421 dicitur:
1562 5367 1687 5436 quia
1714 5367 2022 5436 quicunque

2122 4471 2330 4526 pemus.
2372 4453 2579 4508 Caetera
2621 4452 2859 4522 pericula
2904 4451 3217 4520 temporalia
3245 4459 3450 4520 quanto
3492 4453 3704 4505 minora

2123 4555 2270 4612 sunt,
2303 4553 2453 4599 tanto
2486 4545 2664 4599 minus
2686 4560 2784 4599 nos
2812 4543 3124 4598 sollicitent.
3163 4542 3269 4596 lsta
3299 4550 3478 4596 autem
3501 4550 3706 4610 quanto

2124 4637 2327 4708 majora
2356 4645 2518 4700 sunt,
2551 4642 2704 4688 tanto
2735 4634 2908 4703 magis
2941 4648 3041 4686 nos
3081 4632 3405 4686 conturbent
3427 4640 3481 4686 et
3503 4635 3705 4687 contri—

2125 4736 2289 4792 stent,
2314 4735 2368 4780 et
2392 4723 2676 4794 profundis
2700 4723 2993 4786 doloribus,
3025 4723 3272 4791 suspiriis
3299 4730 3461 4791 atque
3489 4724 3705 4792 gemiti-

2123 4820 2225 4874 bus
2249 4825 2647 4888 compungant;
2695 4824 2754 4869 ut
2799 4815 2893 4869 ﬁat
2931 4815 3084 4870 nobis
3108 4815 3250 4884 quod
3277 4814 3540 4884 scriptum
3573 4823 3658 4868 est
3685 4831 3700 4868 :

2125 4911 2359 4981 Conﬁge,
2393 4911 2610 4964 Domine
2635 4952 2648 4976 ,
2690 4911 2875 4964 timore
2899 4919 2987 4962 tuo
3009 4925 3192 4963 carnes
3215 4925 3356 4962 meas
3381 4922 3399 4959 :
3425 4925 3457 4961 a
3481 4907 3704 4976 judiciis

2124 5002 2258 5056 enim
2283 5003 2386 5055 tuis
2408 5002 2580 5054 timui.
2607 5001 2836 5056 Pensate
2860 5000 3090 5061 ﬁdeliter
3125 5001 3271 5070 quod
3291 4999 3482 5053 beatus
3506 4998 3608 5053 Job
3638 4999 3705 5053 de

2125 5111 2184 5150 se
2213 5096 2444 5161 fatetur,
2475 5097 2661 5150 dicens
2690 5137 2700 5149 .
2733 5094 2951 5164 Semper
2976 5095 3112 5148 enim
3146 5093 3300 5162 quasi
3329 5101 3583 5146 tumentes
3610 5107 3703 5144 su-

2124 5203 2216 5258 per
2250 5204 2331 5241 me
2355 5188 2544 5256 ﬂuctus
2573 5187 2724 5240 timui
2748 5185 2938 5252 Deum,
2973 5195 3020 5238 et
3059 5184 3261 5254 pondus
3287 5185 3400 5253 ejus
3435 5183 3570 5252 ferre
3600 5199 3703 5238 non

2126 5277 2291 5348 potui.
2325 5275 2382 5331 Si
2419 5276 2506 5331 ille
2536 5277 2626 5347 qui
2667 5275 2745 5330 sic
2775 5274 3031 5335 timebat,
3064 5273 3237 5341 potuit
3271 5288 3508 5342 unquam
3549 5272 3706 5328 vanis

2126 5367 2548 5438 cogitationibus
2576 5381 2846 5435 occupare
2894 5373 3154 5430 mentem,
3186 5373 3283 5419 aut
3310 5365 3500 5420 otiosis
3523 5363 3706 5422 verbis

1811 5457 2082 5514 BALUle
2120 5456 2352 5512 NOTAE.

514 5562 539 5590 ι
584 5548 729 5604 Mors
765 5567 876 5603 stne
907 5561 1086 5603 morte.
1119 5550 1404 5619 Sumptum
1445 5557 1527 5602 est
1567 5550 1708 5619 istud
1739 5564 1802 5602 ex
1836 5559 2022 5607 sancto

444 5620 706 5696 gregorio
767 5621 820 5675 in
880 5621 1014 5676 libro
1054 5637 1108 5674 ιχ
1157 5618 1436 5674 Moralium
1482 5619 1536 5674 in
1591 5618 1715 5684 Job,
1756 5635 1872 5688 cap.
1925 5621 2012 5676 48.

2133 5550 2266 5603 Vide
2297 5559 2451 5605 notas
2485 5559 2700 5606 nostras
2726 5550 2792 5604 ad
2829 5548 3023 5604 librum
3050 5563 3106 5603 Ill
3141 5546 3372 5604 Salviaui
3407 5549 3468 5602 de
3495 5548 3705 5603 Gul'rr-

2126 5621 2342 5677 natione
2372 5620 2488 5676 Dei.
