3962 6180
283 216 390 274 ἓῖό

1175 211 1233 267 S.
1271 213 1620 269 AGOBAltDI
1657 208 1966 266 EPISCOPI
2003 208 2488 266 LUGDUNENSIS

3451 219 3548 272 εἴη

286 332 563 404 linguam;
609 329 960 384 circumlerte
989 327 1175 382 oculos
1212 326 1411 382 mentis
1438 335 1635 382 vestrm
1655 340 1757 396 per
1795 323 1875 378 vi—
1902 321 1954 383 Α
1979 336 2232 394 magnum
2278 322 2374 378 Dei
2423 337 2543 378 esse
2570 339 2764 379 munus
2794 323 3053 381 Dominus
3099 327 3342 382 ostendit
3363 368 3378 392 ,
3431 344 3556 386 om

287 424 440 480 cinas
466 421 734 492 regiones,
771 429 826 474 et
851 417 1196 473 considerate
1217 416 1479 472 mortales
1506 418 1709 473 nostris
1733 424 1870 471 tem-

293 515 537 583 poribus.
564 511 645 566 Ad
675 509 805 579 quid
831 524 927 563 eos
955 507 1151 563 videtis
1175 509 1419 563 vacare?
1444 508 1572 578 quid
1607 508 1868 578 cogitare,

290 603 436 674 loqui
476 610 532 658 et
593 600 815 654 facere?
856 599 1049 668 quanti
1096 607 1225 653 sunt
1269 599 1361 668 qui
1409 607 1678 654 conentur
1710 612 1872 667 agere

287 697 429 765 quod
457 693 746 764 Apostolus
768 693 1014 763 praecipit
1035 733 1049 758 ,
1082 693 1309 748 dicens:
1337 692 1522 748 Omnis
1558 708 1726 747 sermo
1759 708 1874 744 ma-

287 787 370 841 lus
391 802 456 839 er
484 802 574 838 ore
613 795 782 838 vestro
809 801 910 838 non
933 783 1212 854 procedat;
1255 783 1346 838 sed
1375 784 1420 837 si
1444 784 1562 853 quis
1593 784 1757 836 bonus
1797 788 1872 834 est

289 883 360 937 ad
401 880 803 949 aediﬁcationem
839 880 1000 946 ﬁdei,
1031 888 1088 933 ut
1115 879 1202 932 det
1243 879 1468 949 gratiam
1517 875 1869 931 audientibus.

287 971 360 1028 Et
404 974 648 1026 iterum:
683 967 907 1024 Verbum
945 967 1142 1024 Christi
1189 969 1383 1023 habitet
1426 969 1483 1022 in
1528 968 1668 1020 vobis
1715 965 1876 1020 abun-

288 1062 496 1127 denter,
534 1063 590 1116 in
631 1063 773 1116 omni
796 1064 1078 1132 sapientia,
1104 1061 1345 1115 docentes
1397 1068 1445 1114 et
1493 1066 1873 1113 commonentes

291 1153 622 1220 rosmetipsos
653 1150 870 1220 psalmis
892 1191 905 1212 ,
937 1152 1167 1221 hymnis,
1199 1151 1416 1219 canticis
1441 1147 1795 1221 spiritalibus,
1819 1149 1875 1202 in

288 1245 462 1312 gratia
490 1251 760 1297 cantantes
793 1243 848 1296 in
881 1243 1127 1297 cordibus
1148 1242 1329 1297 vestris
1354 1241 1484 1296 Deo.
1517 1239 1683 1294 Omne
1703 1237 1874 1309 quod-

289 1351 490 1404 cunque
523 1334 698 1403 facitis
718 1335 772 1388 in
799 1334 948 1388 verbo
971 1344 1062 1389 aut
1089 1335 1144 1388 in
1169 1350 1343 1404 opere,
1365 1333 1544 1388 omnia
1578 1332 1632 1386 in
1668 1330 1875 1384 nomine

287 1423 500 1477 Domini
530 1424 680 1490 Jesu,
716 1425 914 1495 gratias
940 1434 1148 1494 agentes
1171 1424 1280 1478 Deo
1306 1433 1355 1478 et
1385 1422 1538 1477 Patri
1565 1439 1657 1492 per
1680 1423 1871 1491 ipsum.

291 1517 356 1570 Et
391 1517 586 1571 Iterum
620 1535 632 1571 :
669 1515 810 1581 Quid
842 1531 962 1586 ergo
1005 1525 1101 1579 est,
1143 1514 1380 1584 fratres?
1403 1511 1535 1566 Cum
1567 1511 1872 1574 convenitis,

287 1608 643 1676 unusquisque
677 1617 900 1658 vestrum
936 1603 1196 1674 psalmum
1231 1603 1422 1668 habet,
1451 1603 1745 1656 doctrinam
1775 1601 1875 1654 ha-

292 1695 394 1758 bet,
429 1667 782 1764 apoc'alypsim
813 1667 984 1759 habet,
1011 1695 1244 1764 linguam
1274 1667 1451 1758 habet,
1485 1692 1873 1761 interpretatio-
1902 1667 1951 1728 Β

292 1803 407 1840 item
429 1787 614 1850 habet;
641 1788 814 1840 omnia
839 1787 907 1839 ad
931 1787 1334 1854 a‘diﬁcationem
1357 1787 1510 1855 fiant.
1544 1785 1606 1838 Et
1636 1785 1832 1838 iterum
1859 1801 1870 1836 :

293 1876 415 1932 Sive
448 1894 571 1947 ergo
609 1878 961 1942 manducetis,
999 1880 1104 1932 sive
1139 1877 1336 1942 bibitis,
1362 1879 1468 1932 sive
1503 1875 1649 1930 aliud
1676 1874 1875 1945 aliquid

290 1966 487 2036 facitis,
512 1967 688 2020 omnia
716 1967 768 2019 in
793 1966 962 2037 gloria
987 1967 1081 2021 Dei
1105 1967 1280 2036 facite.
1307 1966 1447 2021 Vere
1472 1965 1716 2028 omnino,
1738 1965 1878 2020 sicut

290 2057 552 2112 Dominus
584 2058 660 2112 ait
691 2076 702 2110 :
736 2057 915 2112 Bonus
951 2060 1104 2112 homo
1149 2058 1214 2112 de
1248 2059 1382 2112 bono
1421 2057 1666 2110 thesauro
1703 2054 1876 2107 cordis

290 2151 374 2203 sui
414 2149 611 2219 profert
641 2149 796 2202 bona.
831 2148 984 2204 Sicut
1013 2164 1115 2220 ego
1153 2149 1494 2204 verissimum
1527 2155 1612 2202 est
1631 2147 1756 2217 quia
1783 2146 1876 2216 qui

293 2241 612 2295 thesaurum
655 2241 914 2296 bonitatis
953 2242 1116 2295 habet
1141 2240 1195 2296 in
1225 2242 1409 2306 corde,
1446 2256 1551 2295 non
1578 2248 1754 2309 potest
1781 2239 1878 2292 ali-

293 2342 378 2387 ter
406 2332 507 2386 nisi
547 2341 604 2386 ut
632 2333 770 2387 bona
801 2333 1009 2403 cogitet
1051 2340 1105 2387 et
1143 2333 1432 2402 loquatur;
1467 2332 1542 2386 ita
1573 2333 1666 2401 qui
1695 2330 1877 2385 inania

291 2431 347 2477 et
397 2422 609 2476 inutilia
658 2423 929 2491 loquitur,
979 2424 1316 2478 demonstrat
1356 2437 1414 2477 se
1455 2423 1667 2476 inanem
1702 2431 1759 2476 et
1786 2436 1878 2476 va-

291 2527 451 2566 cuum
481 2527 603 2567 esse
639 2527 668 2565 a
695 2513 869 2582 gratia
900 2513 1152 2582 spiritali.
1186 2512 1320 2566 Nam
1349 2514 1395 2567 si
1427 2528 1531 2568 non
1561 2522 1727 2575 esset,
1753 2527 1879 2566 cur-

291 2614 468 2668 reret;
498 2613 552 2660 et
579 2605 764 2674 procul
791 2605 953 2660 dubio
983 2621 1042 2659 se
1069 2606 1347 2659 audientes
1372 2604 1668 2660 aediﬁcaret
1693 2605 1746 2659 in
1771 2604 1876 2659 (Ide

289 2705 347 2752 et
385 2697 681 2766 gratiarum
709 2697 925 2753 actione
948 2698 1014 2751 ad
1045 2698 1274 2769 gloriam
1304 2696 1422 2752 Dei.

359 2788 480 2843 XX.
506 2788 644 2843 Ecce
669 2789 895 2843 audistis
916 2805 1057 2842 nunc
1079 2798 1134 2843 et
1159 2790 1321 2852 bona,
1343 2804 1463 2857 qum
1482 2803 1549 2841 ex
1571 2796 1687 2842 toto
1713 2787 1878 2842 corde

292 2895 476 2936 amare
494 2887 548 2934 et
581 2879 891 2935 desiderare
910 2880 1184 2945 debeatis;
1217 2879 1445 2934 audistis
1470 2889 1526 2932 et
1555 2879 1694 2933 mala
1713 2919 1728 2942 ,
1753 2894 1875 2948 quae

291 2989 358 3030 ex
400 2980 513 3027 tota
544 2972 746 3026 virtute
772 2981 826 3025 et
851 2972 996 3026 omni
1037 2971 1322 3052 conamine
1369 2969 1557 3041 fugere
1603 2969 1868 3025 debeatis.

290 3062 523 3135 Propter
545 3063 687 3132 quod
717 3072 936 3133 pensata
963 3077 1125 3132 quem
1155 3061 1330 3116 locum
1358 3061 1562 3114 habere
1588 3060 1764 3130 possit
1789 3059 1873 3113 in-

293 3163 380 3210 ter
399 3166 689 3224 utrumque
721 3155 1088 3224 periturarnm
1121 3168 1301 3206 rerum
1333 3167 1507 3214 amor,
1535 3163 1590 3204 et
1619 3151 1878 3205 transito-

295 3246 363 3300 rii
387 3245 570 3299 damni
600 3253 655 3298 et
683 3243 904 3313 periculi
945 3243 1126 3297 timor.
1173 3240 1465 3296 Sciendum
1501 3241 1724 3295 omnino
1749 3239 1878 3310 quia

293 3337 436 3392 sicut
478 3349 662 3389 amare
695 3335 877 3388 illicita
909 3342 1001 3388 aut
1035 3335 1389 3389 immoderata
1422 3333 1563 3387 bona
1607 3342 1880 3402 tempora-

294 3427 396 3489 lia,
428 3434 706 3494 peccatum
739 3433 854 3490 est;
886 3425 958 3480 ita
992 3426 1183 3479 timere
1221 3423 1524 3478 inordinate
1549 3464 1564 3488 ,
1596 3432 1878 3493 peccatum

293 3519 515 3573 omnino
549 3526 660 3583 est;
693 3528 748 3572 et
774 3526 882 3572 tam
919 3519 1123 3589 grande
1167 3525 1468 3587 peccatum,
1497 3527 1557 3572 nt
1600 3519 1742 3572 inter
1781 3534 1881 3573 ca:-

293 3617 407 3663 tera
429 3619 650 3678 peccata
673 3619 1082 3674 annumeratur,
1098 3619 1153 3664 et
1176 3625 1204 3663 a
1229 3625 1393 3680 regno
1414 3611 1677 3666 ctelorum
1699 3609 1882 3665 exclu-

296 3701 390 3756 dat
420 3743 435 3766 ,
465 3710 522 3757 et
559 3702 782 3758 :eternis
805 3703 980 3773 plenis
1009 3702 1260 3766 addicat,
1295 3701 1436 3770 sicut
1477 3701 1527 3755 in
1559 3701 1880 3772 Apocalypsi

296 3791 497 3863 legitur
527 3810 540 3846 :
573 3792 793 3847 Timidis
834 3802 1028 3852 autem.
1063 3802 1110 3847 et
1156 3792 1462 3856 incredulis,
1503 3801 1554 3847 et
1577 3793 1879 3857 exsecratis,

298 3895 348 3941 et
382 3884 658 3938 homicidia
677 3925 691 3948 ,
719 3895 767 3938 et
793 3884 1202 3953 fornicatoribus
1223 3924 1237 3949 ,
1268 3892 1315 3936 et
1346 3884 1608 3952 veneﬁcis,
1635 3892 1684 3936 et
1712 3882 1883 3936 idolo-

296 3975 482 4041 latris,
531 3985 578 4028 et
610 3975 848 4028 omnibus
882 3975 1252 4040 mendacibus,
1292 3990 1416 4045 pars
1439 3973 1652 4027 illorum
1688 3975 1786 4027 erit
1827 3973 1882 4026 in

294 4076 478 4136 stagno
509 4065 722 4119 ardente
747 4066 866 4132 igne
891 4074 938 4118 et
963 4065 1231 4135 sulphure,
1267 4065 1407 4136 quod
1429 4075 1503 4119 est
1539 4083 1679 4119 mors
1701 4081 1884 4119 secun-

296 4157 386 4208 da.
416 4155 614 4208 Beatus
641 4169 854 4223 quoque
879 4154 1076 4210 Petrus
1097 4157 1375 4225 apostolus
1395 4172 1503 4211 non
1534 4156 1707 4210 solum
1729 4157 1885 4210 docet

298 4263 406 4299 non
447 4245 746 4299 timendum
777 4254 1187 4313 persecutores,
1219 4247 1312 4301 sed
1341 4262 1443 4301 nec
1479 4245 1754 4300 laesionem
1785 4261 1884 4314 ρης-

297 4346 412 4390 tarc
433 4336 692 4406 quidquid
727 4337 851 4390 mali
881 4347 1256 4406 persecutores
1284 4337 1485 4392 inferre
1510 4345 1758 4406 possunt,
1780 4339 1885 4391 duo

296 4427 629 4496 conjungens
681 4427 988 4482 testimonia
1033 4427 1227 4497 psalmi
1278 4436 1333 4482 et
1375 4429 1652 4497 prophetae
1697 4427 1881 4493 Isaiae,

296 4520 481 4573 dicens
515 4535 529 4572 :
560 4517 714 4573 Oculi
747 4518 843 4572 Dei
879 4528 998 4572 sunt
1033 4535 1192 4590 super
1224 4520 1436 4590 justas,
1481 4527 1530 4574 et
1578 4536 1731 4573 aures
1768 4519 1884 4588 ejus

299 4610 368 4663 ad
396 4627 573 4680 preces
604 4627 803 4664 eorum.
843 4609 1028 4665 Vultus
1061 4620 1236 4665 autem
1258 4610 1474 4666 Domini
1499 4627 1655 4680 super
1680 4610 1881 4678 facien-

301 4711 374 4754 tes
401 4701 560 4753 mala.
594 4700 676 4758 Et,
713 4699 846 4765 Quis
871 4711 946 4754 est
975 4703 1064 4771 qui
1089 4701 1233 4754 vobis
1257 4708 1460 4763 noceat,
1494 4700 1538 4752 si
1567 4698 1689 4752 boni
1717 4715 1879 4752 armu-

299 4791 490 4844 latores
533 4792 735 4859 fueritis
754 4793 780 4845 ?
812 4790 924 4844 Hoc
954 4793 1127 4860 ipsum
1158 4799 1214 4845 et
1240 4807 1338 4860 per
1357 4791 1676 4860 prophetam
1706 4790 1886 4845 Domi-

303 4901 404 4938 nus
431 4883 680 4952 prtecepit
704 4923 719 4940 .
760 4884 948 4936 dicens
988 4900 1000 4934 :
1039 4881 1218 4936 Nolite
1263 4883 1443 4936 timere
1473 4881 1754 4952 opprobria
1794 4882 1888 4936 ho-

301 4977 536 5036 minum,
589 4984 635 5028 et
686 4973 1034 5042 blasphemias
1079 4989 1261 5026 eorum
1313 4988 1375 5026 ne
1418 4972 1680 5026 metuatis.
1735 4971 1885 5028 Sicut

299 5067 436 5119 enim
475 5067 834 5121 vestimentum
855 5106 869 5129 ,
911 5066 985 5119 sic
1017 5063 1247 5118 comedet
1286 5080 1372 5117 eos
1399 5066 1628 5128 vermis;
1673 5074 1721 5117 et
1751 5065 1885 5118 sicut

300 5158 479 5212 lanam
501 5202 514 5223 ,
545 5161 618 5212 sic
657 5159 925 5214 devorabit
954 5175 1038 5212 eos
1076 5158 1237 5210 tinea.
1281 5155 1442 5211 Salus
1481 5166 1656 5209 autem
1686 5173 1800 5209 mea
1829 5156 1885 5211 in

300 5253 669 5317 sempiternum
709 5251 826 5304 erit.
875 5249 1137 5305 Similiter
1177 5256 1232 5302 et
1286 5262 1383 5317 per
1426 5248 1780 5317 semetipsum
1829 5248 1884 5300 in

303 5341 593 5409 Exangelio
635 5341 830 5409 jubet:
872 5342 1049 5396 Nolite
1096 5341 1294 5404 timere,
1341 5338 1612 5406 inquiens,
1664 5354 1751 5391 eos
1795 5340 1885 5408 qui

302 5447 490 5499 corpus
518 5431 784 5497 occidunt,
815 5442 864 5485 et
889 5442 1001 5502 post
1032 5433 1142 5486 ha’c
1165 5447 1270 5485 non
1295 5429 1485 5483 habent
1510 5427 1737 5498 amplius
1758 5430 1884 5500 quid

300 5522 526 5596 faciant.

373 5611 513 5670 XXI.
561 5610 679 5668 Non
729 5613 926 5669 timere
977 5621 1157 5669 autem
1214 5613 1456 5683 corporis
1505 5623 1885 5682 persecutores

1901 3017 1948 3080 C

1972 413 2210 486 loquitur
2233 416 2302 472 ad
2329 414 2640 475 Jeremiam,
2667 417 2854 471 dicens
2883 435 2896 470 :
2931 415 3008 471 Tu
3037 433 3158 487 ergo
3185 418 3400 489 accinge
3425 419 3560 475 lum-

1973 507 2062 561 bos
2089 516 2206 562 tuos
2230 525 2248 572 ,'
2276 517 2324 562 et
2346 525 2500 578 surge
2518 548 2532 572 _.
2555 519 2603 562 et
2643 509 2850 579 loquere
2887 510 2956 562 ad
2979 527 3066 563 eos
3103 511 3280 564 omnia
3307 529 3427 582 qua.-
3462 530 3557 584 ego

1971 597 2217 666 prtecipio
2247 597 2358 651 tibi.
2396 597 2478 652 Ne
2503 598 2755 667 formides
2782 617 2814 653 a
2852 599 2988 668 facie
3010 617 3191 654 eorum
3223 617 3243 655 :
3279 619 3372 656 nec
3415 605 3556 659 enim

1973 689 2153 741 timere
2195 699 2244 742 te
2284 688 2479 756 faciam
2509 689 2706 743 vultum
2737 707 2938 744 eorum.
2981 690 3096 761 Ego
3122 694 3310 762 quippe
3356 694 3478 748 dedi
3509 706 3558 750 te

1973 777 2126 831 hodie
2146 779 2199 831 in
2233 779 2492 832 civitatem
2524 782 2802 846 munitam,
2834 791 2885 834 et
2911 781 2966 835 in
2988 781 3285 836 columnam
3309 783 3555 852 ferream,

1974 884 2022 928 et
2053 876 2109 927 in
2140 891 2347 928 murum
2375 892 2600 940 evneum,
2631 893 2788 947 super
2809 894 3011 931 omnem
3038 887 3255 932 terram.
3295 879 3561 938 Similiter

1975 973 2032 1019 et
2058 965 2125 1019 ad
2167 965 2508 1020 Ezechielem
2535 982 2550 1020 :
2584 967 2719 1022 Ecce
2744 968 2887 1033 dedi,
2920 969 3024 1034 ait,
3055 970 3244 1039 faciem
3279 981 3427 1026 tuam
3463 988 3557 1027 va—

1977 1053 2248 1110 lentiorem
2279 1056 2510 1125 faciebus
2538 1074 2739 1124 eorum,
2768 1068 2817 1112 et
2852 1059 3077 1130 frontem
3105 1071 3252 1116 tuam
3291 1062 3557 1118 duriorem

1977 1142 2237 1212 frontibus
2267 1161 2477 1211 eorum,
2522 1156 2581 1200 ut
2620 1148 2955 1203 adamantem
2975 1189 2990 1214 ,
3031 1160 3079 1204 et
3111 1160 3165 1204 ut
3191 1151 3411 1217 silicem,
3437 1154 3560 1207 dedi

1978 1233 2166 1302 faciem
2191 1244 2354 1288 tuam.
2395 1237 2478 1290 Ne
2507 1240 2690 1292 timeas
2715 1255 2820 1303 eos,
2848 1257 3010 1311 neque
3043 1252 3243 1296 metuas
3265 1260 3296 1296 a
3317 1243 3453 1312 facie
3471 1262 3560 1300 eo-

1979 1339 2128 1388 rum;
2150 1324 2273 1394 quia
2307 1325 2494 1380 domus
2522 1344 2838 1398 exasperans
2867 1339 2962 1385 est.
2989 1331 3056 1384 Et
3087 1333 3213 1401 quia
3243 1333 3436 1390 timere
3457 1336 3558 1390 ini-

1979 1412 2202 1479 micum,
2225 1415 2318 1485 qui
2341 1416 2514 1471 solum
2540 1419 2823 1488 corporale
2845 1420 3100 1475 damnum
3129 1421 3333 1478 inferre
3360 1432 3556 1492 potest,

1979 1521 2143 1575 grave
2172 1507 2377 1562 crimen
2409 1518 2531 1575 est;
2572 1510 2774 1566 idcirco
2802 1512 3022 1567 instruit
3062 1529 3159 1568 nos
3198 1515 3436 1585 psalmus
3485 1518 3560 1572 ita

1979 1596 2244 1650 orandum
2278 1614 2290 1650 :
2331 1596 2566 1663 Exaudi,
2597 1599 2759 1666 Deus,
2791 1603 3080 1656 orationem
3106 1621 3297 1671 meam,
3328 1623 3445 1661 cum
3471 1609 3561 1662 de-

1975 1700 2201 1754 precor.-
2236 1702 2268 1738 a
2293 1687 2480 1740 timore
2514 1688 2711 1742 inimici
2745 1691 2886 1761 eripe
2911 1692 3144 1746 animam
3170 1711 3360 1748 meam.
3393 1695 3558 1762 Quasi

1975 1775 2120 1830 dicat
2155 1795 2166 1830 :
2197 1778 2242 1831 A
2271 1779 2468 1834 timore
2495 1779 2701 1836 inimici
2729 1782 2894 1838 libera
2931 1799 3047 1850 me,
3089 1793 3146 1839 et
3182 1786 3352 1841 subde
3379 1786 3560 1844 timori

1974 1874 2088 1928 tuo.
2115 1866 2245 1923 Tale
2273 1878 2359 1924 est
2392 1871 2538 1940 quod
2567 1871 2622 1925 in
2651 1872 2758 1928 alio
2786 1874 2994 1943 psalmo
3022 1876 3222 1930 dicitur
3255 1895 3267 1929 :
3300 1877 3562 1942 Quoniam

1981 1957 2134 2012 multi
2158 1958 2408 2014 bellantes
2431 1961 2705 2016 adversum
2723 1980 2822 2028 me,
2847 1965 2910 2018 ab
2929 1964 3208 2020 altitudine
3227 1966 3332 2020 diei
3353 1966 3563 2032 timebo,

1975 2065 2068 2121 ego
2110 2066 2225 2104 vero
2255 2051 2309 2104 in
2353 2061 2402 2104 te
2438 2053 2677 2122 sperabo.
2731 2054 2883 2120 Quod
2913 2059 2992 2110 sic
3037 2058 3409 2126 accipiendum
3456 2069 3560 2124 est,

1979 2141 2135 2210 qnasi
2181 2141 2430 2195 diceret:
2466 2142 2614 2196 Multi
2654 2145 2868 2213 quidem
2917 2156 3159 2218 pugnant
3209 2157 3395 2204 contra
3455 2165 3561 2204 me.

1976 2230 2090 2301 Ego
2119 2238 2296 2284 autem
2329 2232 2532 2287 auxilio
2561 2234 2751 2304 gratiae
2778 2244 2884 2290 tum
2925 2233 3204 2302 ﬁrmatus,
3249 2253 3476 2308 sperans
3509 2242 3566 2296 in

1977 2328 2049 2385 te,
2085 2335 2195 2374 non
2221 2318 2620 2379 multitudinem
2645 2339 2857 2392 eorum,
2893 2327 2987 2382 sed
3015 2337 3164 2384 tuum
3191 2330 3467 2385 excelsum
3490 2331 3564 2385 ti-

1976 2413 2135 2466 mebo
2176 2411 2376 2468 lumen.
2429 2413 2507 2468 Illi
2533 2431 2665 2488 ergo
2689 2418 2781 2487 qui
2823 2417 3098 2474 bellantur
3129 2421 3417 2476 adversum
3455 2438 3562 2489 me,

1976 2519 2086 2558 non
2135 2514 2362 2574 possunt
2399 2516 2688 2576 penetrare
2713 2509 3055 2566 altitudinem
3093 2511 3222 2578 diei,
3255 2511 3412 2582 cujus
3437 2527 3567 2584 apo-

1976 2597 2097 2652 stoli
2130 2597 2407 2652 duodecim
2437 2609 2562 2654 sunt
2591 2614 2685 2654 ore
2717 2599 2831 2671 [F.,
2864 2600 3032 2673 horae]
3063 2601 3350 2673 fulgentes.

2046 2691 2209 2746 XXII.
2242 2690 2342 2758 Qui
2384 2701 2566 2748 autem
2611 2694 2882 2748 veraciter
2910 2695 2963 2748 in
3007 2694 3236 2750 Domino
3264 2695 3562 2760 conﬁdunt.

1976 2782 2154 2838 securi
2199 2797 2259 2838 se
2297 2784 2485 2839 dicunt
2528 2785 2582 2838 in
2617 2783 2729 2838 Deo
2759 2803 2770 2838 :
2799 2783 3053 2839 Laudabo
3094 2803 3358 2841 sermones
3386 2804 3526 2842 nicas
3549 2828 3565 2852 ,

1975 2873 2031 2926 in
2067 2872 2178 2926 Deo
2219 2875 2443 2944 speravi.
2490 2874 2614 2928 Non
2643 2875 2833 2929 timebo
2862 2877 2989 2946 quid
3036 2877 3198 2946 faciat
3246 2879 3374 2932 mihi
3421 2895 3564 2932 caro.

1976 2963 2044 3018 Et
2079 2964 2314 3019 iterum:
2341 2965 2599 3020 Dominus
2627 2966 2754 3019 mihi
2785 2967 3023 3036 adjutor,
3068 2984 3172 3022 non
3215 2968 3403 3022 timebo
3436 2970 3564 3040 quid

1981 3055 2142 3123 faciat
2167 3055 2296 3110 mihi
2321 3057 2496 3110 homo.
2526 3056 2659 3124 Quis
2685 3057 2829 3112 enim
2859 3061 3135 3114 accusabit
3161 3061 3427 3115 adversus
3457 3060 3570 3115 elec

1979 3154 2096 3199 ctos
2118 3144 2244 3210 Dei,
2275 3154 2335 3200 ut
2361 3146 2440 3201 ait
2465 3147 2793 3216 Apostolus?
2833 3149 2902 3204 Et
2929 3150 3126 3204 iterum
3159 3169 3172 3205 ε
3203 3150 3335 3216 Quis
3361 3169 3456 3207 nos
3481 3169 3565 3208 se-

1977 3235 2188 3306 parabit
2213 3253 2246 3288 a
2281 3235 2539 3290 charitate
2561 3234 2806 3291 Christi?
2842 3237 3156 3305 Tribulatio,
3203 3257 3274 3294 an
3302 3243 3570 3310 angustia,

1979 3343 2049 3379 an
2075 3327 2395 3396 persecutio,
2424 3345 2495 3381 an
2521 3327 2689 3397 fames
2709 3369 2724 3394 ,
2758 3346 2828 3384 an
2858 3330 3071 3384 auditas
3090 3371 3106 3393 ,
3136 3348 3206 3385 an
3245 3331 3569 3402 periculum,
3609 3373 3612 3376 μ

1978 3433 2047 3470 an
2077 3417 2284 3488 gladius
2329 3417 2483 3488 (sicut
2528 3420 2780 3489 scriptum
2806 3429 2921 3474 est:
2959 3420 3096 3485 Quia
3131 3439 3225 3492 pro
3267 3432 3316 3477 te
3345 3425 3574 3493 νηοί-εἰῇ·-

1979 3526 2164 3564 camur
2192 3519 2300 3563 tota
2319 3510 2424 3575 die,
2449 3512 2696 3572 a’stiinati
2717 3529 2896 3566 sumus
2913 3522 2966 3566 ut
2990 3531 3104 3567 oves
3128 3515 3423 3584 occisionis)
3438 3516 3461 3554 9
3481 3519 3573 3571 sed

1980 3603 2035 3654 in
2059 3601 2139 3656 his
2165 3602 2404 3656 omnibus
2423 3620 2754 3672 superamus,
2770 3615 2981 3674 propter
2997 3623 3112 3660 eum
3129 3608 3218 3676 qui
3244 3606 3428 3660 dilexit
3453 3625 3570 3663 nos.

1986 3691 2236 3746 Perfecte
2281 3692 2466 3761 itaque
2504 3692 2799 3749 Christiani
2849 3711 2955 3750 non
3004 3696 3176 3750 solum
3228 3713 3334 3752 non
3383 3699 3577 3753 timent

1990 3783 2372 3840 tribulationes
2392 3825 2407 3850 ,
2449 3802 2637 3840 verum
2663 3787 2828 3841 etiam
2853 3788 3155 3858 gloriantur
3183 3789 3238 3842 in
3267 3789 3574 3844 tribulatio-

1983 3879 2170 3943 nibus;
2199 3878 2435 3933 scientes
2472 3879 2616 3949 quod
2643 3879 2922 3936 tribulatio
2951 3882 3265 3951 patientiam
3295 3891 3572 3952 operatur,

1983 3972 2245 4042 patientia
2294 3983 2477 4028 autem
2507 3974 2915 4044 probationem,
2953 3979 3201 4048 probatio
3234 3995 3367 4034 vero
3396 3993 3572 4048 spem.

1984 4078 2108 4132 spes
2139 4072 2318 4119 autem
2358 4081 2465 4120 non
2495 4065 2815 4122 confundit:
2847 4068 2972 4138 quia
2996 4070 3236 4125 Charitas
3265 4070 3358 4124 Dei
3381 4070 3577 4127 diffusa

1985 4164 2074 4212 est
2112 4157 2167 4211 in
2208 4157 2464 4212 cordibus
2514 4171 2700 4212 eorum
2738 4173 2836 4228 per
2860 4160 3123 4230 Spiritum
3163 4170 3431 4227 sanctum,
3481 4163 3575 4233 qui

1987 4248 2146 4303 datus
2167 4257 2253 4303 est
2273 4249 2392 4313 eis;
2425 4258 2479 4302 et
2505 4265 2665 4304 omne
2708 4252 2962 4319 gaudium
2997 4254 3337 4318 existimant,
3364 4269 3489 4308 cum
3519 4255 3574 4310 in

1910 4363 1964 4425 Ι)
1991 4340 2317 4395 tentationes
2343 4340 2523 4394 varias
2546 4339 2792 4395 incidunt
2821 4360 2834 4396 :
2864 4343 3069 4414 absque
3092 4345 3198 4398 ulla
3221 4345 3576 4417 ambiguitate

1988 4439 2263 4485 noverunt
2310 4447 2368 4486 se
2414 4431 2858 4488 tribulationibus
2915 4442 2972 4488 et
3018 4436 3286 4506 angustiis
3326 4436 3573 4501 conﬂari,

1985 4519 2286 4576 examinari
2336 4528 2390 4576 et
2420 4522 2658 4592 purgari,
2696 4522 2840 4578 sicut
2878 4539 3073 4578 aurum
3119 4534 3174 4581 et
3206 4535 3488 4598 argentum
3521 4527 3576 4581 in

1985 4607 2206 4665 fornace
2234 4610 2396 4681 ignis,
2430 4626 2537 4666 non
2561 4613 2706 4668 sicut
2731 4615 2935 4685 paleas,
2964 4625 3058 4672 aut
3091 4615 3316 4672 faenum.
3341 4618 3478 4686 Quia
3509 4619 3578 4674 ad

1984 4703 2090 4758 hoc
2118 4704 2222 4758 illis
2251 4703 2430 4773 ignem
2465 4703 2831 4761 tribulationis
2861 4706 3086 4764 adhibet
3124 4708 3288 4764 Pater
3317 4709 3574 4777 caelestis,

1988 4802 2047 4847 ut
2085 4793 2275 4848 sordes
2306 4792 2511 4859 abluat,
2535 4811 2644 4848 non
2668 4797 2805 4849 utin
2832 4797 3069 4852 cinerem
3103 4806 3402 4854 convertat.
3438 4797 3579 4854 San-

1985 4894 2198 4940 ctorum
2235 4887 2418 4956 itaque
2456 4903 2561 4942 vox
2606 4896 2694 4943 est
2717 4890 2772 4943 in
2811 4890 3019 4959 psalmo
3061 4893 3358 4947 dicentium
3389 4910 3402 4946 :
3434 4892 3582 4958 Quo-

1985 4978 2128 5030 niam
2150 4977 2386 5048 probasti
2415 4995 2529 5043 nos,
2565 4979 2709 5033 Deus
2733 5021 2746 5043 ,
2785 4982 2902 5051 igne
2931 4998 3024 5035 nos
3062 4983 3409 5048 examinasti,
3442 4984 3579 5037 sicut

1983 5071 2320 5123 examinatur
2355 5081 2648 5141 argentum.
2693 5071 2963 5127 lnduxisti
2991 5091 3084 5128 nos
3111 5076 3166 5128 in
3193 5075 3458 5144 laqueum,
3487 5092 3581 5144 po-

1985 5161 2134 5214 suisti
2157 5160 2519 5215 tribulationes
2543 5163 2598 5215 in
2620 5162 2778 5216 dorso
2799 5174 2999 5228 nostra,
3023 5165 3318 5235 imposuisti
3345 5166 3580 5220 homines

1985 5270 2143 5323 super
2168 5255 2340 5323 capita
2361 5265 2558 5309 nostra.
2603 5255 2959 5311 Transivimus
2982 5274 3074 5328 per
3097 5258 3267 5328 ignem
3287 5269 3336 5313 et
3363 5273 3578 5326 aquam,

1986 5355 2034 5397 et
2073 5345 2303 5398 eduxisti
2335 5363 2429 5399 nos
2457 5347 2513 5401 in
2551 5346 2902 5417 refrigerium.
2937 5349 3061 5403 Haec
3091 5351 3274 5404 omnia
3301 5349 3581 5419 patiuntur

1987 5435 2156 5490 variis
2183 5437 2669 5504 persecutionibus.
2713 5438 2973 5495 Tolerant
2999 5441 3316 5509 plerumque
3344 5439 3582 5508 superio-

1986 5540 2098 5587 res,
2148 5527 2299 5593 qnasi
2341 5541 2507 5596 super
2541 5529 2720 5596 capita
2771 5531 3086 5600 impositos,
3140 5545 3276 5599 quos
3311 5536 3582 5584 noverunt

1987 5633 2107 5669 esse
2135 5616 2363 5686 pejores.
2398 5617 2656 5672 Tolerant
2679 5628 2878 5686 autem,
2921 5637 3024 5675 non
3065 5621 3237 5676 solum
3272 5619 3579 5675 tribulatio—
