4010 6184
319 256 426 317 SS5

1460 257 1695 314 θεηΜο
1735 253 1824 311 DE
1861 252 2039 307 FIDE]
2085 251 2454 310 VERlTATB.

3483 263 3592 319 236

323 390 443 440 nes,
471 373 566 431 sed
586 381 642 428 et
676 373 1023 437 tentationes,
1053 373 1208 442 quasi
1251 373 1428 442 ignem
1458 381 1514 426 et
1542 385 1736 440 aquam
1755 410 1770 435 ,
1811 382 1909 436 per
1937 368 1988 429 Α
2011 365 2179 434 gibus,
2205 376 2252 420 et
2268 369 2507 422 omnibus
2544 369 2634 438 qui
2673 370 2728 422 in
2765 369 3083 423 sublintitate
3112 378 3256 436 sunt,
3279 380 3334 424 ut
3361 374 3592 442 quietam

323 467 550 522 adversa
593 463 803 520 scilicet
824 473 880 518 et
906 478 1187 534 prospera.
1231 463 1437 519 Cavent
1461 464 1683 518 omnino
1721 478 1787 515 nc
1811 475 1904 514 eos

323 569 411 616 aut
437 558 578 630 ignis
605 565 830 619 exurat,
869 565 964 612 aut
992 572 1134 626 aqua
1171 563 1502 626 corrumpat.
1537 555 1906 609 Transeuntes

322 659 499 707 autem
531 664 628 719 per
655 649 836 718 ignem
879 655 934 702 et
969 662 1188 717 aquam,
1221 647 1326 701 hoc
1360 656 1475 711 est,
1511 660 1610 716 per
1645 658 1903 713 prospera

320 749 372 795 et
394 740 621 794 adversa
642 779 657 802 ,
688 738 996 793 educuntur
1025 737 1078 791 in
1114 735 1484 806 refrigerium;
1516 737 1604 790 ubi
1643 732 1754 802 jam
1779 732 1901 787 nul-

317 830 425 884 lum
463 829 658 883 timent
686 826 993 889 inimicum,
1027 825 1226 879 nullam
1264 827 1533 882 sustinent
1573 823 1899 886 molestiam,

315 919 436 988 quia
475 926 795 988 perpetuum
841 913 1183 986 refrigerium
1209 923 1266 970 et
1297 923 1556 985 perpetua
1595 915 1750 972 quies
1779 929 1903 984 per-

315 1024 502 1065 severa
512 1016 552 1062 ι.

382 1100 570 1156 XXIII.
615 1099 687 1156 Ut
723 1107 907 1154 autem
933 1097 1002 1153 ad
1032 1099 1138 1154 hoc
1181 1097 1522 1169 perveniant,
1569 1095 1697 1166 quid
1738 1111 1902 1165 agen-

316 1193 442 1246 dum
479 1199 566 1246 est
591 1189 847 1246 omnibus
883 1188 1130 1244 ﬁdelibus
1173 1188 1316 1244 inter
1342 1196 1425 1244 tot
1452 1187 1592 1242 mala
1631 1197 1688 1240 et
1725 1194 1901 1240 trans-

315 1284 453 1337 itura
493 1293 550 1337 et
595 1295 876 1346 mansura,
909 1279 1192 1334 toleranda
1223 1288 1281 1335 et
1309 1279 1580 1350 fugienda,
1618 1278 1721 1332 nisi
1756 1276 1901 1346 quod

310 1372 568 1429 Dominus
604 1382 662 1428 et
690 1373 1018 1442 Redemptor
1057 1381 1260 1438 noster,
1309 1371 1585 1435 liberator,
1637 1379 1689 1426 et
1718 1370 1902 1424 mode-

310 1473 476 1530 rator,
507 1479 631 1519 cum
659 1465 726 1519 de
771 1463 978 1518 ultimis
1009 1463 1449 1518 tribulationibus
1498 1463 1794 1517 instrueret
1824 1459 1901 1514 di-

307 1555 572 1625 scipulos,
606 1555 904 1625 praecepit,
952 1555 1138 1610 dicens
1186 1573 1201 1609 :
1257 1553 1484 1624 Vigilate
1529 1554 1706 1624 itaque
1754 1553 1897 1607 omni

307 1658 536 1716 tempore
568 1656 797 1711 orantes,
823 1657 879 1699 ut
905 1646 1052 1716 digni
1067 1645 1366 1700 habeamini
1394 1647 1574 1715 fugere
1595 1646 1698 1698 ista
1718 1644 1894 1698 omnia

307 1711 420 1809 quae
445 1739 631 1807 futura
655 1747 796 1801 sunt,
822 1747 870 1791 et
906 1711 1048 1792 stare
1074 1747 1194 1792 ante
1218 1711 1416 1791 Filium
1456 1711 1704 1791 bominis.
1739 1735 1898 1790 Simi—
1924 1711 1970 1769 Β

306 1825 428 1882 liter
457 1836 514 1881 et
555 1843 678 1881 cum
710 1827 776 1882 de
805 1843 902 1882 sua
919 1828 1032 1898 jam
1062 1828 1284 1882 instanti
1306 1829 1560 1896 passione
1592 1843 1685 1882 eos
1711 1841 1896 1881 mone-

304 1924 405 1982 ret,
454 1917 625 1972 dicit:
659 1914 820 1971 Orate
847 1934 908 1972 ne
946 1919 1146 1972 intretis
1191 1918 1243 1971 in
1285 1919 1647 1972 tentationem.
1676 1917 1810 1970 Nam
1841 1926 1898 1971 ct

304 2019 463 2066 antea
496 2011 862 2080 interrogatus
891 2026 920 2062 a
947 2009 1237 2064 Pharisaeis
1260 2009 1474 2078 quando
1495 2009 1645 2063 venit
1666 2021 1895 2077 regnum

301 2098 418 2165 Dei,
447 2116 573 2156 cum
609 2101 998 2169 respondisset,
1029 2099 1329 2168 subiunxit,
1363 2100 1550 2153 dicens
1580 2114 1593 2151 :
1628 2097 1894 2163 Quoniam

301 2201 500 2262 oportet
529 2207 731 2262 semper
759 2207 928 2252 orare,
970 2200 1016 2243 et
1045 2207 1149 2244 non
1176 2191 1394 2258 deﬁcere
1425 2207 1442 2243 :
1472 2193 1766 2244 ostendens
1791 2189 1894 2243 hoc

300 2297 398 2354 per
424 2283 748 2352 parabolam
773 2283 838 2336 de
855 2281 1036 2350 judice
1063 2282 1219 2344 duro,
1249 2290 1304 2336 et
1329 2282 1486 2335 vidua
1510 2281 1896 2351 interpellante

302 2373 640 2442 importune.
683 2371 820 2426 Nam
846 2380 899 2426 et
929 2372 982 2425 in
1017 2371 1121 2426 alio
1146 2371 1286 2436 loco,
1312 2387 1435 2426 cum
1462 2388 1558 2442 per
1581 2372 1894 2440 paralioiam

298 2461 518 2518 diceret
561 2461 849 2532 quemdam
893 2463 1196 2532 importune
1247 2471 1526 2532 rogantem
1577 2463 1895 2531 impetrasse

299 2551 600 2608 commodo
621 2551 734 2606 dari
765 2551 866 2606 sibi
888 2566 1100 2621 panesa
1121 2552 1376 2621 quodam,
1400 2551 1649 2620 suljecit,
1674 2550 1890 2609 dicens:

297 2641 363 2696 Et
393 2657 498 2712 ego
527 2640 669 2695 vobis
704 2641 842 2705 dico,
890 2639 1093 2708 Petite,
1122 2651 1172 2697 et
1202 2643 1414 2696 dabitur
1452 2643 1624 2708 vobis;
1651 2646 1888 2715 qua3rite,

293 2740 340 2786 et
363 2730 679 2794 invenietis;
712 2730 939 2801 pulsate,
967 2741 1016 2785 et
1045 2733 1310 2802 aperietur
1336 2733 1499 2788 vobis.
1534 2731 1718 2789 Omnis
1752 2737 1889 2790 enim

292 2823 379 2892 qui
407 2821 538 2892 petit
567 2821 788 2891 accipit,
829 2831 879 2876 et
919 2823 1012 2892 qui
1039 2823 1229 2893 quterit
1285 2824 1516 2890 invenit,
1559 2833 1609 2878 et
1655 2825 1892 2896 pulsanti

296 2913 586 2983 aperietur.
628 2911 695 2966 Et
733 2921 857 2982 post
893 2911 1172 2983 paululum
1201 2931 1214 2966 :
1241 2910 1299 2968 Si
1321 2929 1442 2984 ergo
1477 2931 1587 2980 vos,
1625 2931 1744 2969 cum
1773 2915 1890 2971 sitis

296 3007 468 3072 mali,
527 3007 692 3062 nostis
729 3007 864 3061 bona
899 3006 1027 3065 data
1079 3007 1210 3060 dare
1257 3005 1382 3075 ﬁliis
1429 3010 1658 3073 vestris;
1695 3019 1889 3080 quanto

299 3101 468 3170 magis
501 3097 670 3154 Pater
699 3109 864 3155 vester
885 3099 948 3154 de
978 3097 1104 3154 caan
1131 3098 1276 3154 dabit
1303 3101 1545 3171 spiritum
1572 3101 1762 3156 bonum
1788 3119 1884 3170 pe—

295 3189 524 3245 tentibus
551 3207 606 3244 se
621 3190 648 3244 .’

361 3279 560 3336 XXIV.
603 3279 679 3334 De
729 3295 834 3349 qua
870 3295 962 3346 re,
1011 3280 1064 3335 id
1109 3288 1194 3335 est
1233 3281 1551 3338 assiduitate
1590 3283 1673 3336 vel
1707 3286 1887 3354 potius

295 3370 708 3440 importunitate
754 3371 1084 3437 orationum,
1128 3387 1292 3441 quam
1345 3372 1564 3428 solliciti
1606 3383 1661 3429 et
1690 3377 1884 3432 intenti

296 3476 412 3516 esse
435 3461 674 3515 debeant
706 3459 908 3523 ﬁdeles,
928 3461 1086 3532 plena
1115 3469 1196 3515 est
1226 3463 1403 3517 omnis
1423 3477 1577 3517 sacra
1601 3462 1883 3534 Scriptura

296 3551 427 3608 Novi
458 3561 521 3608 et
569 3553 782 3608 Veteris
811 3554 1144 3609 Testamenti
1181 3553 1444 3622 exemplis
1484 3563 1540 3608 et
1578 3558 1881 3624 praeceptis,

297 3644 347 3699 in
387 3646 591 3714 quibus
629 3644 794 3716 (quod
841 3645 1385 3716 incompreliensibilc
1423 3655 1508 3701 est
1553 3648 1882 3721 hominibus)

300 3735 474 3805 aliqua
533 3750 652 3804 qua:
698 3735 1040 3804 omnipotens
1085 3735 1225 3789 Deus
1273 3737 1523 3806 promisit
1554 3736 1766 3803 futura,
1807 3741 1886 3796 sic

302 3828 534 3892 distulit,
564 3834 622 3882 ut
661 3827 1000 3882 orationibus
1025 3828 1422 3884 obtinerentur.
1458 3829 1610 3885 Unde
1635 3839 1688 3884 et
1723 3831 1884 3885 Petro

302 3920 550 3980 apostolo
592 3920 812 3974 detento
857 3920 926 3975 ab
959 3921 1192 3987 Herode,
1241 3930 1296 3976 et
1329 3921 1383 3976 in
1433 3938 1656 3979 carcere
1699 3933 1884 3990 truso,

311 4011 476 4066 oratio
503 4010 574 4066 ab
591 4010 829 4066 Ecclesia
856 4011 1018 4066 ﬁebat
1039 4012 1154 4066 sine
1182 4011 1585 4066 intermissione
1606 4014 1672 4066 ad
1694 4014 1881 4068 Deum.

303 4103 369 4163 Et
395 4102 599 4157 Paulus
625 4103 941 4157 exhortatur
970 4101 1248 4157 auditores
1276 4117 1424 4166 suos,
1451 4101 1638 4158 dicens
1668 4120 1680 4156 :
1713 4102 1888 4157 Oran-

309 4207 378 4255 tes
397 4195 544 4250 omni
578 4205 807 4264 tempore
841 4196 895 4248 in
922 4195 1145 4263 spiritu,
1190 4203 1239 4248 et
1283 4193 1338 4247 in
1367 4195 1479 4264 ipso
1529 4193 1798 4263 vigilantes
1831 4195 1884 4247 in

308 4285 440 4342 omni
463 4285 722 4339 instantia
751 4293 799 4338 et
826 4283 1202 4349 obsecratione,
1240 4299 1336 4354 pro
1373 4284 1613 4338 omnibus
1653 4285 1882 4348 sanctis,

299 4386 345 4427 et
366 4394 458 4447 pro
503 4392 604 4440 me,
646 4385 701 4429 ut
726 4375 881 4430 detur
906 4375 1033 4429 mihi
1059 4392 1228 4428 sermo
1261 4375 1315 4429 in
1346 4376 1612 4446 apertione
1640 4376 1746 4430 oris
1782 4376 1883 4428 mei
1907 4411 1960 4472 Β

304 4482 415 4521 cum
441 4467 647 4537 ﬁducia
668 4507 683 4531 ,
713 4477 892 4521 notum
923 4467 1097 4535 facere
1130 4467 1434 4536 mysterium
1468 4465 1756 4536 Evangelii,
1789 4483 1883 4536 pro

305 4574 400 4628 quo
425 4558 690 4630 legatione
711 4558 903 4628 {ungor
923 4557 979 4610 in
1006 4567 1191 4611 catena
1240 4558 1364 4620 ista,
1393 4557 1466 4608 ita
1491 4566 1546 4609 ut
1573 4558 1629 4610 in
1657 4557 1767 4627 ipso
1789 4573 1886 4609 au-

305 4648 449 4702 deam
470 4658 629 4718 prout
653 4657 849 4718 oportet
869 4665 952 4701 me
972 4646 1128 4718 loqui.
1165 4647 1231 4701 Et
1257 4647 1308 4700 in
1332 4646 1438 4700 alio
1464 4645 1579 4701 loco
1595 4647 1844 4700 similiter
1870 4665 1882 4700 :

307 4738 545 4794 Orationi
570 4741 781 4804 instate,
818 4740 916 4805 ait,
945 4727 1215 4810 vigilatdes
1238 4739 1291 4792 in
1319 4755 1380 4791 ea
1409 4739 1700 4807 gratiarum
1728 4740 1889 4792 actio-

304 4843 393 4891 ne;
424 4837 636 4882 orantes
663 4827 820 4882 simul
851 4838 899 4882 et
924 4845 1018 4899 pro
1042 4829 1188 4882 nobis
1207 4869 1221 4893 ,
1256 4837 1310 4880 ut
1341 4827 1479 4881 Deus
1503 4828 1702 4896 aperiat
1738 4831 1885 4883 nobis

307 4918 486 4971 ostium
529 4919 784 4974 sermonis
840 4919 909 4973 ad
964 4918 1283 4990 loquendum
1334 4919 1635 4987 mysterium
1687 4917 1885 4971 Christi

307 5006 529 5079 (propter
554 5010 694 5080 quod
717 5011 876 5065 etiam
902 5012 1103 5064 vinctus
1125 5007 1263 5080 sum)
1296 5017 1353 5062 ut
1374 5008 1703 5078 manifestem
1724 5007 1883 5076 illud,

304 5098 373 5152 ita
400 5110 455 5154 ut
490 5114 696 5170 Oportet
728 5119 809 5157 me
839 5102 1002 5173 loqui.

367 5191 532 5247 XXV.
558 5195 711 5262 Quod
731 5204 912 5250 autem
932 5211 1038 5250 non
1062 5202 1269 5249 tantum
1289 5208 1388 5264 pro
1411 5207 1472 5247 se
1490 5190 1882 5261 unusquisque,

306 5292 395 5337 aut
416 5301 516 5354 pro
555 5287 784 5352 sanctis,
814 5286 1010 5342 debeat
1048 5285 1308 5340 sollicitus
1353 5297 1476 5338 esse
1507 5283 1558 5336 in
1592 5281 1839 5337 oratione
1865 5323 1881 5347 ,

305 5377 394 5431 sed
419 5388 475 5432 et
506 5395 604 5449 pro
633 5379 889 5434 omnibus
916 5379 1249 5442 hominibus,
1290 5377 1432 5432 idem
1465 5376 1656 5431 beatus
1683 5374 1884 5430 Paulus

305 5468 379 5525 sic
421 5473 678 5537 ostendit,
710 5471 1032 5541 praecipiens
1068 5484 1082 5524 :
1115 5467 1340 5524 Obsecro
1378 5468 1539 5538 igitur
1571 5468 1741 5537 primo
1773 5484 1884 5521 om-

306 5558 446 5612 nium
496 5561 612 5629 fieri
659 5560 1078 5626 obsecrationes,
1134 5561 1429 5624 orationes,
1483 5556 1880 5629 postulationes,

307 5654 594 5726 gratiarum
627 5654 854 5709 actiones
888 5669 982 5720 pro
1023 5650 1260 5710 omnibus
1305 5649 1632 5716 hominibus,
1663 5666 1758 5719 pro
1801 5667 1881 5706 re-

2005 467 2054 510 et
2083 458 2422 530 tranquillam
2441 460 2596 514 vitam
2624 477 2864 530 agamus,
2893 461 2947 514 in
2971 462 3113 515 omni
3140 461 3332 532 pietate
3359 474 3408 517 et
3433 468 3594 520 casti-

2004 557 2129 602 tate.
2157 549 2311 615 Quod
2341 565 2471 604 vero
2511 566 2620 604 non
2647 549 2821 605 solum
2847 551 2901 604 in
2937 552 3082 605 omni
3110 560 3379 623 tempore,
3414 557 3508 609 sed
3535 567 3593 612 et

2003 638 2060 692 in
2090 639 2236 693 omni
2277 638 2415 704 loco,
2461 640 2562 694 hoc
2589 639 2710 694 ﬁeri
2735 641 2949 703 debeat,
2977 642 3238 706 ostendit,
3269 651 3390 712 post
3419 660 3591 714 pauca

2003 726 2332 798 subjungcns
2364 746 2377 782 :
2425 726 2549 783 Volo
2575 745 2699 798 ergo
2729 731 2862 783 viros
2896 747 3049 785 orare
3078 733 3218 785 omni
3249 733 3383 786 loco.
3413 733 3591 789 levan-

2002 829 2074 873 tes
2117 836 2276 890 puras
2317 837 2503 874 manus
2547 822 2660 874 sine
2701 822 2782 875 ira
2839 832 2888 875 et
2936 823 3332 894 disceptatione.
3385 826 3590 880 Simili-

2001 921 2079 966 ter
2104 923 2152 966 et
2183 913 2423 968 mulieres
2451 915 2506 969 in
2550 915 2732 970 habitu
2766 926 2987 983 ornato,
3029 935 3149 973 cum
3182 922 3494 976 verecundia
3537 933 3586 979 et

2000 1007 2301 1062 sobrietate.

2074 1098 2261 1153 XXVI.
2313 1097 2611 1156 Sciendum
2659 1111 2786 1157 ante
2822 1104 3004 1158 omnia
3051 1105 3176 1174 quia
3218 1107 3398 1162 oratio
3445 1108 3588 1163 sicut

1999 1205 2120 1245 esse
2146 1192 2306 1247 debet
2344 1193 2463 1247 sine
2499 1194 2578 1248 ira
2609 1206 2665 1248 et
2701 1195 3113 1265 disceptatione,
3145 1198 3218 1251 ita
3246 1207 3302 1252 et
3325 1200 3443 1253 sine
3476 1200 3587 1254 haec

2000 1282 2258 1338 sitatione
2282 1322 2297 1345 ,
2337 1297 2458 1336 cum
2507 1291 2615 1336 tota
2649 1282 2843 1338 ﬁducia
2878 1294 2932 1339 et
2963 1286 3086 1340 ﬁde.
3122 1287 3274 1352 Quod
3313 1287 3368 1340 in
3400 1289 3584 1343 multis

1998 1373 2216 1440 quidem
2247 1373 2380 1428 locis
2408 1375 2738 1438 ostenditur;
2786 1376 2882 1429 sed
2916 1378 3183 1445 praecipue
3212 1378 3266 1430 in
3307 1377 3400 1432 illo
3423 1420 3436 1440 ,
3490 1378 3582 1432 ubi

1997 1462 2190 1518 Petrus
2235 1463 2462 1519 Domino
2498 1464 2670 1519 dicit:
2705 1463 2894 1529 Rabbi,
2925 1483 3041 1520 ecce
3076 1468 3227 1535 ﬁcus,
3281 1469 3365 1521 cui
3412 1468 3579 1522 male-

1997 1552 2199 1616 dixisti,
2241 1554 2404 1607 aruit.
2447 1554 2518 1606 Et
2553 1555 2868 1623 respondens
2896 1555 3071 1620 Iesus,
3103 1558 3176 1609 ait
3204 1556 3312 1611 illis
3339 1573 3358 1609 :
3388 1557 3588 1614 Ilubete

1996 1645 2154 1714 ﬁdem
2193 1645 2311 1699 Dei.
2355 1646 2519 1700 Amen
2560 1646 2678 1700 dico
2717 1647 2884 1711 vobis,
2907 1649 3032 1718 quia
3060 1648 3358 1718 quicunque
3389 1650 3584 1704 dixerit

1998 1736 2120 1789 Ituic
2145 1737 2310 1790 ntonti
2337 1753 2355 1790 .'
2390 1735 2534 1790 Tolle
2561 1744 2609 1790 te
2635 1745 2685 1790 et
2715 1737 2858 1790 mitte
2885 1739 3006 1791 tein
3029 1755 3196 1802 mare,
3226 1749 3272 1792 et
3297 1755 3400 1792 non
3428 1740 3497 1791 Ita
3512 1741 3584 1793 si-

1998 1827 2184 1878 taverit
2212 1827 2265 1879 in
2299 1826 2454 1879 corde
2491 1843 2606 1890 suo,
2651 1827 2740 1879 sed
2767 1827 3047 1880 crediderit
3083 1830 3208 1899 quia
3236 1829 3581 1900 quodcunque

1997 1917 2186 1969 dixerit
2209 1916 2320 1984 ﬁat,
2363 1917 2451 1984 ﬁet
2477 1918 2543 1974 ei.
2584 1916 2863 1986 Propterea
2889 1919 3006 1973 dico
3030 1920 3192 1983 vobis,
3223 1922 3399 1974 omnia
3437 1939 3582 1992 quir-

1996 2023 2197 2076 cunque
2234 2016 2443 2059 orantes
2481 2007 2756 2077 petieritis,
2801 2009 2993 2062 credite
3033 2012 3156 2080 quia
3203 2013 3488 2080 accipietis,
3531 2021 3580 2065 et

1995 2098 2195 2150 venient
2231 2095 2388 2149 rob's.
2425 2096 2533 2150 lloc
2568 2098 2726 2151 modo
2755 2100 3020 2152 orandum
3055 2111 3109 2154 et
3137 2101 3325 2156 beatus
3347 2100 3581 2156 Jacobus

1997 2188 2272 2256 apostolus
2295 2187 2571 2253 admonet,
2601 2191 2787 2245 dicens
2819 2210 2831 2244 :
2861 2192 3048 2262 Siqu's
3066 2195 3379 2262 sapientiam
3404 2205 3582 2263 postu-

1995 2277 2116 2330 leta
2140 2276 2247 2330 Deo
2287 2277 2376 2347 qui
2401 2277 2490 2330 dat
2519 2281 2757 2333 omnibus
2789 2281 3076 2351 afﬂuenter,
3102 2292 3148 2335 et
3190 2300 3292 2336 non
3325 2283 3581 2353 imprope-

1994 2376 2098 2431 rat,
2121 2368 2168 2420 ei
2206 2367 2439 2420 dabitur.
2466 2367 2703 2422 Postulet
2738 2380 2910 2423 autem
2937 2371 2992 2426 in
3019 2371 3124 2440 ﬁde
3151 2372 3282 2424 nihil
3305 2373 3577 2427 litesitans.

1997 2458 2101 2522 Qui
2123 2459 2260 2512 enim
2288 2459 2517 2523 Ittrsitat,
2545 2460 2730 2514 similis
2759 2470 2833 2514 est
2858 2462 3152 2531 tempestati
3189 2463 3373 2526 maris,
3405 2479 3522 2533 qua:
3545 2479 3580 2517 a

1995 2556 2142 2601 vento
2167 2558 2418 2607 movetur.
2459 2561 2507 2602 et
2540 2550 2928 2620 circumfertur.
2960 2551 3082 2606 Non
3111 2569 3233 2622 ergo
3254 2554 3471 2607 a'stimet
3491 2551 3581 2607 ille

1993 2639 2146 2693 homo
2193 2639 2332 2708 quod
2377 2640 2599 2710 accipiat
2636 2639 2838 2711 aliquid
2880 2659 2911 2694 a
2959 2641 3203 2695 Domino.
3261 2639 3354 2695 Vir
3387 2642 3582 2713 duplex

1991 2732 2192 2796 animo,
2235 2731 2536 2785 inconstans
2558 2741 2630 2786 est
2674 2731 2728 2786 in
2757 2732 3000 2788 omnibus.
3032 2732 3124 2786 viis
3167 2733 3296 2787 suis.
3346 2733 3576 2788 Tantam

1993 2820 2153 2876 ﬁdem
2188 2830 2246 2878 et
2282 2821 2536 2877 ﬁduciam
2579 2830 2800 2893 praestat
2835 2838 3027 2894 magna
3078 2823 3364 2879 multitudo
3393 2823 3577 2879 dulce-

1993 2915 2137 2970 dinis
2164 2915 2291 2981 Dei,
2323 2915 2410 2970 cui
2437 2915 2491 2969 in
2523 2913 2628 2970 alio
2656 2925 2868 2984 psalmo
2897 2915 3094 2970 dicitur
3121 2934 3132 2969 :
3171 2915 3333 2982 Quia,
3364 2927 3421 2970 tu
3462 2915 3574 2970 Do-

1993 3008 2155 3073 mine,
2182 3009 2355 3063 suavis
2379 3017 2426 3062 et
2448 3009 2611 3073 mitis,
2643 3018 2692 3062 et
2733 3008 2911 3062 multa:
2938 3009 3307 3065 misericordia:
3339 3009 3576 3064 omnibus

1990 3097 2352 3154 invocantibus
2392 3109 2458 3153 te.
2494 3099 2562 3153 Et
2605 3099 2763 3154 nobis
2801 3115 2898 3169 per
2955 3101 3274 3171 pr0phetam
3330 3101 3569 3156 dicitur:

1988 3189 2227 3245 Dissolve
2263 3189 2620 3261 colligationes
2657 3190 2960 3262 impietatis,
2999 3191 3137 3246 solve
3169 3191 3452 3260 fasciculos
3491 3192 3577 3246 des

1986 3283 2284 3354 primentes,
2318 3281 2518 3335 dimitte
2563 3297 2649 3335 eos
2679 3282 2770 3352 qui
2816 3282 3079 3355 confracti
3112 3291 3234 3336 sunt
3281 3281 3492 3348 liberos,
3526 3294 3574 3337 et

1988 3389 2138 3427 omne
2176 3389 2306 3426 onus
2335 3373 2618 3441 disrumpe.
2666 3370 2878 3442 Frange
2903 3373 3152 3428 esurienti
3182 3390 3371 3443 panem
3401 3384 3578 3441 tuum,

1986 3475 2032 3520 et
2059 3483 2242 3536 egenos
2267 3481 2519 3535 vagosque
2537 3464 2694 3518 induc
2720 3463 2775 3518 in
2796 3463 3189 3519 domumtuam.
3227 3465 3371 3519 'l-‘unc
3399 3483 3579 3519 erum—

1984 3567 2067 3626 pet
2097 3557 2247 3627 quasi
2280 3572 2430 3610 mane
2451 3554 2625 3608 lumen
2648 3564 2816 3619 tuum,
2841 3565 2888 3608 et
2917 3555 3117 3610 sanitas
3148 3566 3237 3608 tua
3261 3556 3412 3609 citius
3443 3557 3574 3608 orie-

1985 3658 2094 3712 tur,
2119 3657 2167 3701 et
2196 3647 2411 3701 anteibit
2435 3645 2625 3715 faciem
2647 3655 2791 3698 tuam
2806 3646 3019 3715 justitia
3042 3655 3162 3712 tua,
3191 3657 3237 3700 et
3261 3647 3429 3716 gloria
3464 3645 3569 3700 Do-

1985 3738 2114 3794 mini
2139 3737 2342 3807 colliget
2368 3747 2436 3789 te.
2466 3734 2609 3790 Tunc
2639 3737 2926 3801 invocabis,
2959 3746 3006 3789 et
3038 3735 3295 3789 Dominus
3322 3739 3564 3790 exaudiet

1984 3839 2065 3893 te;
2087 3827 2357 3890 clamabis,
2392 3836 2438 3880 et
2465 3827 2597 3879 dicet
2629 3843 2641 3878 :
2674 3825 2810 3878 Ecce
2835 3825 3042 3878 adsum.
3082 3825 3137 3877 In
3171 3826 3365 3892 quibus
3395 3828 3567 3880 versi-

1985 3917 2088 3970 bus
2117 3930 2306 3984 aperte
2325 3913 2664 3967 demonstrat
2686 3913 2827 3981 quod
2851 3914 2941 3981 qui
2973 3913 3060 3982 pic
3087 3914 3233 3966 audit
3259 3914 3568 3981 Dominum,

1986 4005 2414 4060 misericorditer
2434 4002 2653 4076 auditur
2689 4020 2716 4056 a
2757 4003 3006 4056 Domino.
3042 4002 3147 4058 Sed
3173 4003 3274 4060 hos
3303 4006 3573 4076 propheti-

1986 4111 2077 4149 cus
2107 4109 2298 4148 versus
2323 4093 2426 4148 alia
2463 4075 2746 4148 translatio
2772 4095 2851 4148 sic
2886 4094 3103 4149 inchoat
3135 4109 3149 4147 :
3182 4075 3418 4149 Dissolve
3444 4096 3572 4150 oblt-

1985 4185 2220 4256 gationes
2263 4183 2609 4238 violentarum
2659 4186 3222 4249 cautionum,'dim.'tte
3275 4187 3472 4256 fractos
3517 4189 3569 4242 in

1988 4273 2362 4337 remissionem,
2395 4283 2441 4327 et
2471 4289 2674 4326 omnem
2722 4273 3037 4342 scripturum
3069 4275 3300 4345 iniquam
3332 4279 3570 4332 conscin-

1987 4365 2070 4430 de,
2099 4367 2226 4418 etin
2255 4367 2380 4435 fine,
2415 4365 2586 4418 adhuc
2607 4365 2844 4437 loquente
2867 4377 2946 4432 te,
2988 4367 3148 4431 dicet,
3184 4368 3321 4423 Ecce
3355 4370 3564 4422 adsum.

1986 4458 2139 4526 Quod
2188 4459 2342 4513 valde
2371 4474 2592 4513 necesse
2621 4469 2725 4524 est,
2755 4470 2813 4513 ut
2852 4461 3208 4529 praedicetur,
3248 4460 3498 4513 audiatur
3518 4469 3571 4513 et

1986 4552 2294 4621 impleatur.

2057 4641 2264 4697 XXVII.
2311 4641 2462 4696 Hanc
2488 4640 2885 4695 multitudinem
2917 4638 3216 4694 dulcedinis
3253 4655 3365 4694 sua:
3399 4640 3571 4694 omni-

1986 4744 2176 4804 potens
2202 4744 2259 4788 et
2285 4734 2600 4788 misericors
2645 4732 2902 4786 Dominus
2929 4747 3027 4801 per
3065 4730 3404 4785 Ezccliielem
3437 4747 3565 4800 pro-

1984 4826 2202 4894 phetam
2233 4825 2522 4879 annuntiat
2546 4823 2862 4885 clementer,
2886 4833 2937 4876 et
2989 4822 3121 4876 dicit
3151 4835 3165 4875 :
3196 4820 3568 4876 Convertmini

1985 4927 2032 4970 et
2065 4917 2201 4985 agite
2219 4917 2573 4985 paenitentiam
2603 4915 2667 4968 ab
2698 4916 2939 4968 omnibus
2973 4915 3335 4984 iniquitatibus
3365 4915 3566 4975 vestris,

1983 5017 2032 5062 et
2063 5024 2166 5060 non
2190 5007 2284 5060 erit
2314 5007 2452 5061 vobis
2476 5008 2530 5060 in
2554 5007 2761 5061 ruinam
2785 5007 3053 5076 iniquitas.
3091 5004 3344 5075 Projiritc
3371 5023 3400 5056 a
3427 5004 3567 5058 vobis

1986 5113 2162 5152 omnes
2174 5097 2632 5167 prtrvaricationes
2651 5107 2846 5151 vestras
2868 5097 3054 5168 quibus
3075 5096 3401 5166 pramaricati
3421 5096 3542 5148 estis
3557 5131 3571 5155 .

1982 5199 2030 5243 et
2062 5189 2220 5258 facite
2245 5187 2388 5241 vobis
2412 5205 2502 5240 cor
2524 5205 2707 5241 novam
2731 5198 2776 5242 et
2802 5189 3043 5258 spiritum
3073 5203 3280 5240 novum.
3317 5185 3381 5238 Et
3405 5201 3570 5255 quare

1983 5278 2302 5343 moriemini,
2347 5278 2533 5331 domus
2580 5275 2789 5331 Israel?
2837 5277 2974 5342 Quia
3016 5274 3134 5328 nolo
3189 5285 3402 5328 mortem
3451 5291 3568 5328 mt-

1985 5369 2186 5432 rientis,
2217 5368 2342 5421 dicit
2381 5367 2658 5421 Dominus.
2693 5365 3053 5427 Revertimini,
3080 5375 3127 5417 et
3173 5365 3344 5418 vivite.
3392 5364 3482 5418 Sic
3509 5371 3568 5420 et

1984 5477 2084 5534 per
2103 5461 2299 5516 lsaiam
2321 5459 2642 5521 ostenditur,
2675 5473 2796 5512 cum
2821 5457 2952 5510 dicit
2982 5471 2996 5509 :
3022 5455 3356 5526 Derelinquat
3377 5457 3567 5527 impius

1987 5559 2124 5614 viam
2154 5571 2328 5620 suam,
2359 5562 2407 5606 et
2443 5553 2521 5607 vir
2549 5553 2757 5620 iniquus
2787 5549 3122 5620 cogitationes
3149 5566 3296 5615 suas,
3323 5559 3370 5605 et
3405 5566 3574 5603 rever-

1985 5659 2129 5704 tatur
2147 5646 2216 5702 ad
2245 5644 2547 5709 Dominum,
2580 5651 2626 5695 et
2665 5641 2993 5696 miserebitur
3017 5640 3130 5711 ejus
3154 5680 3169 5708 ,
3203 5650 3251 5697 et
3293 5639 3362 5696 ad
3398 5641 3562 5697 Deum
