3962 6180
382 230 486 289 237

1341 244 1400 300 S.
1441 244 1789 302 AGOBARDI
1830 244 2140 302 EPISCOPI
2171 244 2655 303 LUGDUNENSIS

3534 262 3637 313 ⁸2δὸ

370 361 631 422 nostrum,
665 358 912 426 quoniam
953 360 1147 415 multus
1174 370 1250 416 est
1281 360 1354 416 ad
1372 361 1764 432 ignoscendum.
1795 363 1946 419 lianc
1972 367 2022 427 Α
2046 362 2137 432 qui
2171 364 2442 433 aspiceret.
2502 341 2823 432 Despexistis
2865 379 3017 418 omne
3047 366 3325 422 consilium
3369 385 3561 432 meum.
3591 385 3636 428 et

370 444 695 500 suavitatem
742 449 1128 505 misericordia;
1155 465 1269 506 suae
1301 450 1563 508 Dominus
1602 453 1755 508 nobis
1795 453 1956 509 oﬁ‘ert

368 547 469 602 per
511 538 760 591 eumdem
806 540 1151 610 prophetam,
1197 541 1429 597 dicens:
1465 541 1723 597 Memento
1765 544 1952 597 horum

368 624 534 679 Jacob
559 636 605 679 et
633 626 825 694 Israel,
850 631 1099 701 quoniam
1134 648 1311 686 servus
1334 648 1479 687 meus
1503 648 1557 687 es
1592 641 1668 685 tu.
1705 630 1953 687 Formari

367 723 438 777 te,
477 731 655 769 servus
693 732 838 772 meus
878 736 932 773 es
972 729 1048 783 tu,
1098 719 1291 786 Israel,
1324 738 1427 776 non
1456 721 1772 775 oblivisceris
1805 723 1950 775 mei:

365 802 527 857 delevi
574 815 629 858 ut
679 806 866 861 nubem
911 810 1211 881 iniquitates
1252 821 1390 878 tuas,
1428 822 1477 865 et
1505 813 1658 883 quasi
1705 812 1948 866 nebulam

365 903 578 964 peccata
598 905 689 950 tua
715 913 734 952 :
763 908 1016 956 revertere
1042 901 1112 955 ad
1142 919 1247 967 me,
1273 903 1523 974 quoniam
1548 904 1743 957 redemi
1775 913 1843 956 te.
1881 903 1950 957 Et

368 985 568 1042 iterum
597 1006 611 1042 :
643 989 759 1060 Ego
783 1008 921 1058 sum,
951 1007 1044 1063 ego
1068 1010 1185 1048 sum
1204 1010 1334 1064 ipse,
1356 995 1447 1064 qui
1472 994 1619 1049 deleo
1645 994 1947 1064 iniquitates

366 1086 487 1131 tuas
520 1090 732 1150 propter
773 1098 874 1146 me,
907 1091 958 1137 et
993 1092 1329 1152 peccatorum
1373 1093 1602 1138 tuorum“
1638 1101 1743 1139 non
1771 1102 1946 1139 recor-

368 1167 554 1221 dabor.

437 1258 671 1315 XXVIII.
723 1262 827 1328 Qui
880 1271 1063 1319 autem
1103 1263 1205 1319 has
1246 1265 1589 1323 dulcissimae
1631 1268 1946 1324 vocationes

362 1344 458 1399 Dei
506 1347 841 1418 neglexerint
867 1350 923 1405 in
959 1353 1216 1422 praesenti
1244 1357 1663 1424 tempore,~dum
1714 1356 1945 1411 inveniri

357 1445 557 1503 potest,
608 1446 665 1493 et
697 1438 825 1494 dum
869 1456 1040 1511 prope
1066 1450 1169 1506 est,
1200 1451 1256 1498 et
1305 1445 1515 1499 venerit
1566 1454 1780 1514 tempus
1829 1445 1942 1515 jam

360 1540 465 1577 non
494 1528 773 1596 operandi,
801 1529 897 1585 sed
939 1531 1233 1601 recipiendi
1276 1548 1714 1604 unumquemque
1750 1549 1944 1591 secun-

359 1614 487 1667 dum
535 1632 697 1685 opera
725 1634 847 1687 sua,
898 1623 1124 1678 audiens
1150 1639 1366 1680 amaras
1407 1625 1890 1697 imprOperationes
1923 1647 1935 1681 :

2051 454 2431 524 increpationes
2475 470 2617 509 meas
2658 453 2976 524 neglexistis.
3020 454 3133 526 Ego
3161 474 3366 528 quoque
3407 460 3461 513 in
3512 464 3640 517 inte-

2052 544 2159 596 ritu
2188 553 2356 597 vestro
2383 542 2582 598 ridebo.
2612 543 2767 598 Tunc
2792 546 2896 598 erit
2923 545 3005 600 eis
3033 545 3122 599 illa
3153 545 3489 605 infructuosa
3510 567 3637 607 con-

2049 636 2253 701 versio,
2313 636 2380 691 de
2429 650 2534 705 qua
2573 635 2836 691 Dominus
2886 651 2987 706 per
3020 640 3344 708 prophetam
3401 640 3642 713 loquitur

2049 726 2302 780 omnibus
2326 725 2513 780 dicens
2556 743 2570 778 :
2603 724 3000 792 Convertimini,
3040 735 3090 780 et
3120 728 3360 784 videbitis
3407 733 3536 802 quid
3571 735 3639 789 sit

2047 817 2187 870 inter
2216 817 2427 886 justum
2469 826 2519 871 et
2540 817 2782 887 impium,
2831 827 2880 871 et
2908 818 3047 871 inter
3072 818 3378 875 servientem
3430 822 3541 877 Deo
3589 835 3639 879 et

2048 921 2154 959 non
2193 907 2500 961 servientem
2534 908 2602 960 ei.
2650 906 2791 962 Ecce
2837 908 2978 962 enim
3020 908 3133 963 dies
3160 911 3330 964 veniet
3382 929 3637 969 succensa

2046 995 2200 1065 quasi
2223 997 2495 1062 caminus;
2524 1006 2572 1051 et
2609 1007 2762 1052 erunt
2788 1014 2968 1052 omnes
2998 1000 3227 1070 superbi,
3255 1010 3305 1055 et
3332 1018 3513 1059 omnes
3546 1006 3635 1074 fa-

2046 1087 2238 1141 cientes
2274 1087 2613 1156 impietatem,
2641 1087 2836 1158 stipula
2860 1103 2879 1140 :
2909 1098 2959 1143 et
3002 1087 3354 1161 inﬂamniabit
3399 1110 3488 1149 eos
3524 1096 3628 1152 dies

2045 1174 2275 1239 veniens,
2305 1173 2431 1227 dicit
2458 1172 2718 1228 Dominus
2762 1176 3108 1240 exercituum,
3154 1194 3274 1249 quis
3310 1196 3415 1234 non
3457 1170 3632 1237 relin-

2043 1272 2165 1334 quet
2202 1263 2278 1318 eis
2307 1264 2540 1318 radicem
2581 1272 2631 1318 et
2656 1281 2886 1335 germen.
2916 1265 2987 1320 Et
3013 1268 3215 1322 orietur
3243 1270 3381 1327 vobis
3403 1273 3631 1327 timenti-

2044 1351 2140 1405 bus
2180 1367 2368 1407 nomen
2415 1367 2587 1406 meum
2631 1352 2711 1406 sol
2740 1353 2989 1424 justitite,
3016 1365 3066 1411 et
3107 1358 3309 1414 sanitas
3334 1361 3392 1414 in
3438 1362 3630 1431 pennis

2042 1436 2176 1510 ejus,
2207 1450 2256 1494 et
2282 1440 2638 1511 egrediemini,
2661 1451 2711 1496 et
2737 1442 2938 1498 salictis
2958 1445 3091 1499 sicut
3115 1446 3265 1500 vituli
3285 1449 3350 1502 de
3370 1460 3627 1513 amento,

2043 1539 2092 1585 et
2112 1529 2382 1586 calcabitis
2421 1532 2632 1603 impios,
2670 1550 2788 1587 cum
2828 1534 2990 1604 fuerit
3034 1538 3167 1595 cinis
3198 1540 3294 1594 sub
3322 1541 3505 1611 planta
3536 1559 3629 1612 pe-

2042 1622 2168 1677 dum
2198 1631 2484 1679 vestrorum
2529 1625 2587 1678 in
2620 1625 2705 1681 die
2750 1642 2856 1696 qua
2886 1642 2977 1698 ego
3004 1627 3162 1697 facio,
3202 1630 3329 1683 dicit
3372 1631 3626 1687 Dominus

369 1699 584 1770 Voconi,
610 1716 659 1761 et
690 1709 932 1765 renuistis
955 1728 973 1775 ;
1002 1712 1212 1767 extendi
1237 1729 1427 1795 manus
1454 1731 1617 1782 meas,
1631 1726 1680 1770 et
1706 1733 1813 1772 non
1837 1716 1939 1786 fuit
1967 1723 2014 1781 Β
2041 1716 2382 1773 exercituum.

360 1849 3607 1885 _____________________________________________

1071 1958 1690 2044 AGOBARDI
1766 1961 2285 2044 FLEBILIS
2352 1963 2923 2051 EPISTOLA
3008 2062 3013 2073 ε

445 2145 473 2179 ι
504 2136 611 2198 DE
639 2136 1050 2201 DlVISlONE
1076 2139 1385 2203 mesen
1418 2139 1909 2207 FRANCORUM
1945 2141 2184 2239 mres
2229 2140 2488 2203 FILIOS
2529 2142 2912 2208 LUDOVICI
2948 2148 3492 2216 IMPERATORIS

424 2367 466 2422 ι.
515 2367 742 2424 Domino
814 2369 1206 2441 gloriosissimo
1277 2372 1551 2429 Ludovico
1617 2372 1949 2445 imperatori
2040 2369 2167 2441 quia
2205 2369 2346 2425 nulla
2395 2371 2500 2426 alia
2536 2380 2714 2427 exstat
2741 2388 2926 2442 causa,
2956 2391 3056 2446 pro
3100 2393 3204 2449 qua
3236 2380 3351 2436 haec
3379 2384 3625 2441 scribere

354 2459 670 2529 Agobardus
703 2462 968 2517 servulus.
2037 2472 2324 2533 presumo,
2359 2464 2461 2518 nisi
2497 2464 2623 2533 quia
2664 2463 2838 2531 doleo,
2869 2476 3131 2537 quantum
3156 2470 3334 2526 dicere
3361 2488 3466 2527 non
3493 2489 3624 2544 pos-

421 2549 556 2606 Cum
590 2552 958 2622 unusquisque
994 2553 1165 2610 ﬁdelis
1190 2555 1337 2611 omni
1368 2555 1512 2612 ﬁdeli
1558 2556 1681 2611 ﬁdei
1707 2555 1931 2612 sinceri-
2037 2568 2179 2619 sum,
2224 2555 2290 2609 de
2328 2555 2583 2625 periculis
2634 2570 2754 2626 quae
2796 2559 2951 2614 vobis
3011 2559 3295 2616 imminere
3344 2563 3620 2633 videntur,

352 2646 520 2698 tatem
543 2645 755 2712 debeat,
798 2646 1019 2703 dubium
1044 2663 1151 2703 non
1181 2656 1262 2703 est
1299 2650 1445 2720 quod
1487 2648 1758 2720 prmcipue
1784 2647 1929 2705 ﬁdeli
2035 2651 2090 2698 et
2132 2644 2368 2701 maxime
2414 2645 2627 2701 animus.
2679 2644 2813 2701 Nam
2866 2656 3071 2718 quanto
3110 2652 3462 2708 excellentior
3488 2656 3625 2713 sub-

350 2733 594 2803 praelato,
624 2735 712 2790 cui
737 2752 823 2792 res
849 2736 1064 2806 publica
1096 2738 1165 2793 ad
1200 2739 1607 2809 gubernandum
1638 2739 1929 2795 commissa
2034 2737 2233 2791 stantia
2280 2745 2363 2792 est
2389 2738 2569 2792 anima
2604 2753 2854 2808 corpore,
2908 2749 3059 2796 tanto
3096 2744 3462 2800 excellentiori
3505 2747 3620 2801 sol—

349 2836 454 2893 est,
490 2828 622 2884 ﬁdes
671 2831 936 2885 sen'anda
967 2830 1038 2907 sit
1065 2831 1132 2887 ab
1163 2832 1437 2898 omnibus,
1479 2831 1574 2902 qui
1597 2830 1790 2886 divina}
1817 2830 1928 2886 dis.
2029 2825 2308 2884 licitudine
2336 2845 2523 2885 curam
2558 2830 2754 2886 anima:
2777 2847 2965 2903 gerere
2992 2833 3270 2900 debemus,
3304 2850 3463 2906 quam
3492 2853 3621 2893 cor-

346 2921 601 2990 positioni
633 2922 864 2978 ﬁdeliter
888 2924 1115 2993 subjecti
1144 2933 1290 2991 sunt,
1321 2926 1461 2981 sicut
1507 2924 1795 2996 Apostolus
1823 2924 1921 2982 do.
1951 2949 1996 3011 ρ
2026 2920 2205 2989 poris;
2253 2920 2327 2975 ita
2364 2920 2593 2977 Domino
2633 2921 2861 2979 docente
2882 2924 2940 2978 in
2978 2924 3302 2995 Evangeliis,
3344 2928 3483 2984 sicut
3510 2929 3619 3002 ipsi

347 3023 434 3070 cet
465 3030 481 3070 :
509 3015 712 3084 Omnis,
744 3018 1013 3089 inquiens,
1039 3019 1218 3073 anima
1239 3018 1579 3090 potestatibus
1602 3017 1926 3073 sublimiori~

349 3109 444 3163 bus
478 3108 688 3165 subdita
732 3111 799 3166 sit
829 3126 847 3163 :
877 3127 1186 3183 quanquam
1223 3111 1370 3167 circa
1404 3110 1607 3166 nullum
1636 3110 1925 3167 inﬁdeliter

350 3200 619 3270 agendum
655 3201 745 3256 sit.
780 3201 1006 3273 Propter
1033 3202 1178 3273 quod
1203 3210 1258 3258 et
1287 3202 1425 3257 alius
1444 3201 1718 3273 apostolus
1748 3202 1879 3257 dicit
1905 3221 1919 3258 :

347 3288 553 3346 Subditi
582 3301 744 3346 estote
777 3295 920 3347 omni
942 3294 1187 3348 humana:
1209 3302 1467 3348 creatura:
1487 3302 1697 3364 propter
1714 3291 1880 3347 Deum
1903 3307 1922 3346 :

343 3388 397 3436 et
428 3381 684 3436 docemur
710 3397 869 3437 orare
908 3397 1008 3451 pro
1050 3383 1301 3438 omnibus
1340 3384 1672 3450 hominibus,
1717 3398 1817 3454 pro
1843 3397 1929 3439 re-

342 3470 497 3540 gibus
544 3478 600 3524 et
646 3463 732 3524 liis
760 3470 851 3539 qui
889 3471 942 3525 in
973 3470 1300 3525 sublimitate
1325 3479 1473 3537 sunt,
1514 3477 1576 3525 ut
1600 3471 1840 3540 quietam
1867 3477 1927 3527 et

345 3560 690 3630 tranquillam
716 3562 886 3617 vitam
939 3577 1159 3633 agamus
1210 3561 1262 3616 in
1293 3563 1439 3616 omni
1494 3561 1715 3632 pietate.
1752 3562 1820 3617 Et
1868 3562 1922 3618 in

344 3651 451 3706 alio
487 3651 607 3707 loco
629 3652 827 3708 dicitur
856 3670 871 3707 :
904 3651 1033 3707 Ideo
1063 3653 1365 3707 necessitate
1389 3652 1585 3707 subditi
1604 3663 1778 3717 estote,
1816 3670 1923 3709 non

343 3741 515 3796 solum
544 3752 755 3814 propter
803 3743 962 3808 iram,
999 3742 1088 3797 sed
1110 3734 1266 3797 etiam
1291 3754 1504 3815 propter
1529 3745 1919 3799 conscientiam.

413 3832 474 3889 ll.
507 3833 643 3889 Cum
692 3844 873 3890 autem
918 3834 1036 3890 haec
1061 3834 1137 3888 ita
1186 3833 1315 3899 sint,
1353 3842 1407 3889 et
1433 3848 1620 3889 omnes
1664 3834 1817 3889 vobis
1860 3832 1924 3888 ﬁ-

342 3926 490 3984 deles
529 3942 649 3983 esse
676 3928 925 3993 debeant,
953 3926 1219 3997 quomodo
1244 3926 1527 3997 quisquam
1558 3924 1732 3982 ﬁdelis
1768 3925 1923 3981 vobis

342 4030 467 4072 esse
494 4016 712 4087 poterit,
740 4016 786 4071 si
814 4017 1005 4071 videns
1045 4022 1137 4069 aut
1163 4014 1469 4085 intelligens
1508 4022 1750 4069 vestrum
1777 4013 1924 4084 peri-

340 4107 541 4172 culum,
595 4122 703 4162 non
755 4122 815 4162 se
860 4106 1057 4177 ingerit
1104 4113 1365 4175 quantum
1410 4112 1611 4174 potest,
1660 4113 1721 4159 ut
1769 4105 1923 4162 vobis

342 4197 546 4251 indicet
579 4204 636 4251 et
667 4197 944 4267 cognitum
994 4194 1157 4249 faciat
1177 4236 1191 4259 ,
1229 4196 1275 4250 si
1326 4202 1506 4249 tamen
1536 4195 1686 4250 locus
1713 4205 1809 4251 aut
1841 4195 1924 4251 fa-

2027 3012 2234 3082 optime
2254 3012 2449 3067 nostis.

2094 3102 2181 3158 Ill.
2211 3104 2240 3144 ιι
2266 3102 2425 3160 Anno
2451 3103 2635 3175 itaque
2662 3107 2919 3177 praesenti
2938 3148 2953 3173 ,
2994 3107 3047 3162 in
3073 3108 3350 3165 attritione
3382 3120 3437 3166 et
3464 3127 3622 3168 com-

2023 3196 2284 3264 motione,
2332 3197 2627 3267 agitatione
2672 3206 2727 3253 et
2752 3197 3039 3256 aﬁlictione
3068 3209 3226 3257 terra:
3265 3210 3321 3257 et
3359 3204 3623 3260 habitan-

2024 3290 2157 3345 tium
2189 3289 2243 3345 in
2272 3305 2337 3346 ea
2377 3298 2581 3360 quanta
2621 3292 2765 3346 mala
2820 3292 3206 3360 increbuerint,
3251 3310 3410 3351 nemo
3443 3296 3622 3352 homi-

2024 3398 2154 3438 num
2206 3391 2289 3438 est
2332 3383 2425 3453 qui
2449 3398 2771 3440 enumerare
2798 3384 2991 3456 possit,
3019 3385 3164 3440 nulla
3191 3386 3443 3457 exigente
3473 3404 3618 3443 cau-

2025 3487 2106 3537 sa,
2143 3470 2288 3527 nulla
2341 3472 2696 3544 compellente
2741 3475 3067 3531 necessitate
3092 3482 3154 3531 ut
3196 3476 3271 3531 ita
3296 3471 3409 3532 ﬁeri
3440 3493 3617 3548 opor-

2024 3565 2168 3618 teret
2218 3563 2515 3617 certamina
2543 3578 2662 3633 qua:
2691 3572 2978 3620 tenemus:
3009 3566 3135 3635 quia
3181 3567 3227 3621 si
3274 3567 3614 3635 voluissetis,

2021 3654 2365 3724 tranquillam
2392 3662 2447 3709 et
2485 3655 2723 3724 quietam
2748 3655 2910 3709 vitam
2936 3658 3170 3727 ageretis
3213 3673 3338 3713 cum
3365 3657 3490 3713 ﬁliis
3512 3675 3615 3715 ve-

2021 3743 2170 3809 stris,
2192 3759 2299 3798 non
2323 3745 2502 3800 minus
2543 3759 2706 3815 quam
2738 3755 2761 3784 ο
2786 3755 2944 3816 pater
2964 3757 3163 3813 vester,
3185 3756 3241 3802 et
3267 3763 3419 3803 avus.
3445 3748 3615 3807 Adsit

2021 3837 2362 3906 omnipotens
2401 3845 2457 3892 et
2494 3837 2802 3893 misericors
2841 3838 3004 3903 Deus,
3060 3839 3152 3909 qui
3207 3838 3478 3894 habitator
3521 3849 3619 3896 est

2019 3929 2257 4000 pectoris
2281 3930 2466 3993 vestri,
2498 3929 2641 3985 adsit
2663 3930 2828 3984 etiam
2847 3929 3106 4000 patientia
3142 3939 3347 3997 vestra,
3370 3946 3474 4001 qua
3498 3948 3609 3986 car

2022 4027 2170 4075 teros
2214 4020 2463 4075 homines
2527 4019 2852 4090 praecellitis,
2908 4028 2965 4075 ut
3011 4019 3126 4075 haec
3178 4035 3299 4090 quae
3352 4036 3582 4093 suggero

2021 4110 2313 4180 tranquille
2342 4111 2530 4166 audire
2560 4119 2615 4166 et
2639 4110 2975 4181 perpendere
3001 4111 3315 4180 dignemini.

2092 4202 2181 4258 iV.
2204 4203 2263 4257 in
2284 4203 2376 4257 illo
2408 4211 2668 4274 tempore,
2693 4203 2907 4273 quando
2944 4202 3113 4258 ﬁlium
3134 4211 3373 4258 vestrum
3405 4200 3431 4242 ἀ
3467 4218 3605 4272 par-

340 4284 513 4340 cultas
541 4285 755 4356 penitus
797 4285 871 4339 illi
916 4300 1020 4339 non
1055 4284 1392 4357 denegatur?
1440 4285 1633 4340 Testor
1672 4287 1918 4358 omnipo-
1941 4283 1996 4342 D
2021 4292 2239 4362 ticipem
2280 4293 2514 4347 nominis
2560 4293 2730 4348 vestri
2777 4292 2959 4349 facere
2998 4293 3250 4358 curastis,
3308 4293 3384 4347 ita
3419 4291 3473 4346 in
3500 4308 3612 4363 pn-

339 4386 540 4433 tentem
578 4377 764 4444 Deum,
796 4377 887 4448 qui
925 4384 1195 4433 scrutator
1231 4384 1315 4432 est
1342 4377 1586 4433 cordium
1611 4385 1667 4434 et
1693 4393 1905 4446 renum,

2012 4384 2213 4442 blicum
2237 4392 2477 4441 vestrum
2512 4384 2896 4455 interrogando
2922 4384 3028 4441 hoc
3057 4384 3372 4449 inchoastis,
3409 4384 3600 4439 dicen-

1681 4488 1952 4548 BALUZII
1988 4492 2222 4552 NOTAE.

412 4598 436 4624 ει
475 4583 534 4638 1η
561 4581 751 4638 codice
792 4581 940 4651 regio
976 4579 1152 4636 nullus
1192 4582 1295 4651 hoc
1331 4581 1451 4636 loco
1491 4579 1675 4635 titulus
1710 4590 1909 4639 exstat.

336 4656 520 4725 itaque
545 4668 667 4707 eum
695 4649 1015 4725 retinuimus
1063 4651 1154 4725 qui
1184 4649 1497 4725 a_Massono
1527 4651 1777 4707 inventus
1805 4661 1908 4725 est.

336 4721 653 4793 Quanquam
686 4722 897 4793 animus
939 4728 1059 4777 erat
1102 4722 1248 4793 istud
1285 4728 1769 4793 quoquemutare.
1806 4721 1912 4793 Sed

336 4787 462 4863 quia
497 4787 684 4849 titulus
722 4792 813 4863 hic
842 4793 956 4862 jam
995 4787 1631 4863 przevalnit,:_et'ﬁebilis
1671 4791 1913 4860 epistolz'e

337 4859 555 4920 nomine
580 4862 735 4918 citari
770 4859 1050 4916 consuevit
1085 4860 1175 4916 hic
1201 4859 1433 4926 libellus,
1464 4860 1638 4914 visum
1670 4859 1754 4916 eSt
1787 4878 1910 4917 mu-

335 4937 436 4991 tari
469 4949 576 4990 non
604 4931 820 4987 debere.

403 5006 450 5084 b_
470 5001 918 5084 Anngprtesenti,
934 4998 1120 5084 idnest,
1148 5013 1288 5055 anno
1307 4998 1429 5054 853.
1462 4999 1613 5057 Tunc
1635 5002 1778 5084 enim
1802 5001 1910 5084 _Ln-

332 5077 554 5130 dovicns
584 5070 815 5127 ﬁliorum
843 5070 1189 5126 rebellionem
1221 5085 1565 5140 compescere
1593 5073 1905 5138 meditatus,

331 5146 629 5201 exercitum
684 5141 942 5197 adversus
988 5156 1082 5196 eos
1126 5139 1373 5211 collegit,
1429 5139 1628 5196 infelici
1684 5157 1907 5211 prorsus

329 5223 544 5279 eventu,
567 5222 628 5270 ut
655 5215 875 5269 tradunt
897 5211 1188 5280 scriptores
1216 5211 1423 5281 illorum
1453 5219 1775 5281 temporum.

401 5297 423 5324 ο
467 5283 631 5337 Pater
644 5293 807 5337 vester
826 5292 874 5337 et
893 5298 1038 5346 avus,
1057 5281 1280 5336 Carolus
1298 5280 1515 5352 Magnus
1537 5280 1591 5352 et
1624 5281 1898 5352 Pippinus.

396 5354 431 5434 ξι-
465 5353 782 5434 Ρᾳνρεξρςιη
818 5352 1260 5434 ῃοηιξηὶευιπξξινὶι
1300 5350 1539 5434 Qontigit
1576 5350 1736 5434 istud
1759 5367 1903 5434 anno

2018 4588 2101 4642 sui
2126 4589 2332 4644 socium
2360 4589 2461 4644 sibi
2483 4595 2783 4659 constituit.
2815 4607 2835 4659 ρ
2866 4585 2972 4642 Sed
2993 4586 3163 4643 iusius
3192 4588 3291 4659 ista
3319 4593 3611 4659 prosequi-

2016 4666 2107 4711 tur
2137 4667 2328 4714 auctor
2350 4656 3061 4728 ChroniciiMoissiacensis,
3102 4659 3194 4728 qui
3233 4656 3391 4713 ﬁdem
3430 4656 3609 4716 etiam

2017 4729 2211 4798 astruit
2237 4731 2396 4785 rebus
2419 4743 2556 4798 quas
2580 4727 2669 4782 hic
2696 4735 2914 4798 enarrat
2935 4726 3273 4798 Agabardus.
3308 4747 3329 4778 ‹
3359 4728 3462 4782 An.
3490 4730 3608 4784 817

2017 4795 2319 4869 Ludovicus
2348 4795 2671 4869 imperator,
2702 4796 2907 4869 inquit,
2948 4795 3089 4867 apud
3127 4796 3303 4869 Aquis
3336 4798 3609 4868 palatium

2017 4866 2312 4924 celebravit
2339 4865 2563 4922 Pascha.
2612 4867 2678 4921 Et
2718 4865 2791 4920 ini
2812 4867 2927 4935 ipsa
2944 4865 3138 4922 :estate
3172 4865 3354 4934 jussit
3371 4883 3493 4924 esse
3518 4869 3607 4925 ibi

2017 4947 2340 5009 conventum
2378 4936 2558 5009 p0puli
2584 4937 2651 4992 de
2671 4936 2833 5009 omni
2858 4951 3043 5009 _regno
3080 4937 3164 5009 vel
3205 4938 3430 5007 imperio
3469 4952 3603 5007 suo,

2015 5008 2154 5088 apud
2178 5008 2349 5088 Aquis
2369 5006 2550 5088 sedem
2572 5006 2797 5088 regiam,
2820 5006 2873 5088 id
2894 5006 2996 5088 est,
3023 5006 3323 5076 episcopos,
3324 5008 3601 5088 _a_bbates,

2013 5076 2128 5132 sive
2152 5076 2380 5133 comites
2410 5085 2466 5131 et
2493 5077 2728 5145 majores
2762 5083 2889 5129 natu
2935 5076 3287 5133 Francorum.
3324 5078 3391 5132 Et
3419 5079 3609 5133 mani-

2012 5145 2227 5202 festavit
2256 5148 2335 5219 eis
2371 5145 2922 5219 mysterium‘consilii
2955 5147 3037 5219 sui
3056 5148 3206 5219 quod
3235 5148 3601 5219 cogitaverat,

2012 5214 2453 5287 utrconstituere't
2478 5232 2644 5287 utinm
2675 5215 2740 5270 de
2765 5214 2887 5271 ﬁliis
2914 5217 3026 5287 suis
3054 5214 3452 5287 imperatorem.
3486 5214 3606 5271 lla-

2012 5286 2171 5357 hebat
2200 5288 2343 5343 enim
2374 5296 2484 5357 tres
2512 5286 2652 5340 ﬁlios
2683 5302 2750 5341 ex
2789 5301 2957 5341 uxore
2989 5286 3352 5357 Ermengarda
3380 5287 3598 5357 regina.

2011 5354 2215 5412 Nomen
2244 5358 2335 5412 uni
2377 5355 2668 5427 Clotarius,
2713 5370 2910 5427 nomen
2955 5354 3497 5427 secundi'Pippinu's,
3536 5367 3608 5413 et

327 5423 452 5507 8|],
478 5430 538 5475 ut
568 5421 905 5507 Eginhardus
933 5423 1115 5507 tradit.
1148 5422 1450 5507 Ludovicus
1476 5421 1788 5507 imperator,
1820 5423 1902 5505 in:
2007 5441 2202 5507 nomen
2237 5427 2381 5482 tertii
2399 5426 2739 5507 .Ludovicus.
2779 5425 2940 5507 illunc
2964 5428 3111 5507 omni
3151 5421 3606 5507 populipiacuit

327 5493 474 5564 quit,
516 5508 534 5541 ς
567 5490 870 5613 generalem
903 5492 1080 5561 populi
1113 5494 1193 5546 sui
1229 5500 1549 5547 conventum
1578 5492 1899 5573 Aquisgrani

327 5577 477 5613 more
515 5575 576 5613 so
601 5560 674 5613 ito
702 5560 921 5613 habuit:
969 5561 1020 5613 in
1057 5578 1163 5613 nuo
1188 5562 1353 5613 ﬁlium
1384 5575 1539 5613 suum
1570 5563 1897 5613 primogeni-

327 5561 487 5631 more
515 5561 680 5631 solito
702 5561 921 5623 habuit;
969 5561 1020 5614 in
1057 5578 1163 5631 quo
1188 5562 1353 5615 ﬁlium
1384 5575 1539 5615 suum
1569 5561 1897 5631 primogeni-

327 5645 440 5691 tum
464 5629 777 5688 Lotharium
804 5629 1107 5692 coronavit,
1146 5640 1199 5685 et
1229 5632 1462 5686 nominis
1492 5629 1653 5701 atque
1682 5629 1891 5702 imperii

2006 5503 2066 5549 ut
2105 5496 2238 5566 ipse,
2279 5512 2337 5551 se
2362 5496 2595 5566 vivente,
2638 5495 2995 5566 constitueret
3033 5495 3199 5565 unum
3222 5495 3293 5552 ex
3321 5495 3445 5555 ﬁliis
3470 5497 3605 5551 suis

2004 5565 2291 5633 imperare,
2334 5566 2476 5620 sicut
2516 5565 2739 5635 Carolus
2786 5574 2939 5635 pater
2982 5566 3100 5633 ejus
3139 5567 3344 5622 fecerat
3382 5567 3597 5635 ipsum.

2002 5632 2153 5692 Tunc
2178 5637 2352 5693 tribus
2384 5636 2572 5691 diebus
2604 5632 2905 5705 jejunatum
2945 5632 3029 5691 est
3069 5638 3137 5692 ab
3173 5637 3318 5693 omni
3358 5632 3591 5706 popuiln.
