4010 6184
413 213 516 272 ξω

1342 215 1648 274 FLEBILIS
1684 169 2016 271 EPIST'OLA
2057 215 2144 270 DF.
2182 213 2540 282 DIVISIONE,
2582 215 2730 271 ETC.

3551 223 3654 276 290

415 338 494 384 tes
543 343 557 379 :
602 325 756 393 Quod
787 327 853 380 ad
882 326 1303 381 stabilimentum
1357 329 1505 397 regni
1530 329 1782 397 pertinet,
1831 336 1886 380 et
1914 325 1980 378 ad
2010 333 2059 391 Λ
2083 334 2139 379 et
2177 325 2464 393 ﬁrmanda;
2495 342 2560 381 ac
2583 327 2775 382 deinde
2797 326 2825 367 ἀ
2871 324 3057 394 jurare
3103 342 3292 383 omnes
3334 327 3572 400 jussistis
3594 341 3654 388 ut

412 421 577 476 robur
639 418 938 488 regiminis,
989 417 1149 472 debet
1201 419 1362 473 homo
1411 419 1646 485 differre,
1713 436 1780 474 an
1837 419 1986 473 non?

409 510 647 578 Cumque
677 525 868 563 omnes
895 510 1301 577 respondissent
1321 510 1464 579 quod
1497 509 1627 564 utile
1654 518 1708 564 et
1735 524 1983 563 necessa-

409 601 547 657 rium
580 607 686 662 est,
731 614 839 652 non
869 612 987 652 esse
1027 597 1400 663 differendum,
1445 598 1538 653 sed
1574 600 1753 667 potius
1780 597 1983 653 accele-

408 689 665 754 randum;
704 689 890 743 statim
920 703 1038 752 vos,
1066 689 1208 757 quod
1253 705 1373 743 cum
1399 689 1738 758 paucissimis
1784 696 1983 742 tracta-

406 781 627 846 veratis,
675 779 928 834 omnibus
986 779 1304 849 aperuistis;
1339 787 1393 832 et
1443 778 1654 832 dixistis
1690 794 1786 832 vos
1843 777 1982 832 velle

403 879 624 942 propter
667 868 1016 938 fragilitatem
1061 869 1204 934 vitm,
1254 869 1338 922 cui
1368 868 1572 921 incerta
1600 875 1688 922 est
1725 881 1890 930 mors,
1923 873 1984 919 ut

403 960 531 1016 dum
571 957 845 1022 valeretis,
892 971 1088 1010 nomen
1136 956 1478 1026 imperatoris
1512 956 1601 1010 uni
1633 971 1700 1010 ex
1726 955 1899 1010 tribus
1921 953 1984 1007 ﬁ—

403 1047 492 1103 liis
558 1047 755 1102 vestris
799 1045 1170 1116 imponeretts,
1216 1045 1272 1098 in
1337 1061 1444 1116 quo
1511 1044 1842 1100 voluntatem
1885 1043 1980 1097 Dei

401 1138 779 1208 quoquomodo
816 1150 1142 1206 cognoscere
1188 1135 1518 1205 potuissetis.
1561 1135 1786 1203 Propter
1818 1148 1979 1201 quam

403 1227 832 1299 cognoscendam
849 1224 1158 1293 injunxistis
1175 1234 1236 1280 ut
1251 1225 1494 1280 facerent
1515 1239 1703 1279 omnes
1715 1224 1979 1294 jejunium

401 1315 730 1381 triduanum,
757 1313 1015 1368 offerrent
1034 1314 1345 1369 sacerdotes
1365 1312 1633 1368 sacriﬁcia
1648 1312 1979 1380 omnipoten-

401 1411 442 1464 ti
472 1410 601 1472 Deo,
655 1409 745 1478 qui
790 1407 972 1461 suavis
1014 1415 1067 1462 et
1106 1406 1254 1460 mitis
1297 1414 1355 1461 et
1385 1405 1568 1459 multae
1598 1405 1980 1460 misericordiae

398 1509 485 1557 est
503 1501 754 1555 omnibus
782 1499 1156 1554 invocantibus
1175 1512 1262 1564 se;
1293 1497 1448 1553 ﬁeret
1473 1512 1686 1565 quoque
1711 1498 1778 1550 ab
1806 1497 1978 1550 omni-

399 1594 504 1648 bus
535 1592 873 1660 eleemosyna
899 1605 997 1660 per
1037 1589 1168 1644 illud
1207 1589 1442 1644 triduum
1465 1587 1626 1642 solito
1667 1587 1884 1657 largior,
1918 1594 1978 1638 ut

2084 415 2246 471 talem
2293 417 2609 472 electionem
2646 427 2702 472 et
2728 418 3043 473 divisionem
3086 420 3263 473 cuncti
3299 433 3655 490 sequerentur

2082 519 2146 559 ac
2173 515 2471 560 servarent.
2510 507 2664 573 Quod
2705 507 3071 577 juramentnm
3109 508 3308 562 nemini
3353 509 3527 564 visum
3569 520 3655 566 est

2081 595 2461 663 spernendum,
2487 602 2581 648 aut
2601 593 2949 664 superﬂuum,
2973 595 3066 649 sed
3093 595 3272 664 potius
3293 606 3650 665 opportunmn

2080 691 2242 753 atque
2289 683 2602 752 legitimum,
2643 698 2708 736 eo
2736 683 2879 751 quod
2906 684 2971 736 ad
3001 698 3189 750 pacem
3221 692 3274 737 et
3307 687 3650 740 concordiam

2079 775 2353 844 pertinere
2401 771 2690 828 videretur.
2738 771 2797 826 In
2825 788 3080 843 processu
3111 789 3322 844 quoque
3370 777 3648 845 temporis,

2080 866 2502 934 quotiescunque
2566 872 2660 918 aut
2709 877 3027 933 quocunque
3090 864 3392 933 imperiales
3459 866 3651 920 littera:

2079 954 2445 1019 mitterentur,
2477 965 2500 992 θ
2529 953 2813 1006 amborum
2841 953 3228 1020 imperatorum
3275 954 3494 1006 nomina
3521 970 3650 1008 cou-

2079 1044 2340 1100 tinebant.
2373 1041 2566 1098 Postea
2611 1058 2742 1097 vero
2773 1051 2978 1096 mutata
3031 1043 3341 1109 voluntate,
3391 1045 3658 1099 convulsa

2079 1145 2207 1190 sunt
2235 1143 2454 1199 statuta,
2483 1141 2537 1186 et
2562 1133 2626 1187 de
2652 1133 2846 1187 litteris
2884 1132 2901 1170 τ
2929 1147 3122 1186 nomen
3163 1135 3420 1187 omissum
3460 1142 3566 1200 est,
3595 1144 3652 1189 et

2078 1225 2133 1280 in
2171 1225 2420 1279 omnibus
2445 1219 2714 1276 contraria
2736 1229 3000 1276 attentata
3027 1231 3182 1286 sunt;
3207 1238 3327 1276 cum
3358 1237 3530 1292 neque
3552 1238 3651 1292 per

2078 1315 2313 1383 seipsum
2353 1314 2515 1378 Deus,
2547 1327 2718 1382 neque
2744 1328 2842 1382 per
2878 1313 3148 1382 angelum,
3191 1327 3364 1382 neque
3390 1329 3486 1384 per
3525 1329 3651 1382 pro-

2077 1410 2293 1480 phetam
2343 1407 2497 1461 vobis
2546 1408 2760 1471 dixerit,
2808 1408 3028 1460 Pazm'tet
3076 1423 3157 1459 me
3191 1408 3264 1460 ita
3299 1408 3648 1473 constituisse,

2077 1501 2220 1555 sicut
2248 1501 2313 1553 de
2353 1498 2514 1552 Saule
2540 1498 2676 1552 dixit
2704 1496 2940 1552 Samueli
2975 1514 2986 1548 :
3032 1498 3208 1552 adhuc
3234 1513 3445 1566 quoque
3474 1501 3651 1554 nesci-

2080 1591 2148 1645 tis
2191 1589 2421 1659 qualiter
2451 1589 2504 1641 in
2553 1587 2776 1641 secretis
2826 1587 2919 1641 Dei
2967 1588 3208 1641 consiliis
3237 1588 3514 1642 definitum
3555 1590 3645 1642 sit.

399 1683 738 1752 omnipotens
767 1681 933 1745 Deus,
957 1681 1047 1750 qui
1085 1694 1294 1735 summa
1337 1679 1670 1747 benignitate
1694 1679 1832 1746 regit
1857 1691 1977 1730 cor-
2005 1678 2050 1735 B
2079 1681 2146 1734 Et
2172 1694 2318 1744 ecce,
2370 1679 2484 1734 sine
2529 1677 2636 1731 ulla
2691 1679 2898 1732 ratione
2943 1685 2997 1731 et
3050 1677 3292 1743 consilio,
3343 1693 3502 1746 quem
3527 1694 3646 1733 cum

396 1773 467 1829 da
499 1775 553 1828 in
578 1789 636 1828 se
659 1773 1012 1842 sperantium,
1056 1772 1361 1826 infunderet
1388 1771 1443 1824 in
1473 1770 1636 1824 corde
1674 1777 1856 1823 vestro
1883 1783 1973 1821 νος

399 1867 665 1920 luntatem
686 1880 860 1930 suam,
886 1871 941 1918 et
967 1879 1074 1918 non
1110 1863 1313 1917 sineret
1340 1877 1504 1931 super
1528 1860 1694 1914 alium
1724 1858 1973 1913 inclinari

394 1957 728 2012 voluntatem
769 1964 1030 2020 vestram,
1085 1953 1186 2008 nisi
1241 1968 1402 2023 super
1450 1967 1572 2006 eum
1604 1951 1694 2020 qui
1731 1951 1830 2004 sibi
1861 1948 1975 2018 pla-

394 2049 619 2103 cuisset.
665 2047 852 2117 Itaque
879 2045 1182 2115 perfecistis
1211 2044 1390 2100 omnia
1411 2059 1532 2113 qua:
1574 2043 1627 2098 in
1660 2041 1751 2096 tali
1798 2056 1859 2096 re
1893 2041 1973 2095 fa-

395 2139 590 2194 cienda
635 2146 812 2203 erant,
847 2137 938 2192 tali
976 2135 1082 2190 ﬁde
1126 2143 1180 2190 et
1213 2149 1328 2203 spe,
1371 2143 1433 2187 ut
1475 2134 1578 2188 hoc
1604 2147 1636 2186 a
1663 2131 1776 2187 Deo
1822 2131 1974 2186 vobis

394 2228 635 2284 infusum
673 2237 730 2283 et
753 2228 1070 2297 inspiratum
1093 2241 1251 2280 nemo
1281 2225 1566 2279 dubitaret.
1601 2223 1824 2278 Czeteris
1851 2222 1974 2277 ﬁliis

391 2318 595 2372 vestris
641 2330 666 2357 ι
714 2315 1034 2386 designastis
1074 2323 1257 2384 partes
1303 2313 1454 2383 regni
1507 2313 1714 2376 vestri;
1771 2312 1864 2366 sed
1914 2320 1974 2365 ut

392 2409 429 2450 δ
449 2423 620 2463 unum
657 2422 882 2477 regnum
901 2414 1067 2470 esset,
1099 2419 1204 2458 non
1241 2405 1364 2468 tria,
1387 2404 1699 2474 praetulistis
1721 2418 1844 2458 eum
1872 2403 1976 2460 illis

389 2515 564 2573 quem
591 2500 910 2569 participem
941 2498 1173 2552 nominis
1213 2497 1381 2551 vestri
1428 2496 1662 2561 fecistis;
1693 2511 1757 2551 ac
1784 2497 1975 2552 deinde

394 2601 554 2666 gesta
579 2593 820 2648 scribere
848 2591 1165 2655 mandastis,
1194 2590 1394 2658 scripta
1421 2589 1656 2657 signare,
1681 2596 1738 2644 et
1762 2591 1980 2644 robora-

399 2702 484 2753 re,
513 2693 569 2740 et
600 2693 908 2741 consortem
963 2683 1199 2738 nominis
1243 2683 1410 2737 vestri
1441 2681 1662 2748 factum,
1688 2693 1710 2722 ο
1749 2682 1977 2738 Romam

401 2775 628 2831 misistis
679 2789 711 2828 a
755 2788 966 2829 summo
1005 2771 1264 2842 pontiﬁce
1303 2779 1453 2843 gesta
1489 2783 1668 2829 vestra
1696 2775 1974 2844 probanda

2079 1771 2188 1824 Deo
2215 1769 2473 1840 elegistis,
2512 1769 2628 1823 sine
2673 1768 2781 1822 Deo
2832 1768 3142 1838 repudiatis,
3185 1778 3240 1822 et
3284 1767 3435 1837 cujus
3462 1771 3650 1824 volun-

2079 1871 2242 1916 tatem
2285 1861 2337 1914 in
2385 1859 2630 1930 eligendo
2679 1859 2938 1928 qumsitis,
2980 1873 3087 1912 non
3140 1868 3450 1928 exspectato
3502 1862 3647 1914 exitu

2079 1952 2369 2006 voluntatis
2391 1951 2526 2020 ejus,
2556 1965 2671 2004 rem
2700 1949 2982 2018 probatam
3011 1949 3330 2017 reprobatis.
3356 1948 3474 2006 Non
3500 1951 3650 2020 igno-

2079 2053 2164 2100 rat
2187 2044 2471 2113 prudentia
2501 2051 2702 2108 vestra,
2730 2042 2873 2111 quod
2910 2042 3212 2110 sequendus
3241 2051 3325 2098 est
3353 2043 3513 2108 Deus,
3542 2061 3648 2098 non

2075 2133 2477 2205 prmcedendus.
2528 2132 2661 2186 Nam
2690 2133 2779 2202 qui
2809 2132 3116 2202 praecedere
3142 2133 3277 2201 vult,
3311 2142 3484 2189 tentat
3506 2135 3649 2204 quod

2079 2242 2184 2280 non
2212 2234 2296 2280 est
2322 2241 2387 2281 ex
2420 2225 2543 2291 ﬁde,
2583 2225 2802 2303 dicente
2829 2226 2944 2294 ipso
2992 2224 3221 2280 Domino
3254 2244 3267 2280 :
3305 2225 3427 2282 Non
3480 2239 3650 2284 tenta-

2077 2317 2154 2371 bis
2177 2317 2459 2370 Dominum
2494 2315 2655 2369 Deum
2683 2325 2850 2369 tuum.

2149 2409 2213 2464 V.
2250 2407 2379 2472 Oro,
2430 2408 2645 2462 domine
2686 2409 2782 2472 mi,
2846 2409 2988 2462 adsit
3036 2409 3420 2478 benignissima
3477 2411 3651 2480 pietas

2079 2507 2278 2564 vestra,
2321 2515 2389 2553 ne
2432 2508 2782 2566 aspernanter
2823 2499 2926 2552 ista
2977 2500 3282 2569 accipiatis;
3335 2503 3429 2556 sed
3472 2502 3650 2573 potius

2080 2589 2419 2659 ingredimini
2467 2588 2767 2643 sacrarium
2806 2589 3002 2643 mentis
3043 2598 3236 2644 vestra:
3257 2606 3380 2646 cum
3435 2591 3568 2659 Deo,
3593 2603 3650 2648 et

2077 2680 2357 2750 loquimini
2403 2694 2526 2734 cum
2563 2678 2655 2733 illo
2701 2679 2972 2734 mediante
3011 2680 3132 2734 ﬁdei
3184 2682 3424 2750 pietate;
3474 2693 3530 2738 et
3568 2685 3650 2739 in-

2074 2774 2305 2829 venietis
2348 2789 2445 2829 vos
2487 2773 2687 2828 dixisse
2740 2773 2869 2842 Deo,
2922 2789 3028 2830 non
3067 2775 3264 2843 verbis,
3312 2778 3405 2833 sed
3442 2781 3644 2836 rebus:

1762 2883 2032 2939 BALUZII
2072 2883 2299 2940 NOTfo

401 2993 465 3032 ae
513 2976 712 3030 litania:
754 2974 930 3030 factae.
974 2972 1105 3046 Post
1144 2973 1250 3026 hoc
1288 2971 1400 3046 jam
1453 2971 1630 3025 dictus
1683 2972 1976 3046 imperator
2002 2979 2046 3038 (ζ
2079 2976 2244 3028 renda
2274 2983 2376 3037 est,
2408 2975 2602 3043 inquit,
2635 2975 2936 3044 procacitas
2962 2984 3017 3031 et
3053 2977 3347 3046 petulantia
3381 2983 3645 3037 recentio-

401 3047 714 3110 Clotarium,
740 3046 832 3114 qui
859 3052 977 3098 erat
1003 3042 1175 3110 major
1203 3050 1354 3114 natu,
1381 3042 1760 3114 imperatorem
1790 3042 1971 3112 elegit,

401 3133 465 3171 ac
490 3133 588 3187 per
612 3112 867 3187 coronam
897 3112 1365 3187 auream__tradidit
1393 3113 1442 3164 ei
1473 3112 1778 3187 imperium,
1806 3127 1976 3182 popu-

402 3188 466 3242 lis
491 3180 956 3248 acclamantibus,
1004 3192 1058 3237 et
1103 3182 1441 3252 dicentibus,
1505 3180 1650 3236 Vivat
1692 3180 1976 3252 imperator

400 3257 684 3324 Clotarius.
729 3255 892 3309 Facta
922 3261 1003 3309 est
1032 3260 1210 3306 autem
1238 3251 1424 3324 laetitia
1459 3267 1650 3324 magna
1694 3253 1748 3306 in
1768 3251 1975 3324 populo

400 3327 488 3381 die
517 3321 626 3381 illo.
671 3324 739 3380 Et
764 3325 877 3394 ipse
906 3323 1198 3394 imperator
1232 3323 1508 3394 benedixit
1545 3321 1867 3388 Dominum,
1889 3324 1973 3377 di-

400 3413 529 3451 cens
556 3417 568 3451 :
601 3392 921 3449 Benedictus
959 3409 1018 3448 es
1057 3393 1314 3448 Dominus
1345 3392 1485 3446 Deus
1526 3401 1732 3455 noster,
1763 3394 1853 3462 qui
1883 3394 1975 3448 de-

401 3467 522 3521 disti
546 3467 705 3521 hodie
724 3481 790 3519 ex
814 3465 1019 3518 semine
1042 3478 1162 3517 meo
1188 3463 1563 3518 consedentem
1589 3462 1642 3515 in
1669 3461 1803 3516 solio
1828 3478 1972 3526 meo,

399 3537 706 3591 videntibus
733 3535 903 3588 oculis
943 3534 1112 3604 meis.
1134 3553 1152 3585 ι
1187 3533 1377 3604 Actum
1410 3533 1574 3604 imm
1600 3532 1716 3604 Kal.
1745 3533 1972 3604 Augusti

400 3607 586 3661 scribit
615 3613 803 3659 auctor
832 3604 1063 3658 ineditus
1088 3601 1371 3656 Annalium
1397 3602 1798 3656 Anianensium.

472 3688 496 3716 α
536 3674 858 3743 Designastis
886 3682 1058 3743 partes
1086 3674 1248 3742 regni.
1280 3670 1504 3740 Pippino
1531 3671 1780 3726 videlicet
1806 3671 1975 3741 Aqui-

472 3693 496 3716 δ
536 3693 655 3729 11881
695 3693 858 3728 nasus
886 3693 1058 3743 partes
1086 3693 1248 3742 regni.

400 3746 625 3810 taniam,
653 3693 924 3798 Eudovico
954 3741 1274 3810 Bajoariam.

471 3815 498 3854 ιι
531 3814 597 3868 Ut
623 3830 784 3868 unum
803 3829 1015 3883 regnum
1036 3821 1187 3875 esset,
1203 3827 1325 3883 non_
1324 3812 1445 3865 tria.
1460 3811 1630 3864 Aliter
1650 3817 1827 3864 tamen
1849 3810 1973 3883 dein

397 3885 593 3941 evenit.
631 3883 766 3937 Nam
798 3878 990 3947 triplex
1029 3898 1096 3937 ex
1139 3897 1246 3934 uno
1288 3880 1616 3934 Francorum
1649 3895 1872 3947 regnum
1903 3878 1976 3932 fa-

397 3963 543 4008 ctum
573 3963 683 4018 est,
725 3963 845 4023 post
869 3949 1128 4023 Ludovici
1161 3958 1414 4023 mortem,
1461 3949 1536 4002 uti
1565 3949 1766 4002 dictum
1792 3957 1874 4002 est
1905 3949 1973 4003 ad

396 4023 681 4092 epistolam
708 4021 840 4091 Lupi
867 4021 1252 4092 Ferrariensis.

472 4105 494 4132 ο
537 4093 755 4148 Romam
788 4087 1026 4146 misistis.
1077 4090 1154 4144 Ne
1199 4088 1635 4158 quisexistimet
1677 4087 1730 4141 id
1772 4087 1973 4142 factum

395 4162 564 4218 fuisse
609 4163 788 4218 statim
824 4171 946 4232 post
964 4157 1296 4232 conventum
1326 4157 1847 4232 Aquisgranensem,
1878 4174 1975 4232 ne-

395 4248 502 4302 que
549 4233 668 4287 ideo
698 4229 919 4286 missum
962 4231 1276 4286 Lotharium
1306 4236 1365 4282 ut
1402 4244 1656 4302 coronam
1699 4229 1972 4302 imperiia

395 4299 652 4374 pontiﬁce
693 4303 939 4374 Romano
964 4303 1264 4374 acciperet,
1288 4313 1392 4374 _ac_
1422 4299 1467 4352 si
1514 4299 1969 4374 tum_necessaria

396 4368 537 4443 novo
565 4373 875 4443 imperatori
902 4368 1430 4443 fuissetiapp‘robatio
1458 4369 1653 4443 summi
1677 4368 1968 4443 pontiﬁcis,

393 4441 620 4512 afferam
642 4437 808 4496 verba
837 4437 1277 4512 Eginhardi,’viri
1306 4438 1359 4491 in
1387 4439 1506 4512 aula
1536 4437 1971 4512 educati,_et_ne-

389 4506 1042 4584 'gotiorumpublicorum
1090 4508 1278 4584 gnari,
1329 4507 1730 4584 majestatisque
1768 4506 1971 4573 jnrium

393 4576 766 4637 Eallentissifni
791 4598 855 4635 ac
877 4576 1346 4649 temperantissimi
1373 4576 1664 4649 scriptoris.
1682 4576 1969 4645 Postquam

393 4667 523 4722 ergo
570 4653 705 4706 dixit
750 4647 1056 4706 Lotharium
1109 4666 1138 4702 a
1179 4656 1340 4722 patre
1387 4647 1697 4722 in__ltaliam
1731 4649 1970 4722 _missum

397 4717 561 4777 fuisse
587 4739 676 4776 an.
705 4722 829 4786 8‘22,
873 4731 933 4775 ut
959 4736 1072 4773 rem
1105 4717 1372 4789 publicam
1402 4717 1968 4789 illic_administraret,

397 4791 510 4846 h:ec
540 4792 756 4845 demum
801 4793 876 4845 ait
912 4791 979 4844 ad
1015 4787 1213 4842 annum
1259 4787 1362 4841 825
1404 4807 1415 4840 :
1457 4807 1475 4837 ‹
1513 4787 1801 4842 Lotltarius
1845 4801 1973 4840 vero

397 4879 518 4930 cum
568 4862 863 4930 secundum
910 4860 1076 4930 patris
1113 4857 1409 4930 jussionem
1456 4859 1509 4930 in
1549 4856 1699 4930 italia
1734 4855 1973 4924 justitias

399 4929 624 4998 faceret,
657 4941 712 4986 et
730 4929 842 4998 jam
875 4927 933 4985 se
960 4929 1029 4983 ad
1056 4929 1428 4998 revertendum
1460 4928 1523 4981 de
1551 4927 1702 4998 Italia
1725 4941 1974 4998 propera-

397 5009 496 5071 ret,
525 4997 750 5071 rogante
777 4999 1035 5055 Paschale
1060 5013 1194 5071 papa
1221 4997 1618 5071 llomam_vcn_it
1636 4997 1974 5071 ;_et__honori:

397 5070 496 5124 ﬁce
528 5065 615 5125 ab'
643 5071 732 5124 illo
773 5065 1080 5139 susceptus,
1118 5065 1171 5121 in
1205 5075 1391 5121 sancto
1430 5066 1671 5139 Paschali
1709 5065 1795 5120 die
1833 5066 1973 5139 apud

395 5152 646 5195 sanctum
682 5141 901 5196 Petrum
933 5135 1095 5207 'regni
1138 5151 1404 5207 coronam
1432 5146 1505 5207 et,
1535 5135 1875 5204 imperatoris
1919 5143 1974 5188 et

392 5210 620 5280 Augusti
675 5226 870 5265 nomen
925 5205 1149 5277 accepit.
1204 5205 1329 5260 Inde
1382 5205 1973 5280 Papiamut‘egressus,

397 5275 580 5335 mense
607 5280 766 5334 Junio
796 5281 862 5334 ad
893 5275 1275 5348 imperatorem
1302 5275 1474 5348 venit.
1497 5295 1524 5348 Δι
1568 5275 1972 5348 ldipsnm__scri-

391 5349 474 5404 bit
503 5353 668 5406 etiam
699 5359 890 5405 auctor
915 5344 1050 5404 Vita:
1074 5345 1331 5400 Ludovici
1362 5345 1462 5410 Pii,
1495 5345 1727 5414 itemque
1751 5344 1863 5414 alii.

461 5418 490 5458 ιι
527 5420 725 5475 lurore
772 5437 946 5474 omnes
977 5418 1232 5488 jupssistis.
1405 5415 1510 5488 istg
1551 5415 1820 5488 praecipue
1850 5413 1974 5488 loco

390 5490 647 5546 evincere
675 5499 902 5544 conatur
926 5483 993 5542 ll:
1027 5486 1086 5540 P.
1121 5484 1448 5553 Theophilus
1478 5485 1806 5554 Raynaudus
1835 5483 1975 5552 Ago-

295 5573 300 5576 '
392 5558 620 5616 bardum
653 5561 847 5614 debere
878 5559 1040 5614 eximi
1076 5574 1105 5611 a
1149 5556 1324 5624 culpa,
1369 5557 1581 5608 tametsi
1629 5554 1972 5624 rebellionem

389 5627 634 5688 Lotharii
676 5630 871 5686 foverit
910 5630 1166 5683 adversus
1196 5622 1423 5695 patrem.
1463 5644 1479 5675 ο
1519 5624 1670 5678 Nullo
1704 5624 1860 5679 modo
1892 5622 1968 5676 fe-

2080 3060 2220 3123 rum,
2252 3045 2344 3123 qui
2374 3047 2660 3123 metiente_s
2698 3046 2763 3123 d_e
2815 3061 2913 3100 suo
2958 3045 3170 3123 ingenio
3210 3059 3454 3115 caeteros,
3501 3053 3646 3123 Ago-

2077 3115 2301 3190 bardum
2332 3122 2584 3190 tanquam
2615 3114 2898 3171 factiosum
2921 3127 2975 3172 et
3003 3114 3313 3174 seditiosum
3342 3114 3643 3190 traducunt,

2075 3183 2251 3268 iisque
2271 3200 2391 3240 eum
2419 3183 2641 3268 ﬂoribus
2662 3199 3044 3268 conspergunt,
3071 3199 3149 3255 ut,
3172 3191 3214 3244 si
3238 3191 3357 3247 illos
3377 3183 3645 3261 audimus,

2074 3257 2309 3327 maligna
2335 3258 2555 3312 omnino
2583 3272 2646 3311 ac
2672 3257 2915 3326 pessima
2934 3259 3206 3314 voluntate
3233 3272 3474 3318 versatus
3497 3267 3568 3320 sit
3594 3257 3645 3320 in

2074 3328 2289 3400 negotio
2336 3328 2645 3400 proposito;
2689 3336 2877 3400 contra
2917 3344 3077 3400 quam
3115 3339 3295 3400 aperte
3329 3333 3554 3388 habetur
3581 3353 3647 3390 ex

2074 3397 2358 3466 ipsiusmet
2383 3397 2648 3468 Agobardi
2678 3397 3015 3474 epistola__ad
3059 3397 3388 3474 Ludovicum
3419 3405 3649 3474 impera-

2073 3476 2278 3538 torem;
2325 3481 2397 3538 ex
2440 3467 2544 3538 qua
2586 3467 2871 3538 manifeste
2900 3469 3068 3537 liquet
3111 3467 3646 3538 Agobarbum,inetu

2073 3536 2783 3610 potius_violandi_nu_minis
2811 3547 2866 3591 et
2895 3536 3192 3610 temperandi
3226 3536 3518 3610 juramenti
3547 3561 3645 3598 au-

2073 3605 2224 3684 ctore
2263 3607 2380 3684 ipso
2422 3605 2698 3684 Ludovico
2726 3609 2948 3684 przestiti
2979 3608 3107 3684 ﬁlio,
3151 3605 3482 3684 qnam‘malo
3520 3629 3646 3684 erga

2078 3675 2403 3730 Ludoviéum
2444 3675 2659 3737 affectu,
2707 3676 2907 3745 aliquid
2951 3675 3215 3730 molitum.
3249 3698 3266 3730 ι
3314 3678 3477 3744 Quasi
3519 3675 3648 3737 vero

2072 3761 2180 3819 non
2204 3754 2423 3819 constet
2463 3745 2733 3799 neminem
2764 3761 2822 3800 se
2846 3761 3000 3819 reum
3032 3747 3222 3819 fateri,
3261 3755 3317 3801 et
3343 3750 3649 3819 quicunque

2074 3815 2421 3869 rebellionem
2451 3823 2691 3882 coeptant
2719 3824 2812 3867 aut
2838 3815 3047 3878 fovent,
3090 3813 3253 3882 justis
3295 3813 3443 3872 sede
3470 3813 3649 3876 can-sis

2074 3883 2254 3957 facere
2284 3898 2392 3957 non
2409 3881 2790 3957 proﬁteantur.
2807 3953 2818 3957 _
2836 3883 3071 3957 Denique
3112 3885 3157 3938 si
3184 3885 3334 3957 deest
3357 3898 3647 3957 praetextas

2071 3952 2197 4006 boni
2224 3951 2443 4021 publici,
2469 3951 2778 4022 obtenditur
2806 3951 3055 4006 infractio
3075 3951 3406 4022 pactionum,
3432 3959 3647 4016 violatio

2067 4022 2439 4092 jurisjurandi,
2490 4030 2581 4076 aut
2609 4021 2808 4091 aliquid
2851 4023 3043 4078 simile.
3077 4021 3243 4090 ’Quod
3285 4026 3328 4080 si
3357 4027 3443 4080 illa
3473 4029 3649 4084 Theo-

2071 4093 2204 4163 phili
2231 4093 2508 4163 Raynaudi
2537 4094 2931 4163 argumentatio
2962 4094 3184 4159 valeret,
3217 4094 3373 4151 facile
3401 4101 3650 4154 ostende-

2073 4179 2188 4236 rem
2211 4163 2592 4236 extra_culpat_n
2609 4177 2738 4236 esse
2767 4164 3046 4236 episcopos
3067 4181 3255 4220 omnes
3279 4168 3371 4236 qui
3396 4179 3649 4224 exaucto-

2073 4235 2340 4309 rationem
2369 4232 2624 4309 Ludovici
2655 4247 2927 4309 peregere.
2951 4232 3109 4309 Quid
3137 4232 3385 4309 enim—Ain
3415 4242 3646 4309 speciem

2075 4305 2341 4378 sanctius,
2373 4303 2503 4373 quid
2532 4302 2863 4378 religiosius,
2888 4305 3030 4378 quid
3065 4306 3353 4378 episcopali
3387 4302 3649 4378 gravitate

2074 4374 2304 4442 dignius,
2332 4372 2493 4440 quam
2519 4372 2651 4426 Acta
2682 4373 2858 4443 impia:
2887 4373 3026 4427 illius
3050 4372 3113 4429 ac
3135 4372 3649 4432 nefahdmbxaucto—

2074 4444 2334 4522 rationis?
2363 4443 2431 4522 Et
2459 4449 2637 4522 tamen
2677 4443 3143 4522 posteritasui-stos
3177 4445 3440 4522 culpavit,
3473 4463 3648 4522 neque

2072 4514 2352 4585 quisquam
2383 4513 2642 4565 hactenus
2683 4511 2933 4564 infamem
2977 4513 3120 4566 illam
3158 4511 3416 4583 principis
3458 4511 3646 4585 optimi

2072 4581 2421 4649 dejectionem
2450 4595 2710 4635 excusare
2738 4596 3020 4650 aggrchus
3044 4591 3146 4646 est,
3177 4581 3362 4636 eorum
3393 4581 3646 4640 nimirum

2072 4655 2163 4721 qui
2219 4660 2340 4734 post
2389 4650 2508 4734 illos
2563 4649 2954 4734 vixere.._N_am
2989 4651 3090 4734 "vel
3143 4651 3648 4734 unus‘Agobardus

2071 4720 2316 4792 exemplo
2354 4723 2476 4792 erit,
2508 4736 2612 4792 non
2655 4720 2938 4792 destitutas
2987 4720 3148 4776 fuisse
3190 4720 3427 4776 Letharii
3465 4734 3648 4792 partes

2071 4793 2203 4847 viris
2231 4790 2477 4854 eruditis,
2507 4790 2597 4858 qui
2626 4805 2784 4844 manu
2814 4790 3099 4860 linguaque
3131 4790 3644 4848 rebellionenifove-

2073 4870 2212 4916 rent.
2237 4863 2363 4932 iEgo
2391 4875 2620 4932 veneror
2645 4860 2984 4929 Agolardum
3014 4879 3073 4915 ex
3103 4862 3315 4926 animo;
3346 4864 3438 4916 sed
3472 4863 3646 4916 homi-

2072 4947 2197 4986 nem
2223 4931 2390 4985 fuisse
2417 4931 2580 4984 credo
2609 4947 2620 4982 :
2651 4939 2707 4982 et
2732 4945 2852 4998 quae
2877 4947 3160 5000 perperam
3187 4932 3328 5002 egit,
3370 4947 3432 4986 ea
3472 4947 3648 5002 neque

2071 5002 2260 5070 probo,
2291 5014 2463 5070 neque
2485 5014 2746 5070 excusare
2771 5014 2954 5055 conor.

2148 5083 2171 5111 θ
2209 5069 2493 5122 Amborum
2525 5069 2896 5138 imperatorum
2931 5071 3160 5123 nomina.
3189 5069 3402 5124 'Earum
3441 5069 3651 5124 littera-

2072 5157 2194 5196 rum
2228 5140 2332 5194 hoc
2368 5139 2579 5194 initium
2617 5146 2738 5192 erat
2779 5157 2790 5190 :
2837 5139 3196 5193 Hludouvicus
3243 5148 3290 5192 et
3337 5139 3647 5194 Hlothariu's

2073 5211 2248 5266 divina
2275 5209 2549 5262 ordinante
2573 5207 2895 5278 providentia
2925 5211 3257 5278 imperatores
3286 5209 3527 5277 Augusti.

2148 5282 2167 5318 τ
2212 5279 2415 5332 Nomen
2452 5279 2700 5331 omissum
2731 5286 2826 5330 est.
2869 5277 3129 5332 Accendit
3167 5279 3307 5332 haud
3340 5278 3498 5333 dubie
3527 5294 3651 5334 con-

2075 5349 2293 5405 tumelia
2325 5348 2410 5401 illa
2449 5347 2686 5401 animum
2725 5347 2986 5400 Lotbarii.
3019 5345 3127 5399 Cur
3163 5349 3304 5401 enim
3343 5361 3399 5403 se
3433 5363 3656 5404 consor-

2075 5430 2183 5474 tem
2211 5417 2419 5486 imperii
2450 5417 2668 5470 fecisset
2691 5425 2860 5483 pater,
2891 5415 2935 5469 si
2963 5423 3146 5486 postea
3181 5433 3374 5472 nomen
3407 5433 3562 5472 suum
3594 5420 3648 5472 in

2074 5484 2347 5560 consortio
2375 5487 2605 5560 paterni,
2631 5487 2771 5560 quod
2798 5501 2894 5552 per
2918 5484 3112 5541 multos
3137 5503 3307 5542 annos
3333 5499 3648 5560 usurpatum

2075 5559 2275 5620 fuerat,
2310 5553 2476 5611 nollet
2502 5553 2731 5608 admitti.
