3962 6180
389 336 488 393 291

1343 336 1402 395 S.
1443 336 1793 395 AGOBARDI
1832 328 2137 394 EP‘lSCOPI
2176 336 2655 398 LUGDUNENSXS

3554 354 3657 415 292

388 445 632 510 nomine,
679 444 987 518 rogavimus
1020 453 1073 501 et
1114 447 1383 517 deprecati
1429 466 1616 506 sumus
1663 448 1865 508 facient
1896 466 1980 505 re-
2009 455 2052 514 Α
2083 450 2185 505 isto
2205 465 2345 507 anno
2369 466 2435 507 ex
2462 453 2564 509 hac
2584 456 2867 514 occasione
2890 463 3200 529 perpetrata
3228 460 3490 524 dolemus.
3518 477 3575 522 et
3598 471 3658 524 ti~

387 544 605 608 spectus
654 536 731 589 tui
785 534 1118 605 suppliciter,
1146 544 1205 590 ut
1235 544 1323 592 tua
1352 537 1745 596 illuminatione
1784 548 1837 594 et
1880 556 1975 608 gu-

385 627 703 683 bernatione
730 622 1051 695 eligeremus
1082 628 1402 699 participem
1431 630 1644 702 imperii
1674 648 1686 684 τ
1718 630 1819 687 sed
1849 631 1975 700 quia

388 724 566 770 tecum
598 715 734 770 bene
763 730 869 769 non
914 714 1164 783 fecimus,
1211 718 1330 773 siue
1380 727 1431 774 te
1460 720 1653 776 melius
1682 719 1973 776 consilium

387 803 710 858 invenimus.
768 802 946 869 Absit,
998 806 1156 860 absit.
1205 806 1431 864 Avertat
1476 808 1620 865 Deus
1648 826 1676 865 a
1710 810 1869 865 vobis
1915 816 1976 864 ut

387 895 793 966 inspirationcm
833 895 929 950 Dei
984 898 1296 968 repudietis,
1328 908 1384 956 et
1428 901 1761 958 voluntatem
1800 900 1974 955 uomi-

386 1001 515 1042 num
558 986 799 1040 carnalia
850 994 1058 1041 tantum
1107 990 1431 1060 sapientium
1475 992 1750 1058 statuatis,
1822 998 1885 1044 ut
1916 990 1972 1045 in

386 1090 625 1131 errorem
680 1076 1030 1141 inducamini,
1061 1087 1113 1131 et
1162 1078 1517 1136 deducamini.
1572 1080 1810 1139 Obsecro
1864 1079 1973 1136 cle—

386 1170 645 1225 mentiam
679 1179 937 1233 vestram,
985 1178 1045 1222 ut
1070 1170 1365 1224 secundum
1418 1185 1449 1225 a
1480 1170 1591 1225 Deo
1620 1171 1774 1227 vobis
1802 1169 1973 1226 colla-

386 1266 495 1313 tam
537 1259 876 1327 prudentiam
930 1260 1277 1329 perpendatis
1326 1262 1596 1330 quomodo
1639 1264 1840 1318 beatus
1876 1260 1970 1317 Ja-

383 1349 551 1405 cobus
578 1349 866 1420 Apostolus
911 1351 1269 1419 reprehendat
1304 1367 1398 1407 eos
1424 1354 1516 1423 qui
1573 1355 1802 1426 propriis
1857 1354 1972 1409 ani-

382 1456 594 1494 morum
626 1440 861 1494 motibus
908 1450 1216 1509 proponunt
1255 1441 1433 1512 aliqua
1486 1459 1545 1499 se
1577 1443 1822 1501 facturos
1856 1445 1972 1500 sine

380 1521 664 1600 prospectu
718 1531 912 1585 divinae
956 1531 1350 1600 permissionis,
1396 1533 1581 1590 dicens
1618 1554 1631 1590 :
1668 1535 1808 1591 Ecce
1833 1553 1971 1591 nunc

378 1625 467 1692 qui
497 1622 669 1676 dicitis
714 1634 734 1674 :
774 1620 946 1675 Hodie
975 1633 1065 1675 aut
1096 1640 1213 1677 cras
1256 1624 1445 1678 ibimus
1492 1625 1548 1680 in
1595 1626 1743 1681 illam
1792 1627 1972 1681 cirita-

379 1722 501 1776 tem,
532 1721 581 1765 et
639 1711 893 1781 faciemus
940 1712 1150 1782 quidem
1200 1713 1272 1766 ibi
1333 1731 1553 1780 annum,
1608 1727 1658 1771 et
1715 1717 1973 1772 mercabi-

2076 554 2285 594 mcmus
2319 540 2478 597 valde
2505 556 2575 598 ne
2595 543 2649 597 in
2683 559 2778 600 vos
2804 544 2954 603 furor
2978 547 3073 604 Dei
3103 541 3424 608 concitetur.
3452 556 3657 615 Recor-

2072 629 2265 684 damur
2284 646 2518 702 namque
2536 634 2930 693 ardentissimae
2953 638 3227 711 religionis
3250 654 3465 713 vestras,
3488 663 3653 719 quam

2070 717 2424 786 cognovimus
2476 734 2691 792 semper
2735 723 2793 779 in
2842 726 3160 783 assiduitate
3212 717 3541 802 orationum,
3596 739 3651 795 in

2070 804 2294 874 psalmis
2317 815 2373 863 et
2400 809 2614 880 hymnis
2644 821 2699 866 et
2724 814 2952 870 canticis
2977 816 3313 886 spiritalibus
3338 833 3650 885 cantantem

2070 902 2126 948 et
2172 896 2488 965 psallentem
2530 900 2642 955 Deo
2693 901 2749 958 in
2800 904 2964 960 corde
3005 920 3162 976 puro,
3215 910 3269 965 in
3327 918 3656 976 contritione

2069 983 2270 1051 cordis,
2323 986 2379 1041 in
2407 990 2823 1059 compunctione
2864 992 3089 1064 placidae
3116 1000 3335 1066 mentis,
3368 1003 3423 1057 in
3450 1006 3654 1062 sollici-

2072 1074 2256 1129 tudine
2301 1076 2795 1135 misericordiarum
2844 1091 2902 1137 et
2940 1086 3183 1141 omnium
3207 1089 3476 1149 bonorum
3514 1105 3652 1153 stre

2071 1162 2296 1217 unitate.
2333 1165 2401 1219 Et
2438 1165 2581 1234 ideo,
2636 1175 2697 1222 ut
2759 1170 2962 1226 dictum
3008 1183 3114 1241 est,
3156 1177 3452 1236 timendum
3498 1187 3653 1244 nobis

2069 1253 2302 1320 videtur,
2351 1271 2420 1311 ne
2463 1265 2725 1328 tepescat,
2756 1274 2826 1316 ne
2866 1260 3143 1333 frigescat.
3190 1271 3481 1339 optandum
3522 1290 3651 1332 vero

2070 1351 2130 1398 ut
2164 1343 2434 1401 fervescat
2479 1357 2533 1402 et
2559 1359 2821 1420 augeatur
2871 1359 3267 1422 perseverando
3307 1374 3478 1432 usque
3508 1364 3562 1418 in
3585 1364 3647 1419 fi-

2070 1452 2215 1501 nem,
2244 1447 2303 1493 ut
2328 1438 2473 1494 salus
2510 1442 2836 1509 sempiterna
2856 1456 3133 1514 sequatur.

2144 1527 2250 1583 Vll.
2302 1529 2370 1584 Et
2416 1529 2544 1600 quia
2575 1535 2824 1601 superius
2878 1532 2946 1589 de
2972 1535 3214 1606 legitimo
3255 1547 3310 1594 et
3347 1552 3648 1612 opportuno

2063 1616 2374 1688 juramento
2417 1621 2621 1676 mentio
2663 1622 2805 1679 facta
2853 1632 2962 1691 est,
2988 1627 3202 1682 videtur
3253 1630 3384 1685 mihi
3431 1647 3536 1689 non
3563 1651 3650 1690 cc»

2071 1710 2287 1765 landum
2313 1713 2645 1769 excellentia:
2671 1725 2885 1780 vestras,
2928 1716 3073 1788 quod
3097 1719 3264 1775 multa
3294 1728 3647 1781 murmuratio

377 1819 517 1865 mur,
555 1810 601 1856 et
652 1800 860 1855 lucrum
910 1801 1162 1870 faciemus
1212 1816 1231 1855 :
1269 1804 1360 1875 qui
1394 1806 1648 1876 ignoratis
1687 1806 1821 1879 quid
1869 1808 1967 1861 erit
1999 1830 2047 1890 Β
2073 1810 2161 1856 est
2180 1818 2323 1857 nunc
2349 1804 2491 1859 inter
2520 1805 2766 1861 homines
2791 1816 3016 1878 propter
3044 1811 3317 1866 contraria
3345 1823 3404 1869 et
3431 1815 3642 1873 diversa

376 1888 432 1946 in
465 1892 772 1946 crastinum.
827 1889 959 1957 Quae
1002 1893 1140 1945 enim
1171 1902 1245 1947 est
1279 1894 1381 1947 vita
1409 1895 1627 1950 vestra?
1662 1894 1844 1962 Vapor
1891 1904 1968 1950 est
2000 1888 2023 1890 Ῠ
2066 1889 2393 1959 iuramenta,
2425 1901 2481 1949 et
2524 1910 2633 1949 non
2673 1896 2785 1951 sola
2835 1901 3214 1966 murmuratio,
3257 1903 3351 1959 sed
3393 1913 3447 1960 et
3480 1905 3649 1963 tristi-

377 1981 448 2034 ad
491 1981 756 2035 modicum
782 1998 992 2052 parens,
1018 1980 1259 2053 deinceps
1284 1985 1735 2039 exterminabitur.
1776 1982 1880 2038 Pro
1906 2002 1966 2040 eo

376 2078 434 2122 ut
481 2068 668 2123 dicatis
705 2087 724 2123 :
756 2064 814 2124 Si
855 2068 1112 2124 Dominus
1152 2069 1392 2137 voluerit,
1440 2084 1510 2139 et,
1552 2071 1611 2129 Si
1656 2075 1963 2140 vixerimus,

375 2157 631 2227 faciemus
656 2159 772 2221 hoc,
821 2168 914 2213 aut
942 2158 1095 2215 illud.
1132 2161 1198 2216 Et
1224 2170 1412 2218 cavete
1440 2166 1509 2220 ab
1533 2165 1849 2222 hominibus
1873 2167 1964 2237 qui

373 2259 673 2319 sequuntur
714 2252 962 2320 spiritum
1002 2268 1182 2321 suum,
1232 2254 1357 2324 quia
1416 2272 1524 2312 non
1586 2259 1833 2315 omnium
1879 2267 1964 2316 est

376 2338 411 2393 ti
437 2341 532 2395 les.

444 2428 532 2484 VI.
572 2428 833 2501 Cognovit
878 2420 1137 2489 Dominus
1182 2433 1274 2504 qui
1302 2443 1430 2490 sunt
1456 2435 1606 2506 ejus;
1656 2445 1711 2493 et
1735 2438 1964 2509 quicun-

373 2536 478 2591 que
503 2522 620 2593 ejus
650 2537 856 2589 sumus,
881 2525 1355 2597 quantulacunque
1396 2528 1643 2584 veritatis
1681 2530 1801 2585 luce
1824 2528 1964 2585 frui-

372 2625 511 2672 mur,
554 2618 610 2665 et
659 2613 888 2668 veritate
932 2612 1269 2672 illuminante
1325 2617 1609 2675 sinceriter
1663 2635 1762 2676 vos
1809 2634 1960 2674 ama-

370 2716 514 2763 mus,
574 2701 804 2758 ﬁdeliter
874 2713 1109 2759 vestram
1183 2707 1567 2777 sempiternam
1640 2707 1959 2765 felicitatem

369 2798 721 2860 exoptamus;
765 2798 822 2848 et
865 2792 1069 2849 idcirco
1118 2804 1268 2851 tanta
1316 2797 1498 2863 mala,
1547 2805 1698 2854 tanta
1749 2799 1956 2855 scelera

380 2936 778 2952 Μ

2073 1983 2171 2049 tia,
2203 1992 2255 2040 et
2286 1986 2551 2042 detractio
2595 1989 2881 2044 adversum
2927 2006 3025 2047 vos
3054 2006 3071 2048 :
3102 1994 3245 2062 quod
3290 1994 3427 2051 mihi
3458 2012 3651 2068 usque-

2070 2088 2283 2143 quaque
2343 2075 2589 2132 disolicet
2643 2093 2657 2130 :
2711 2094 2943 2149 quorum
2994 2085 3355 2140 murmuratio
3398 2087 3466 2141 ad
3516 2085 3649 2142 illud

2069 2164 2340 2232 pertinere
2387 2164 2468 2219 eis
2510 2164 2726 2221 videtur
2756 2168 2900 2238 quo‘d
2943 2169 3136 2227 beatus
3182 2172 3541 2246 Hieronymus
3587 2178 3644 2233 in

2065 2254 2398 2324 expositione
2429 2255 2677 2314 Ieremia:
2725 2259 2858 2315 dicit
2901 2261 2957 2315 in
2985 2261 3077 2318 illo
3106 2263 3223 2320 loco
3265 2266 3356 2322 ubi
3385 2270 3645 2339 propheta

2062 2345 2140 2398 ait
2169 2359 2183 2398 :
2214 2344 2285 2399 Et
2300 2347 2512 2416 jurabis
2545 2368 2563 2406 :
2600 2350 2723 2404 vivit
2762 2349 3040 2419 Dominus,
3066 2353 3121 2407 in
3151 2357 3368 2410 veritate
3391 2366 3442 2411 et
3481 2358 3536 2411 in
3548 2358 3648 2428 ju-

2060 2434 2200 2490 dicio
2223 2445 2273 2490 et
2293 2437 2529 2508 justitia.
2554 2439 2644 2495 Ait
2664 2455 2795 2512 ergo
2809 2442 3104 2512 praedictus
3127 2443 3318 2502 doctor
3343 2464 3355 2501 :
3390 2465 3410 2498 ι
3448 2446 3649 2504 Simul-

2060 2538 2169 2595 que
2193 2528 2752 2596 animadvertendum,
2778 2532 3311 2606 quod-jusjurandum
3328 2537 3429 2593 hos
3447 2537 3671 2616 habeat_

2061 2620 2311 2685 comites,
2361 2622 2664 2686 veritatem,
2714 2620 2997 2690 judicium,
3040 2634 3202 2697 atque
3237 2628 3523 2699 justitiam.
3576 2629 3641 2689 Si

2059 2710 2166 2766 ista
2214 2712 2514 2780 defuerint;
2568 2728 2910 2787 nequaquam
2955 2717 3060 2773 erit
3100 2717 3488 2789 juramentum,
3538 2721 3639 2779 sed

2058 2800 2376 2872 perjurium.
2420 2821 2442 2857 ι

2432 2951 2776 2964 —-————_—.

775 3040 802 3069 ι
832 3028 939 3090 DE
982 3026 1621 3094 COMPARATIONE
1660 3035 2075 3100 REGIMINIS
2118 3039 2709 3105 ECCLESIASTICI
2742 3045 2845 3107 ET
2883 3045 3232 3110 POLITICI

866 3169 954 3230 Et
992 3170 1059 3232 in
1097 3172 1326 3251 quibus
1358 3173 1652 3237 Ecclesiae
1678 3174 1958 3255 dignitas
1991 3179 2362 3262 prae/uigeat
2392 3184 2802 3265 imperiorum
2830 3188 3160 3269 majestati.

435 3358 477 3414 l.
525 3358 733 3415 Domno
791 3357 1216 3415 clementissimo
1278 3369 1334 3418 et
1377 3361 1842 3424 Cliristianissimo
1891 3386 1956 3426 ac
1982 3377 2026 3440 C
2058 3372 2163 3428 bur
2212 3375 2591 3444 brachiorum;
2644 3378 2696 3432 in
2724 3379 3073 3437 altercatione
3103 3392 3283 3441 autem
3330 3403 3645 3451 sermonum

363 3466 464 3523 per
486 3452 592 3508 hoc
618 3450 765 3506 omni
792 3449 953 3506 laude
988 3451 1311 3522 dignissimo
1335 3453 1651 3525 imperatori
1676 3456 1952 3515 Ludovico

364 3544 701 3616 Agobardus.

435 3634 596 3691 Juhet
621 3643 803 3690 vestra
828 3634 1250 3706 prudentissima
1281 3636 1501 3693 solertia
1532 3647 1722 3694 contra
1747 3640 1775 3681 δ
1805 3655 1953 3696 com-

368 3726 635 3781 motiones
692 3723 850 3794 hujus
897 3727 1155 3797 temporis
1189 3736 1439 3797 paratum
1480 3743 1601 3785 esse
1662 3739 1953 3802 utrumque

362 3818 631 3882 ordinem,
691 3817 985 3872 militarem
1048 3819 1320 3885 videlicet,
1378 3827 1434 3876 et
1483 3821 1948 3890 ecclesiasticum;

364 3908 418 3962 id
444 3916 545 3973 est,
578 3917 632 3963 ct
674 3924 768 3964 eos
787 3909 878 3979 qui
907 3910 1155 3965 saeculari
1182 3911 1407 3977 militiae,
1433 3921 1487 3967 et
1508 3912 1629 3969 illos
1661 3915 1750 3985 qui
1781 3918 1955 3974 sacris

365 3998 679 4054 ministeriis
703 3999 1035 4066 inserviunt;
1064 4010 1118 4056 ct
1142 4002 1259 4058 illos
1281 4004 1496 4073 quidem
1535 4005 1603 4059 ad
1632 4009 1948 4065 certandum

363 4084 531 4150 ferro,
564 4088 700 4142 istos
740 4098 921 4144 autem
959 4092 1028 4144 ad
1056 4091 1465 4161 disceptandum
1498 4096 1691 4159 verbo;
1717 4106 1779 4151 ut
1803 4099 1952 4154 simi-

362 4176 445 4232 les
473 4177 740 4232 similibus
757 4180 1026 4234 obsistere
1054 4181 1290 4235 valeant.
1314 4182 1372 4236 in
1402 4199 1509 4252 qua
1532 4199 1589 4238 re
1608 4200 1951 4257 summopere

362 4266 642 4322 sciendum
679 4277 785 4335 est,
815 4270 957 4340 quod
988 4270 1043 4325 in
1090 4274 1471 4347 congressione
1506 4289 1782 4332 armorum
1826 4278 1947 4350 plus

363 4357 730 4428 exspectanda
755 4368 841 4415 est
856 4357 1071 4430 justitia
1093 4364 1311 4434 superni
1335 4364 1637 4437 regiminis.
1667 4382 1828 4437 quam
1860 4386 1949 4426 ro-

2051 3465 2173 3535 plus
2200 3470 2565 3539 exspectanda
2610 3479 2696 3527 est
2722 3473 2946 3540 veritas,
2965 3490 3129 3545 quam
3154 3478 3308 3549 copia
3332 3482 3640 3543 verborum.

2052 3556 2282 3627 Propter
2306 3559 2447 3629 quod
2464 3562 2727 3618 orandum
2747 3572 2830 3619 est
2848 3565 2918 3620 ab
2932 3567 3184 3623 omnibus
3208 3577 3321 3624 tota
3343 3571 3647 3630 intentione

2053 3651 2272 3717 mentis,
2299 3661 2361 3708 ut
2396 3651 2486 3708 ille
2515 3654 2583 3710 de
2610 3671 2719 3726 quo
2745 3672 2842 3713 vos
2894 3660 3098 3726 dicitis,
3130 3661 3386 3720 Dominus
3435 3665 3644 3722 illumi-

2053 3742 2198 3795 natio
2227 3758 2342 3797 mea
2372 3753 2420 3798 et
2449 3745 2595 3802 salus
2621 3764 2760 3815 mea,
2790 3751 2920 3820 quia
2964 3750 3286 3811 illuminatio
3314 3764 3490 3812 vestra
3529 3766 3641 3823 est,

2052 3830 2285 3887 illustret
2320 3832 2511 3889 faciem
2534 3851 2687 3891 suam
2718 3853 2883 3909 super
2904 3854 3034 3906 vos;
3060 3850 3116 3897 et
3142 3843 3272 3912 quia
3291 3844 3437 3901 salus
3459 3855 3643 3904 vestra

2052 3927 2156 3978 est.
2181 3912 2388 3978 salvum
2415 3940 2512 3981 vos
2548 3924 2713 3981 faciat
2756 3928 2813 3983 in
2854 3945 2953 3986 sua
3004 3932 3394 4002 misericordia,
3425 3945 3485 3991 ut
3512 3937 3645 3993 huic

2052 4015 2286 4069 orationi
2311 4025 2673 4087 congruenter
2695 4034 2794 4076 vos
2837 4020 3469 4095 subjungatis:Dominc
3532 4043 3643 4083 non

2050 4100 2368 4169 confundar,
2407 4107 2657 4175 quoniam
2705 4110 2939 4166 invocavi
2962 4122 3031 4167 te.

2122 4192 2186 4247 ιι.
2242 4195 2352 4267 Ego
2390 4196 2554 4268 igitur
2581 4201 2829 4257 servulus
2874 4213 3072 4270 vester,
3106 4222 3230 4263 cum
3262 4209 3638 4277 oognovissem

2051 4298 2119 4339 ex
2157 4294 2338 4343 vestro
2375 4303 2532 4344 sacro
2567 4300 2838 4362 praecepto
2876 4293 3088 4363 jussum
3120 4298 3250 4353 mihi
3279 4312 3402 4355 esse
3445 4299 3512 4355 ad
3542 4314 3639 4356 ve-
3693 4337 3696 4341 η

2054 4385 2224 4433 stram
2264 4382 2609 4450 praesentiam
2662 4398 2956 4455 properare
2992 4387 3066 4442 ita
3100 4398 3374 4459 paratum,
3418 4397 3480 4446 ut
3507 4405 3637 4447 cum

1733 4458 2007 4519 BALUZII
2041 4465 2272 4524 NOTAE.

427 4554 454 4642 ξ
467 4541 854 4642 ιξλίξιίξτπίξιξῆίξξ
863 4541 1769 4642 ξξξξξξξξξιω
1793 4552 1941 4642 583-
1962 4560 2018 4620 D
2043 4563 2173 4616 moti
2190 4562 2480 4642 Lotharius
2505 4566 2809 4642 fratresque
2833 4571 2951 4642 ejus
2976 4586 3126 4642 arma
3142 4574 3395 4628 adversus
3417 4579 3633 4642 patrem

356 4612 508 4669 bardi
551 4611 616 4666 ad
653 4613 983 4670 Ludovicum
1007 4611 1403 4686 imperatorem
1423 4619 1704 4689 epistolam
1725 4662 1740 4687 ,
1789 4611 1941 4677 covm-
1962 4611 2009 4620 ”
2043 4611 2478 4689 ἶιίόἰῖθῙ-ἆῆἰ’ξ”ίῖι”
2644 4611 2951 4695 ’ἓξὲξ

356 4682 687 4724 nlpntphntnr
711 4685 873 4724 Atiam
920 4687 1200 4724 anictnlom
1239 4687 1487 4724 arcana-ii
1519 4688 1584 4724 IV
1621 4692 1687 4724 ml
1734 4694 1915 4724 οηςρηη
2043 4717 2160 4724 η.--
2314 4704 2578 4724 --ηηερημ
2641 4709 2700 4724 τε-
2881 4712 2891 4724 .
2919 4711 2932 4724 .
3050 4712 3062 4724 .
3266 4721 3275 4724 -
3310 4720 3319 4724 -
3380 4720 3389 4724 -
3528 4714 3579 4724 ...

352 4682 702 4762 plectebatut;
711 4685 874 4739 etiam
920 4682 1217 4762 epistolam
1239 4682 1487 4758 Gregorii
1503 4688 1584 4762 ⁸Ν
1620 4692 1688 4762 ad
1727 4682 1943 4762 episco-

393 4768 453 4832 os
483 4752 1020 4832 regniFrapcorum,
1059 4752 1377 4832 et_._Librum'
1396 4752 1787 4832 apologeticum
1840 4778 1940 4832 pro

393 4769 453 4809 os
483 4769 628 4823 regni
663 4769 1015 4820 rrancorum,
1059 4769 1123 4811 et.
1140 4769 1360 4812 Librum
1396 4769 1787 4829 apologeticum
1840 4778 1940 4832 pro

353 4769 479 4898 ﬁliis
500 4823 741 4898 ejusdem
770 4824 1043 4898 Ludovici.
1098 4826 1298 4880 Verum
1328 4834 1383 4880 et
1403 4844 1491 4883 res
1520 4830 1632 4898 ipsa
1657 4839 1711 4884 et
1735 4833 1941 4889 vetusti

355 4895 879 4972 codicisnauctoritas
908 4904 1196 4972 suaserunt
1217 4904 1278 4972 ut
1301 4898 1419 4972 haec
1444 4895 1555 4972 tria
1580 4900 1938 4972 distinguere-

352 4978 492 5018 mus.
546 4962 680 5017 Nam
708 4971 923 5034 certum,
943 4974 1025 5019 est
1046 4965 1331 5034 epistolam
1354 4968 1420 5022 ad
1444 4962 1775 5025 Ludovicuni
1802 4975 1937 5028 scri-

350 5043 494 5102 ptam
525 5033 803 5089 terminari
838 5034 889 5088 in
911 5033 997 5089 his
1020 5033 1218 5101 verbis,
1255 5036 1431 5106 Hujus
1460 5040 1537 5094 rei
1567 5040 1711 5094 nisus
1741 5044 1932 5098 merita

350 5114 519 5178 vestra
544 5106 963 5178 appropinquare
981 5105 1147 5178 faciat
1176 5105 1477 5178 apostbliris
1508 5111 1727 5165 meritis.
1792 5111 1931 5168 Tum

337 5174 499 5236 ,ἡξαυί
525 5174 729 5240 debuit,
780 5174 875 5231 sed
912 5174 1017 5232 non
1059 5177 1115 5231 in
1143 5174 1330 5232 eodem
1370 5178 1530 5243 libro,
1581 5180 1807 5243 epistola
1833 5199 1930 5239 seu

384 5257 530 5322 crtus
549 5242 909 5322 fragmentum
933 5246 1172 5322 epistola;
1193 5247 1437 5322 Gregorii
1465 5242 1531 5304 IV
1554 5242 1631 5322 ad
1650 5252 1933 5322 episcopos

349 5313 515 5389 partis
548 5312 832 5389 Ludovici:
854 5312 1087 5389 quzeivel
1108 5318 1185 5389 ob
1205 5312 1329 5374 hoc'
1347 5321 1519 5389 ipsum
1551 5320 1605 5374 in
1637 5312 1934 5376 eodcm'fa-

347 5381 556 5457 scicqu
577 5383 810 5457 alligari
829 5381 935 5451 non
962 5386 1171 5457 debuit,
1213 5381 1527 5457 quod'nulla
1563 5389 1705 5455 illius
1722 5393 1931 5449 'mentio

345 5458 520 5533 exstet
544 5452 595 5505 in
623 5452 847 5533 epistola
867 5458 940 5533 ad
964 5452 1310 5533 Ludovicu'm.
1359 5459 1523 5533 Liber
1547 5452 1763 5533 demum
1782 5477 1930 5533 apo-

344 5516 1015 5604 lpgleticus‘proculndubio
1042 5530 1110 5604 ab
1138 5537 1368 5598 utraque
1396 5530 1645 5604 epistola
1695 5516 1927 5604 disjuiigi

345 5588 553 5670 debuit.
603 5588 739 5646 Nam
776 5594 911 5648 nihil
933 5596 1077 5650 aliud
1103 5588 1371 5670 estquam
1396 5588 1533 5654 liber
1563 5600 1617 5653 in
1649 5588 1929 5670 publicum

341 5659 593 5740 emissus,
622 5674 814 5740 ac_per
854 5678 1046 5740 omnes
1066 5659 1266 5740 ubique
1303 5659 1926 5740 provinciasfutpatet,

344 5728 618 5800 vulgatus,
647 5728 731 5784 ad
760 5729 1096 5799 probandum
1114 5728 1486 5801 ju'stas't‘uissc
1518 5728 1710 5793 causas
1735 5728 1931 5809 quibus

2043 4717 2182 4783 _mus_
2212 4704 2603 4783 un-manife'ste.
2640 4709 2727 4775 Et,
2751 4712 2892 4783 quod
2912 4704 3487 4783 jugulumpetit,tres
3525 4714 3632 4769 illm

2040 4769 2443 4850 lucubrationes
2454 4769 2734 4843 disjuuctie
2751 4769 2817 4835 ac
2828 4769 3012 4837 divisse
3032 4791 3157 4837 sunt
3172 4769 3224 4835 iii
3248 4769 3434 4838 codice
3447 4784 3595 4850 regio
3610 4799 3630 4850 ς

2042 4842 2416 4922 incipiuntque
2462 4842 2653 4922 omnes
2694 4865 2725 4904 a
2764 4851 3063 4922 maiuscula
3092 4852 3300 4916 littera,
3357 4862 3418 4906 ut
3449 4842 3632 4909 solent

2040 4911 2196 4992 initia
2222 4911 2522 4992 librorum;
2549 4911 2887 4992 Verumqui'a
2909 4922 3239 4990 posteriores
3257 4911 3524 4992 Agobardi
3546 4923 3631 4976 lu-

2040 4984 2387 5058 cubrationes
2413 4985 2617 5058 nullum
2651 4984 2860 5044 titulum
2899 4984 3099 5047 habent
3122 4993 3177 5046 in
3216 4984 3387 5047 vetéri
3415 4993 3626 5058 codice,

2035 5054 2406 5131 amanuensis,
2434 5056 2860 5131 adcujusftdem
2891 5063 3089 5131 prodiit
3110 5062 3277 5117 editio
3300 5054 3625 5129 Massonica,

2033 5124 2241 5246 putavit
2261 5126 2378 5181 haec
2401 5124 2653 5197 conjungi
2677 5124 2907 5185 debere."
2924 5132 3212 5197 Caeterum,
3234 5133 3388 5188 istius
3412 5124 3628 5201 quoque

2058 5193 2202 5246 ibelli
2227 5195 2412 5246 titulus
2444 5197 2627 5246 nullus
2652 5207 2769 5246 erat
2793 5200 2843 5246 in
2867 5202 3035 5246 veteri
3061 5202 3267 5246 antiit-.9-
3325 5202 3513 5246 Itnmm
3540 5218 3628 5246 re.

2058 5193 2202 5271 ibelli
2227 5195 2412 5251 titulus
2444 5193 2627 5252 nullus
2652 5207 2769 5271 erat
2792 5200 2844 5254 in
2867 5202 3035 5271 veteri
3061 5193 3267 5259 codice.
3325 5193 3513 5271 Itaque
3538 5193 3629 5255 re-

2035 5263 2297 5336 tinuimus
2318 5281 2440 5320 eum
2470 5281 2632 5335 quem
2659 5267 2939 5325 Massonus
2956 5269 3229 5336 fecit,non
3255 5263 3625 5327 aliam'tamen

2034 5331 2105 5410 ob
2128 5349 2366 5410 causam,
2399 5331 2562 5410 quam
2591 5339 2716 5408 quia
2733 5339 2847 5410 jam
2868 5331 3104 5397 obtinuit
3127 5350 3186 5395 ut
3214 5355 3280 5397 eo
3311 5341 3469 5398 titulo
3504 5339 3626 5395 lau-

2036 5401 2195 5456 detur
2223 5405 2290 5457 ab
2316 5401 2560 5461 eruditis.

2108 5473 2135 5512 δ
2169 5472 2561 5552 _Commotiones
2583 5477 2742 5548 hujus
2770 5482 3043 5552 temporis,
3079 5481 3134 5536 id
3158 5491 3245 5537 est
3272 5480 3408 5536 bella
3438 5485 3494 5536 et
3512 5476 3628 5552 di}:

2036 5543 2319 5618 scnsiones
2340 5560 2460 5614 qua:
2485 5545 2541 5618 in
2577 5543 2746 5618 regno
2769 5543 3102 5607 Francorum
3146 5560 3303 5607 erant
3329 5565 3472 5606 anno
3514 5548 3628 5605 853

2035 5612 2107 5736 (ἐξ)
2131 5612 2455 5694 divisionem
2484 5612 2741 5674 Ludovici
2773 5618 3114 5691 filiorumque
3148 5620 3290 5691 ejus,
3332 5635 3432 5677 ceu
3462 5626 3623 5673 antea

2076 5697 2290 5736 unmus.

2076 5697 2290 5737 txtmus.
