3962 6180
358 202 466 259 295

1314 198 1374 255 S.
1412 198 1762 256 AGOBARDI
1800 196 2110 256 EPlSCOPI
2147 194 2630 254 LUGDUNENSIS

3523 200 3629 257 296

358 312 684 369 auctoritate
724 309 807 367 vel
833 308 1212 367 communione
1252 310 1612 379 suspenderit,
1642 326 1743 366 nec
1779 311 1940 365 aliam
1970 322 2022 380 Α
2046 310 2283 364 humana
2308 315 2591 367 temeritas
2611 314 2793 377 posset
2818 313 3092 377 appetere,
3120 322 3222 362 nec
3251 313 3422 378 porta
3439 321 3630 367 contra

359 405 671 462 manifestet
697 419 818 460 esse
839 402 1159 467 Ecclesiam,
1186 401 1290 457 nisi
1318 416 1440 472 quae
1468 402 1521 457 in
1544 401 1949 472 pontiﬁcalibus

361 498 777 568 apostolicarum
809 494 1020 550 sedium
1064 501 1145 548 est
1199 492 1429 548 solidata
1463 493 1770 557 radicibus;
1820 508 1950 563 quo—

358 591 520 647 modo
546 604 644 645 vos
680 588 749 643 ab
792 587 1033 643 universi
1062 587 1213 643 orbis
1239 587 1622 642 communione
1663 595 1951 656 separates

358 698 482 739 esse
506 696 612 737 non
634 681 881 746 creditis,
912 680 958 735 si
982 679 1088 734 mei
1108 680 1250 733 inter
1274 693 1429 734 sacra
1469 679 1727 750 mysteria
1755 693 1950 734 secun-

359 771 486 826 dum
513 769 957 825 consuetudinem
982 768 1219 823 nominis
1256 769 1575 823 memoriam
1606 768 1867 833 reticetis,
1893 768 1946 823 in

358 877 490 932 quo,
512 861 640 917 licet
663 861 907 932 indigno,
928 861 1240 930 apostolicze
1264 861 1410 916 sedis
1429 876 1527 929 per
1548 862 1947 916 successionem

358 953 707 1022 episcopatus
730 952 986 1024 prmsenti
1027 960 1271 1022 tempore
1312 952 1511 1008 videtis
1532 952 1832 1007 consistere
1855 951 1950 1006 ﬁr-

358 1044 632 1098 mitatem.
665 1063 684 1096 ι

426 1133 512 1187 111.
562 1132 1174 1202 Beatissimns-quoque
1215 1131 1329 1186 Leo
1375 1145 1513 1201 papa
1550 1131 1618 1185 ad
1663 1131 1948 1188 universos

356 1222 684 1278 Viennensis
731 1222 1029 1292 provinciae
1080 1222 1365 1292 episcOpos
1414 1223 1481 1277 de
1526 1223 1846 1277 auctoritate
1890 1230 1948 1277 et

355 1314 637 1385 privilegio
666 1314 978 1383 apostolicae
1006 1312 1153 1367 sedis
1179 1312 1252 1366 ita
1284 1312 1509 1367 scribit:
1544 1330 1564 1364 ι
1598 1311 1804 1368 Divinze
1827 1314 1944 1368 cul-

356 1412 469 1458 tum
508 1403 818 1473 religionis,
866 1417 1028 1472 quem
1059 1401 1112 1455 in
1158 1416 1351 1455 omnes
1391 1408 1612 1472 gentes,
1648 1416 1946 1472 omnesque

354 1492 626 1557 nationes,
662 1491 757 1546 Dei
789 1491 961 1545 voluit
993 1490 1164 1560 gratia
1207 1504 1534 1555 coruscare,
1580 1490 1654 1544 ita
1685 1489 1946 1546 Dominus

354 1590 546 1637 noster
574 1581 733 1637 Iesus
754 1579 1003 1635 Christus
1038 1580 1261 1634 humani
1290 1581 1506 1650 generis
1528 1579 1763 1634 salvator
1788 1580 1944 1635 insti-

2049 398 2195 453 illam
2215 398 2375 454 inferi
2400 398 2770 468 przevalerent.
2798 397 2996 452 Verum
3020 398 3159 454 hanc
3177 409 3346 469 petrae
3368 401 3526 459 istius
3545 421 3631 460 sa-

2047 488 2413 544 cratissimam
2448 487 2763 543 ﬁrmitatem
2796 487 2926 552 Deo,
2960 495 3021 541 ut
3050 488 3306 555 diximus,
3330 491 3635 551 aediﬁcante

2046 585 2441 641 constructam,
2457 577 2619 632 nimis
2644 577 2807 647 impia
2827 576 2943 631 vult
2961 580 3381 649 praesumptione
3402 582 3631 650 violare,

2045 668 2293 739 quisquis
2320 668 2438 738 ejus
2476 674 2802 738 potestatem
2832 674 3003 722 tentat
3030 666 3358 739 infringere,
3403 671 3634 728 favendo

2045 756 2432 827 cupiditatibus
2459 757 2593 821 suis,
2606 765 2663 811 et
2682 756 2737 810 id
2762 756 2909 826 quod
2936 756 3147 827 accepit
3166 773 3197 812 a
3223 760 3499 816 veteribus
3521 778 3633 818 non

2046 846 2342 917 sequendo.
2382 866 2403 900 ι
2438 845 2566 902 Hmc
2605 848 2797 902 beatus
2826 846 2974 913 Leo;
3014 848 3112 903 sed
3141 857 3196 903 et
3222 849 3312 904 alii
3342 851 3497 906 multi
3530 854 3634 908 hu—

2038 934 2278 1005 iusmodi
2304 937 2583 1003 docentes,
2614 945 2674 992 ut
2701 937 2843 993 illius
2871 937 3084 994 stabilis
3108 950 3278 1009 petra;
3300 943 3633 1013 sempiterna

2045 1028 2309 1093 soliditas,
2336 1043 2501 1098 super
2524 1043 2687 1098 quam
2708 1028 2969 1085 Dominus
3011 1029 3261 1087 Salvator
3296 1036 3481 1103 noster
3505 1053 3632 1107 pro-

2043 1118 2219 1187 priam
2245 1115 2490 1171 fundavit
2511 1116 2830 1184 Ecclesiam,
2861 1133 2891 1172 a
2922 1118 3053 1174 solis
3085 1129 3210 1176 ortu
3246 1137 3419 1193 usque
3449 1126 3517 1180 ad
3538 1142 3629 1182 oc-

2045 1227 2228 1266 casum
2253 1211 2517 1281 primatus
2542 1211 2626 1267 sui
2650 1212 3267 1281 apicem,successorum
3289 1231 3508 1272 suorum
3535 1235 3632 1273 au-

2044 1302 2297 1356 ctoritate
2322 1311 2432 1355 tam
2463 1316 2561 1371 per
2584 1315 2644 1356 se
2666 1316 2827 1371 quam
2857 1314 2881 1342 ι
2910 1317 3009 1372 per
3036 1303 3270 1360 vicarios
3300 1320 3427 1361 suos
3456 1306 3630 1363 ﬁrmi-

2046 1398 2130 1445 ter
2152 1393 2439 1447 obtineret.
2471 1392 2551 1446 Ex
2577 1392 2773 1463 quibus
2814 1392 3004 1449 beatus
3045 1395 3371 1452 Anastasius
3394 1413 3529 1468 papa
3561 1400 3630 1455 ad

2045 1483 2429 1554 imperatorem
2456 1485 2720 1550 scribens,
2761 1486 2920 1541 docet
2957 1488 3101 1556 quod
3126 1503 3226 1558 pro
3262 1487 3481 1546 Christo
3509 1491 3631 1548 fun-

2044 1581 2205 1643 gatur
2234 1573 2523 1642 legatione,
2551 1576 2644 1644 qui
2669 1590 2769 1646 pro
2791 1590 2925 1645 pace
2968 1586 3225 1647 precatur
3249 1578 3507 1637 Ecclesia:
3530 1599 3544 1647 ;
3573 1589 3630 1637 et

353 1671 479 1736 tuit,
506 1678 565 1724 ut
585 1670 788 1724 veritas
808 1684 929 1738 qua:
954 1677 1115 1722 antea
1142 1668 1274 1738 legis
1306 1676 1363 1724 et
1386 1669 1773 1739 prophetarum
1798 1685 1940 1739 prte-
1968 1661 2017 1720 B
2045 1667 2220 1736 ipsum
2249 1667 2632 1737 imperatorem
2663 1668 2937 1735 admonet,
2980 1675 3039 1722 ut
3068 1670 3380 1726 constitutis
3407 1680 3627 1744 aposto-

354 1760 514 1815 conio
548 1759 947 1824 continebatur,
974 1774 1073 1829 per
1099 1760 1451 1829 apostolicam
1492 1762 1677 1814 tubam
1714 1761 1771 1815 in
1796 1761 1961 1816 salu-'

354 1861 467 1914 tem
493 1852 868 1909 universitatis
897 1854 1090 1916 exiret,
1120 1853 1259 1908 sicut
1285 1853 1544 1922 scriptum
1575 1862 1696 1907 est:
1738 1852 1805 1908 In
1827 1869 1942 1907 om-

356 1960 473 1998 nem
497 1951 691 1998 terram
722 1944 879 1997 exivit
902 1960 1061 1997 sonus
1086 1960 1285 2008 eorum,
1314 1952 1363 1997 et
1399 1944 1453 1997 in
1474 1943 1606 2012 ﬁnes
1630 1944 1768 1997 orbis
1789 1953 1944 1997 terra:

354 2032 509 2088 verba
550 2049 751 2086 eorum.
784 2031 890 2087 Sed
934 2031 1095 2101 hujus
1137 2033 1381 2088 muneris
1421 2041 1824 2087 sacramentum
1870 2032 1944 2086 ita

353 2124 615 2180 Dominus
640 2124 707 2178 ad
734 2125 975 2179 omnium
1007 2123 1375 2195 apostolorum
1408 2121 1642 2178 cilicium
1668 2123 1945 2192 pertinere

354 2215 546 2280 voluit,
575 2222 636 2269 ut
663 2215 715 2268 in
744 2214 1058 2269 beatissimo
1088 2214 1273 2280 Petro,
1296 2213 1663 2285 apostolorum
1700 2212 1944 2267 omnium

353 2320 591 2374 summo,
612 2305 984 2376 principaliter
1022 2304 1342 2369 collocaret,
1389 2311 1448 2358 ut
1478 2303 1548 2358 ab
1588 2303 1744 2372 ipso,
1789 2302 1946 2372 quasi

353 2396 590 2466 quodam
625 2397 826 2465 capite,
853 2396 997 2450 dona
1034 2409 1132 2448 sua
1161 2394 1310 2448 velut
1337 2393 1393 2448 in
1420 2408 1619 2463 corpus
1641 2408 1804 2448 omne
1843 2390 1947 2447 dif-

353 2485 639 2550 funderet,
684 2493 745 2540 ut
777 2492 1055 2540 exsortem
1100 2498 1159 2538 se
1201 2484 1446 2554 mysterii
1473 2483 1802 2555 intelligeret
1825 2498 1945 2540 esse

358 2575 549 2641 divini,
587 2575 678 2646 qui
727 2589 890 2630 ausus
913 2572 1108 2629 fuisset
1130 2587 1161 2627 a
1188 2571 1336 2628 Petri
1365 2572 1637 2628 soliditate
1667 2573 1940 2630 recedere.

355 2664 510 2721 llunc
528 2666 677 2721 enim
704 2665 757 2719 in
783 2663 1120 2719 consortium
1155 2663 1445 2718 individuus
1481 2663 1707 2718 unitatis
1734 2678 1946 2719 assum-

353 2768 528 2827 ptum,
562 2755 616 2810 id
647 2755 789 2825 quod
819 2756 934 2825 ipse
957 2760 1096 2820 erat,
1126 2753 1299 2808 voluit
1331 2753 1638 2819 nominari,
1673 2754 1901 2809 dicendo
1927 2771 1940 2807 :

355 2847 434 2901 Tu
457 2865 509 2902 es
535 2846 754 2911 Petrus,
779 2853 828 2900 et
846 2861 1021 2915 super
1048 2844 1184 2898 hanc
1222 2853 1424 2914 petram
1451 2843 1725 2913 aediﬁcabo
1767 2843 1947 2900 Eccle-

352 2938 488 2991 siam
510 2952 713 3001 meam,-
748 2942 808 2990 ut
828 2935 1017 2990 aeterni
1045 2933 1230 3004 templi
1259 2933 1547 2989 mdiﬁcatio
1569 2933 1804 2989 mirabili
1827 2951 1945 2991 mu-

2043 1757 2163 1813 lictc
2189 1758 2333 1813 sedis
2355 1759 2711 1828 obtemperet.

2114 1848 2201 1903 ιν.
2228 1847 2410 1913 Certe,
2439 1848 2862 1903 clementissime
2887 1850 3103 1905 domine
3121 1890 3136 1915 ,
3184 1851 3229 1906 si
3267 1864 3412 1907 nunc
3439 1852 3468 1894 δ
3495 1852 3631 1910 Gre-

2044 1938 2228 2007 gorius
2256 1952 2394 2007 papa
2430 1938 2877 1993 irrationabiliter
2897 1948 2952 1994 et
2980 1939 3047 1994 ad
3070 1943 3420 2011 pugnandum
3447 1944 3628 2011 venit,

2045 2030 2240 2083 merito
2266 2036 2322 2083 et
2366 2041 2388 2068 ο
2426 2039 2699 2102 pugnatus
2726 2038 2781 2085 et
2817 2031 3063 2100 repulsus
3095 2033 3326 2089 recedet.
3358 2032 3415 2090 Si
3447 2045 3630 2093 autem

2044 2136 2144 2191 pro
2169 2122 2353 2191 quiete
2379 2130 2433 2177 et
2461 2137 2596 2192 pace
2632 2121 2813 2194 p0puli
2837 2132 2895 2179 et
2922 2133 3102 2180 vestra
3140 2126 3390 2183 laborare
3418 2127 3629 2193 nititur,

2044 2209 2182 2266 bene
2222 2219 2277 2266 et
2314 2212 2711 2268 rationabiliter
2737 2214 3219 2284 obtemperandum
3263 2224 3348 2270 est
3374 2216 3481 2282 illi,
3523 2233 3630 2272 nou

2047 2303 2474 2372 repugnandum.
2515 2302 2574 2357 Si
2601 2303 2744 2358 enim
2781 2304 2924 2372 quod
2950 2314 3133 2359 vestra
3158 2304 3431 2361 voluntate
3453 2314 3507 2360 et
3528 2322 3630 2377 po-

2046 2402 2244 2450 testate
2276 2409 2401 2451 cum
2442 2408 2708 2449 consensu
2752 2395 2921 2449 totius
2965 2395 3176 2464 imperii
3217 2395 3383 2452 vestri
3428 2395 3630 2451 factum

2045 2493 2147 2549 est,
2176 2493 2231 2539 et
2254 2492 2442 2553 postea
2463 2482 2491 2523 ἀ
2517 2483 2572 2538 1η
2618 2483 2914 2554 apostolica
2962 2484 3091 2539 sede
3135 2486 3485 2549 roboratam,
3529 2485 3633 2539 huc

2048 2573 2161 2627 vult
2189 2574 2243 2627 in
2267 2573 2556 2643 pristinum
2585 2572 2843 2628 reducere
2868 2582 3091 2640 statum,
3130 2574 3266 2629 satis
3295 2572 3630 2629 rationabilis

2045 2672 2102 2719 et
2142 2669 2478 2733 opportunus
2525 2671 2609 2719 est
2652 2662 2771 2733 ejus
2816 2662 3098 2719 adventus.
3145 2663 3281 2732 Quia
3323 2664 3632 2720 nullatenus

2044 2753 2187 2822 quod
2217 2753 2291 2806 ita
2331 2761 2416 2807 est
2444 2753 2800 2809 constitutum
2846 2768 2880 2807 a
2921 2753 3107 2819 vobis,
3149 2754 3357 2810 debetis
3394 2763 3626 2812 mutare.

2045 2844 2158 2901 Nec
2180 2845 2325 2901 enim
2363 2846 2482 2900 sine
2506 2846 2655 2916 gravi
2694 2844 2937 2917 periculo
2978 2854 3034 2900 et
3077 2853 3229 2900 reatu
3271 2845 3468 2902 anima:
3510 2846 3629 2904 ﬁeri

2044 2944 2243 3007 potest.

355 3043 487 3084 nere
516 3026 702 3096 gratim
731 3025 826 3080 Dei
855 3026 909 3079 in
938 3025 1086 3079 Petri
1113 3025 1385 3079 soliditate
1409 3026 1768 3091 consisteret;
1803 3027 1945 3082 hanc
1971 3009 2017 3072 Ο
2120 3028 2185 3083 V.
2220 3027 2279 3082 In
2306 3027 2393 3082 his
2417 3026 2802 3084 sacratissimis
2825 3025 3017 3083 diebus
3034 3026 3387 3086 Paschalibus
3409 3029 3632 3101 perlata:

352 3116 651 3172 Ecclesium
678 3131 831 3171 suam
864 3113 1122 3169 firmitate
1149 3118 1540 3180 corroborans,
1572 3127 1634 3170 ut
1661 3115 1809 3170 illam
1840 3131 1944 3173 nec

2049 3126 2178 3172 sunt
2215 3119 2284 3172 ad
2311 3132 2400 3173 me
2428 3117 2624 3173 litterae
2663 3118 2821 3174 istius
2853 3128 2877 3158 ο
2905 3118 3215 3188 apostolici,
3257 3121 3633 3193 praecipientes

1707 3206 1983 3265 BALUZII
2019 3208 2250 3266 NOTIE.

353 3311 568 3368 semper
595 3295 916 3368 intelligunt,
961 3295 1105 3365 quod
1130 3310 1193 3349 ea
1221 3295 1332 3349 sola
1365 3294 1660 3365 apostolica
1697 3298 1933 3368 essetin

351 3366 666 3423 Occidente.
744 3366 931 3436 Neque
976 3375 1158 3436 tamen
1188 3376 1483 3436 propterea
1515 3367 1786 3423 assentior
1813 3366 1934 3422 illu-

352 3439 622 3510 strissith
665 3435 1236 3510 cardirialiBaronio,
1288 3437 1380 3505 qui
1436 3435 1816 3510 ‘Turonepsem
1832 3453 1934 3510 μεθ

354 3507 807 3578 Burdegaleusem
834 3507 1129 3572 Ecclesias,
1166 3521 1288 3575 qua:
1308 3507 1448 3578 apud
1475 3505 1797 3578 Gregorium
1829 3508 1937 3563 Tu-

352 3574 641 3633 roricnsem
690 3578 828 3634 libro
870 3584 1080 3646 quarto,
1139 3574 1373 3647 cap.
1427 3574 1540 3647 (ubi
1587 3574 1656 3633 de
1708 3578 1938 3633 concilio

354 3647 681 3705 Santonensi
707 3645 903 3718 agitur,
942 3648 1087 3720 quod
1121 3645 1266 3720 anno
1291 3645 1663 3720 56t_i_habitum
1704 3649 1809 3720 est)
1844 3664 1939 3704 vo-

353 3728 550 3774 cantur
571 3720 727 3775 sedes
745 3714 1086 3788 'apostolicte,
1132 3718 1203 3788 ob
1230 3717 1333 3788 hoc
1356 3714 1531 3788 dictas
1550 3724 1704 3787 putat
1725 3714 1939 3788 aposto-

353 3787 507 3854 licas,
550 3806 658 3844 non
687 3785 832 3860 quod
857 3789 927 3843 ab
948 3786 1205 3860 apostolis
1237 3785 1438 3860 fuerint
1468 3785 1809 3860 institutam}
1841 3789 1939 3845 sed

354 3860 499 3930 quod
527 3856 729 3915 eisdem
761 3861 830 3914 ab
878 3856 1171 3927 apostolica
1219 3858 1347 3912 sede
1381 3856 1528 3912 Petri
1558 3873 1817 3930 concessa
1842 3874 1943 3930 per

354 3928 574 4000 pallium
597 3930 896 3999 apostolica
917 3931 1117 4000 inesset
1149 3929 1462 4000 auctoritas.
1500 3948 1519 3981 ι
1569 3928 1830 4000 Respexit
1848 3928 1940 3983 'vi-

355 3998 549 4054 deiicet
580 3998 841 4054 Bsironius
866 3998 934 4053 ad
980 4013 1160 4053 mores
1193 3999 1552 4066 posteriorum
1595 3999 1937 4054 saeculorum.

355 4067 492 4138 Nam
524 4078 709 4138 postea
738 4083 1057 4137 persuasum
1077 4066 1181 4121 fuit
1204 4066 1353 4135 pallii
1378 4069 1637 4138 honorem
1662 4069 1939 4124 decretum

354 4136 1000 4216 fuisse—metropolitanum,
1032 4146 1252 4257 propter.
1283 4136 1625 4207 apostolicam
1662 4139 1843 4203 vicem,
1885 4138 1940 4194 id

355 4214 459 4257 est.
511 4214 571 4257 ut
599 4220 664 4257 ex
690 4206 1030 4257 confesswne
1058 4220 1123 4257 na
1145 4205 1202 4257 in
1240 4206 1606 4257 intelliizerent
1629 4208 1940 4257 metropoli-

355 4214 459 4271 est,
511 4214 571 4259 ut
599 4220 664 4261 ex
690 4205 1039 4261 confessione
1058 4205 1202 4276 pallii
1240 4205 1606 4276 intelligerent
1629 4208 1941 4276 metropoli-

358 4277 473 4331 tani
496 4276 729 4332 vicarios
750 4291 810 4332 se
829 4290 952 4331 esse
975 4275 1121 4330 sedis
1144 4275 1472 4344 apostolicae,
1499 4284 1562 4330 ut
1585 4292 1654 4332 ex
1674 4275 1939 4334 Rhabauo

2039 3297 2286 3374 Gelasius
2314 3312 2455 3374 papa
2484 3299 2539 3354 in
2564 3296 2791 3367 epistola
2820 3298 2888 3374 ad
2918 3298 3262 3374 Anastasium
3284 3300 3584 3374 Augustum
3609 3321 3625 3358 :

2048 3387 2065 3418 ι
2109 3369 2173 3423 Et
2217 3370 2609 3443 qualiscunque
2640 3368 3115 3443 apostolicicsedis
3150 3368 3405 3437 vicarius,
3457 3375 3630 3443 quod-

2041 3437 2255 3509 cunque
2276 3439 2448 3513 p_ie_nae
2478 3437 2601 3493 ﬁdei
2624 3440 2906 3513 catholica:
2928 3439 3116 3496 deesse
3136 3437 3493 3513 cumperem;
3528 3458 3629 3513 pro

2045 3508 2173 3582 meo
2195 3508 2411 3582 modulo
2432 3508 2869 3582 suggestionibus
2892 3511 3209 3582 opportunis
3230 3508 3477 3582 supplere
3504 3508 3631 3568 con-

2046 3579 2241 3652 tcndo.
2262 3599 2281 3631 ι
2351 3578 2485 3652 Item
2516 3578 2876 3652 Symmachus
2902 3578 3349 3652 in'Apologetic’o'
3376 3582 3445 3637 ad
3475 3598 3628 3638 eum-

2043 3650 2169 3704 dem
2219 3649 2605 3704 Anastasium:
2667 3667 2685 3699 ι
2735 3649 2837 3705 Ubi
2885 3659 2938 3705 te
2968 3691 2984 3715 ,
3034 3649 3217 3708 rerum
3269 3652 3628 3709 humanarum

2043 3720 2316 3790 princeps,
2342 3719 2730 3790 qualiscunque
2752 3721 2897 3775 sedis
2919 3721 3227 3790 apostolica:
3247 3722 3483 3778 vicarius
3501 3738 3629 3777 cou-

2044 3791 2233 3863 testari
2267 3805 2397 3844 voce
2429 3804 2537 3844 non
2571 3790 2779 3863 desino,
2807 3799 2934 3863 etc._
2959 3810 2994 3863 »ξ
3049 3792 3301 3863 Episcopi
3340 3792 3393 3846 in
3420 3793 3627 3863 synodo

2046 3859 2629 3935 Romanactmgregati
2662 3860 2944 3935 anno__800
2983 3861 3039 3916 in
3086 3859 3260 3917 causa
3282 3859 3481 3917 Leonis
3528 3878 3626 3935 pa-

2046 3945 2128 3999 pa:
2160 3950 2173 3985 :
2229 3949 2247 4002 ς
2285 3930 2394 4002 Nos
2422 3931 2604 4002 sedem
2624 3930 2991 4002 apostolicam,
3050 3947 3170 4002 quae
3193 3942 3277 3987 est
3322 3930 3627 4002 caputeiu-

2047 4002 2195 4055 uiom
2224 4001 2318 4056 Dei
2347 4000 2736 4066 Ecciesiarum,
2754 4000 3000 4070 judicare
3028 4000 3134 4057 non
3163 4000 3443 4057 audemus.
3490 4001 3625 4056 Nam

2045 4072 2115 4141 ab
2146 4071 2258 4141 ipsa
2304 4087 2403 4126 nos
2456 4085 2646 4141 omnes
2683 4078 2739 4126 et
2767 4071 2970 4126 vicario
2991 4086 3088 4127 suo
3124 4070 3453 4140 iudicamur.
3490 4092 3509 4124 ι
3558 4072 3628 4126 Et

2045 4139 2180 4195 alibi
2194 4141 2416 4210 pluries.
2478 4139 2570 4196 Sic
2595 4148 2857 4196 vocantur
2886 4143 3052 4197 etiam
3075 4139 3264 4197 vicarii
3288 4142 3431 4197 beati
3455 4142 3624 4206 Petri,

2043 4218 2100 4282 et
2128 4211 2312 4282 vicarii
2344 4210 2708 4281 apostolorum
2729 4210 2876 4266 Petri
2915 4221 2969 4266 et
2991 4211 3176 4277 Pauli;
3220 4221 3279 4266 ut
3304 4211 3433 4267 alibi
3457 4211 3626 4282 pluri-

2044 4281 2147 4352 bus
2175 4280 2389 4352 dictum
2405 4289 2489 4335 est
2537 4295 2569 4334 a
2604 4282 2780 4337 nobis.
2836 4282 2976 4350 Quin
3009 4291 3066 4336 et
3099 4282 3401 4352 Cyprianus
3432 4280 3484 4336 in
3515 4281 3630 4351 epi—

356 4346 907 4432 MarcaobservavitL
1098 4338 1580 4432 istudvaiere'non
1609 4349 1787 4432 potuit
1812 4356 1942 4431 tem-
1964 4338 2020 4399 D
2044 4351 2185 4406 stola
2231 4351 2298 4405 67
2332 4351 2664 4432 Stephanum
2691 4338 2885 4432 papam
2915 4361 3074 4432 vocat
3097 4338 3359 4432 vicarium
3410 4359 3465 4407 et
3504 4338 3629 4407 stic-

355 4432 489 4489 pore
531 4418 690 4490 istius
720 4417 912 4488 synodi
937 4416 1315 4490 Santonensis,
1370 4433 1478 4488 quo
1513 4416 1751 4490 nondum
1787 4419 1939 4490 quis-

357 4484 523 4559 quam,
567 4484 944 4559 episcoporum
974 4484 1426 4559 Gallicanorum,
1486 4489 1532 4543 si
1566 4484 1940 4544 Arelatensem

355 4557 618 4630 excipias,
670 4557 1006 4630 pallium_ab
1039 4558 1292 4630 episcopo
1340 4558 1584 4630 Romano
1636 4567 1938 4630 acceperat.

358 4627 750 4700 Conturbasset
796 4627 1040 4700 profecto
1071 4627 1359 4700 Barouius,
1394 4629 1440 4684 si
1464 4629 1694 4700 probare
1721 4627 1942 4685 coactus

358 4698 553 4756 fuisset
581 4698 807 4755 missum
850 4698 980 4755 illud
1010 4706 1140 4752 ante
1161 4699 1278 4753 haec
1305 4698 1546 4767 tempera
1576 4698 1741 4754 fuisse
1765 4700 1832 4754 ad
1859 4714 1946 4754 ar-

354 4770 729 4840 chiepiscopos
779 4768 1151 4840 Turonensem
1199 4781 1265 4821 ac
1301 4767 1777 4840 Burdegalensem.
1834 4769 1943 4825 Sed

355 4837 659 4896 ideo'dictze
679 4847 804 4894 sunt
833 4837 1159 4910 apostolica,
1187 4838 1358 4910 quod
1380 4854 1476 4910 per
1487 4837 1624 4894 'iilas
1653 4848 1947 4910 tempesta-

356 4918 439 4981 tes
452 4911 708 4966 Ecclesia:
721 4907 911 4967 omnes
931 4907 1267 4981 episcopales
1294 4907 1940 4981 dicereutnrapostolicaz,

351 4978 509 5049 juxta
535 4980 974 5049 observationem,
1009 4977 1349 5043 Tertulliani,
1405 4981 1549 5049 quod
1596 4977 1758 5037 ﬁdem
1788 4997 1944 5037 suam

342 5048 427 5133 ‘ah
445 5052 744 5133 apostolica
772 5050 877 5133 illa
897 5048 1225 5133 pritna‘sede
1251 5048 1589 5133 accepissent
1623 5068 1785 5133 quam
1810 5068 1840 5105 a

359 5117 500 5175 stoli’
526 5117 913 5178 fundaverant:
985 5117 1139 5174 Unde
1184 5134 1308 5174 cum
1354 5117 1506 5175 vides
1537 5117 1813 5177 Ruricium

359 5191 722 5262 movicensem
735 5192 1048 5262 episcopum
1067 5206 1102 5262 a7
1125 5188 1326 5262 Fausto
1357 5190 1703 5262 Reiensidici
1734 5199 1949 5262 aposto-

358 5257 460 5312 lica
495 5262 622 5333 sede
650 5257 1048 5333 dignissimum,
1092 5259 1547 5333 intelligerenon
1569 5261 1738 5316 debes
1753 5257 1948 5333 Roma-

360 5343 505 5402 nam,
531 5332 625 5402 sed
658 5329 1119 5402 Lémoviccnsem,
1139 5331 1243 5402 cui
1279 5329 1595 5402 dignissime
1628 5331 1950 5401 prmsidebat

359 5396 632 5464 Ruricius,
668 5402 788 5472 ideo
818 5403 949 5472 sede
977 5401 1066 5455 illa
1097 5396 1468 5472 dignissimus.
1510 5396 1645 5456 Vide
1663 5416 1827 5472 porro
1854 5416 1951 5456 no-

360 5475 446 5521 tas
477 5477 690 5524 nostras
717 5470 784 5525 ad
812 5470 1551 5526 Vincentium'Lirinensem.

430 5550 457 5620 εξ
489 5535 593 5623 ξεν
610 5540 835 5623 vicario:
861 5557 1007 5604 suos,
1036 5541 1207 5623 idest,
1228 5539 1944 5623 peritomanospontiﬁces,

359 5609 455 5681 qui
508 5607 822 5680 frequenter
881 5619 1144 5664 vocantur
1193 5607 1379 5666 vicarii
1428 5607 1736 5683 apostolica
1778 5612 1943 5668 sedis.

2042 4436 2314 4493 cessogem
2340 4420 2576 4493 Cornelii
2602 4420 2862 4493 Luciique
2891 4422 3205 4493 pontiﬁcum
3236 4422 3625 4493 Romanorum.

2116 4493 2144 4562 ιγ
2182 4490 2465 4562 Gregorius
2486 4508 2622 4561 papa
2649 4491 2809 4562 hujus
2846 4490 3078 4548 noininis
3126 4501 3354 4561 quartus
3387 4492 3478 4560 qui
3511 4500 3629 4545 tum

2044 4561 2339 4619 inGalliam
2360 4577 2481 4617 cum
2499 4562 2753 4617 Lothario
2768 4571 3006 4633 venerat,
3035 4563 3088 4617 in
3103 4564 3229 4633 ejus
3244 4570 3428 4632 partes
3454 4570 3633 4616 trans-

2044 4647 2263 4701 gressus
2296 4640 2485 4687 contra
2508 4640 2740 4701 patrem,
2772 4632 2851 4687 uti
2879 4631 3312 4688 dicemus'infra.

2119 4714 2142 4742 ο
2187 4701 2463 4773 Pugnatus
2490 4698 2537 4756 et
2557 4698 2794 4773 repulsus
2830 4703 3048 4758 recedet.
3101 4703 3362 4773 Evenisse
3385 4701 3438 4756 id
3481 4698 3628 4771 quod

2044 4773 2392 4829 ominabatur
2420 4772 2522 4827 hoc
2543 4771 2662 4827 loco
2688 4773 3003 4842 Agobardus
3027 4781 3175 4842 patet
3209 4788 3278 4827 cx
3310 4771 3626 4835 Hincmaro,

2045 4843 2232 4915 quisic
2254 4843 2493 4915 loquitur
2514 4844 2569 4915 in
2592 4843 2819 4915 epistola
2844 4843 2907 4896 41
2930 4842 3309 4915 μάᾉότὶιιηιιηι
3332 4842 3592 4915 “scripta
3609 4881 3625 4895 .

2053 4911 2080 4965 ἱ
2114 4914 2182 4969 Et
2213 4912 2480 4983 quomodo
2522 4911 2815 4983 Gregorius
2863 4913 3151 4983 subreptus
3198 4927 3324 4967 cum
3369 4911 3632 4966 Lothario

2046 4992 2202 5065 patre
2229 4998 2329 5065 suo
2356 4993 2687 5065 repugnante
2706 4983 2766 5065 in
2782 4983 3069 5065 Franciam
3087 4984 3324 5065 venit,et
3347 4996 3455 5052 pax
3476 4988 3628 5052 post-

2047 5051 2117 5124 ea
2160 5054 2214 5108 in
2247 5051 2476 5108 Francia
2524 5060 2584 5107 ut
2627 5061 2790 5109 antea
2824 5068 2932 5110 non
2962 5052 3082 5117 fuit,
3116 5061 3172 5108 et
3196 5053 3312 5122 ipse
3333 5051 3473 5124 papa
3498 5065 3632 5124 cum

2047 5123 2143 5178 tali
2177 5124 2380 5179 honore
2406 5124 2546 5179 sicut
2569 5124 2844 5191 decuerat,
2889 5130 2946 5179 et
2972 5124 3057 5179 sui
3083 5120 3458 5179 antecessores
3489 5120 3634 5176 fece-

2048 5205 2196 5257 runt,
2224 5191 2452 5249 Romam
2476 5209 2581 5248 non
2614 5194 2790 5250 rediit.
2828 5214 2847 5247 ι

2120 5262 2560 5341 {11103108191560
2596 5264 2725 5341 cette.
2747 5265 3073 5320 roboratam.
3125 5261 3414 5341 Nonquod
3439 5275 3639 5341 appre-

2050 5334 2198 5389 batio
2228 5332 2454 5389 Bemani
2485 5334 2761 5402 pontiﬁcis
2801 5347 2950 5391 esset
2992 5332 3335 5398 necessaria;
3381 5332 3477 5387 sed
3503 5332 3637 5402 quia

2050 5401 2582 5475 Paschalis‘papa’id
2613 5404 2769 5475 valde
2798 5407 2993 5474 cupiit,
3034 5413 3095 5461 ut
3122 5420 3286 5475 supra
3311 5403 3547 5459 diximus
3578 5401 3638 5456 in

2051 5473 2197 5527 notis
2225 5474 2293 5528 ad
2316 5473 2613 5542 Epistoiam
2633 5473 2890 5529 ﬂebilem.

2127 5553 2149 5579 υ
2191 5542 2500 5615 Apostoliei,
2549 5544 2602 5598 id
2649 5553 2753 5607 est,
2795 5546 3023 5601 Roniani
3051 5544 3346 5615 pontiﬁcis,
3378 5542 3468 5613 qui
3517 5550 3638 5596 tum

2127 5559 2149 5579 τ
2191 5559 2500 5667 Αὲοδιοιιστ,
2549 5559 2602 5598 iu
2649 5559 2753 5607 est,
2795 5559 3023 5601 ttomam
3051 5559 3346 5615 pontmcis,
3378 5559 3468 5613 qui
3517 5559 3638 5596 tum

2050 5622 2170 5667 erat
2248 5613 2512 5683 ‘rcgorius
2553 5623 2800 5684 quartus.
2852 5615 2984 5671 Nam
3022 5632 3120 5685 per
3154 5632 3249 5671 eas
3285 5620 3642 5682 teiujwstates
