3962 6180
376 199 483 257 299

1336 196 1393 250 S.
1432 193 1783 251 AGOBARDI
1819 190 2129 247 EPISCOPI
2169 189 2678 248 LUGDUNENSIS.

3548 192 3655 249 500

378 312 507 370 bilia
536 320 701 370 sunt:
743 327 852 368 uno
899 309 1115 379 quidem
1160 306 1351 375 modo,
1383 284 1505 375 quia
1541 286 1960 376 iussio'aposto-
1987 304 2035 365 Α
2063 302 2386 356 necessitate
2412 299 2661 371 regendae
2702 296 3019 369 tuend-.eque
3061 298 3393 369 reipublictc,
3423 315 3531 356 non
3559 318 3659 372 pro

376 405 497 461 licte
521 404 668 461 sedis
697 417 803 458 non
848 401 1028 455 minus
1073 397 1229 455 vobis
1262 396 1429 453 sacra
1460 395 1639 452 videri
1684 395 1963 460 debuerat,

376 510 542 566 quam
581 494 673 550 iiia
718 507 880 562 quam
929 491 1110 547 dicitis
1151 488 1527 560 imperiaiem;
1580 487 1803 553 deinde,
1824 483 1966 555 quia

376 590 611 645 veritate
646 592 818 650 caret,
847 584 993 655 quod
1034 582 1217 639 dicitis
1258 579 1409 643 illam
1444 580 1808 652 pmenisse:
1856 586 1991 634 non‘

370 682 520 735 enim
548 678 640 735 iiia
662 678 955 750 praevenit,
985 677 1081 733 sed
1106 683 1290 732 nostra
1311 717 1325 741 ,
1371 674 1426 731 id
1450 681 1536 730 est
1556 713 1573 740 ,
1617 671 1962 744 pontiﬁcalis.

377 772 569 845 Retine
588 770 844 842 ignorare
868 769 1195 835 debueratis,
1217 760 1412 837 "maius
1436 780 1558 822 esse
1586 766 1825 837 regimen
1852 763 1968 819 ani-
2014 826 2023 849 ‘

374 879 613 930 marum,
644 863 788 935 quod
816 856 901 919 est
927 854 1257 935 pontiﬁcale;
1287 867 1450 930 quam
1491 857 1793 928 imperiale,
1823 854 1967 925 quod

374 966 461 1011 est
501 956 819 1028 temporale.
868 944 1067 1011 Beatus
1110 941 1817 1024 Gregorius'Nazianzenus
1861 958 1967 1000 non

376 1049 480 1104 hoc
513 1050 693 1104 timuit
739 1061 923 1102 coram
965 1044 1385 1115 imperatoribus
1414 1042 1467 1096 in
1505 1040 1748 1097 Ecclesia
1772 1039 1969 1110 prtedi-

380 1156 525 1194 care.
558 1140 649 1196 Sic
677 1139 822 1194 enim
862 1137 994 1208 ipsis
1020 1125 1443 1207 imperatoribus
1468 1132 1740 1204 loquitur,
1782 1131 1969 1187 dicens

377 1231 478 1299 (De
505 1229 700 1287 Jerem.
733 1227 941 1301 dictis):
981 1247 1000 1281 ι
1040 1226 1400 1298 Suscipitisne
1444 1224 1749 1280 libertatem
1782 1223 1962 1287 verbi,

375 1323 608 1378 libenter
644 1322 888 1394 accipitis
929 1320 1073 1390 quod
1117 1318 1206 1376 lex
1248 1317 1454 1374 Christi
1501 1315 1827 1372 sacerdotali
1869 1331 1968 1372 vos

375 1422 578 1469 nostra:
624 1412 844 1482 subiicit
888 1410 1180 1482 potestati,
1229 1418 1395 1479 atque
1438 1409 1558 1465 istis
1606 1408 1967 1487 tribunalibus

375 1506 602 1563 subdit?
639 1506 798 1563 Dedit
825 1506 967 1562 enim
999 1513 1053 1561 et
1081 1505 1239 1561 nobis
1256 1508 1613 1576 potestatem,
1642 1504 1789 1561 dedit
1816 1502 1968 1575 prin-

376 1596 637 1665 cipatum,
683 1595 854 1650 multo
881 1593 1265 1666 perfectiorem
1312 1594 1708 1667 principatibus
1748 1594 1962 1650 vestris.

2066 393 2378 448 saturandis
2404 392 2816 448 inimicitiarum
2842 392 2981 446 odiis
3007 401 3308 458 exserunt;
3339 391 3386 448 si
3411 394 3657 451 eamdem

2065 478 2280 541 veniam
2307 500 2413 541 non
2436 485 2506 540 ad
2524 485 2907 556 impunitatem
2938 484 3264 555 iniquitatis,
3297 486 3393 543 sed
3412 487 3481 542 ad
3507 503 3661 560 spem

2068 582 2423 638 correctionis
2445 581 2759 655 indulgent;
2784 580 2830 636 si
2861 579 3005 650 quod
3035 594 3227 651 aspere
3254 592 3524 653 coguntur
3545 584 3660 653 ple-

2067 687 2298 743 rumque
2338 672 2633 729 decernere
2674 671 3063 749 misericordiae
3100 670 3327 729 lenitate
3371 678 3427 729 et
3456 675 3660 731 benefi-

2067 764 2275 817 ciorum
2321 765 2572 835 largitate
2607 770 3000 836 eompensant;
3042 763 3089 821 si
3132 763 3347 821 luxuria
3386 774 3541 823 tanto
3581 771 3662 825 eis

2060 850 2419 924 castigatior,
2466 836 2671 926 quanto
2696 862 2883 926 posset
2921 870 3046 912 esse
3087 852 3345 924 liberior;
3378 858 3422 913 si
3453 860 3663 916 malunt

2069 944 2458 1015 cupiditatibus
2497 961 2661 1017 quam
2710 942 3041 1018 quibuslibet
3088 946 3339 1019 gentibus
3369 948 3658 1022 imperare.

2068 1035 2138 1089 Et
2162 1036 2209 1091 si
2229 1036 2345 1093 lucc
2366 1038 2549 1093 omnia
2580 1039 2805 1104 faciunt,
2840 1055 2946 1095 non
2968 1050 3192 1111 propter
3212 1041 3465 1099 ardorem
3486 1046 3663 1103 inanis

2068 1124 2275 1195 gloriae,
2298 1127 2397 1182 sed
2423 1137 2646 1198 propter
2670 1124 2996 1186 charitatem
3025 1128 3306 1188 felicitatis
3332 1141 3581 1203 actorum;
3614 1139 3660 1192 si

2062 1232 2167 1287 pro
2196 1221 2310 1275 suis
2337 1221 2579 1289 peccatis
2620 1219 2946 1277 humilitatis
2967 1228 3024 1277 et
3052 1224 3420 1291 miserationis
3452 1235 3508 1282 et
3534 1244 3661 1283 ora-

2066 1309 2232 1364 tionis
2259 1310 2586 1367 sacriﬂcium
2611 1311 2724 1369 Deo
2753 1328 2852 1368 suo
2881 1328 3011 1369 vero
3038 1314 3321 1371 immolare
3359 1333 3464 1373 non
3494 1320 3663 1391 negli-

2066 1410 2236 1468 gunt;
2291 1403 2426 1459 tales
2469 1403 2812 1460 Christianos
2855 1406 3215 1477 imperatores
3260 1408 3493 1467 dicimus
3539 1428 3662 1468 esse

2069 1492 2253 1550 felices
2283 1490 2499 1551 interim
2539 1512 2665 1569 spe,
2695 1506 2884 1569 postea
2931 1514 2988 1555 re
3029 1500 3146 1570 ipsa
3192 1499 3423 1572 futuros,
3454 1521 3576 1561 cum
3607 1508 3661 1562 id

2066 1585 2210 1653 quod
2238 1596 2617 1657 exspectamus
2642 1589 2941 1644 advenerit.
2985 1609 3003 1640 ι
3035 1588 3145 1646 Vos
3180 1601 3361 1647 autem
3389 1609 3419 1648 e
3445 1604 3662 1651 eontra-

374 1686 483 1740 Αυι
508 1687 751 1757 nunquid
774 1687 980 1757 justum
1006 1685 1161 1743 vobis
1190 1685 1426 1753 videtur,
1472 1687 1517 1742 si
1560 1686 1716 1742 cedat
1742 1686 1965 1756 spiritus
1992 1679 2039 1739 B
2069 1676 2173 1741 rio,
2201 1676 2328 1747 quia
2360 1693 2466 1733 non
2496 1679 2661 1735 vultis
2688 1695 2811 1736 esse
2832 1681 2957 1763 veri)
2974 1681 3355 1751 mdiﬁcatores,
3379 1688 3510 1742 estis
3537 1706 3660 1761 pro-

376 1777 551 1843 carni,
578 1778 624 1833 si
653 1793 685 1832 a
726 1778 960 1834 terrenis
995 1777 1239 1834 coelestia
1270 1785 1628 1848 superentur,
1678 1776 1724 1832 si
1765 1777 1962 1834 divinis

376 1867 738 1938 praeferantur
759 1862 1039 1924 humana?
1074 1888 1094 1921 ι
1133 1867 1314 1935 Quare
1343 1868 1510 1939 igitur
1531 1882 1649 1935 vos,
1680 1868 1823 1923 sicut
1849 1868 1964 1922 veri

374 1962 708 2030 sacerdotes,
737 1963 904 2018 divini
929 1963 1180 2019 videlicet
1208 1963 1388 2019 cultus
1416 1962 1687 2028 ministri,
1731 1976 1837 2017 non
1865 1962 1964 2017 hu-

376 2050 544 2117 mani,
576 2065 686 2105 non
733 2051 1076 2122 respondetis
1101 2051 1442 2123 imperatori,
1490 2049 1646 2120 cujus
1676 2064 1829 2107 sacra
1868 2064 1966 2106 vos

373 2140 554 2196 dicitis
577 2141 822 2212 iussione
848 2149 1174 2211 praeventos,
1204 2141 1347 2196 sicut
1375 2141 1519 2195 idem
1547 2141 1740 2196 beatus
1760 2139 1964 2211 Grego—

374 2232 492 2287 rius
540 2231 842 2303 alloquitur
888 2232 1271 2304 imperatorem
1319 2238 1642 2302 praesentem
1671 2272 1685 2297 ,
1739 2231 1961 2286 dicens:

379 2344 398 2375 ‹
426 2322 728 2392 Patienter,
756 2339 960 2395 quasso,
995 2325 1182 2396 accipe
1210 2324 1519 2380 libertatem
1548 2330 1812 2379 nostram.
1839 2322 1966 2379 Scio

375 2427 427 2472 te
459 2432 617 2474 ovem
654 2431 776 2473 esse
811 2416 990 2489 gregis
1030 2415 1139 2472 mei
1164 2430 1195 2471 a
1224 2413 1445 2471 Christo
1470 2414 1604 2470 mihi
1632 2428 1847 2470 summo
1872 2428 1967 2483 pa-

373 2519 520 2565 store
569 2517 981 2565 annumeratam
1002 2549 1017 2574 ,
1066 2516 1120 2562 et
1154 2521 1184 2561 a
1223 2515 1413 2563 sancto
1441 2503 1650 2577 Spiritu
1679 2506 1966 2575 consigna-

375 2614 518 2672 tam;
556 2603 673 2659 scio
724 2610 778 2657 te
809 2600 965 2657 inter
1011 2615 1167 2656 sacra
1216 2598 1410 2654 altaria
1457 2613 1579 2654 cum
1616 2597 1965 2653 veneratione

373 2682 566 2765 subiici
596 2692 850 2750 manibus
878 2691 1214 2758 sacerdotis;
1252 2694 1365 2748 scio
1395 2699 1448 2746 te
1475 2689 1650 2746 beata:
1682 2689 1966 2744 Trinitatis

373 2785 579 2842 cultum
605 2783 878 2854 fidemque
921 2798 1031 2839 non
1061 2791 1174 2847 tua,
1204 2781 1300 2838 sed
1349 2788 1538 2836 nostra
1579 2779 1967 2850 praedicatione

373 2889 611 2931 servare.
648 2894 669 2927 ι
704 2872 771 2928 Et
798 2880 920 2944 post
950 2872 1131 2944 aliqua
1161 2891 1174 2925 :
1210 2890 1229 2923 ι
1278 2870 1549 2926 Memento
1577 2883 1794 2942 semper
1820 2868 1965 2940 quod

374 2980 480 3019 una
511 2963 607 3020 tibi
636 2972 831 3020 natura
860 2971 944 3018 est
966 2963 1267 3034 eademque
1297 2961 1599 3018 substantia
1627 2977 1752 3017 cum
1778 2944 1961 3016 omni-

2067 1770 2153 1826 eul
2185 1772 2347 1828 dubio
2369 1773 2482 1828 veri
2510 1775 2848 1845 deceptores,
2865 1776 3005 1832 sicut
3033 1779 3295 1849 scriptum
3317 1790 3428 1837 est:
3464 1782 3662 1856 Populo

2066 1878 2235 1929 uicus,
2263 1865 2352 1934 qui
2383 1864 2589 1919 beatum
2613 1873 2663 1920 te
2691 1865 2891 1932 dicunt,
2923 1867 3024 1938 ipsi
3049 1877 3097 1922 te
3126 1869 3412 1941 decipiunt,
3441 1882 3490 1926 et
3524 1876 3659 1928 riam

2065 1969 2339 2024 gressunm
2380 1965 2592 2010 tuorum
2618 1956 2897 2028 dissipant.
2931 1957 3160 2026 Deinde,
3199 1969 3487 2032 postquam
3519 1965 3661 2020 dixi-

2067 2048 2168 2102 stis
2192 2061 2290 2102 vos
2324 2048 2535 2104 laetatos
2555 2062 2676 2105 esse
2705 2050 2772 2105 de
2798 2050 3031 2106 adventu
3055 2058 3262 2119 nostro,
3289 2054 3486 2110 iterum
3518 2056 3662 2111 intu-

2066 2136 2207 2193 listis
2233 2140 2588 2209 quorumdam
2618 2140 2882 2198 relatione
2910 2157 3108 2215 magno
3137 2160 3373 2200 mmrorc
3397 2146 3657 2203 affectos:

2066 2229 2211 2299 quod
2239 2231 2430 2302 utique
2458 2229 2591 2288 facit
2618 2232 2948 2290 instabilitas
2975 2236 3191 2291 mentis.
3216 2236 3417 2293 Verum
3438 2248 3523 2295 est
3548 2255 3664 2294 om-

2066 2320 2197 2375 nino
2222 2322 2480 2390 quoniam
2507 2322 2601 2393 qui
2645 2322 2883 2389 hzesitat,
2930 2324 3124 2381 similis
3166 2334 3252 2382 est
3276 2324 3463 2383 fluctui
3492 2332 3663 2386 maris

2067 2413 2160 2480 qui
2189 2428 2220 2466 a
2246 2422 2409 2470 vento
2447 2424 2720 2470 movetur.
2752 2414 2857 2471 Sed
2888 2417 3032 2472 inter
3057 2418 3157 2473 bas
3182 2418 3551 2476 basitationes
3579 2423 3657 2479 ni-

2071 2503 2177 2558 mis
2219 2504 2414 2560 stolide
2441 2520 2542 2562 nos
2560 2497 2821 2575 iudicatis
2849 2507 3199 2565 immemores
3225 2524 3345 2567 esse
3370 2511 3661 2582 pastoralis

2066 2590 2226 2647 cilicii
2257 2600 2314 2649 et
2342 2594 2761 2652 districtissima:
2786 2597 3196 2656 moderationis.
3239 2600 3480 2668 Deinde,
3517 2604 3661 2659 sicut

2068 2685 2332 2755 scriptum
2371 2696 2492 2742 est:
2526 2686 2660 2743 Cum
2687 2690 2758 2743 sit
2789 2689 2975 2744 timida
3007 2692 3269 2764 nequitia,
3299 2694 3391 2747 dat
3421 2696 3662 2749 testimo-

2069 2778 2213 2833 nium
2250 2780 2599 2837 condemnata
2637 2783 2790 2856 (Sep.
2838 2800 2975 2850 xvn,
3027 2786 3143 2859 10);
3196 2788 3486 2865 adiungitis
3516 2772 3662 2863 quod

2066 2870 2551 2927 omniverecnndia
2576 2870 2798 2945 dignum
2821 2884 2923 2941 est,
2943 2875 3184 2932 dicentes
3207 2894 3307 2935 nos
3331 2881 3516 2936 venire
3537 2897 3662 2952 pro-

2066 2968 2194 3029 pter
2224 2963 2512 3030 quamdam
2541 2973 3028 3035 praesumptuosam
3057 2974 3112 3023 et
3158 2970 3305 3024 omni
3335 2971 3545 3026 ratione
3570 2987 3663 3027 ca-

373 3056 476 3109 bus
503 3053 595 3124 qui
624 3053 720 3109 tibi
746 3053 974 3126 subjecti
1003 3060 1148 3108 sunt.
1181 3053 1262 3107 Tu
1291 3061 1471 3107 tamen
1498 3051 1682 3107 animo
1704 3060 1824 3108 esto
1841 3066 1964 3107 cum
1995 3038 2039 3098 C
2076 3060 2287 3112 rentem
2315 3062 2341 3093 ι
2365 3055 2986 3111 excommunicationem
3016 3056 3349 3127 faciendam;
3393 3069 3448 3116 et
3472 3062 3664 3118 admo«

373 3144 508 3208 Deo,
531 3154 587 3201 et
613 3159 722 3199 non
751 3154 860 3199 tam
888 3143 1155 3199 dominari
1180 3151 1234 3197 te
1264 3143 1487 3207 mundo,
1509 3156 1672 3212 quam
1698 3142 1965 3197 dominari

373 3235 471 3290 tibi
499 3234 797 3300 Christum,
824 3234 1081 3304 gloriare.
1106 3255 1125 3289 ι
1153 3233 1333 3302 Quare
1357 3234 1523 3289 etiam
1548 3248 1692 3288 nunc
1718 3246 1963 3289 commo-

344 3335 559 3382 rantes
585 3341 708 3381 cum
751 3327 1108 3397 imperatore,
1141 3327 1567 3383 intermittentes
1615 3326 1967 3383 stultissimas

375 3418 735 3487 adulationes,
774 3435 882 3477 non
908 3420 957 3476 ei
978 3421 1290 3491 praedicatis
1316 3436 1440 3477 cum
1470 3422 1633 3477 beato
1661 3420 1964 3492 Augustino

373 3510 615 3569 dicentes
645 3508 745 3584 (De
773 3506 995 3568 Civitate
1031 3511 1150 3578 Dei,
1181 3511 1274 3568 lib.
1306 3528 1362 3579 v,
1383 3526 1503 3583 cap.
1528 3511 1621 3587 ει)
1648 3531 1661 3566 :
1699 3531 1718 3564 ι
1751 3512 1960 3570 Felices

372 3600 601 3659 dicimus
627 3603 1010 3675 imperatores,
1039 3603 1087 3659 si
1106 3601 1255 3674 iuste
1281 3603 1587 3674 imperant,
1615 3604 1661 3660 si
1688 3605 1831 3660 inter
1858 3604 1961 3659 lin-

371 3709 505 3765 guas
528 3692 837 3750 sublimiter
875 3692 1263 3750 honorantium
1291 3702 1348 3749 et
1373 3694 1634 3766 obsequia
1662 3695 1833 3751 nimis
1860 3698 1961 3755 bu-

372 3784 575 3839 militer
599 3784 950 3840 salutantium
997 3780 1107 3840 non
1151 3778 1511 3852 extolluntur,
1541 3793 1597 3841 et
1624 3802 1684 3842 se
1712 3787 1961 3845 homines

370 3890 492 3931 esse
518 3874 893 3942 meminerint;
928 3874 975 3930 si
1000 3889 1153 3935 suam
1179 3881 1506 3946 petestatcm
1534 3875 1603 3931 ad
1628 3876 1725 3933 Dei
1753 3876 1960 3933 cultum

373 3967 610 4024 maxime
632 3966 966 4025 dilatandum
993 3967 1264 4038 maiestati
1289 3968 1407 4038 eius
1432 3968 1695 4026 famulam
1722 3968 1957 4037 faciunt;

371 4062 418 4115 si
444 4060 615 4116 Deum
643 4060 857 4125 timent,
887 4059 1139 4131 diligunt,
1164 4060 1381 4127 colunt;
1405 4062 1450 4116 si
1470 4061 1592 4132 plus
1617 4071 1804 4117 amant
1832 4058 1959 4118 illud

374 4165 621 4219 regnum,
652 4148 745 4205 ubi
772 4148 879 4203 non
909 4144 1102 4203 timent
1122 4149 1327 4221 habere
1346 4156 1655 4218 consortes;
1686 4151 1732 4206 si
1756 4153 1964 4210 tardius

2069 3141 2212 3196 netis
2234 3157 2335 3197 nos
2358 3142 2520 3197 nimis
2548 3142 2806 3201 involutis
2842 3154 2899 3201 et
2941 3146 3183 3204 confusis
3227 3151 3569 3208 sermonibus
3604 3163 3660 3208 et

2073 3229 2344 3297 sensibus,
2380 3228 2441 3287 ut
2472 3247 2650 3303 neque
2699 3242 2888 3291 nostra
2932 3238 3209 3294 voluntate
3234 3255 3407 3311 neque
3434 3242 3662 3300 alterius

2070 3320 2288 3376 hortatu
2318 3325 2740 3395 praesumptione
2766 3340 3223 3399 prorumpamus;
3262 3346 3329 3387 eo
3374 3334 3552 3402 quod,
3600 3346 3663 3389 ut

2025 3461 2031 3464 ,
2069 3411 2285 3483 dicitis,
2336 3414 2608 3485 pertineat
2648 3416 2720 3473 ad
2751 3415 3005 3485 iniuriam
3051 3435 3119 3476 ac
3156 3420 3661 3480 dehonestationem

2065 3511 2360 3581 imperialis
2387 3514 2692 3584 potestatis,
2716 3523 2772 3571 et
2805 3516 2874 3571 ad
2896 3517 2925 3557 ιι
2949 3517 3364 3575 minorationem
3386 3528 3446 3575 et
3474 3537 3662 3592 repre-

2066 3602 2384 3661 hensionem
2417 3613 2619 3664 nostra
2640 3608 3000 3664 auctoritatis.
3036 3609 3240 3677 Dicite,
3286 3626 3506 3682 quicso,
3536 3630 3663 3686 qua:

2066 3707 2192 3753 sunt
2219 3699 2324 3755 ista
2348 3707 2602 3770 portenta
2626 3700 2961 3759 verborum?
2981 3703 3052 3758 Et
3069 3704 3199 3773 quid
3222 3705 3406 3775 potius
3424 3709 3663 3775 pertinet

2066 3790 2139 3846 ad
2159 3790 2658 3855 debenestationem
2679 3793 2977 3865 imperialis
2993 3798 3299 3866 potestatis,
3314 3813 3477 3868 opera
3498 3800 3660 3871 digna

2068 3884 2648 3952 excommunicatione,
2700 3898 2771 3940 an
2809 3887 2926 3957 ipsa
2977 3888 3513 3946 excommunicatio?
3550 3890 3658 3945 Sed

2069 3976 2194 4045 quia
2220 3976 2337 4032 hac
2362 3978 2528 4034 verba
2548 3985 2731 4035 vestra
2757 3993 3089 4052 exaggerare
3112 3981 3441 4039 laboriosum
3467 3992 3572 4048 est,
3594 4000 3662 4039 eo

2068 4067 2215 4137 quod
2243 4068 2401 4137 plena
2433 4067 2541 4125 sint
2566 4085 2822 4138 nauseae;
2862 4078 3073 4127 tantum
3099 4070 3231 4127 illud
3252 4071 3469 4144 flagito,
3497 4083 3557 4128 ut
3578 4074 3665 4130 di-

2067 4158 2206 4214 catis
2234 4159 2507 4229 quomodo
2532 4167 2714 4230 potest
2740 4158 2881 4227 ﬁeri,
2919 4169 2981 4216 ut
3010 4172 3034 4200 ο
3066 4170 3319 4217 manente
3346 4163 3663 4239 apostolicae

372 4239 678 4309 vindicant,
725 4240 782 4313 et
826 4237 1145 4319 ignoscunt;
1186 4241 1234 4296 si
1260 4241 1510 4299 eamdem
1535 4240 1830 4297 vindictam
1859 4260 1958 4315 pro
1984 4242 2037 4302 D
2063 4251 2208 4309 sedis
2259 4252 2487 4319 honore,
2517 4268 2638 4310 mea
2663 4260 2875 4309 tantum
2900 4268 3133 4326 persona
3177 4254 3232 4311 in
3278 4270 3442 4312 causa
3474 4272 3660 4327 repre-

880 4336 887 4355 '
1751 4351 2022 4414 BALUle
2058 4360 2290 4418 NOT/E.

445 4462 468 4490 ιι
498 4446 1122 4503 Excommunicationem.
1156 4445 1234 4501 Ea
1269 4453 1383 4502 tum
1426 4443 1569 4500 fama
1610 4453 1731 4500 erat
1769 4448 1957 4504 venire

370 4519 710 4590 Gregorium,
734 4529 798 4598 ut
814 4522 922 4598 tam
945 4514 1271 4598 Ludovicum
1292 4532 1455 4598 quam
1476 4516 1840 4598 episcoposei
1855 4518 1957 4598 _fa-

370 4586 558 4648 ventes
578 4586 1096 4659 excommunicaret,
1114 4589 1221 4659 nisi
1241 4586 1486 4659 prompta
1513 4586 1820 4659 obedientia
1852 4586 1959 4644 im-

369 4664 579 4734 plerent
598 4658 847 4715 mandata
860 4657 996 4734 eius.
1021 4655 1345 4734 Scd‘invenit
1363 4655 1661 4734 Gregorius
1675 4657 1958 4734 episcopos

372 4724 511 4807 haud
533 4724 990 4807 ignavos,_suique
1010 4724 1210 4798 gradus
1243 4724 1529 4783 memores.
1554 4724 1749 4807 itaque
1779 4724 1961 4797 palam

370 4796 681 4866 edixerunt,
702 4796 920 4855 irritain'
934 4796 1051 4855 fore
1071 4814 1193 4854 eam
1227 4796 1865 4866 “communicationem,
1902 4809 1961 4855 et

371 4876 426 4929 in
449 4882 726 4929 auctorem
753 4868 1082 4925 ‘re'cas‘ur‘am.
1121 4866 1353 4936 insignis
1371 4875 1535 4924 estea
1558 4868 1625 4923 de
1641 4884 1697 4924 re
1718 4868 1889 4936 locus,
1926 4886 1958 4926 a

372 4945 504 5001 viris
520 4942 693 4999 doctis
712 4944 853 5012 ἐπερὲ
872 4937 1140 5012 laudatus,
1168 4940 1222 4995 in
1240 4937 1365 4994 Vita
1380 4938 1638 4994 Ludovici
1654 4939 1758 5006 Pii,
1776 4940 1830 4993 in
1851 4955 1957 5012 qua

370 5017 450 5086 sic
470 5014 733 5086 scriptum
752 5008 867 5086 est:
892 5008 1055 5086 tcum
1075 5026 1208 5086 vero
1226 5025 1413 5066 rumor
1433 5025 1819 5086 usquequaque
1849 5008 1957 5065 dif-

373 5085 524 5142 fusus
548 5080 752 5142 sereret
765 5082 832 5148 de
848 5081 1058 5153 emicr‘ts
1072 5080 1213 5153 quod
1226 5096 1411 5137 verum
1434 5080 1581 5153 erat,
1592 5083 1659 5136 de
1678 5080 1818 5151 papa
1830 5096 1959 5136 vero

375 5156 636 5228 Romano,
674 5155 826 5228 quod
864 5148 985 5223 ideo
1025 5148 1261 5217 adesset,
1305 5160 1364 5228 ut
1399 5159 1524 5228 tam
1573 5148 1957 5228 imperatorem

371 5241 531 5299 quam
554 5221 1445 5299 episcoposexcommunicationis
1471 5221 1705 5299 vinculis
1738 5221 1960 5299 irretire

371 5291 552 5364 vellet,
578 5291 623 5371 si
643 5291 1130 5371 qufinobedientes
1151 5302 1338 5371 esSent
1356 5308 1469 5371 suae
1502 5291 1844 5371 ﬁliorumque
1860 5291 1961 5371 im-

388 5362 638 5422 mratdris
658 5362 1172 5439 "voluntati;parum
1209 5363 1341 5436 quid
1378 5362 1649 5432 subripuit
1687 5363 1963 5488 episcopi:

397 5435 712 5488 inperatoris
735 5437 1081 5488 nmzsumntio
1104 5435 1367 5488 audaciae.
1402 5429 1772 5488 asserentibus
1809 5447 1881 5487 nu

370 5435 715 5513 imperatoris
732 5429 1081 5513 pqmsuniptio
1104 5429 1367 5513 audaciai,
1392 5429 1772 5513 asseremibtis
1809 5429 1881 5487 nu

374 5502 532 5583 modo
548 5519 606 5561 se
618 5502 752 5563 velle
765 5504 883 5583 eius
894 5502 1156 5583 voluntati
1169 5505 1519 5583 succumbere
1536 5519 1553 5569 ;
1568 5502 1664 5583 sed
1678 5502 1726 5583 si
1739 5516 1963 5583 excom-

375 5575 743 5632 omniraturus
766 5571 1577 5632 advenirct'excommunieatus
1605 5571 1803 5639 abiret,
1836 5588 1960 5630 cum

371 5646 529 5703 aliter
560 5656 620 5703 se
657 5645 855 5701 habeat
892 5646 1237 5714 antiquorum
1282 5660 1552 5701 canonum
1595 5644 1912 5701 auctoritas.
1936 5665 1957 5699 ι

2060 4451 2228 4509 Recte
2271 4452 2538 4525 profecto.
2584 4454 2722 4509 Nam
2756 4456 3248 4510 excommunicatio
3288 4454 3377 4525 illa
3412 4458 3660 4514 caritura

2058 4532 2179 4578 erat
2199 4523 2348 4580 omni
2369 4526 2600 4591 ratione,
2633 4525 2743 4580 imo
2768 4533 2955 4580 contra
2984 4527 3252 4580 rationem
3278 4523 3419 4582 facta
3441 4525 3660 4584 fuisset.

2130 4593 2606 4667 FMinorationem.
2632 4595 2689 4650 lu
2713 4596 2948 4651 editione
2972 4596 3207 4667 Massoni
3232 4596 3429 4667 legitur
3450 4597 3660 4655 domini

2060 4665 2341 4738 rationem,
2364 4666 2532 4738 nullo,
2555 4675 2615 4720 ut
2644 4667 2900 4731 arbitror,
2924 4681 3106 4721 sensu.
3126 4665 3305 4738 Cedent
3335 4667 3518 4738 regius
3552 4670 3659 4724 ha-

2058 4735 2152 4789 bet
2197 4733 2659 4790 diminurationem
2695 4749 2807 4791 :ex
2854 4751 2962 4806 quo
3005 4751 3188 4792 veram
3223 4733 3508 4792 lectionem
3556 4756 3661 4796 nos

2058 4806 2420 4878 confecimus;
2447 4821 2608 4877 quam
2634 4816 2812 4862 tamen
2838 4806 3026 4878 siquis
3048 4824 3155 4862 non
3178 4809 3392 4878 probat,
3419 4822 3517 4876 pro
3549 4812 3626 4865 mi
3642 4843 3657 4851 -

2060 4877 2385 4947 iterationem
2399 4876 2661 4947 reponere
2674 4885 2849 4946 potest
2860 4877 3062 4932 dimittit
3070 4876 3286 4932 tionem.
3312 4876 3657 4935 Alterutrum

2058 4945 2202 5000 enim
2226 4946 2327 5014 legi
2606 4945 2708 5002 est.

2130 5027 2177 5091 °_
2192 5014 2436 5091 ﬂauente
2461 5026 2629 5091 apost.
2648 5016 2758 5072 sed.
2787 5017 3002 5091 faenore.
3028 5015 3147 5091 ιω
3172 5025 3285 5073 tum
3304 5035 3437 5091 ergo
3458 5021 3659 5076 distiu-

2131 5087 2295 5141 ebant
2314 5088 2455 5141 inter
2479 5088 2662 5142 sedem
2683 5096 2739 5142 et
2760 5087 3061 5150 sedentem,
3090 5088 3146 5142 id
3166 5097 3271 5156 est,
3299 5087 3442 5146 inter
3464 5091 3657 5146 cathe-

2096 5170 2213 5243 ram
2234 5155 2533 5243 Romanam
2556 5167 2612 5243 et
2632 5157 2942 5243 pontiiicem
2968 5158 3093 5243 huic
3108 5160 3221 5214 sedi
3246 5162 3656 5243 (insidentem.

2058 5224 2248 5296 Neque
2281 5243 2418 5282 nova
2453 5236 2536 5283 est
2556 5224 2673 5284 inec
2698 5228 2991 5283 distinctio.
3017 5228 3163 5284 illius
3188 5224 3332 5286 enim
3360 5231 3661 5287 manifesta

2060 5296 2557 5374 claraq_ue__indicia_
2590 5305 2809 5374 exstant
2850 5299 2990 5368 apud
3033 5298 3270 5374 Leonem
3308 5299 3560 5374 Magnum
3600 5302 3663 5357 in

2060 5366 2287 5444 epistola
2310 5368 2411 5444 53A:
2435 5387 2455 5420 ι
2478 5368 2806 5444 Alindenim
2828 5366 2955 5444 sunt
2982 5369 3159 5444 sedes,
3186 5370 3336 5444 aliud
3357 5366 3667 5444 praesiden-

2063 5436 2163 5492 tes.
2187 5457 2206 5490 ι
2228 5436 2357 5493 ltem
2387 5440 2440 5493 in
2466 5439 2694 5510 epistola
2717 5439 2819 5510 ϐῆς
2843 5457 2860 5488 ι
2885 5438 2996 5494 Etsi
3011 5440 3156 5494 enim
3170 5436 3386 5497 diversa
3406 5457 3664 5497 nonnun—

2060 5520 2225 5583 quam
2253 5516 2383 5583 sunt
2410 5510 2605 5583 merita
2626 5509 2944 5583 praescium,
2971 5516 3153 5583 tamen
3174 5510 3298 5580 iura
3332 5520 3664 5583 permanent

2062 5577 2294 5659 sedium.
2320 5598 2338 5631 ι
2359 5577 2775 5665 [tacende—bant
2803 5580 3040 5665 episcopi
3066 5582 3119 5665 in
3142 5577 3349 5665 synodo
3375 5580 3666 5665 Parisien-

2065 5649 2125 5704 si:
2147 5648 2461 5724 congregati
2499 5665 2645 5707 anno
2670 5649 2797 5708 824.
2835 5648 3150 5709 Scribéntcs
3170 5648 3336 5709 enim
3372 5652 3440 5710 ad
3471 5651 3628 5709 Ludo
3651 5682 3671 5695 -
