3962 6180
318 275 424 331 805

1296 270 1353 325 S.
1394 266 1740 325 AGOBARDI
1779 267 2084 326 EPISCOPI
2124 266 2610 325 LUGDUNENSIS

319 396 489 460 tyres,
521 382 614 454 qui
640 396 746 437 non
773 387 994 450 propter
1020 374 1167 433 aliud
1202 378 1348 447 passi
1376 385 1522 442 sunt,
1546 379 1651 433 nisi
1680 385 1901 448 propter
1927 381 1979 441 Α
2003 392 2122 432 ram
2173 376 2462 447 separandi
2508 392 2539 431 a
2577 392 2805 448 corpora
2852 394 2947 434 vos
2999 380 3168 450 ipsos,
3217 392 3403 441 tannen
3444 387 3586 445 sicut

319 476 689 534 defensionem
717 481 773 528 et
800 470 1270 527 conﬁrmationem
1291 469 1614 541 evangelicae
1633 470 1897 525 veritatis.

320 569 495 625 Causa
531 575 712 621 autem
750 570 1094 633 peccatorum
1135 570 1190 619 et
1217 562 1485 619 scelerum
1516 578 1637 618 esse
1674 578 1785 618 non
1810 578 1902 632 po-

319 664 440 727 tuit,
474 661 616 717 sicut
635 667 821 715 vestra
848 657 1044 713 divisio
1069 666 1171 721 est,
1197 673 1359 727 quam
1396 657 1579 713 dicitis
1606 655 1775 712 fuisse
1806 671 1903 726 op—

318 763 627 825 portunam.
674 751 909 816 Deinde,
948 752 1164 823 quando
1204 751 1395 822 grandi
1441 750 1734 821 supercilio
1767 749 1905 805 dici-

321 848 425 910 tis,
456 847 581 916 quia
618 846 663 913 si
704 854 1020 901 reverenter
1047 846 1357 901 venerimus
1387 844 1458 900 ad
1496 845 1900 916 imperatorem,

317 953 413 1006 per
437 938 611 1008 ipsum
638 951 1027 1005 cognoscemus
1053 950 1271 991 omnem
1293 935 1373 990 rei
1396 934 1705 1000 veritatem,
1732 944 1903 1003 quare

317 1035 622 1097 opportune
661 1035 717 1081 et
760 1025 967 1081 utiliter
1005 1033 1217 1089 mutata
1254 1026 1327 1081 sit
1366 1025 1559 1079 divisio
1585 1040 1601 1079 :
1624 1023 1729 1079 hoc
1756 1022 1906 1092 loqui

318 1118 463 1190 cogit
485 1132 583 1172 vos
611 1116 923 1186 magnitudo
950 1115 1235 1185 superbia,
1265 1114 1600 1168 aestimantes
1629 1110 1772 1167 solos
1807 1126 1904 1165 vos

318 1225 477 1281 posse
519 1224 700 1263 rerum
743 1221 1071 1277 cognoscere
1117 1220 1333 1261 causas.
1382 1206 1523 1261 Vere
1569 1206 1692 1261 dico
1727 1206 1901 1268 vobis,

320 1300 446 1370 quia
484 1313 593 1353 non
623 1297 799 1352 solum
829 1296 1051 1361 stultus,
1079 1296 1175 1352 sed
1203 1304 1260 1351 et
1299 1295 1486 1353 infelix
1522 1305 1626 1362 est,
1670 1297 1764 1367 qri
1794 1312 1903 1353 non

320 1389 572 1461 intelligit
592 1398 825 1459 quantos
850 1395 906 1443 et
931 1386 1121 1458 quales
1148 1385 1358 1443 fructus
1383 1387 1649 1443 malorum
1680 1386 1904 1457 protulit

318 1489 502 1537 vestra
550 1480 908 1537 commutatio
932 1520 948 1543 ,
992 1488 1051 1535 et
1088 1479 1155 1534 de
1200 1477 1356 1549 cujus
1391 1479 1647 1535 thesauro
1682 1479 1902 1552 maligni

319 1574 498 1628 cordis
531 1572 797 1642 processit
823 1579 879 1625 et
900 1585 1000 1641 pro
1026 1585 1133 1639 qua
1161 1585 1220 1625 re
1249 1585 1346 1626 vos
1388 1570 1702 1626 laudatores
1727 1582 1785 1625 et
1804 1570 1904 1625 de-

320 1655 564 1718 fensores
598 1662 730 1718 estis
766 1660 926 1731 hujus
968 1661 1342 1732 malignitatis.
1385 1660 1589 1717 Deinde
1618 1659 1901 1731 subiungi-

2004 480 2221 536 semper
2247 464 2371 532 fuit,
2399 475 2504 533 est,
2529 475 2588 521 et
2616 467 2751 534 erit;
2785 476 2844 522 ut
2872 481 3206 540 unguentum
3235 473 3368 531 illud
3395 476 3586 549 (Aug.,

2003 566 2185 611 contra
2208 556 2309 611 litt.
2338 556 2524 624 Petil.,
2547 573 2597 613 c.
2626 557 2776 629 liii),
2815 557 3051 629 Spiritus
3079 563 3332 621 videlicet
3365 577 3589 626 sanctus

2002 645 2119 717 (qui
2152 647 2434 704 descendit
2480 663 2512 703 a
2544 649 2722 720 capite
2748 649 2952 706 Christi
2993 652 3049 706 in
3081 652 3325 723 barbam,
3352 672 3472 727 qua:
3503 671 3588 715 est

2003 740 2372 811 apostolorum
2402 741 2634 806 chorus;
2665 750 2722 797 et
2747 742 2815 798 de
2850 743 2953 799 hac
2981 745 3146 800 barba
3189 747 3247 803 in
3287 763 3385 804 ora
3423 752 3586 806 vesti-

2004 831 2196 897 menti,
2223 848 2345 903 qua:
2388 840 2471 887 est
2514 833 2772 903 capitium
2809 834 3027 899 tunicas,
3074 835 3333 894 Ecclesia:
3374 842 3590 896 scilicet

2002 918 2229 988 Christi,
2252 923 2398 991 quod
2427 923 2574 994 capit
2603 932 2786 995 caput,
2824 932 2885 979 ut
2921 926 3187 983 inhabitet
3210 928 3463 986 Christus
3492 948 3590 1001 per

2006 1009 2165 1064 tidem
2202 1011 2256 1065 in
2298 1012 2460 1068 corde
2489 1012 2682 1083 ejus),
2722 1014 2779 1067 in
2814 1013 3068 1069 omnibus
3102 1015 3302 1086 ubique
3340 1017 3589 1076 ﬁdelibus

2003 1112 2184 1158 servet
2218 1105 2485 1160 unitatem
2525 1106 2751 1174 spiritus
2791 1106 2846 1162 in
2884 1106 3098 1163 vinculo
3133 1110 3306 1178 pacis.
3345 1110 3471 1169 Hac
3508 1115 3581 1168 id-

2003 1194 2154 1251 circo
2180 1194 2433 1261 dicimus,
2463 1205 2523 1249 ut
2547 1196 2810 1253 noveritis
2854 1213 2965 1255 non
3005 1214 3104 1254 vos
3152 1216 3314 1273 posse
3346 1203 3587 1259 dividere

2006 1294 2030 1324 ε
2061 1284 2361 1341 Ecclesiam
2404 1285 2742 1342 Gallicanam
2781 1298 2837 1343 et
2875 1287 3255 1347 Germanicam
3282 1294 3352 1350 ab
3382 1296 3590 1351 unitate

2005 1375 2200 1430 tunicae
2234 1390 2355 1445 qua:
2383 1374 2627 1444 subjacet
2654 1377 2873 1449 capitio,
2906 1378 3314 1438 sublimioribus
3337 1384 3588 1440 videlicet

2004 1469 2265 1527 membris
2309 1470 2565 1527 Ecclesia:
2587 1512 2604 1538 ,
2653 1473 2748 1543 qui
2797 1474 3158 1543 proximiores
3206 1486 3335 1533 sunt
3379 1480 3585 1545 barbae,

2004 1560 2265 1632 apostolis
2296 1560 2537 1626 scilicet,
2584 1577 2650 1617 ac
2692 1577 2793 1633 per
2835 1564 2941 1620 hoc
2981 1565 3297 1636 apostolicis
3341 1570 3586 1634 sedibus,

2004 1653 2143 1708 sicut
2179 1652 2351 1708 barba
2380 1667 2488 1708 non
2518 1660 2700 1723 potest
2734 1668 2855 1709 esse
2887 1655 2991 1709 nisi
3041 1655 3096 1710 in
3132 1657 3330 1726 capite.
3379 1657 3586 1715 Deinde

320 1756 413 1821 tis,
439 1754 564 1823 quis
602 1753 708 1808 nisi
745 1753 1041 1808 secundum
1068 1752 1398 1808 voluntatem
1421 1762 1656 1810 vestram
1678 1768 1898 1820 venero,
1928 1744 1977 1805 B
2003 1743 2205 1809 dionis,
2238 1757 2355 1798 rem
2393 1742 2676 1798 ridiculam
2712 1744 3143 1819 subinfprentes,
3180 1757 3229 1802 et
3249 1749 3392 1819 quod
3410 1751 3588 1820 potius

322 1860 428 1901 non
464 1844 639 1900 habeo
672 1843 949 1900 Ecclesias
989 1851 1199 1899 vestras
1237 1852 1663 1910 consentaneas,
1710 1843 1805 1899 sed
1847 1844 1902 1899 in

321 1942 531 1988 tantum
574 1932 880 1988 contrarias
923 1939 983 1986 ut
1025 1931 1162 1986 nihil
1209 1931 1340 1987 mihi
1365 1944 1393 1973 ει
1431 1932 1487 1987 in
1531 1928 1727 1988 vestris
1751 1946 1905 2002 paro-

321 2024 459 2080 chiis
487 2037 650 2095 agere
671 2020 758 2078 vel
795 2021 1082 2093 disponere
1118 2021 1301 2088 liceat,
1339 2037 1442 2078 nec
1478 2023 1785 2094 quempiam
1816 2037 1905 2076 cx-

322 2114 727 2170 communicare
766 2113 922 2169 vobis
957 2113 1366 2171 obsistentibus.
1422 2115 1562 2171 Vere
1598 2130 1791 2171 verum
1820 2124 1906 2170 est

322 2206 468 2275 quod
515 2204 730 2261 Veritas
756 2203 890 2261 dicit
927 2202 1147 2259 :Maltts
1183 2204 1338 2259 homo
1374 2204 1440 2262 de
1480 2204 1621 2259 utan
1659 2206 1903 2260 thesauro

320 2295 493 2350 cordis
524 2295 609 2350 sui
643 2294 842 2366 profert
874 2292 1038 2348 mala.
1086 2293 1267 2361 Quare
1304 2294 1437 2353 mihi
1473 2296 1733 2351 contrarii
1779 2310 1903 2350 cum

322 2386 578 2442 Ecclesiis
610 2386 806 2442 vestris
841 2399 962 2441 esse
985 2384 1194 2441 debetis
1223 2385 1251 2425 1³
1277 2385 1333 2440 in
1363 2384 1636 2455 legatione
1664 2386 1818 2455 pacis
1849 2394 1908 2441 et

314 2478 566 2543 unitatis,
607 2478 752 2547 quod
779 2476 982 2533 Christi
1026 2476 1226 2531 donum
1272 2483 1333 2530 et
1375 2477 1738 2531 ministerium
1788 2477 1906 2532 est?

318 2569 400 2623 Au
439 2567 702 2639 ignoratis
740 2566 1055 2639 angelorum
1096 2573 1262 2621 cantu
1298 2566 1624 2637 promissam
1658 2580 1778 2623 esse
1815 2582 1908 2637 pa-

318 2674 436 2715 cem
474 2659 530 2715 in
566 2666 716 2715 terra
751 2656 1062 2717 hominibus
1098 2656 1256 2712 home
1294 2656 1610 2723 voluntatis,
1641 2674 1740 2729 per
1761 2658 1907 2728 Apo—

316 2749 518 2807 stolum
586 2758 773 2805 autem
846 2746 1248 2803 tribulationem
1329 2755 1387 2802 et
1460 2749 1767 2819 angustiam
1848 2750 1904 2804 in

317 2855 537 2896 onmem
574 2840 811 2895 animam
839 2836 1076 2893 hominis
1105 2836 1384 2906 operantis
1411 2836 1649 2891 malum?
1684 2837 1786 2893 llic
1809 2855 1904 2910 ap-

320 2939 472 3004 paret
518 2930 663 3002 quod
721 2937 986 2999 congruat
1042 2928 1196 2985 vobis
1249 2928 1377 2983 illud
1430 2929 1573 2999 quod
1625 2929 1905 3003 Scriptura

2001 1842 2172 1888 tacere
2190 1833 2359 1904 'quam
2389 1833 2563 1888 dicere
2594 1831 2916 1900 maluimus;
2952 1835 3007 1890 si
3029 1846 3203 1891 autem
3229 1853 3334 1891 non
3353 1840 3585 1909 egeritis,

2002 1942 2273 1981 assensum
2315 1925 2533 1981 consilio
2584 1935 2761 1981 nostra
2811 1943 2918 1983 non
2957 1927 3287 1998 prebueritis
3313 1968 3328 1993 ,
3370 1930 3586 1985 honoris

2002 2018 2155 2072 vestri
2199 2015 2433 2087 periculo
2475 2017 2843 2087 subjacebitis;
2884 2019 2935 2075 si
2975 2020 3157 2090 potius
3200 2020 3490 2088 maluistis,
3530 2025 3587 2082 id

2004 2096 2119 2173 est,
2151 2100 2325 2178 magis
2355 2107 2601 2163 voluistis
2636 2117 2819 2167 tacere
2844 2125 3013 2180 quam
3035 2110 3247 2177 dicere,
3277 2129 3449 2185 quare
3475 2132 3587 2171 non

2008 2196 2286 2252 tacuistis?
2325 2195 2670 2255 Consuetudo
2693 2207 2776 2256 est
2805 2200 2862 2254 in
2886 2201 3043 2257 vobis
3068 2210 3127 2257 ut
3152 2202 3207 2258 id
3231 2204 3377 2276 quod
3407 2207 3597 2262 minus

2004 2294 2105 2352 est,
2130 2287 2314 2342 vincat
2330 2287 2475 2357 quod
2498 2286 2673 2357 majus
2696 2297 2799 2345 est.
2827 2288 2999 2360 Major
3017 2290 3269 2350 voluntas
3294 2296 3508 2350 exstitit
3528 2296 3586 2352 in

2005 2379 2159 2434 vobis
2198 2386 2409 2443 tacere,
2448 2377 2625 2435 minor
2649 2388 2831 2435 autem
2853 2380 3066 2448 dicere;
3100 2390 3158 2437 et
3196 2391 3378 2440 tamen
3408 2386 3587 2442 minor

2004 2467 2137 2522 vicit
2162 2464 2441 2535 majorem.
2489 2466 2829 2527 Credendunt
2857 2475 2943 2526 est
2972 2471 3215 2537 omnino,
3242 2475 3498 2545 quoniam
3528 2476 3583 2530 in

2005 2559 2395 2618 discordiarum
2427 2561 2762 2619 amatoribus
2788 2562 2984 2619 victrix
3013 2572 3098 2620 est
3128 2564 3415 2635 cupiditas,
3443 2567 3585 2623 victa

2005 2656 2360 2711 continentia.
2408 2654 2545 2711 Illud
2588 2670 2716 2710 vero
2758 2656 2901 2726 quod
2946 2656 3144 2713 minari
3172 2673 3269 2714 vos
3304 2664 3585 2732 cognosci-

2005 2763 2126 2803 mus
2167 2747 2193 2788 d
2240 2747 2543 2819 periculum
2591 2750 2791 2820 gradus
2814 2789 2831 2814 ,
2878 2750 3004 2820 quis
3046 2751 3323 2820 explicare
3386 2755 3584 2822 poterit

2005 2846 2264 2909 quantum
2311 2838 2382 2892 sit
2423 2837 2743 2903 absurdum,
2793 2845 3163 2908 quantumque
3200 2840 3586 2897 inconveniens

2004 2937 2059 2982 et
2086 2926 2341 2993 stultum;
2382 2942 2507 2982 cum
2541 2934 2720 2981 vestra
2755 2928 3105 2984 comminatio
3140 2945 3247 2984 non
3271 2931 3343 2986 sit
3367 2940 3587 3002 propter

318 3024 449 3081 dicit
479 3041 494 3078 :
523 3023 686 3076 Arma
719 3030 767 3074 et
800 3018 966 3091 gladii
1001 3019 1057 3074 in
1081 3019 1166 3074 uia
1193 3020 1443 3089 perversi.
1493 3021 1600 3077 Vos
1630 3022 1902 3077 conamini
2006 3019 2233 3083 crimen,
2269 3030 2291 3058 ε
2317 3018 2672 3075 homicidium
2702 3018 2930 3086 scilicet,
2958 3020 3323 3092 sacrilegium,
3352 3032 3444 3077 aut
3472 3023 3586 3078 iur-

316 3118 581 3172 obsisjm
609 3114 1057 3186 perversimibus
1077 3114 1278 3168 vestris
1308 3112 1488 3180 nobis,
1513 3113 1605 3183 qui
1633 3112 1903 3185 legatione
1930 3095 1975 3158 C
2009 3118 2145 3175 tum,
2166 3109 2255 3163 vel
2277 3107 2480 3179 aliquid
2513 3107 2859 3180 huiusmodi;
2895 3110 2992 3165 sed
3016 3111 3121 3167 nisi
3150 3112 3226 3166 ita
3253 3115 3583 3178 venerimus,

319 3210 596 3281 fungimur
622 3207 791 3279 pacis.
842 3206 979 3261 Nam
1006 3206 1315 3276 quicunque
1349 3205 1493 3259 inter
1538 3220 1635 3261 vos
1659 3207 1899 3262 membra
2007 3205 2150 3259 sicut
2190 3203 2292 3274 ipsi
2330 3202 2497 3259 vultis
2531 3220 2546 3256 :
2584 3203 2675 3259 cui
2719 3203 2799 3259 rei
2846 3204 2902 3258 in
2934 3212 3253 3276 argumento
3298 3204 3588 3278 adjungitis

317 3299 520 3355 Christi
549 3306 696 3363 sunt,
723 3311 831 3352 non
856 3311 981 3351 eum
1010 3295 1238 3364 potestis
1270 3293 1588 3351 abscindere
1614 3312 1647 3350 a
1674 3311 1901 3368 corpore
1998 3294 2371 3365 juramentum
2399 3312 2416 3360 ;
2478 3303 2533 3349 et
2585 3310 2692 3350 non
2750 3295 3111 3350 recordamini
3163 3296 3545 3354 erubescentes
3566 3340 3587 3363 ,

316 3389 535 3461 capitis,
562 3387 711 3457 quod
748 3393 831 3441 est
859 3384 1128 3440 Christus.
1160 3382 1297 3438 Nam
1335 3384 1443 3440 etsi
1465 3399 1566 3441 vos
1593 3386 1736 3442 datis
1770 3403 1901 3459 ope-
2006 3392 2132 3461 quia
2176 3388 2196 3427 ί
2238 3387 2437 3461 periuri
2499 3387 2795 3459 peieratum
2838 3388 3141 3459 degradare
3186 3405 3295 3447 non
3336 3404 3583 3461 possunt,

1701 3502 1975 3564 BALUle
2016 3502 2246 3564 ΝΟΤΑΞ.

388 3612 414 3640 ι
442 3608 510 3653 ιιι
530 3597 718 3652 uestris
743 3596 1025 3667 parochiis,
1048 3594 1110 3667 id
1149 3603 1254 3662 est,
1291 3594 1638 3667 dioecesibus,
1666 3595 1745 3650 uti
1780 3596 1896 3667 plu-

2075 3609 2099 3638 ε
2142 3595 2367 3665 Propter
2409 3595 2770 3667 homicidium.
2819 3595 3065 3667 Respicit
3099 3596 3169 3652 ad
3206 3611 3468 3654 canonem
3511 3601 3585 3654 25

316 3671 465 3726 ribus
492 3663 808 3752 diximus
836 3666 977 3752 notis
1004 3666 1071 3752 ad
1091 3663 1749 3752 Lupnm-iiierrariensem.
1768 3663 1898 3723 Por-
2001 3663 2353 3752 npostolic'um
2370 3682 2384 3731 ;
2404 3666 2655 3752 .in.quo,
2693 3674 2754 3721 ut
2781 3663 2995 3752 quidem
3033 3668 3238 3750 citatur
3263 3684 3295 3752 a
3318 3668 3589 3752 Gregorio

316 3757 400 3806 ro,
435 3740 561 3809 quis
586 3753 693 3793 non
747 3737 836 3792 hic
882 3737 1112 3791 miretur
1163 3736 1470 3791 libertatem
1518 3736 1895 3807 episcoporum
2002 3736 2331 3799 Turonensi,
2372 3737 2451 3791 sic
2486 3736 2679 3806 legitur
2722 3754 2734 3790 :
2782 3755 2801 3788 ι
2847 3736 3147 3807 Episcopus
3177 3737 3231 3792 in
3271 3736 3586 3805 homicidio,

313 3811 716 3867 Gallicanorum
1013 3804 1253 3889 pontifici
1280 3805 1647 3889 minitantium
1668 3808 1894 3889 i_mpedi_-
2001 3808 2265 3889 adniterio
2302 3806 3080 3889 ettperjurio_¢leprehensus,_
3100 3823 3135 3889 a
3163 3810 3467 3889 sacerdetio
3503 3814 3586 3866 di-

2003 3880 2251 3934 vellatur.
2301 3877 2472 3952 [Sed
2505 3876 2659 3952 apud
2686 3876 2997 3952 Dionysium
3038 3878 3320 3952 Egigunm
3343 3879 3588 3952 aliosque

2006 3958 2216 4004 veteres
2242 3945 2562 4003 collectores
2588 3947 2722 4001 nihil
2748 3945 2834 4002 de
2856 3945 3165 4004 homicidio:
3208 3949 3361 4006 Unde
3401 3945 3585 4007 Harca

2002 4029 2225 4076 coactus
2257 4026 2341 4073 est
2373 4017 2636 4086 suspicari
2676 4028 2994 4086 corruptum
3033 4018 3203 4075 fuisse
3238 4020 3384 4075 hunc
3422 4036 3587 4078 cano-

2003 4106 2127 4145 nem
2156 4090 2223 4144 ad
2251 4088 2602 4160 premendum
2629 4086 3015 4160 Przetextatum
3040 4090 3352 4160 episcopum
3382 4089 3587 4148 Rotho-

2003 4176 2057 4215 ιιι
2075 4174 2332 4233 rgensem,
2355 4159 2448 4227 qui
2474 4173 2531 4212 se
2555 4158 2818 4233 designati
2840 4158 3118 4233 homicidii
3149 4158 3301 4233 reum
3325 4175 3465 4228 esse,
3490 4178 3589 4233 spe

2001 4228 2173 4285 venite
2200 4229 2477 4299 professus
2500 4235 2585 4283 est
2611 4228 2665 4281 in
2688 4229 2891 4298 synodo
2918 4229 3233 4286 Parisiensi.
3260 4231 3327 4286 Et
3351 4233 3464 4287 tieri
3494 4228 3589 4303 po-

2001 4308 2104 4354 test
2132 4309 2191 4353 ut
2213 4302 2327 4354 haec
2346 4314 2562 4356 quoque
2580 4298 2840 4356 clausula.
2863 4304 3009 4356 ouod
3032 4302 3340 4356 aequissima
3361 4318 3588 4356 seouen-

2001 4314 2104 4354 tcst
2132 4314 2191 4353 ut
2213 4314 2327 4354 meo
2346 4314 2562 4368 quoque
2580 4314 2840 4363 elausuta,
2863 4314 3009 4368 quod
3032 4315 3340 4371 aequissima
3361 4318 3588 4372 sequen-

1921 4386 1975 4449 ι)
2001 4371 2144 4449 tibus
2173 4369 2504 4449 temporihtis
2532 4368 2649 4423 visa'
2674 4368 2867 4434 fuerit,
2900 4372 3278 4449 recepta__deiu
3318 4373 3475 4449 vulgo
3493 4376 3589 4449 sit

1998 4440 2052 4495 in
2080 4441 2234 4494 novis
2258 4440 2584 4494 editionibus
2613 4454 2880 4495 canonum
2915 4441 3334 4508 apostolicorum
3355 4482 3370 4508 ,
3401 4440 3588 4500 addito

1996 4510 2070 4582 eti
2092 4527 2161 4564 illi
2199 4510 2417 4582 nomine
2440 4511 2739 4582 sacrilegii.
2773 4509 2910 4565 Nam
2949 4509 3091 4567 hanc
3129 4527 3343 4582 quoque
3369 4512 3589 4568 clausu-

1994 4579 2101 4634 lam
2128 4581 2381 4654 habuisse
2402 4579 2619 4633 videtur
2640 4580 2937 4654 Gregorius
2961 4582 3015 4637 in
3041 4579 3369 4654 suo'codice.
3397 4582 3587 4654 itaque

312 4652 516 4724 Verum
546 4650 1033 4724 istudgpersuaderi
1076 4665 1183 4724 non
1219 4651 1393 4724 potuit
1422 4651 1690 4724 episcopis
1724 4653 1896 4721 partis
1994 4651 2435 4724 gravitererrant
2461 4650 2798 4724 correctores
2817 4651 3175 4724 Romani,qui
3197 4650 3587 4709 clausulam'de

321 4667 516 4735 verum
546 4667 1033 4735 tstuopersunuen
1076 4667 1183 4705 non
1219 4667 1393 4719 potuit
1422 4667 1690 4733 episcopis
1724 4667 1896 4721 partis
1994 4667 2435 4776 gravitererrant
2461 4667 2798 4730 correctores
2818 4667 3492 4724 nomant,quic1ausutam
3517 4667 3585 4709 ae

311 4724 594 4787 Ludovici,
623 4737 714 4792 qui
738 4736 961 4795 omnino
988 4721 1250 4790 putabant
1278 4719 1600 4795 Gregorium
1633 4738 1686 4775 ιιι
1712 4732 1895 4791 partes
2032 4720 2288 4795 omtctdi_o
2317 4734 2570 4795 primum
2594 4720 2858 4788 adlectam
2895 4731 3086 4795 putant
3118 4726 3187 4780 ab
3226 4725 3492 4795 episcopis
3527 4724 3585 4779 in

311 4795 546 4849 ﬁliorum
583 4793 841 4848 transisse
877 4799 1065 4871 contra
1094 4798 1313 4871 patrem
1349 4807 1363 4842 :
1395 4792 1540 4860 quod
1572 4799 1628 4846 et
1664 4806 1896 4861 sequens

310 4867 1335 4991 ηυῖηὲῗοῗηέσῖῧῖἳιρὲζῖιῖὲῶεαω.
1377 4930 1674 5001 Utramque
1711 4932 1898 4989 Eccle-

310 5006 447 5061 siam
475 5001 754 5073 coniungit
778 5004 850 5057 ob
884 5016 1003 5055 eam
1038 5015 1293 5064 causam,
1323 5000 1465 5069 quod
1503 5000 1626 5056 cum
1669 5017 1894 5072 regnum

313 5076 644 5131 Francorum
673 5089 741 5128 ex
773 5082 1004 5141 utraque
1031 5078 1191 5145 gente
1225 5078 1535 5145 constaret,
1560 5073 1773 5141 quoties
1800 5089 1894 5145 sy-

313 5146 486 5201 nodus
518 5145 965 5215 congregabatur,
1009 5142 1077 5215 ad
1111 5156 1244 5215 eam
1281 5142 1517 5215 episcopi
1562 5158 1631 5198 ex
1667 5142 1896 5215 utraque

313 5223 471 5294 gente
488 5211 905 5294 conveniebant.
928 5211 1080 5294 Quod
1101 5211 1478 5294 contigerat
1507 5228 1561 5294 sy
1572 5211 1894 5294 nodosque

314 5228 471 5282 gente
488 5228 905 5273 conveniebant.
928 5228 1080 5279 unua
1101 5228 1405 5279 contigerat
1423 5228 1478 5266 m
1507 5228 1714 5337 εἰηοοο
1737 5228 1769 5269 e
1787 5230 1894 5285 qua

314 5284 476 5340 missa
513 5293 597 5355 est
643 5284 870 5355 epistola
906 5283 1285 5355 episcoporum
1326 5282 1499 5352 partis
1578 5284 1792 5339 udovici
1826 5284 1896 5340 ad

310 5368 502 5423 papam
528 5353 874 5423 Gregorium,
903 5353 1054 5423 cujus
1079 5354 1183 5408 ista
1210 5355 1555 5422 responsoria
1579 5362 1680 5409 est.

383 5420 410 5462 ³
446 5420 752 5495 Periculum
779 5420 981 5495 gradus
998 5466 1013 5491 ,
1051 5425 1104 5479 id
1128 5433 1250 5488 est,
1279 5420 1668 5495 depositioncm
1705 5439 1773 5480 ac
1797 5424 1893 5479 de-

304 5489 601 5560 jectionem
636 5510 668 5547 e
704 5489 945 5550 Romana
989 5489 1263 5551 cathedra.
1298 5489 1463 5549 Recte
1500 5510 1630 5550 vero
1668 5495 1897 5549 miratur

311 5561 607 5634 Gregorius
631 5563 793 5634 _hauc
839 5566 1213 5634 episcoporum
1267 5564 1666 5621 Gallicanorum
1721 5566 1894 5619 conti-

311 5632 585 5699 dentiam,
625 5632 1142 5703 Romano'pont'ilici
1188 5635 1556 5691 minitantium
1605 5635 1897 5706 depositio-

312 5718 457 5760 nem.

315 3892 468 3938 turos
488 3896 546 3936 se
570 3893 640 3934 ne
680 3877 809 3947 quid
838 3884 964 3947 agat
1006 3876 1074 3947 in
1124 3877 1239 3932 suis
1284 3876 1631 3947 ditecesibus,
1650 3879 1697 3933 si
1735 3876 1795 3933 se
1822 3879 1893 3934 ab

313 3966 505 4009 eorum
529 3945 909 4006 communione
932 3946 1254 4002 subtrahat?
1276 3945 1383 4003 Sed
1406 3954 1462 4002 et
1483 3946 1614 4003 illud
1628 3948 1782 4004 valde
1795 3964 1894 4004 no-

318 4031 431 4078 tatu
458 4022 677 4090 dignum
692 4027 796 4083 est,
811 4017 957 4090 quod
976 4019 1140 4073 etiam
1150 4016 1339 4090 dicere
1350 4017 1594 4090 palamet
1604 4027 1793 4089 aperte
1806 4035 1901 4074 au-

313 4094 359 4148 si
382 4087 540 4156 sunt,
552 4099 608 4145 et
628 4090 846 4159 quidem
880 4087 1124 4159 Romano
1158 4088 1401 4159 pontilici
1436 4087 1759 4154 scribentes,
1792 4091 1898 4144 non

316 4156 744 4222 toleraturos'se,
762 4158 809 4229 si
824 4172 961 4226 papa
969 4156 1270 4229 Gregorius
1283 4158 1514 4229 aliquem
1530 4160 1763 4229 principi
1775 4161 1899 4214 sub-

310 4233 510 4302 jectum
537 4239 631 4283 aut
650 4226 1029 4302 ﬁdelem_v_el_it
1065 4226 1553 4302 escomniunicare.
1600 4226 1725 4294 Qui'
1745 4229 1896 4302 locus

313 4295 459 4356 utilis
482 4313 603 4354 esse
630 4305 808 4368 potest
828 4296 896 4368 ad
908 4295 1295 4368 defendendam
1326 4296 1606 4352 Galliama
1627 4299 1894 4354 sententia

314 4370 608 4432 interdicti,
631 4365 680 4423 si
704 4383 826 4422 eam
848 4365 978 4421 ferri
1000 4366 1352 4437 contingeret.

384 4443 414 4483 ιι
454 4439 519 4496 ιη
555 4438 813 4511 legatique
852 4437 1018 4508 pacis.
1051 4436 1143 4493 Sic
1180 4436 1335 4511 enim,
1359 4439 1891 4511 aiebatGregerius,

313 4528 409 4569 seu
439 4526 564 4566 vera
594 4508 694 4564 seu
723 4508 854 4564 falsa
882 4515 1190 4577 promeret,
1221 4510 1435 4564 venisse
1460 4524 1519 4564 se
1556 4510 1609 4564 in
1641 4508 1891 4577 Galliam,

314 4594 374 4638 ut
397 4579 745 4639 concordiam
772 4579 1103 4634 Lndovicum
1140 4580 1284 4634 inter
1318 4587 1374 4634 et
1413 4580 1556 4636 ﬁlios
1590 4590 1890 4638 revocaret.

1994 4791 2200 4871 synodo
2238 4789 2573 4844 Tribnriensi
2596 4789 2958 4871 “congregatis
2997 4809 3139 4871 anno
3179 4789 3310 4860 893,
3349 4789 3585 4865 eamque

1993 4858 2163 4935 fuisse
2200 4873 2420 4916 causam
2456 4875 2556 4915 cur
2591 4858 2910 4935 Gratianus,
2953 4862 3046 4935 qui
3084 4874 3203 4933 post
3240 4858 3304 4920 ea
3336 4858 3581 4935 tempora

1993 4932 2158 4994 vixit,
2191 4945 2310 4984 eam
2338 4945 2554 5000 quoque
2584 4930 2885 4988 clausulam
2923 4930 3191 4989 addiderit
3222 4935 3348 4991 huic
3386 4930 3582 4991 cationi.

1995 5002 2310 5073 apostnlico,
2340 5002 2464 5073 dist.
2493 5002 2582 5065 8i,
2618 5018 2738 5073 cap.
2777 5000 3066 5073 Presbyter.

2073 5073 2093 5111 ί
2135 5070 2350 5154 Perjuri
2379 5070 2700 5154 pejeratunti
2715 5070 3005 5154 iureapud
3023 5087 3211 5154 emnes
3233 5073 3434 5154 tibique
3452 5090 3583 5154 gen.

1997 5152 2078 5198 tes
2112 5152 2361 5211 recepto,
2382 5141 2630 5213 episcopi
2655 5143 2749 5212 qui
2787 5141 2946 5213 ﬁdem
2975 5143 3206 5213 principi
3226 5141 3587 5213 jurejurando

1994 5214 2287 5283 obligatam
2316 5212 2541 5283 violant,
2563 5211 2861 5283 deponendi
2885 5211 3027 5283 sunt.
3054 5211 3187 5267 Nam
3211 5211 3498 5283 episcopus
3527 5215 3583 5269 in

1996 5280 2235 5353 periurio
2276 5280 2674 5353 deprehensus,
2708 5282 2903 5352 deponi
2932 5280 3152 5353 jubetur
3187 5280 3483 5340 in'canone
3509 5284 3584 5341 25

1996 5350 2312 5426 apostolico.
2337 5350 2953 5426 Prudentissime'enim
2983 5350 3395 5426 iustissimoque
3432 5355 3588 5412 vide-

1997 5421 2125 5478 runt
2146 5422 2312 5491 prisci
2336 5423 2411 5477 illi
2445 5421 2622 5491 legum
2647 5422 3075 5479 Christianarum
3104 5421 3433 5491 conditores,
3472 5443 3494 5477 α
3528 5426 3585 5483 in

1995 5494 2319 5565 episcopos,
2351 5493 2463 5562 qui,
2477 5500 2647 5565 suurn-
2674 5495 2999 5565 transgressi
3035 5505 3161 5549 sunt
3193 5495 3581 5562 juramentum,

1998 5563 2151 5618 tanlo
2175 5563 2395 5635 gravius
2421 5577 2542 5616 esse
2562 5563 2963 5630 vindicandum,
2993 5575 3195 5635 quanto
3225 5566 3413 5635 majori
3444 5580 3587 5634 prte—

1997 5632 2509 5705 minentdignitate,
2535 5641 2800 5688 eteorum
2827 5632 3076 5705 exemplo
3105 5632 3323 5691 facilius
3340 5635 3428 5690 alii
3446 5632 3581 5705 pos-

1996 5714 2125 5762 sunt
2160 5702 2227 5758 ad
2268 5701 2465 5759 similia
2506 5705 2822 5775 provocari;
2863 5725 2881 5759 i
2917 5701 3189 5765 ut'verbis
3224 5701 3581 5764 utamur—Ur-
