4010 6184
362 247 468 306 313

1447 247 1653 303 LIBER
1691 245 1829 303 PRO
1866 242 2069 300 Πωὸ
2106 244 2432 304 LUDOV'lCl
2470 245 2576 301 ΡΠ.

3522 251 3630 307 5M

360 361 607 423 Ecclesia
627 359 728 418 Dei
762 359 901 425 vivi,
933 359 1180 416 columna
1223 368 1281 415 et
1305 359 1708 419 ﬁrmamentum
1747 361 1944 417 verita-
1969 359 2022 420 Α
2045 358 2321 426 dicuntur,
2380 360 2529 417 ludat
2563 362 2863 431 pueriliter,
2916 366 3286 433 spectantibus
3330 367 3493 423 etiam
3534 368 3635 425 ali-

360 457 463 519 tis,
524 461 649 509 orat
699 461 759 509 ut
805 452 1273 511 Christianissimo
1348 455 1664 527 imperatori
1727 455 1948 513 barbari

358 544 740 617 subjiciautur,
784 559 891 600 non
932 551 994 599 ut
1039 543 1267 614 subjecti
1304 547 1695 602 conturbentur
1734 554 1790 601 et
1821 546 1949 601 bar-

356 641 694 698 barizentur.
727 637 914 708 Neque
941 639 1088 693 enim
1114 637 1569 695 Christianissimi
1601 640 1947 711 imperatoris

356 739 438 787 est
465 729 1068 798 subjectosexturbare
1100 737 1155 784 et
1191 730 1374 786 unitos
1402 730 1665 787 dividere.

422 820 513 877 Ν.
554 818 599 875 0
636 819 865 874 Domine
894 818 1040 874 Deus
1069 819 1194 874 cceli
1219 835 1284 875 ac
1312 827 1493 886 terrae,
1522 836 1623 877 cur
1645 819 1945 892 permisisti

353 910 732 966 fidelissimum
762 917 817 963 et
849 908 1375 965 Christianissimum
1404 926 1623 966 servum
1661 919 1812 966 tuum
1842 911 1943 967 im~

350 1007 660 1069 peratorem
674 1006 920 1052 nostrum
942 997 997 1052 in
1025 1005 1227 1052 tantam
1255 998 1511 1055 devenire
1540 999 1938 1071 negligentiam,

355 1101 383 1129 ι
413 1098 477 1143 ιιι
534 1089 720 1144 videre
764 1088 899 1144 nolit
943 1089 1140 1159 quibus
1204 1091 1361 1146 malis
1421 1093 1787 1148 circumdatus
1838 1093 1945 1148 sit?

352 1179 539 1252 Diligit
564 1179 710 1235 enim
734 1179 979 1236 odientes
1006 1196 1088 1245 se,
1118 1188 1174 1236 et
1202 1181 1318 1236 odit
1344 1181 1635 1251 diligentes
1666 1198 1745 1238 se.
1802 1182 1942 1249 Quid

351 1273 399 1328 si
434 1287 625 1328 verum
657 1278 743 1326 est
771 1269 913 1341 quod
937 1270 1202 1341 plerique,
1233 1271 1326 1341 qui
1355 1272 1606 1329 subtilius
1642 1272 1943 1345 intelligere

349 1364 630 1429 videntur,
662 1361 962 1427 afﬁrmant;
1001 1361 1148 1431 quod
1182 1361 1396 1417 scilicet
1422 1362 1533 1425 sint
1568 1363 1733 1433 aliqui
1771 1364 1827 1418 in
1863 1364 1942 1418 la-

348 1461 468 1508 tere
493 1449 631 1520 ejus,
668 1450 761 1522 qui
802 1449 1075 1505 inhianter
1110 1457 1430 1519 exspectant
1462 1451 1843 1507 exterminium
1878 1451 1941 1507 li-

347 1541 547 1598 liorum
566 1541 720 1611 ejus?
748 1539 903 1608 Quod
931 1540 976 1595 si
1000 1539 1254 1603 viderint,
1288 1539 1543 1595 collatum
1571 1541 1773 1598 habent
1800 1543 1940 1599 inter

347 1645 409 1685 se
435 1639 498 1685 ut
536 1629 589 1683 iu
630 1629 1011 1698 imperatorem
1060 1626 1280 1681 mittant
1320 1644 1563 1697 manum,
1604 1639 1659 1684 ct
1685 1631 1713 1671 ι)
1738 1631 1940 1702 disper-

2050 451 2247 519 quibus
2282 453 2349 507 de
2388 454 2579 509 ordine
2615 455 2957 520 sacerdotali,
2998 464 3055 512 et
3092 456 3118 497 ιι
3152 458 3427 530 plerisque
3466 460 3636 516 collu—

2049 541 2322 609 dentihus,
2370 545 2462 614 qui
2502 543 2823 616 (secundum
2875 545 3105 602 formam
3148 564 3309 618 quam
3338 549 3629 621 Apostolus

2048 633 2240 689 scribit
2280 634 2348 690 de
2393 634 2657 706 eligendis
2700 636 2988 706 episcopis,
3038 638 3262 694 dicens:
3288 638 3489 696 Domus
3516 656 3629 696 suta

2047 723 2173 778 bene
2197 726 2559 799 pra-positum,
2587 724 2728 794 ﬁlios
2754 726 3026 780 habentem
3060 728 3296 782 subditos
3325 746 3446 783 cum
3482 730 3628 784 omni

2044 814 2317 879 castitate;
2364 816 2487 887 quia
2525 815 2573 869 si
2615 816 2732 886 quis
2776 815 2962 870 domus
3008 834 3121 871 sure
3164 835 3388 889 prtresse
3444 821 3627 885 nescit,

2043 903 2304 975 quomodo
2336 903 2592 960 Ecclesia:
2623 904 2723 958 Dei
2763 904 3092 974 diligentiam
3127 906 3400 980 habebit?)
3438 910 3633 979 praedi-

2042 1010 2170 1051 care
2206 996 2506 1051 debuerant
2535 996 2765 1052 dominae
2808 996 3014 1051 ludenti
3043 1014 3056 1047 :
3102 994 3158 1050 Si
3191 1012 3295 1066 qua
3323 999 3507 1068 regina
3544 1014 3631 1054 se-

2044 1084 2329 1153 metipsam
2371 1100 2560 1156 regere
2587 1101 2695 1140 non
2744 1085 2917 1150 novit,
2953 1086 3223 1155 quomodo
3252 1085 3321 1142 de
3346 1089 3630 1144 honestate

2041 1176 2226 1246 palatii
2272 1192 2456 1232 curam
2504 1178 2761 1233 habebit?
2810 1178 3218 1247 autquomodo
3265 1180 3627 1249 gubernacula

2041 1268 2196 1339 regni
2244 1269 2532 1338 diligenter
2582 1270 2844 1325 exercet?
2879 1269 3158 1325 Reducere
3201 1285 3418 1340 quoque
3462 1272 3514 1326 ei
3559 1272 3629 1326 ad

2040 1358 2361 1413 memoriam
2411 1361 2739 1423 debuerant,
2782 1359 2926 1429 quod
2971 1360 3296 1429 supradicta:
3344 1362 3626 1416 sententia:

2038 1458 2403 1520 congruenter
2437 1450 2609 1520 aptari
2645 1458 2842 1520 potest,
2869 1457 3129 1520 quantum
3164 1458 3345 1505 tamen
3373 1450 3439 1505 ad
3468 1460 3625 1506 exte-

2039 1537 2237 1593 riorem
2289 1552 2505 1594 sensum
2556 1540 2812 1608 pertinet,
2858 1540 3003 1608 quod
3050 1540 3105 1594 in
3148 1540 3259 1594 alio
3301 1540 3423 1595 loco
3464 1556 3618 1595 saera

2041 1628 2321 1699 Scriptura
2353 1629 2482 1685 dicit
2512 1648 2523 1683 :
2564 1629 2757 1684 Mulier
2780 1616 3003 1700 diligens
3032 1646 3227 1685 corona
3250 1639 3325 1684 est
3352 1632 3460 1684 uiro
3487 1647 3621 1694 suo;

348 1722 491 1776 tiant
536 1720 639 1776 sibi
688 1735 935 1791 regnum.
976 1717 1091 1774 Hoc
1124 1726 1309 1773 utrum
1354 1734 1538 1774 verum
1570 1720 1661 1785 sit,
1708 1721 1808 1791 ipsi
1841 1736 1937 1776 uo-
1964 1702 2013 1764 Β
2039 1728 2089 1773 et
2108 1719 2332 1790 putredo
2380 1721 2433 1774 in
2462 1720 2664 1774 ossibus
2702 1720 2815 1790 ejus
2841 1737 2958 1790 qua:
2999 1720 3305 1788 confusione
3329 1737 3409 1774 res
3434 1720 3624 1790 dignas

344 1819 496 1867 runt.
530 1809 682 1865 Multi
719 1817 901 1864 tamen
938 1818 1083 1875 sunt,
1135 1809 1226 1878 qui
1268 1824 1376 1863 non
1404 1810 1687 1882 ambigunt
1723 1812 1843 1868 illos
1871 1813 1937 1869 de
2038 1814 2193 1883 gerit.
2228 1813 2295 1867 Et
2320 1812 2515 1869 iterum
2552 1830 2567 1865 ε
2617 1811 2772 1866 Tecta
2816 1812 3169 1881 perstillantia
3205 1814 3261 1867 in
3295 1812 3382 1867 die
3410 1813 3625 1883 frigoris

344 1901 548 1971 quibus
576 1900 795 1965 dicitur,
840 1900 912 1955 ita
945 1900 1261 1956 incumbere
1302 1916 1502 1972 regno,
1554 1911 1809 1973 tanquam
1845 1920 1937 1974 pa-
2038 1906 2086 1956 et
2108 1900 2337 1973 litigiosa
2365 1901 2557 1957 mulier
2582 1912 2976 1972 comparantur.
3005 1900 3107 1966 Qui
3132 1901 3312 1956 retinet
3336 1918 3452 1957 eam
3472 1904 3625 1972 quasi

341 1990 470 2045 rieti
505 1990 765 2045 inclinato
805 1998 862 2044 et
902 1990 1151 2045 maceriae
1190 1990 1453 2060 impulsa.
1498 1992 1651 2049 Unde
1690 2004 1934 2062 constat,

340 2080 475 2149 quia
505 2080 609 2135 nisi
642 2080 786 2135 Deus
828 2080 1173 2147 subvenerit,
1213 2090 1308 2136 aut
1345 2083 1549 2140 exteris
1593 2084 1811 2140 dabitur
1844 2102 1933 2142 re-

338 2186 535 2242 gnum,
567 2178 662 2225 aut
690 2171 747 2225 in
779 2171 979 2225 multos
1008 2176 1269 2241 tyrannos
1294 2170 1673 2242 dispertietur‘;
1702 2176 1845 2245 quod
1876 2176 1931 2231 in

337 2263 452 2317 hoc
480 2261 811 2318 assimilatur
852 2278 864 2314 :
901 2261 1154 2331 quoniam
1194 2261 1513 2331 imperator,
1541 2266 1632 2335 qui
1673 2269 1933 2327 adversus

334 2350 703 2407 barbarorum
750 2364 907 2419 reges
939 2348 1082 2403 bella
1114 2347 1263 2417 justa
1303 2351 1591 2421 disponere
1638 2356 1931 2425 debuerat,

332 2443 611 2499 adversus
657 2441 943 2497 dilectores
985 2440 1070 2495 sui
1112 2439 1253 2496 filios
1279 2440 1478 2511 injusta
1505 2459 1664 2516 agere
1687 2458 1860 2518 parat.

426 2533 491 2587 ν.
532 2533 730 2588 Dicunt
760 2532 926 2596 etiam
955 2532 1120 2603 aliqui
1152 2534 1297 2604 quod
1326 2546 1347 2574 ε
1382 2535 1599 2594 domi:.a
1625 2542 1812 2610 palatii
1850 2560 1935 2601 se—

334 2624 544 2692 nioris,
570 2631 725 2680 extra
751 2625 840 2679 illa
861 2640 981 2696 qua:
1002 2624 1068 2681 de
1088 2621 1205 2693 ejus
1236 2624 1467 2683 occultis
1490 2637 1546 2684 et
1572 2646 1678 2686 non
1707 2635 1933 2693 occultis

2038 1994 2128 2065 qui
2176 2004 2379 2049 uetitum
2425 2003 2616 2057 teneat,
2666 2003 2715 2047 et
2764 1992 2934 2048 oleum
2967 1993 3192 2048 dextera
3233 2009 3345 2048 sua
3389 2002 3623 2047 evacuet.

2040 2086 2147 2142 Sed
2171 2086 2311 2142 forte
2338 2087 2579 2142 dicturus
2601 2094 2685 2141 est
2708 2085 2905 2154 aliquis
2931 2103 2944 2138 :
2971 2084 3096 2140 Haec
3120 2098 3227 2139 non
3253 2092 3339 2139 est
3364 2083 3621 2155 litigiosa,

2033 2178 2133 2235 sed
2164 2190 2187 2219 ο
2217 2178 2424 2244 suavis,
2459 2186 2513 2233 et
2542 2176 2763 2231 blanda.
2814 2176 3023 2243 Quibus
3052 2174 3233 2230 verbis
3286 2175 3619 2245 responden-

2040 2272 2166 2327 dum
2198 2278 2298 2334 est,
2332 2286 2439 2325 non
2476 2277 2560 2325 est
2595 2269 2772 2339 majus
2803 2269 3063 2340 litigium,
3102 2283 3263 2339 quam
3298 2268 3423 2323 honi
3450 2267 3623 2338 patris

2036 2361 2208 2417 bonos
2268 2361 2408 2417 ﬁlios
2454 2360 2699 2426 irritare,
2753 2361 3109 2423 exacerbare,
3155 2360 3514 2422 exhonorare,
3563 2367 3622 2413 et

2035 2454 2249 2524 penitus
2287 2468 2318 2506 a
2346 2459 2499 2523 patre
2539 2452 2776 2507 alienare
2811 2452 2949 2506 velle
2978 2469 2991 2504 :
3022 2466 3143 2521 qua:
3178 2450 3305 2520 quia
3343 2448 3363 2488 ί
3398 2458 3618 2520 propter

2038 2545 2208 2602 solam
2238 2544 2695 2615 pulchritudinem
2723 2559 2753 2597 a
2781 2543 2900 2597 viro
2926 2540 3222 2597 inolliciose
3246 2541 3395 2613 diligi
3424 2540 3616 2609 fertur,

2041 2635 2418 2692 inculcaudum
2481 2635 2702 2705 utrique
2750 2632 2931 2690 fuerat
2984 2632 3126 2703 quod
3184 2632 3383 2689 iterum
3429 2633 3617 2688 eadem

1746 2725 2020 2787 BALUZII
2054 2728 2287 2786 ΝΟΤᾸΞ.

419 2817 446 2845 ι
488 2804 555 2860 Ut
582 2805 756 2883 videre
794 2804 924 2883 nolit
956 2805 1099 2883 quib.
1132 2806 1306 2883 malis.
1339 2808 1465 2883 iure
1509 2818 1620 2865 tum
1658 2829 1711 2867 m
1743 2815 1934 2883 vulgus

327 2876 574 2951 jactata:
596 2876 804 2931 Auctor
825 2874 1244 2951 Yitae'Ludovici
1274 2895 1289 2932 :
1320 2898 1339 2929 ς
1372 2879 1540 2935 Porro
1562 2891 1769 2951 patrem
1797 2874 1932 2942 adeo

334 2945 664 3016 quibusdam
686 2946 973 3016 prastigiis
998 2946 1228 3004 elusum.
1260 2956 1321 3003 ut
1346 2951 1460 3005 hzee
1484 2945 1591 3006 non
1616 2954 1777 3009 modo
1816 2971 1924 3012 non

333 3015 638 3087 vindicare,
668 3016 762 3087 sed
786 3015 892 3087 nec
904 3017 1185 3073 advertere
1210 3028 1410 3087 posset.
1443 3040 1461 3072 ›

415 3084 443 3124 ιι
476 3084 791 3161 Dispertiuru
817 3086 916 3161 sibi
947 3104 1181 3161 regnum.
1331 3088 1529 3161 Capito
1548 3090 1924 3161 Cossutianus,

330 3154 427 3208 vir
451 3153 630 3228 animo
655 3153 722 3207 ad
755 3153 951 3228 flagitia
998 3153 1287 3228 prmcipiti,
1327 3153 1451 3213 dum
1485 3159 1751 3217 Neronem
1780 3153 1928 3221 exci;
1970 3194 1985 3209 κ

331 3233 490 3305 Erret
524 3224 591 3278 ad
618 3224 849 3305 ξορρ-ρεσιὶ
881 3224 1312 3305 Thraseam—haec
1347 3229 1487 3305 iuter
1534 3231 1653 3305 alia;
1680 3234 1755 3286 ait
1782 3237 1926 3305 apud

334 3293 589 3370 Tacitum
618 3295 672 3349 in
695 3293 831 3349 libro
859 3296 1262 3370 xthnualium
1291 3316 1305 3353 :
1332 3318 1350 3349 α
1376 3300 1445 3356 Ut
1466 3302 1749 3370 imperium
1771 3293 1926 3361 eier-

334 3372 479 3427 tant,
497 3363 808 3440 libertatem
840 3365 1151 3440 praeferunt.
1194 3367 1249 3440 Si
1292 3363 1674 3440 perverterint,
1707 3373 1926 3430 liberta-

334 3441 449 3516 tem
496 3433 668 3517 ipsam
714 3433 1109 3517 aggrediemur.
1142 3433 1477 3517 [Pro-prium
1513 3433 1670 3517 sane
1700 3445 1922 3502 humani

332 3503 537 3584 ingenii
566 3512 672 3567 est,
702 3503 836 3584 yitia
882 3507 1076 3561 sectari
1094 3508 1206 3584 sub
1231 3503 1449 3584 nomine
1475 3512 1756 3584 virtutum,
1788 3530 1923 3569 eon-

332 3572 568 3654 siliaque
612 3574 756 3654 mala
799 3583 984 3654 tegere
1026 3578 1128 3632 sub
1156 3580 1334 3648 specie
1369 3579 1515 3654 boni.
1562 3582 1629 3636 Et
1654 3572 1753 3651 qui
1781 3585 1921 3640 bella

333 3643 786 3722 Siviliajmoveut,
822 3643 1027 3722 bonum
1064 3643 1277 3722 semper
1298 3649 1571 3719 publicum
1598 3643 1919 3722 praetexunt.

334 3710 631 3801 Sullustius
653 3713 963 3801 in‘CaItiilin-a
997 3734 1008 3769 :
1048 3735 1067 3767 ‹
1102 3710 1363 3801 Namque,
1391 3722 1467 3775 uti
1511 3710 1697 3790 paucis
1721 3740 1918 3801 _v_c_rum

333 3782 638 3861 absolvam,
658 3797 766 3861 per
793 3784 883 3861 illa
917 3794 1159 3861 tempora
1189 3782 1496 3861 quicunque
1511 3782 1916 3861 rempublicam

333 3853 633 3931 agitavere,
658 3854 899 3911 honestis
921 3853 1250 3922 nominibus,
1272 3859 1384 3921 alii,
1409 3853 1568 3931 sicuti
1586 3853 1713 3928 ju'ra
1736 3865 1916 3931 populi

332 3921 708 3996 defenderent,
739 3940 888 3996 pars,
926 3942 1034 3996 quo
1078 3921 1298 3983 senatus
1330 3921 1627 3985 auctoritas
1668 3921 1919 3989 maxuma

332 3989 495 4072 foret,
526 3993 721 4072 bonum
740 3989 1021 4072 publicum
1062 3997 1399 4063 simulantes,
1429 4014 1527 4069 pro
1563 4016 1658 4054 sua
1689 4002 1918 4072 quisque

330 4064 574 4136 potentia
603 4070 864 4136 certabat.
903 4086 921 4118 δ

379 4142 430 4215 .
472 4132 699 4215 Domina
726 4132 922 4215 palatii
953 4138 1197 4215 senioris,
1239 4138 1291 4193 id
1317 4146 1421 4215 est,
1452 4139 1633 4210 palatii
1658 4140 1915 4215 Ludovici

330 4200 452 4279 l’ii,_
488 4204 579 4279 qui
630 4200 791 4274 paulo
838 4213 961 4279 ante
1009 4200 1191 4263 dictus
1219 4217 1312 4279 est
1360 4200 1652 4279 imperator
1696 4212 1910 4279 senior;

330 4270 648 4351 Petita—rius
667 4289 823 4351 vero,
854 4276 1195 4351 imperator
1210 4276 1413 4348 junior.
1434 4270 1584 4351 "Nam
1624 4270 1911 4351 postquam

329 4340 647 4416 Letharium
667 4340 968 4401 Ludovicus
989 4340 1525 4416 imperii'consortem
1549 4340 1697 4416 fecit,
1720 4340 1912 4408 lrinin-

329 4390 1150 4493 ξέὲὅῆὰἑξᾌᾷξιῖξιῷνξᾶρὲἒζείἶζ
1165 4390 1468 4475 ’ἁίῖτῖὲῖἳεῒ
1476 4390 1697 4493 illius}
1717 4390 1912 4491 ἶεὲξῆξῖ
1933 4390 1988 4450 D

330 4483 471 4547 trix;
494 4483 903 4558 Ludovicusque
925 4488 1060 4558 citra
1079 4488 1242 4558 Alpes
1263 4505 1567 4555 remanens,
1593 4491 1670 4545 Lo
1697 4483 1908 4547 hariqu

330 4566 518 4634 regere
554 4552 759 4634 Italiam
790 4552 971 4634 jussit.
1000 4552 1365 4634 Hinc-duplex
1390 4552 1600 4634 domus,
1628 4562 1742 4634 sive
1763 4562 1911 4634 pala-

331 4623 462 4674 tium
493 4641 506 4675 :
534 4623 805 4691 palatium
837 4627 1038 4691 senius,
1078 4623 1268 4682 domus
1303 4628 1555 4683 Ludovici
1587 4623 1599 4683 Ξ
1633 4623 1776 4685 aliud
1800 4631 1907 4686 Lo-

329 4691 492 4769 tharii
516 4691 726 4769 domus.
751 4692 933 4769 ludith
956 4712 1247 4769 ergo,iqu'.e
1267 4697 1524 4754 Ludovici
1551 4700 1744 4769 conjux
1768 4711 1905 4767 erat,

330 4761 545 4835 domiua
582 4763 684 4818 fuit
708 4766 892 4835 palatii
924 4752 1175 4823 senioris.

397 4830 424 4869 ἀ
468 4828 757 4913 [fletusque
791 4836 1456 4913 colluderttibus._Damnat
1497 4839 1776 4913 episcopos
1813 4842 1906 4913 qui

329 4901 699 4979 cum}_udit_l_ia
744 4904 1001 4979 ludebant
1043 4907 1339 4977 pueriliter,
1370 4901 1623 4979 ictuque
1666 4901 1759 4963 eos
1814 4901 1903 4979 qui

328 4972 552 5091 puerilia
597 4974 687 5028 illa
736 4972 1129 5031 oblectamenta
1183 4972 1613 5047 spectabantfac
1659 4972 1905 5036 fortassis

348 5042 635 5091 sudabant-
664 5044 808 5091 Istml
840 5047 1011 5091 incum
1041 5049 1201 5091 etiam
1231 5048 1281 5091 in
1309 5049 1637 5091 nmslwmrie
1659 5050 1757 5091 hm-
1790 5050 1900 5091 imm

348 5042 635 5119 sudabant.
663 5044 809 5119 Istud
840 5047 1011 5119 ipsum
1041 5042 1282 5102 etiamin
1302 5049 1638 5119 presbyteris
1658 5050 1759 5104 hac
1789 5050 1902 5119 ipsa

329 5063 635 5098 tauuanant.
663 5063 809 5101 rsum
840 5064 854 5100 1
895 5066 900 5098 1

327 5118 485 5167 astate
531 5115 811 5170 damnavit
854 5063 900 5170 lit

326 5180 769 5258 celebrata,_qu:e
783 5187 862 5241 sic
884 5187 1111 5242 sancivit
1133 5180 1251 5258 cap.
1280 5187 1339 5240 ll
1373 5206 1385 5239 :
1412 5207 1438 5258 ν(
1471 5180 1735 5242 Sacerdos
1757 5190 1903 5245 enim

325 5251 508 5334 sedule
533 5251 715 5334 divitia
741 5257 900 5334 debet
925 5251 1255 5334 perscrutari
1273 5265 1335 5334 et
1356 5257 1646 5334 adiuoncre
1667 5258 1899 5334 eloquia,

325 5328 385 5397 ut
430 5325 737 5397 inveniatur
781 5325 970 5382 beatus
1018 5329 1085 5382 de
1129 5342 1237 5397 quo
1273 5326 1552 5397 Psalmista
1591 5329 1708 5382 ait:

323 5388 432 5473 lege
463 5392 576 5463 ejus
603 5396 941 5473 meditabitur
961 5397 1047 5473 die
1067 5414 1129 5451 ac
1146 5388 1321 5473 nocte.
1350 5396 1710 5473 Quamgbrem
1747 5398 1898 5455 ludos

324 5462 754 5538 aliquos_eoram
783 5481 841 5522 se
871 5467 987 5523 fieri
1027 5483 1132 5538 non
1159 5462 1473 5522 delectetur.
1508 5467 1901 5538 Transgressor

323 5532 516 5653 quippe
544 5535 816 5601 inventus,
840 5537 1205 5593 admonitione
1229 5537 1465 5608 episcopi
1494 5532 1719 5592 ulterius
1740 5553 1900 5610 agere

358 5614 549 5653 esuriat-
582 5603 677 5653 Sin
707 5617 911 5653 autem-
941 5623 970 5653 ο
990 5608 1198 5653 ιιιοιιίρθ
1221 5606 1506 5653 indicetur.
1544 5627 1561 5653 ι

358 5603 549 5675 esiuat.
582 5603 677 5660 Sin
707 5617 912 5670 autem,
941 5608 1198 5662 canonice
1212 5603 1506 5675 judicetur.
1543 5627 1561 5659 ι

397 5685 418 5712 ο
459 5673 646 5733 Suavis
693 5688 739 5730 ct
791 5676 1004 5734 blanda.
1062 5673 1383 5743 lliuc‘patet
1424 5675 1608 5735 Judith
1639 5676 1895 5736 feminam

902 5132 1095 5189 omaua
1145 5118 1379 5189 synodus
1423 5119 1521 5189 sub
1574 5118 1819 5189 Eugenio,
1859 5120 1904 5174 ll

2032 2818 2197 2873 fuisse
2243 2816 2467 2886 insignis
2515 2815 2788 2870 comitatis
2834 2822 2890 2886 et
2931 2814 3292 2879 urbanitatis;
3337 2830 3442 2871 non
3486 2830 3618 2871 vero

2031 2889 2267 2944 ferocem
2294 2884 2371 2941 ae‘
2403 2887 2715 2955 superbam,
2749 2894 2811 2940 ut
2846 2884 3061 2939 feminis
3115 2887 3426 2955 contingere
3478 2887 3615 2942 solet

2031 2975 2152 3030 qum
2199 2959 2252 3030 in
2300 2972 2564 3030 summam
2597 2955 2869 3010 fortunam
2909 2956 3230 3030 evehuntur.
3267 2955 3370 3012 Sed
3401 2957 3616 3030 videtur

1953 3041 1997 3103 ρ
2028 3026 2145 3103 lianc
2191 3027 2509 3103 Agohardus
2551 3040 2978 3103 commemorare
3024 3028 3323 3103 augendam
3359 3026 3434 3103 ad
3475 3027 3611 3081 invi—

2028 3100 2195 3159 diam.
2226 3094 2290 3153 a'c
2311 3097 2355 3151 si
2382 3097 2508 3151 hinc
2534 3096 2711 3167 colligi
2742 3104 2924 3167 posset
2950 3094 3132 3167 ludith
3168 3112 3287 3151 esse
3313 3097 3610 3167 adulteram

2028 3185 2092 3225 ac
2132 3168 2495 3224 meretricem.
2539 3164 2757 3223 Nam'et'
2796 3167 2935 3237 apud
2978 3164 3247 3237 Senecam
3286 3168 3445 3231 lib.1,
3472 3166 3614 3223 Con.

2026 3248 2167 3295 trov.
2198 3239 2254 3302 2,
2289 3237 2483 3308 Junius
2527 3237 2704 3292 Gallio
2756 3236 2845 3293 de’
2871 3236 3051 3308 pitella
3090 3239 3346 3306 quadam,
3392 3254 3514 3308 qum
3555 3239 3611 3293 iu

2027 3308 2325 3389 prostibqu
2351 3307 2546 3389 fuerat,
2575 3309 2656 3363 sic
2677 3308 2755 3389 ait
2780 3326 2797 3389 ξ
2836 3326 2853 3359 ι
2964 3307 3086 3389 quis
3108 3305 3424 3389 dubitatum:
3437 3324 3611 3389 mere-

2026 3376 2131 3435 irix
2160 3388 2327 3446 esset,
2350 3379 2533 3434 audiat
2556 3394 2717 3449 quam
2742 3377 2937 3433 blanda
2962 3376 3052 3433 sit.
3083 3398 3102 3430 ι
3128 3376 3267 3434 Hinc
3294 3377 3421 3434 illud
3446 3378 3609 3433 Juve-

2025 3451 2165 3506 nalis
2199 3469 2211 3505 :

2148 3561 2255 3612 Vox
2283 3560 2457 3611 blanda
2481 3565 2534 3611 et
2554 3571 2767 3623 nequam
2786 3558 2967 3621 digitos
2983 3557 3150 3609 habet.

2096 3650 2119 3689 ί
2163 3650 2385 3721 Propter
2425 3650 2592 3705 solam
2642 3649 3102 3721 pulchritudinem.
3143 3647 3413 3721 Formosa
3474 3663 3606 3721 ergo

2021 3729 2140 3775 erat
2159 3718 2363 3775 Judith.
2387 3718 2674 3790 Theganu‘s
2688 3724 2865 3790 capite
2885 3718 2954 3790 26
2969 3719 3118 3790 deea
3142 3718 3366 3790 loquens
3389 3736 3401 3771 :
3433 3737 3451 3769 ι
3476 3718 3607 3773 Erat

2020 3791 2165 3845 enim
2214 3791 2437 3860 pulchra
2478 3788 2703 3860 valde.)
2736 3788 2974 3860 Annales
3009 3788 3274 3860 bietenses
3302 3788 3368 3860 ad
3404 3804 3605 3844 annum

2019 3860 2123 3915 829
2154 3857 2528 3941 “imperator
2550 3857 2859 3939 Ludovicus
2886 3858 3435 3941 haliebat‘quatndam.
3464 3861 3603 3941 regi-

2019 3945 2149 4000 nam
2180 3925 2461 4000 pulchram
2509 3928 2671 4000 nimis
2716 3926 2931 3982 nomine
2977 3925 3183 4000 J‘udith,
3222 3935 3291 4000 et
3325 3925 3602 4000 sapientia:

2018 3997 2242 4053 ﬂoribus
2268 3998 2473 4069 optime
2512 3998 2850 4069 instructam,
2900 3997 3155 4052 sociatam
3193 3998 3292 4052 sibi
3326 3999 3378 4052 in
3405 3999 3596 4069 conju-

2018 4070 2125 4141 gio.
2149 4090 2166 4121 ι
2187 4070 2273 4141 ‘Ex
2297 4067 2405 4139 quo
2428 4068 2643 4124 interim
2665 4067 2783 4141 loco
2804 4076 2949 4138 patet
2960 4083 3094 4141 eam
3120 4084 3149 4121 a
3178 4069 3373 4141 marito
3397 4067 3597 4123 cultam

2016 4138 2123 4195 non
2176 4138 2343 4194 fuisse
2394 4148 2616 4210 propter
2662 4138 2832 4210 solam
2885 4138 3362 4210 pulchritudinem,
3417 4148 3477 4192 ut
3521 4142 3598 4195 ait

2013 4210 2352 4281 Agobardus,
2397 4207 2511 4281 sed
2538 4210 2703 4281 etiam
2738 4208 2807 4262 ob
2836 4207 3121 4281 praeclaras
3143 4210 3369 4281 virtutes
3399 4210 3595 4279 quibus

2014 4278 2207 4335 ornata
2236 4288 2374 4335 erat.
2411 4278 2519 4335 Sed
2563 4280 2803 4349 aculeata
2840 4278 2942 4333 illa
2978 4279 3201 4349 scriptio
3244 4278 3596 4335 condonanda

2015 4358 2098 4405 est
2122 4349 2301 4405 studio
2334 4350 2587 4418 partium.
2623 4348 2765 4404 Sane
2796 4348 3136 4419 magnamac
3165 4350 3486 4417 peculiarem
3519 4352 3596 4405 fe-

2013 4421 2279 4475 minarum
2304 4419 2526 4489 gloriam
2572 4434 2690 4474 esse
2734 4418 3186 4489 pulchritudinem
3229 4419 3368 4489 apud
3402 4435 3592 4477 omnes

2011 4488 2422 4561 ubiqueggeutes
2447 4488 2501 4542 in
2530 4489 2779 4561 confesso
2804 4496 2905 4543 est.
2935 4488 3118 4561 itaque
3148 4502 3306 4561 nemo
3332 4488 3593 4561 hactenus

2011 4556 2493 4626 fuit—qui‘formam
2531 4558 2774 4626 corporis
2803 4556 3139 4612 accusavcrit
3168 4557 3220 4609 in
3252 4557 3584 4612 mulieribus.

2011 4576 2114 4615 ιυιι
2179 4576 2231 4613 ιιι
2266 4576 2493 4615 turmam
2531 4576 2774 4626 COTpOl'lS
2803 4576 3139 4612 aCCUSBVCl'“
3168 4576 3220 4609 ιη
3252 4576 3584 4612 ﬂlllllel'llills.

2011 4576 2271 4685 Prtedlare
2294 4627 2655 4683 Tertullianus
2681 4627 2735 4680 in
2762 4627 2898 4681 libro
2918 4626 3155 4694 secundo
3177 4625 3242 4679 de
3271 4628 3419 4681 cultu
3442 4627 3593 4682 femi-

2009 4715 2199 4753 narum
2226 4720 2239 4753 :
2273 4718 2291 4749 ι
2311 4699 2443 4753 Nam
2465 4698 2566 4753 etsi
2589 4696 2924 4751 accusandus
2944 4697 3107 4767 decor
3132 4711 3236 4749 non
3258 4705 3363 4763 est,
3392 4698 3588 4767 inquit,

2008 4778 2068 4823 ut
2095 4768 2324 4824 felicitas
2365 4769 2631 4838 corporis,
2668 4775 2728 4821 ut
2754 4766 2949 4821 divina:
2973 4766 3211 4834 plastica:
3238 4766 3498 4831 accessio,
3531 4777 3591 4822 ut

2008 4840 2200 4893 animat
2216 4838 2402 4908 aliqua
2429 4840 2596 4893 vestis
2619 4838 2789 4902 bona;
2829 4838 3096 4893 timendus
3128 4846 3211 4892 est
3254 4847 3430 4893 tamen
3461 4854 3589 4907 pro-

2006 4918 2127 4977 pter
2155 4907 2406 4978 injuriam
2435 4917 2488 4961 et
2514 4908 2819 4962 violentiam
2846 4917 3196 4972 sectatorum,
3229 4924 3390 4978 quam
3419 4910 3583 4963 etiam

2026 4986 2161 5034 iater
2185 4978 2306 5031 fidei
2332 4977 2601 5032 Abraham
2625 4978 2677 5031 in
2693 4978 2879 5048 uxoris
2899 4993 3009 5032 sua:
3036 4978 3214 5048 specie
3238 4977 3532 5047 pertimuit.
3561 4997 3580 5029 ι

2054 5048 2343 5102 enditanda
2374 5062 2502 5117 ergo
2527 5062 2629 5101 non
2652 5056 2737 5101 est
2764 5047 2950 5111 forma,
2981 5056 3038 5101 ut
3067 5047 3225 5117 paulo
3253 5056 3377 5101 ante
3404 5048 3587 5103 docuit

2004 5118 2145 5173 idem
2179 5117 2542 5172 Tertullianus
2576 5117 2662 5171 his
2688 5119 2868 5172 verbis
2893 5136 2904 5170 :
2949 5137 2966 5168 ι
2999 5118 3183 5171 Primo
3213 5119 3355 5185 quod
3381 5132 3487 5171 non
3518 5120 3585 5172 de

2004 5188 2210 5260 integra
2235 5187 2737 5260 conscientiavenit
2762 5190 2994 5260 studium
3024 5187 3269 5260 placendi
3296 5203 3395 5260 per
3424 5188 3583 5242 deco-

2004 5255 2143 5329 rem,
2171 5274 2332 5329 quem
2357 5258 2677 5329 naturaliter
2698 5255 3036 5329 invitatoreiu
3067 5255 3576 5312 libidinisScimus.»

1799 5341 1815 5381 t
1845 5331 1899 5384 in
1999 5327 2079 5383 Ac
2115 5326 2295 5385 nescio
2317 5343 2423 5398 quo
2448 5326 2567 5398 fato,
2586 5343 2799 5398 semper
2822 5327 3019 5398 factum
3041 5333 3142 5398 est,
3176 5334 3236 5381 ut
3254 5343 3319 5382 ex
3344 5343 3409 5382 eo
3437 5330 3579 5398 quod

2001 5399 2200 5453 femina
2231 5395 2497 5469 quaépiam
2545 5395 2783 5469 formosa
2816 5397 2926 5469 visa
2982 5404 3086 5460 est,
3131 5395 3183 5450 in
3219 5395 3579 5468 suspicionem

2000 5469 2208 5538 venerit
2228 5466 2429 5536 vulgati
2446 5466 2708 5535 corporis.
2736 5466 2888 5538 Unde
2910 5466 3273 5538 interrogatus
3296 5466 3329 5521 a
3348 5469 3579 5538 quodam

1999 5534 2123 5592 Bias
2170 5534 2462 5593 deberetne
2513 5534 2738 5591 uxorem
2790 5536 3008 5597 ducere.
3057 5534 3143 5591 an'
3180 5537 3341 5592 vitam
3367 5534 3581 5595 'duccre

1999 5608 2270 5671 csclibem,
2304 5606 2583 5676 reSpoudit
2624 5623 2636 5658 :
2669 5604 3094 5676 Autipulchram
3124 5606 3307 5675 duces,
3343 5617 3438 5663 aut
3483 5609 3578 5662 de-

2002 5678 2247 5732 formem.
2283 5676 2339 5732 Si
2373 5675 2676 5748 pulchram,
2711 5675 2933 5734 habebis
2959 5691 3315 5735 communem.
3342 5677 3438 5733 Sin
3465 5686 3577 5734 tur-
