3962 6180
375 353 480 413 51⁸5

1348 343 1405 397 S.
1441 340 1792 397 AGOBARDI
1828 330 2133 394 EPiSCOPl
2170 334 2693 407 LUGDUNENSIS,

3538 341 3640 402 516

376 469 660 541 Scriptura
708 465 837 522 dicit
866 481 877 515 :
906 460 1101 514 Fallax
1131 458 1322 528 gratia,
1349 467 1397 511 et
1445 472 1581 511 vana
1617 467 1695 510 est
1723 455 1957 526 pulchri-
1984 458 2034 518 Α
2058 462 2241 541 plores
2283 452 2530 541 veritatis
2569 459 2624 506 et
2672 452 2841 522 pacis,
2866 452 3048 524 lingua
3089 463 3142 507 et
3186 468 3351 507 manu
3373 497 3385 520 ,
3441 464 3501 511 ut
3550 464 3645 515 aut

373 559 527 615 tudo.
556 554 751 613 Mulier
778 556 962 607 timens
991 551 1272 604 Dominum
1302 548 1416 619 ipsa
1449 546 1773 602 laudabitur.

451 715 535 773 Vl.
571 713 729 768 Nunc
751 711 918 782 igitur
937 723 1128 765 omnes
1150 708 1402 783 timentes
1417 716 1479 761 et
1499 716 1744 763 amantes
1765 708 1959 773 Deum,

381 820 560 877 regem
597 816 814 874 quoque
856 809 912 856 et
952 814 1199 870 regnum,
1232 786 1426 868 pacata
1471 798 1764 862 societate,
1796 797 1961 852 rebus

375 893 563 949 mundi
600 899 840 956 utentes,
868 890 1032 945 rebus
1060 888 1261 943 divinis
1304 885 1564 952 fruentes,
1602 887 1749 943 omni
1794 902 1960 942 cona-

379 986 528 1039 mine
553 984 686 1039 dare
713 995 935 1053 cperam
962 979 1164 1034 debent
1191 987 1251 1032 ut
1271 978 1612 1048 exprimatur
1640 978 1837 1033 vulnus
1866 979 1965 1032 ini-

380 1073 621 1145 quitatis,
648 1080 706 1127 et
725 1071 1029 1126 obducatur
1052 1068 1280 1123 cicatrix
1306 1067 1578 1130 sanitatis,
1603 1067 1807 1136 absque
1838 1081 1965 1121 san-

384 1163 558 1236 guinis
583 1158 868 1223 ell‘usione,
893 1158 1098 1226 absque
1117 1164 1298 1226 strage
1318 1154 1735 1219 interfectionis,
1759 1154 1965 1224 absque

380 1249 740 1306 amaritudine
772 1245 1075 1317 iurgiorum
1094 1286 1109 1309 ,
1134 1245 1340 1315 absque
1382 1245 1688 1299 turbulenta
1716 1254 1771 1300 et
1800 1244 1965 1300 fetida

379 1339 767 1399 commixtione
798 1338 1089 1406 spirituum
1111 1335 1533 1390 immundorum.
1556 1335 1629 1391 Ut
1663 1350 1791 1390 vere
1817 1335 1966 1391 dica-

380 1443 467 1489 tur
490 1434 556 1489 de
583 1430 829 1487 Ecclesia
866 1428 1028 1498 huius
1056 1428 1206 1500 regni
1237 1426 1418 1483 :ch
1440 1438 1516 1483 est
1566 1428 1755 1482 domus
1774 1428 1894 1495 Dei,
1915 1436 1965 1483 et

378 1536 530 1596 porta
557 1523 692 1579 cmli.
720 1524 897 1578 Porta:
922 1530 1098 1576 autem
1138 1520 1296 1590 inferi
1325 1538 1430 1575 non
1463 1521 1820 1592 prmualebunt
1867 1522 1965 1577 ad-

379 1634 556 1671 versus
578 1632 713 1671 eam.
742 1615 812 1669 Et
836 1614 1034 1669 iterum
1076 1632 1089 1667 :
1128 1612 1386 1667 Dominus
1409 1612 1549 1668 Deus
1575 1623 1696 1669 tuus
1716 1615 1773 1669 in
1792 1615 1966 1669 medio

379 1709 458 1762 tui
495 1708 672 1777 fortis,
696 1706 808 1777 ipse
832 1704 1074 1759 saluabit.
1107 1699 1365 1758 Gaudebit
1388 1720 1545 1774 super
1579 1714 1629 1758 te
1664 1705 1722 1759 in
1756 1692 1961 1770 lectitat,

379 1798 551 1852 silebit
576 1797 631 1851 in
651 1795 929 1850 dilectione
949 1803 1059 1857 tua,
1079 1802 1128 1848 et
1149 1792 1435 1848 exsultabit
1454 1810 1616 1865 super
1638 1803 1688 1849 te
1705 1795 1763 1850 in
1788 1794 1962 1849 laude.

384 1887 591 1959 Nugas,
612 1888 702 1959 qui
730 1904 763 1940 o
790 1885 900 1956 lege
922 1892 1264 1950 recesserant,
1295 1885 1639 1955 congregabo,
1678 1886 1805 1957 quia
1833 1901 1899 1940 ea:
1919 1895 1969 1940 te

379 1989 565 2043 eram;
613 1988 673 2034 ut
710 1995 817 2034 non
856 1976 1001 2033 ultra
1051 1977 1245 2033 habeas
1274 1994 1431 2049 super
1453 1980 1528 2033 eis
1564 1981 1899 2050 approbrium
1948 1994 1968 2032 :

381 2079 432 2125 et
461 2082 489 2111 ι
516 2070 661 2124 dicat
698 2070 868 2125 omnis
906 2068 1132 2139 populus
1169 2085 1187 2123 :
1214 2068 1411 2136 Amen,
1432 2085 1586 2124 amen
1603 2108 1619 2135 ,
1642 2079 1691 2124 et
1717 2070 1968 2141 hymnum

385 2159 516 2215 Deo.

456 2305 755 2371 Vll..Sicut
784 2306 988 2362 veritas
1029 2322 1140 2363 non
1172 2315 1260 2363 est
1308 2317 1519 2363 tantum
1557 2308 1613 2362 in
1662 2309 1843 2376 dictis,
1872 2309 1967 2365 sed

384 2399 517 2455 etin
544 2396 722 2466 factis,
750 2397 853 2470 (sic
873 2400 1018 2455 enim
1042 2399 1331 2470 Apostolus
1355 2401 1712 2465 demonstrat,
1741 2403 1926 2459 dicens
1951 2421 1965 2456 :

392 2489 675 2548 Veritatem
722 2491 970 2561 facientes
1017 2492 1074 2545 in
1123 2492 1406 2559 charitate,
1438 2509 1735 2548 crescamus
1776 2492 1833 2548 in
1878 2493 1969 2548 illo

383 2600 476 2655 per
508 2583 704 2649 omnia,
742 2583 832 2655 qui
859 2592 935 2638 est
966 2593 1122 2653 caput
1170 2581 1434 2639 Christus.
1454 2584 1539 2639 -Ει
1572 2584 1711 2640 alius
1735 2584 1971 2655 Aposto-

384 2674 511 2730 lus:
555 2671 771 2738 Filioli,
805 2689 910 2727 non
954 2672 1237 2743 diligamus
1284 2672 1461 2739 verba,
1510 2690 1603 2728 nec
1642 2674 1971 2744 lingua,scd

383 2782 536 2836 opere
567 2776 615 2819 et
644 2766 875 2839 veritate.
911 2765 979 2818 Et
1013 2767 1211 2819 iterum
1255 2782 1268 2817 :
1310 2763 1368 2820 Si
1395 2765 1685 2819 dixerimus
1723 2766 1971 2836 quoniam

383 2860 683 2915 societatem
705 2859 956 2914 habemus
979 2876 1097 2914 cum
1120 2875 1204 2924 eo,
1227 2868 1274 2915 et
1298 2859 1354 2912 in
1373 2857 1594 2914 tenebris
1616 2858 1970 2923 ambulamus,

386 2948 688 3014 mentimur,
740 2956 791 3003 et
836 2964 942 3002 non
986 2947 1212 3017 facimus
1256 2946 1575 3011 ueritatem,
1637 2947 1711 3001 ita
1759 2962 1974 3016 quoque

387 3037 727 3093 mendacium
762 3052 870 3092 non
903 3045 986 3092 est
1013 3036 1389 3092 tantummodo
1421 3035 1729 3099 verborum,
1775 3035 1870 3090 sed
1917 3041 1975 3089 et

390 3127 691 3195 factorum;
740 3129 883 3186 sicut
930 3129 986 3184 in
1028 3127 1350 3199 Apocalypsi
1403 3126 1644 3197 loquitur
1688 3126 1965 3192 Dominus,
1998 3153 2043 3216 Ο

392 3216 580 3272 dicens
606 3235 620 3272 :
655 3217 781 3273 Non
804 3216 1024 3272 intrabit
1051 3218 1109 3271 in
1132 3233 1250 3271 eam
1276 3217 1447 3290 (haud
1471 3216 1698 3273 dubium
1718 3217 1850 3287 quin
1896 3217 1974 3272 ci-

388 3309 617 3364 vitatem
659 3308 974 3380 cmlestem)
999 3308 1203 3380 aliquid
1229 3310 1649 3381 coinquinatum,
1676 3318 1725 3364 et
1774 3308 1974 3379 faciens

387 3399 829 3454 abominationem
848 3408 898 3455 et
926 3399 1280 3455 mendacium.
1308 3400 1375 3454 Et
1402 3399 1563 3472 paulo
1587 3409 1711 3471 post
1744 3419 1755 3455 :
1790 3398 1975 3456 Omnis

384 3492 477 3562 qui
517 3501 659 3546 amat
688 3501 735 3547 et
766 3491 893 3561 facit
920 3492 1276 3547 mendacium.
1324 3492 1393 3547 Et
1427 3491 1687 3548 Dominus
1716 3493 1770 3547 in
1799 3492 1977 3548 Evan-

387 3582 526 3652 gelio
555 3582 621 3637 de
644 3582 929 3638 inventore
948 3583 1192 3638 omnium
1223 3582 1492 3639 malorum
1522 3583 1599 3638 ait
1626 3601 1653 3637 :-
1677 3582 1778 3637 Ille
1801 3584 1974 3638 homi-

386 3674 505 3728 cida
539 3674 740 3729 eratab
768 3658 942 3741 initio,
970 3684 1018 3729 et
1047 3676 1104 3729 in
1132 3675 1347 3731 veritate
1375 3692 1481 3729 non
1521 3676 1684 3729 stetit.
1735 3673 1792 3729 Si
1846 3690 1975 3747 ergo

388 3764 480 3820 illa
509 3766 712 3829 veritas
747 3764 838 3837 (de
866 3780 974 3837 qua
1001 3773 1059 3821 et
1096 3764 1155 3821 in
1192 3765 1425 3822 Psalmis
1449 3773 1734 3821 cantamus
1761 3783 1774 3819 :
1802 3764 1975 3836 Prope

386 3864 515 3921 esto,
556 3855 811 3921 Domine,
860 3865 911 3910 et
943 3872 1119 3911 omnes
1172 3857 1269 3912 uite
1317 3866 1423 3911 tua:
1468 3855 1682 3928 veritas)
1730 3855 1973 3911 omnium

387 3948 669 4003 hominum
717 3956 930 4004 mentes
958 3948 1282 4019 possideret,
1321 3949 1487 4004 etiam
1523 3949 1641 4004 sine
1671 3948 1973 4005 rectoribus

290 4106 295 4113 ,
387 4049 442 4093 et
478 4038 817 4109 principibus
847 4054 934 4094 res
959 4040 1146 4095 mundi
1169 4040 1429 4096 concordi
1466 4041 1727 4097 societate
1765 4048 1974 4110 pacatae

386 4134 691 4183 numerent.
722 4126 877 4183 Nunc
910 4136 1092 4183 autem
1119 4129 1249 4199 quia
1277 4130 1368 4184 ille
1395 4130 1488 4199 qui
1516 4131 1572 4185 in
1613 4130 1840 4185 veritate
1864 4144 1974 4184 non

386 4217 561 4281 stetit,
582 4224 774 4271 contra
810 4217 1098 4273 veritatem
1138 4233 1301 4290 agere
1340 4235 1619 4289 nunquam
1654 4219 1890 4286 desistit,
1918 4227 1974 4274 et

387 4303 780 4360 dormientibus
803 4304 1113 4362 hominibus
1136 4307 1519 4364 scandalorum‘
1557 4309 1765 4364 zizania
1815 4308 1972 4363 semi-

389 4420 521 4460 nare
562 4421 669 4461 non
714 4415 915 4473 cessat,
944 4416 1071 4479 apta
1115 4410 1220 4465 sibi
1272 4412 1437 4467 corda
1473 4414 1606 4467 satis
1656 4413 1967 4479 inveniens,

386 4522 508 4577 qua!
535 4507 755 4564 foveant
781 4518 837 4564 et
871 4513 1116 4567 nutriant
1144 4515 1352 4570 semina
1377 4516 1528 4587 ejus;
1560 4517 1829 4572 redundat
1853 4532 1968 4571 ma-

388 4608 500 4665 lum
523 4612 924 4681 commotionis,
955 4617 1100 4685 quod
1153 4618 1392 4687 quietem
1447 4619 1599 4690 pacis
1643 4628 1701 4675 et
1741 4620 1967 4675 unitatis

387 4709 577 4765 insano
603 4711 788 4767 furore
815 4716 1124 4772 conturbet.
1163 4717 1391 4788 Propter
1435 4720 1579 4789 quod
1622 4721 1850 4776 sollicite
1892 4722 1971 4776 vi-

385 4811 658 4881 gilandum
712 4822 797 4869 est
836 4824 891 4871 et
932 4817 1200 4888 sagaciter
1233 4819 1500 4888 agendum
1545 4828 1732 4875 contra
1783 4838 1971 4878 corru-

2060 536 2435 607 cohiheantur,
2456 546 2547 596 aut
2568 541 3015 612 comprimantur.

2131 630 2264 688 Vill.
2309 631 2612 687 Cummotio
2661 630 2844 700 itaque
2884 630 3045 702 hujus
3077 633 3337 701 temporis
3366 642 3421 689 et
3449 635 3644 691 harum
3673 647 3691 701 ἕ

2062 724 2362 796 regionum,-
2389 738 2510 794 qua:
2557 722 2695 777 mira
2742 722 3132 792 omnipotentis
3170 721 3266 778 Dei
3295 717 3564 781 suavitate
3593 735 3648 780 ct

2061 814 2349 870 dulcedine
2393 814 2512 868 sine
2558 811 2812 868 conﬂictu
2855 826 3133 867 armorum
3178 814 3364 869 sedata
3390 824 3509 887 est,
3541 820 3647 872 non

2062 908 2302 978 segniter
2327 905 2678 961 memoranda
2709 913 2822 970 est;
2873 906 2968 960 sed
3010 905 3172 961 debet
3198 907 3363 962 corda
3411 904 3646 963 fidelium

2062 996 2117 1050 in
2148 992 2396 1051 laudibus
2426 995 2520 1050 Dei
2548 1004 2603 1050 et
2630 997 2928 1066 gratiarum
2975 990 3190 1051 actione
3229 998 3487 1053 alacriter
3529 1015 3647 1055 suc-

2063 1088 2312 1154 cendere,
2339 1098 2393 1142 ct
2419 1089 2485 1143 ad
2519 1088 2800 1143 solertiam
2846 1078 3073 1142 cautelae
3120 1087 3353 1143 sollicita
3400 1089 3620 1144 reddere
3646 1127 3659 1142 .

2064 1177 2194 1245 Qua:
2232 1177 2526 1233 commotio
2570 1187 2626 1231 et
2677 1178 3019 1232 conturbatio
3063 1176 3222 1248 quale
3268 1168 3520 1233 habuerit
3557 1180 3649 1233 int-

2064 1270 2219 1334 tium,
2256 1269 2343 1324 vel
2396 1270 2687 1341 originem,
2718 1284 2825 1325 non
2879 1277 2964 1324 est
3018 1270 3235 1339 penitus
3288 1264 3645 1327 reticendum.

2062 1356 2232 1427 Igitur
2263 1373 2388 1414 cum
2432 1355 2929 1413 Christianissimus
2957 1367 3012 1413 et
3041 1358 3319 1428 piissimus
3357 1342 3653 1430 iin'pcra'tor

2063 1449 2293 1503 dbmnus
2316 1446 2622 1504 Ludovicus
2656 1447 2684 1487 ιι
2719 1450 2874 1503 bonae
2900 1447 3143 1519 conjugis
3174 1448 3280 1505 ﬁde
3309 1459 3365 1506 et
3411 1453 3653 1508 moribus

2064 1538 2168 1595 sibi
2197 1534 2546 1610 coagmentis
2571 1540 2905 1594 consortium
2957 1538 3247 1605 amisisset,
3280 1554 3503 1598 necesse
3553 1542 3656 1597 iuit

2064 1638 2125 1685 ut
2154 1630 2319 1685 aliam
2339 1629 2442 1686 sibi
2457 1630 2749 1699 acciperet,
2769 1642 2889 1700 quae
2914 1630 2964 1685 ei
2991 1640 3174 1711 posset
3198 1647 3318 1688 esse
3343 1633 3575 1702 adiutrix
3600 1637 3653 1690 in

2066 1722 2328 1793 regimine
2372 1731 2427 1778 et
2473 1722 2864 1795 gubernatione
2912 1724 3101 1795 palatii
3129 1734 3184 1780 et
3214 1728 3388 1804 regni.
3424 1726 3529 1783 Sed
3556 1744 3650 1783 oc-

1994 1809 2042 1868 B
2070 1814 2215 1870 culto
2238 1814 2334 1870 Dei
2362 1813 2567 1883 judicio
2617 1814 2742 1869 talis
2796 1820 3081 1887 assumpta
3129 1826 3232 1883 est,
3260 1833 3380 1887 qua:
3429 1818 3559 1874 licet
3600 1820 3653 1874 in

2067 1904 2259 1974 primis
2283 1905 2440 1959 annis
2465 1905 2569 1959 viri
2596 1912 2653 1959 et
2686 1905 2887 1960 domini
2924 1906 3007 1961 sui
3036 1908 3236 1963 virtute
3281 1917 3337 1964 et
3386 1916 3656 1981 potestate

2067 2009 2272 2064 pressa,
2304 1994 2521 2050 subdita
2559 1994 2744 2059 fuerit,
2772 2004 2955 2050 tamen
3003 1997 3054 2051 in
3097 2012 3357 2070 processu
3399 2002 3656 2070 temporis

2070 2087 2192 2143 talis
2218 2087 2435 2142 inventa
2459 2097 2565 2152 est,
2599 2102 2718 2157 quae
2740 2103 3060 2159 magnorum
3085 2089 3344 2147 ﬂuctuum
3367 2095 3656 2149 commotio

2036 2201 2046 2213 -
2068 2185 2124 2232 et
2150 2176 2580 2233 conturbationis
2607 2177 2789 2250 largus
2815 2180 3103 2237 thesaurus
3140 2196 3259 2239 esse
3280 2194 3495 2254 posset;
3536 2201 3656 2255 quae

2069 2284 2176 2324 non
2225 2269 2400 2324 solum
2446 2270 2665 2339 plebes,
2699 2286 2762 2326 ac
2794 2274 3040 2342 populos,
3072 2274 3185 2331 sive
3230 2276 3526 2349 principes,
3567 2293 3659 2332 ve-

2071 2374 2191 2413 rum
2237 2360 2401 2414 etiam
2444 2360 2877 2431 elegantissimos
2916 2362 3055 2420 ﬁlios
3101 2360 3467 2437 imperatoris,
3492 2370 3658 2424 etiam

2070 2448 2405 2522 conjugetos,
2434 2459 2490 2507 et
2518 2462 2540 2491 ο
2582 2454 2948 2523 gubernacula
2985 2454 3271 2528 regnorum
3298 2462 3657 2530 possidentes,

2070 2540 2359 2612 ailligeret,
2387 2543 2771 2612 contristaret,
2811 2554 2866 2602 et
2901 2550 3274 2617 conturbaret,
3303 2563 3356 2607 et
3396 2569 3533 2625 pene
3575 2566 3657 2612 at-

2073 2641 2274 2688 tereret
2301 2642 2355 2688 et
2383 2635 2794 2692 exterminaret.
2842 2636 3085 2710 Cumque
3114 2640 3310 2697 talibus
3349 2643 3653 2711 incrementa

2072 2725 2142 2779 tis
2162 2723 2409 2780 viderent
2431 2725 2487 2780 hi
2517 2727 2716 2797 quibus
2745 2743 2889 2784 cura:
2910 2739 3030 2785 erat
3053 2730 3120 2786 de
3164 2741 3309 2788 statu
3351 2743 3403 2789 et
3451 2735 3658 2792 honore

2074 2815 2246 2885 regni,
2271 2831 2335 2871 ac
2368 2818 2760 2886 tranquillitate
2782 2820 2955 2890 pacis,
2978 2831 3035 2877 et
3063 2824 3247 2893 quiete
3272 2827 3477 2896 populi,
3496 2827 3657 2882 deho-

2072 2907 2276 2961 nestari
2306 2908 2588 2978 palatium,
2615 2910 2897 2967 obscurari
2941 2913 3249 2970 claritatem
3292 2917 3472 2988 regni,
3499 2926 3555 2972 et
3590 2919 3658 2973 ad

2074 2995 2422 3066 ignominiam
2467 2999 2659 3056 deduci
2713 3016 2911 3057 nomen
2952 3006 3324 3074 regnantium,
3371 3017 3656 3078 eruperunt

2073 3089 2249 3156 queri,
2278 3097 2335 3143 et
2369 3106 2733 3156 murmurare,
2768 3108 2835 3148 ac
2859 3092 3063 3160 dolere,
3094 3103 3151 3151 et
3180 3097 3484 3169 deplorare.
3513 3099 3661 3155 inter

2076 3180 2193 3234 haec
2217 3180 2477 3236 concitati
2507 3190 2633 3237 sunt
2662 3183 2886 3253 Spiritus
2910 3185 3151 3240 virorum
3176 3184 3583 3253 honoratorum,
3608 3198 3663 3246 et

2078 3270 2313 3330 ﬁliorum
2360 3272 2538 3344 regis;
2604 3282 2663 3329 et
2716 3284 2995 3331 crescente
3044 3277 3314 3345 colludio,
3369 3281 3662 3336 accedente

2076 3367 2242 3421 etiam
2268 3367 2517 3434 consilio,
2548 3377 2916 3423 convenerunt
2942 3369 3140 3440 singuli
3179 3371 3244 3426 de
3284 3371 3404 3428 loco
3448 3388 3566 3438 suo,
3607 3382 3661 3428 et

2076 3456 2348 3527 conjuncti
2375 3458 2443 3513 ad
2487 3457 2770 3528 palatium,
2803 3457 3176 3530 effugaverunt
3220 3461 3501 3518 ministros
3544 3480 3662 3518 sce-

2076 3548 2234 3617 leris;
2263 3559 2320 3606 et
2346 3550 2615 3623 reginam,
2641 3566 2762 3622 qua:
2787 3551 2951 3608 totius
2980 3553 3111 3607 mali
3133 3567 3296 3609 causa
3320 3565 3455 3621 erat,
3479 3557 3662 3611 exclu-

2075 3651 2263 3698 serunt
2301 3643 2369 3698 de
2398 3644 2562 3698 domo
2601 3653 2658 3697 et
2699 3644 2909 3699 honore
2946 3645 3120 3715 regni,
3150 3653 3206 3700 et
3260 3648 3660 3704 constituerunt

2074 3734 2100 3774 ἀ
2131 3735 2186 3789 in
2216 3734 2580 3790 retruslonem
2606 3734 2814 3802 exsilii;
2846 3750 2911 3791 ac
2930 3735 3183 3807 deinceps
3209 3739 3363 3807 quasi
3382 3737 3496 3807 jam
3528 3740 3662 3794 libe-

2076 3835 2254 3881 ratum
2282 3826 2485 3882 bonum
2512 3836 2727 3899 patrem
2775 3827 2841 3883 de
2892 3827 3087 3899 laqueo
3138 3828 3328 3894 ruinae,
3356 3830 3664 3901 gaudebant

2075 3929 2134 3971 se
2160 3915 2413 3986 implesse
2436 3917 2581 3987 quod
2602 3916 2925 3986 inscriptum
2953 3924 3038 3972 est
3061 3936 3073 3971 :
3108 3916 3260 3986 Ejice
3278 3917 3591 3983 derisorem,
3614 3928 3662 3971 et

2072 4007 2234 4061 exibit
2259 4024 2377 4061 cum
2405 4024 2465 4062 eo
2494 4008 2760 4078 jurgium,
2782 4010 3161 4081 cessabuntque
3186 4025 3364 4064 caestv
3393 4020 3441 4064 et
3469 4022 3661 4066 contu-

2074 4097 2264 4153 meliis.
2316 4097 2431 4155 Hoc
2489 4109 2597 4153 tam
2642 4099 3119 4169 irreprehensibile
3162 4100 3364 4158 factum
3406 4114 3463 4158 et
3514 4107 3666 4161 omni

2073 4190 2231 4255 laude
2259 4190 2633 4261 dignissimum
2656 4206 2778 4247 cum
2805 4192 3164 4263 complessent
3201 4192 3293 4248 lilii
3314 4234 3329 4260 ,
3376 4195 3661 4251 redierunt

2073 4284 2140 4338 ad
2170 4298 2292 4351 sua,
2321 4286 2571 4341 restituto
2597 4294 2753 4355 patre
2778 4286 2973 4342 honori
3006 4296 3061 4342 et
3090 4287 3278 4358 gloriae
3307 4304 3437 4344 suae.

2143 4375 2233 4430 IX.
2269 4376 2364 4432 His
2396 4378 2469 4431 ita
2512 4376 2820 4443 transactis,
2848 4378 3103 4434 inimicus
3153 4379 3330 4435 omnis
3379 4376 3529 4448 boni,
3562 4396 3660 4437 au-

1995 4501 2045 4560 D
2068 4476 2297 4538 ctorque
2322 4468 2501 4524 omnis
2530 4468 2688 4535 mali,
2715 4469 2808 4540 qui
2837 4484 2947 4524 non
2979 4468 3277 4539 reliquerat
3318 4471 3483 4526 corda
3534 4487 3666 4541 pos-

2072 4571 2221 4614 sessa
2248 4595 2264 4623 ,
2307 4557 2507 4627 sategit
2560 4557 2868 4613 instaurare
2918 4565 2976 4611 et
3034 4558 3406 4629 redintegrare
3455 4559 3667 4615 malum

2075 4650 2263 4715 suum;
2298 4656 2354 4702 et
2384 4647 2569 4719 regina
2601 4652 2741 4720 (quae
2770 4657 2980 4704 mutato
3014 4649 3202 4704 habitu
3245 4650 3411 4721 rega‘li
3434 4653 3665 4721 putaba-

2077 4746 2167 4793 tur
2189 4738 2489 4808 perdurare
2538 4738 2592 4793 in
2644 4726 2832 4795 habitu
2885 4739 3306 4806 sanctimoniali,
3338 4742 3479 4797 sicut
3524 4744 3666 4797 ordo

2074 4829 2330 4897 poscebat
2358 4837 2414 4882 et
2443 4839 2466 4868 ε
2496 4829 2762 4886 rectitude
2790 4830 2980 4900 iudicii
3018 4830 3270 4904 docebat)
3307 4834 3529 4888 reducta
3577 4845 3664 4890 est

1784 4935 2057 4994 BALUZII
2090 4940 2297 4996 ΝΟΤᾹΞ
2309 4983 2322 4996 .

383 5017 792 5096 pcm,_lta_bebis
825 5032 1062 5096 pcenam.
1106 5020 1260 5090 Apud
1287 5024 1485 5096 Aulum
1508 5026 1746 5083 Gellium
1782 5028 1877 5084 lib.
1914 5046 1967 5096 τ,

385 5087 591 5169 caput!
628 5087 876 5169 Noctium
923 5087 1247 5169 Atticarum.
1277 5090 1596 5169 Quanquam
1621 5097 1764 5155 istud
1792 5087 1968 5169 ipsum

386 5158 452 5229 de
498 5158 871 5229 Bioncideque
914 5158 1238 5217 Antisthene
1272 5158 1466 5218 narrat
1504 5166 1556 5219 in
1604 5158 1967 5224 eorum-Vita

386 5227 649 5352 Ρῦοεοηυε
680 5227 946 5355 [αεὲῑὶιιε,
973 5240 1027 5287 et
1056 5230 1124 5286 de
1163 5230 1388 5289 Socrate
1417 5234 1662 5293 Valerius
1705 5239 1969 5294 Maximus

408 5315 421 5349 ι
467 5336 479 5349 .
521 5314 614 5355 vn.
645 5315 764 5355 can.
835 5340 847 5353 .
1316 5327 1323 5333 ι

408 5314 479 5352 ID.
521 5314 614 5370 vlt,
645 5315 764 5370 cap.
794 5314 847 5355 z.
1316 5327 1323 5333 ί

458 5379 484 5406 ιι
512 5367 666 5423 Dicat
693 5367 861 5426 omnis
886 5372 1130 5445 populus.
1158 5372 1251 5430 Sic
1282 5373 1501 5428 mnuino
1530 5374 1811 5445 legendum
1862 5389 1964 5445 est,

386 5449 493 5517 non
528 5448 709 5492 autem
761 5417 1047 5510 aposlofus,
1085 5451 1145 5499 ut
1174 5417 1376 5517 editum
1400 5452 1489 5517 est
1526 5417 1966 5517 “Sci:

385 5505 567 5559 milem
611 5505 852 5563 errorem
902 5528 1001 5568 nos
1033 5505 1173 5568 ante
1217 5516 1320 5571 hoc
1360 5514 1634 5570 biennium
1659 5518 1967 5573 emendavi-

388 5589 507 5699 ιῦλὲε
530 5577 669 5646 apud
706 5576 1019 5638 Salvianum
1052 5585 1107 5638 in
1131 5584 1272 5641 libro
1297 5585 1456 5643 tertio
1479 5586 1546 5642 de
1568 5587 1967 5647 Gubernatione

434 5659 505 5700 Cl.

459 5717 485 5756 δ
524 5716 967 5800 Bonw_conjugis.
988 5721 1355 5800 lrniingardis,
1390 5744 1508 5800 quo:
1531 5745 1673 5786 anno
1695 5731 1797 5788 8l8
1822 5749 1966 5789 mor-

390 5797 481 5844 tua
513 5796 595 5845 cst
618 5804 649 5843 v
676 5788 812 5845 Non.
850 5788 1116 5848 Octobris.

2147 5035 2576 5109 fﬁubernacula
2622 5053 2899 5109 regnorum
2947 5042 3288 5109 possidentes.
3340 5043 3659 5101 Lotharium

2071 5104 2322 5227 Xidclicet
2374 5106 2578 5172 Italiae,
2630 5104 2960 5164 Ludovicum
3014 5111 3314 5183 Bajoariue,
3371 5113 3658 5185 Pippinum

2119 5190 2210 5227 "lll
2238 5192 2396 5227 3mm.

2119 5186 2396 5243 quttantm.

2140 5246 2166 5284 ά
2194 5246 2262 5322 In
2291 5247 2633 5300 retrnsionem
2682 5246 2876 5322 exsilii,
2926 5251 2979 5304 in
3024 5252 3375 5322 Aquitaniam
3406 5257 3660 5312 videlicet

2070 5329 2189 5369 eam
2212 5317 2580 5385 deportantes,
2613 5324 2667 5370 et
2697 5317 2749 5370 in
2781 5317 3110 5378 monasterio
3140 5323 3463 5381 Pictaviensi
3495 5327 3659 5381 inclu-

2069 5386 2279 5451 deutes,
2303 5387 2380 5440 uti
2405 5386 2517 5454 jam
2549 5386 2801 5442 diximus.

2143 5468 2165 5495 ο
2194 5455 2472 5534 [latitudo
2497 5455 2691 5534 μάξεἱὶ
2718 5460 2981 5534 poscebat.
3022 5461 3356 5534 Equissima
3385 5474 3534 5521 esset
3558 5484 3655 5521 cx-

2065 5525 2355 5599 postulatio
2385 5525 2676 5599 Agebardi,
2705 5525 2754 5599 Si
2790 5528 3032 5599 judicata
3062 5525 3306 5591 adultera
3351 5534 3545 5591 fuisset
3569 5538 3658 5592 Ju-

2067 5598 2205 5676 dith,
2243 5605 2413 5676 atque
2442 5596 2529 5652 iob
2560 5596 2665 5676 hoc
2705 5596 2886 5676 ipsum
2925 5603 3165 5676 publica:
3192 5606 3525 5676 poenitentia:
3566 5608 3659 5663 ad-

2067 5667 2211 5722 dicta
2229 5667 2294 5744 _in
2324 5668 2672 5744 monasterio.
2705 5667 2902 5744 Verum
2917 5667 3029 5744 jam
3068 5667 3225 5730 antea
3253 5677 3487 5732 vidimus
3516 5676 3662 5732 istud

2066 5753 2164 5808 per
2191 5739 2299 5793 vim
2324 5736 2525 5795 factum
2556 5737 2739 5810 fuisse,
2770 5755 2834 5797 ac
2861 5736 2976 5799 sine
3000 5744 3121 5815 lege
3145 5754 3197 5801 et
3215 5746 3441 5818 judicio.
