3962 6180
345 260 444 316 Si?

1418 267 1619 324 ΗΒΕιῆ
1656 269 1796 327 PRO
1833 269 2033 325 FlLllS
2068 271 2390 328 LUDOVICI
2431 275 2537 330 ΡΠ.

3505 289 3610 341 5ιῖ

343 379 393 432 in
419 375 700 462 palatium,
735 385 787 429 et
819 385 1096 444 assumpta
1144 377 1194 432 in
1236 382 1572 437 consortium
1608 383 1766 452 quasi
1802 382 1936 450 legi-
1962 389 2013 446 Α
2037 382 2194 437 aliter
2219 384 2309 438 hic
2337 386 2542 440 sentire
2579 388 2720 452 vult,
2751 399 2943 457 penset
2993 391 3228 460 qualiter
3279 399 3617 455 contradicat

344 473 473 526 tima
502 470 724 540 conjux,
756 480 780 506 ο
822 469 965 537 quod
1015 485 1136 524 esse
1180 468 1293 537 jam
1337 472 1644 529 nullatenus
1693 484 1926 545 poterat.

339 558 613 615 Collocata
645 559 830 626 itaque
859 557 1090 627 turpiter
1125 566 1182 613 et
1236 559 1554 617 indecenter
1605 564 1658 617 in
1713 562 1931 634 fastigio

339 647 528 718 regali,
563 647 718 718 prius
747 645 946 706 malum
977 649 1130 702 auxit
1166 657 1224 704 et
1248 650 1644 720 multiplicavit.
1673 653 1756 708 Ad
1783 654 1929 723 quod

337 739 511 791 bonus
541 737 683 790 ﬁlius
719 735 848 804 quid
897 751 1060 806 agere
1106 737 1326 792 debuit?
1371 739 1625 810 Nunquid
1671 741 1928 796 dissimu-

334 827 486 881 lare?
517 825 772 895 Nunquid
805 825 1003 881 silere?
1047 826 1297 897 Nunquid
1325 830 1633 898 quiescere.
1684 832 1799 887 Non
1853 835 1927 888 ita

332 915 537 984 placuit
564 915 638 969 illi
679 915 1069 970 indormitabili
1113 917 1291 982 oculo,
1331 920 1422 988 qui
1477 923 1717 978 custodit
1760 924 1928 978 Israel

329 1022 520 1071 suum;
560 1005 656 1060 sed
701 1006 987 1062 suscitavit
1023 1008 1248 1076 spiritus
1290 1008 1547 1076 ﬁliorum,
1575 1021 1631 1065 et
1658 1029 1926 1070 convene-

330 1108 460 1151 runt
509 1099 707 1152 iterum
765 1099 832 1153 ad
886 1099 1273 1154 succidendam
1315 1102 1608 1156 recidivam
1657 1104 1923 1159 malorum

326 1191 579 1259 stirpem.
609 1189 897 1243 Timebant
915 1189 1061 1243 enim
1084 1205 1152 1243 ne
1177 1191 1319 1260 patri
1347 1192 1594 1246 eveniret
1619 1193 1749 1248 illud
1779 1194 1922 1264 quod

325 1280 389 1333 dc
415 1278 658 1348 quodam
705 1293 832 1348 rege
880 1277 1164 1348 Scriptura
1190 1288 1377 1334 sancta
1406 1281 1663 1350 loquitur,
1692 1282 1877 1337 dicens
1905 1301 1918 1336 :

325 1373 506 1443 Igitur
533 1389 637 1426 non
667 1370 770 1440 fuit
811 1371 949 1425 alter
974 1370 1097 1425 talis
1124 1380 1180 1425 ut
1221 1370 1422 1439 Achab,
1450 1374 1542 1443 qui
1593 1374 1920 1428 venundatus

322 1475 396 1519 est
419 1475 481 1518 ut
509 1464 708 1534 faceret
736 1464 934 1518 malum
965 1465 1020 1517 in
1071 1473 1346 1534 conspectu
1382 1464 1618 1520 Domini.
1675 1464 1920 1519 Concita-

322 1557 391 1610 rit
411 1557 560 1610 enim
588 1572 708 1610 eum
733 1554 950 1610 Iezabel
974 1572 1108 1609 uxor
1131 1572 1253 1620 sua,
1275 1565 1322 1609 et
1353 1555 1722 1612 abominabilis
1746 1556 1919 1626 factus

319 1657 414 1701 est.

2031 471 2288 542 Apostolo
2316 475 2517 531 dicenti
2547 495 2561 529 :
2592 477 2664 530 Et
2708 479 2988 533 avaritiam
3008 521 3022 545 ,
3050 499 3167 551 qua:
3199 494 3273 538 est
3297 487 3614 550 simulacro—

2033 579 2147 616 rum
2177 567 2435 629 servitus;
2467 576 2522 621 et
2558 567 2741 622 videat
2779 585 2942 638 quam
2976 573 3247 628 veraciter
3269 576 3472 631 dictum
3501 580 3572 633 sit
3599 599 3612 634 :

2028 651 2205 707 Radix
2231 655 2463 708 omnium
2487 656 2749 711 malorum
2779 669 2854 712 est
2877 661 3133 730 cupiditas
3161 678 3179 715 :
3205 680 3363 733 quam
3398 667 3616 736 quidam

2030 753 2342 810 appetentes,
2361 754 2669 799 erraverunt
2690 765 2722 799 a
2741 747 2866 816 ﬁde.
2897 748 2954 803 Si
2971 764 3113 829 ‘ergo
3136 753 3406 822 cupiditas
3430 772 3617 814 errare

2028 829 2160 884 facit
2187 849 2217 886 a
2249 833 2377 899 ﬁde,
2409 844 2462 889 et
2490 837 2720 892 avaritia
2756 838 3170 895 simulacrorum
3216 853 3298 898 est
3337 847 3610 910 servitus;

2027 925 2169 994 quod
2195 927 2393 982 malum
2421 940 2689 995 remanet,
2715 932 2857 1000 quod
2883 948 2990 987 non
3034 934 3100 988 de
3137 937 3323 991 radice
3351 939 3615 1008 cupidita-

2026 1017 2096 1070 tis
2122 1017 2364 1070 oriatur?
2413 1018 2644 1089 Propter
2681 1022 2828 1090 quod
2857 1022 3092 1078 ﬁdeliter
3114 1025 3476 1098 colligendum
3505 1039 3610 1096 est,

2023 1119 2214 1160 omnes
2262 1109 2595 1176 appetitores
2655 1110 2990 1176 divitiarum,
3036 1113 3241 1184 gloriae,
3289 1127 3345 1171 et
3389 1118 3614 1174 honoris

2024 1196 2318 1261 smcularis,
2349 1206 2510 1266 atque
2540 1199 2829 1268 primatus,
2855 1216 3017 1269 quam
3063 1219 3171 1256 non
3221 1205 3378 1277 longe
3421 1209 3607 1263 absint

2023 1284 2091 1337 ab
2132 1284 2396 1338 idolorum
2424 1287 2654 1341 cultura.

2095 1371 2184 1425 XI.
2227 1373 2351 1428 llaec
2381 1384 2670 1444 propterea
2710 1376 2939 1431 dicimus
2959 1419 2974 1444 ,
3003 1389 3064 1434 ut
3090 1383 3440 1439 ostendamus
3470 1386 3609 1440 mala

2022 1474 2078 1519 et
2124 1467 2261 1520 bona
2309 1449 2689 1537 antiqudrum,
2726 1471 2886 1525 malis
2933 1480 2988 1526 et
3033 1473 3192 1528 bonis
3246 1487 3612 1546 congruenter

2023 1557 2220 1625 aptari,
2253 1566 2310 1612 et
2340 1558 2424 1613 bis
2453 1559 2545 1628 qui
2577 1570 2765 1614 errant
2795 1561 2850 1614 in
2899 1576 3041 1617 novo
3079 1563 3297 1633 populo.
3344 1566 3410 1619 Et
3438 1581 3610 1635 quan-

2022 1665 2186 1720 quam
2233 1648 2420 1702 Achab
2467 1650 2776 1706 concitante
2815 1667 2874 1706 se
2909 1668 3080 1708 uxore
3128 1670 3224 1708 sua
3273 1660 3539 1712 erraverit
3576 1677 3608 1715 a

387 1735 460 1791 Χ.
490 1735 600 1791 Sed
628 1735 768 1791 forte
790 1736 988 1806 aliquis
1016 1737 1243 1791 diversze
1267 1736 1559 1792 voluntatis
1589 1738 1752 1794 homo
1774 1754 1917 1794 amo-
1945 1749 1992 1807 Β
2023 1741 2158 1806 ﬁde;
2199 1749 2255 1796 et
2303 1757 2366 1795 ea
2396 1743 2634 1797 auctrice
2675 1746 3072 1812 perpetraverit
3098 1745 3311 1802 facinus
3362 1748 3491 1805 illud
3540 1751 3609 1806 de

320 1839 447 1881 vere
478 1826 690 1882 nitatur
734 1826 852 1883 haec
886 1829 1052 1883 verba
1080 1827 1377 1900 Scriptum
1405 1839 1628 1895 sancte,
1654 1828 1916 1902 tanquam

318 1919 780 1984 inconvenientia,
811 1933 876 1975 eo
908 1921 1054 1990 quod
1098 1930 1381 1992 sequatur,
1410 1924 1467 1976 in
1498 1932 1726 1988 tantum,
1757 1933 1812 1978 ut
1840 1941 1920 1978 se-

312 2018 568 2077 queretur
594 2008 740 2064 idola
763 2009 1215 2067 Amarrliworum.
1268 2013 1492 2068 Noverit
1535 2015 1782 2085 quisquis
1831 2016 1920 2071 ille

312 2109 416 2164 est,
449 2115 562 2154 non
595 2115 757 2169 posse
790 2102 1046 2157 evacuari
1086 2105 1497 2174 congruentiam
1531 2105 1588 2159 in
1623 2106 1727 2160 hoc
1777 2106 1915 2162 loco.

312 2189 590 2258 Quoniam
616 2200 858 2262 tempore
883 2191 1020 2262 legis
1048 2193 1104 2247 in
1125 2194 1294 2248 veteri
1323 2194 1518 2264 populo
1555 2194 1698 2251 idola
1745 2204 1798 2250 et
1844 2199 1918 2252 si-

311 2283 555 2337 mulacra
591 2281 970 2353 signiﬁcabant
989 2298 1180 2339 omnes
1206 2299 1423 2340 errores
1445 2285 1498 2338 in
1523 2301 1663 2341 novo
1684 2285 1906 2356 populo,

311 2385 561 2442 tempore
595 2373 848 2427 videlicet
877 2374 1083 2444 gratim.
1121 2373 1256 2428 Nam
1289 2383 1344 2430 et
1373 2376 1484 2444 ipse
1528 2377 1662 2430 ordo
1711 2378 1908 2431 horum

309 2465 608 2517 verborum
637 2463 712 2515 ita
741 2462 1122 2533 intelligendus
1143 2471 1226 2517 est
1258 2480 1270 2515 :
1300 2463 1694 2519 Abominabilis
1739 2463 1912 2520 factus

309 2563 387 2609 est
415 2554 656 2609 diversis
691 2554 1076 2623 cupiditatibus
1110 2562 1166 2609 et
1195 2553 1489 2619 illecebris,
1517 2563 1575 2608 ut
1595 2555 1761 2610 etiam
1797 2555 1910 2610 evi-

307 2649 509 2703 denter
543 2648 613 2704 ad
642 2647 845 2703 cultum
882 2655 1069 2702 rueret
1095 2646 1380 2703 idolorum.
1427 2645 1685 2717 Quisquis
1729 2656 1911 2702 autem

2017 1841 2192 1887 morte
2219 1831 2433 1886 Naboth
2468 1831 2835 1901 Jezrabeliue,
2867 1845 3149 1906 correptus
3171 1845 3355 1893 tamen
3383 1841 3452 1895 ab
3487 1841 3604 1896 Elia

2013 1921 2297 1991 prepheta,
2332 1938 2438 1977 non
2461 1932 2758 1989 correctus,
2803 1926 3114 1995 compulsus
3137 1935 3222 1982 est
3255 1943 3415 1999 agere
3435 1930 3607 1999 pmni—

2014 2012 2240 2067 tentiam
2263 2031 2276 2066 :
2305 2027 2412 2082 qua
2437 2015 2652 2069 actione
2679 2017 3015 2083 pmnitentite
3030 2017 3168 2072 mala
3185 2019 3287 2074 sibi
3315 2020 3604 2074 imminen-

2011 2104 2084 2158 tia
2113 2103 2342 2170 distulit,
2367 2121 2472 2160 non
2495 2106 2735 2161 abstulit.
2764 2107 2874 2162 Hoc
2895 2109 2941 2162 si
2965 2117 3110 2164 recte
3132 2111 3603 2180 perpendatur,,li-

2014 2193 2178 2262 quido
2214 2192 2555 2248 demonstrat
2583 2203 2847 2264 quantum
2871 2204 3101 2251 noceant
3128 2213 3326 2252 uxores
3354 2199 3507 2253 malae
3528 2199 3605 2252 vi-

2017 2285 2092 2338 ris
2106 2285 2241 2340 suis.
2264 2283 2403 2340 Jehu
2429 2294 2809 2356 autem,qnem
2833 2287 3094 2343 Dominus
3116 2290 3400 2345 suscitavit
3430 2291 3483 2345 in
3515 2307 3600 2346 re-

2016 2391 2135 2448 gem
2154 2377 2220 2430 ad
2238 2377 2568 2445 puniendam
2593 2379 2812 2433 domum
2832 2379 3020 2434 Achab
3036 2390 3090 2436 et
3104 2379 3221 2448 ejus
3238 2383 3601 2451 deceptriccm

2017 2468 2416 2534 uxorem,licet
2451 2477 2716 2525 aeternam
2760 2471 2924 2525 vitam
2971 2487 3078 2525 non
3126 2474 3510 2542 promeruerit,
3537 2489 3604 2526 eo

2018 2559 2163 2630 quod
2195 2574 2226 2612 a
2260 2560 2498 2628 peccatis
2539 2559 2825 2616 Jeroboam
2862 2577 2967 2616 non
2995 2566 3305 2628 recesserit,
3336 2564 3460 2634 quia
3489 2573 3602 2618 stu-

2019 2649 2169 2704 diose
2195 2649 2442 2704 exercuit
2473 2649 2707 2706 ultiones
2741 2651 2955 2706 Domini
2977 2653 3041 2707 de
3062 2652 3301 2720 Jezabel,
3326 2663 3382 2708 et
3411 2655 3601 2710 domus

1689 2739 1961 2796 BALUZII
1995 2738 2230 2794 NOTIE.

376 2847 402 2873 ι
434 2832 594 2898 Quod
619 2847 728 2885 esse
748 2828 1047 2901 nullatenus
1068 2839 1290 2901 poterat.
1316 2831 1508 2886 Exstat
1533 2846 1666 2887 sane
1687 2831 1740 2886 in
1768 2831 1905 2885 libro

305 2905 504 2974 quinto
549 2900 939 2974 Capitularium
985 2900 1118 2974 lex,
1145 2917 1252 2970 qua
1303 2910 1640 2974 caveturrne
1691 2901 1903 2965 mulier,

304 2971 428 3044 quae
457 2980 794 3044 sponte,aut
818 2971 1215 3044 invita,_vel_um
1255 2980 1502 3044 sanctum
1545 2973 1598 3026 in
1630 2981 1791 3044 caput
1816 2986 1905 3025 ac-

2006 2846 2293 2909 eonsensu
2321 2830 2590 2909 Grimaldi
2611 2832 2895 2888 Pinnensis
2923 2834 3382 2909 episc_opi,_‘juxta
3431 2836 3595 2909 legem

2007 2900 2249 2978 Lotharii
2280 2902 2647 2978 imperatoris1
2695 2919 2815 2971 quae
2857 2900 3038 2978 esstat
3067 2900 3136 2978 in'_
3175 2900 3314 2978 libro
3356 2925 3394 2962 ιι
3443 2900 3602 2978 ιιέεἱε

2008 2971 2439 3044 Langobardor.,
2491 2973 2573 3026 tit.
2615 2972 2670 3044 6,
2720 2989 2838 3044 cap.
2885 2973 2936 3026 4.
2977 2975 3197 3029 Interim
3246 2971 3598 3044 Sisenandus,

304 3041 541 3114 ceperit,
575 3042 704 3096 illud
732 3055 984 3114 unquam
1002 3041 1258 3114 dimittat.
1310 3041 1434 3096 Hrec
1477 3043 1909 3114 suntverbahca-
1935 3045 1980 3106 C
2011 3042 2175 3097 homo
2200 3041 2464 3108 Francus,
2493 3042 2658 3114 coepit
2684 3041 2892 3114 ambire
2911 3045 3129 3114 nuptias
3157 3047 3314 3102 istius
3335 3041 3600 3112 mulieris,

303 3111 436 3186 pitis
467 3115 570 3168 ll3
595 3113 835 3184 ejusdem
865 3111 989 3186 libri
1017 3130 1031 3186 :_
1061 3130 1080 3162 ‹
1108 3112 1479 3182 Qualicunque
1507 3112 1666 3186 modo
1692 3111 1906 3178 mulier,

373 3182 665 3240 mittente
694 3182 955 3238 canonice
984 3183 1100 3237 viro
1134 3197 1249 3245 suo,
1291 3190 1383 3236 aut
1427 3197 1492 3236 eo
1517 3183 1794 3246 defuncto,
1827 3199 1912 3238 ve-

325 3273 417 3309 nm
456 3262 704 3309 sanctum
743 3253 794 3306 in
819 3259 982 3321 caput
1009 3253 1299 3321 acceperit,
1326 3261 1418 3306 aut
1461 3261 1672 3320 sponte,
1714 3261 1808 3304 aut
1832 3253 1910 3306 in-

302 3327 440 3388 vita,
476 3325 532 3378 in
577 3338 642 3378 eo
669 3331 985 3393 permaneat
1027 3323 1268 3384 omnino,
1319 3337 1420 3377 nec
1447 3322 1705 3376 dimittat.
1742 3341 1759 3372 ι
1802 3321 1909 3377 Sed

305 3397 481 3460 istud,
501 3392 718 3464 opinor,
743 3392 1147 3464 intelligendum
1171 3393 1340 3464 estde
1355 3393 1511 3448 vidua
1534 3408 1654 3462 qua:
1677 3407 1735 3447 se
1755 3409 1829 3464 sp.
1855 3409 1912 3447 n-

306 3477 360 3522 te
415 3463 643 3529 velavit,
694 3479 802 3518 non
847 3473 1027 3519 autem
1069 3464 1134 3519 de
1164 3463 1387 3517 muliere
1415 3479 1512 3532 per
1555 3464 1665 3517 vim
1713 3463 1905 3518 velata.

305 3537 444 3591 Nam
479 3536 627 3606 quod
657 3535 732 3588 ait
758 3535 864 3599 lex,
887 3547 1012 3606 eam
1043 3533 1252 3589 resilire
1281 3549 1387 3606 non
1414 3549 1575 3602 posse
1605 3549 1725 3606 qua:
1745 3533 1908 3606 etiam

307 3608 482 3662 invita
498 3603 693 3660 'vclata
712 3613 814 3669 est,
847 3605 1007 3673 plane
1035 3604 1404 3659 necessarium
1436 3614 1519 3658 est
1547 3611 1607 3656 ut
1645 3603 1910 3673 intelliga-

307 3693 431 3732 mus
459 3677 527 3730 de
550 3691 613 3730 ea
637 3689 758 3744 quae
798 3674 1047 3728 adulterii
1076 3674 1370 3744 perpetrati
1412 3675 1662 3728 convicta
1690 3683 1795 3738 est,
1823 3685 1908 3726 at-

305 3764 414 3816 que
439 3747 513 3802 ob
542 3747 650 3800 hoc
675 3746 849 3816 ipsum
875 3745 929 3800 in
972 3744 1310 3816 monasterio
1333 3744 1580 3798 concludi
1619 3745 1790 3815 jussa,
1820 3759 1911 3816 vp-

305 3807 454 3873 l'ente
481 3807 710 3870 marito:
732 3813 868 3868 Nam
915 3815 1059 3870 nulla
1088 3814 1175 3868 lex
1213 3813 1341 3868 sinit
1383 3830 1580 3868 uxores
1609 3807 1790 3868 castas
1819 3807 1911 3866 ab-

305 3888 429 3942 duci
452 3903 483 3940 a
522 3886 760 3948 maritis,
791 3885 892 3939 nisi
921 3900 986 3940 ex
1029 3899 1297 3939 consensu
1344 3885 1598 3953 partium,
1632 3891 1692 3936 ut
1715 3891 1908 3936 vacent

306 3957 574 4019 orationi,
608 3957 764 4026 juxta
791 3955 1080 4009 consilium
1101 3954 1387 4026 gApostoli.
1410 3955 1527 4026 Sed
1568 3955 1790 4026 tametsi
1821 3953 1911 4006 da-

309 4043 499 4082 remus
525 4022 701 4096 legem
731 4039 848 4096 non;
860 4039 988 4096 esse
1010 4022 1337 4096 ambiguam.
1360 4024 1498 4096 nihil
1524 4022 1764 4096 ofﬁceret
1788 4038 1910 4096 cau-

306 4112 381 4151 sa:
415 4093 782 4166 imperatoris.
830 4094 964 4149 Nam
996 4093 1177 4166 neque
1208 4093 1390 4147 Judith
1419 4093 1699 4166 canonice
1730 4093 1906 4166 velum

306 4162 645 4235 susceperat,
683 4179 858 4234 neque
888 4162 1264 4220 consentiente
1294 4163 1514 4224 marito.
1543 4162 1635 4217 scd
1674 4177 1769 4231 per
1801 4163 1908 4235 vim

307 4246 362 4290 et
397 4233 627 4290 metum.
660 4233 846 4304 Itaque
883 4235 1102 4289 dubium
1143 4249 1248 4304 non
1275 4242 1394 4304 erat
1435 4235 1564 4302 quin
1605 4248 1725 4304 eam
1753 4233 1910 4304 mari-

307 4315 396 4362 tus
426 4315 674 4370 repetere
697 4302 898 4370 posset,
931 4305 975 4359 si
1003 4304 1180 4360 vellet.
1223 4303 1384 4357 Aliud
1433 4302 1712 4359 obtinebat
1739 4304 1805 4356 de
1835 4302 1912 4356 vi-

308 4377 452 4432 duis.

308 4446 421 4508 bat,
470 4445 777 4515 pnesertim
823 4441 961 4513 apud
1013 4443 1400 4515 Langobardos
1449 4441 1601 4510 cujus
1636 4442 1712 4515 rei
1760 4441 1906 4515 clara

307 4511 530 4569 eXstant
561 4511 905 4584 documenta.
949 4514 1018 4568 Et
1053 4511 1485 4584 quandoquidem
1518 4513 1732 4568 occasio
1759 4511 1907 4584 tulit,

307 4585 536 4640 aderam
567 4583 875 4652 exemplum
906 4581 1136 4638 istorum
1184 4581 1355 4637 ferme
1395 4592 1717 4652 temporum,
1744 4583 1809 4636 de
1838 4581 1912 4636 fe-

307 4658 454 4709 mina
487 4657 722 4726 quadam
753 4653 1127 4724 Langobarda,
1153 4668 1272 4722 qua:
1300 4654 1602 4776 imperante
1633 4652 1908 4707 Ludovico

307 4723 349 4776 ll
378 4727 463 4776 Pii
491 4733 687 4776 nepote
705 4724 930 4776 multata
954 4733 1038 4776 est
1060 4722 1354 4776 amissione
1412 4739 1639 4776 onerum
1662 4738 1906 4776 suorum.

304 4723 349 4778 ll
378 4727 463 4780 Pii
491 4722 687 4794 nepote
705 4722 930 4779 multata
954 4733 1038 4778 est
1060 4722 1354 4794 amissione
1376 4722 1639 4777 bonorum
1662 4738 1906 4787 suorum,

307 4795 378 4849 ob
401 4811 525 4850 eam
554 4793 806 4849 videlicet
851 4809 1092 4857 causam,
1125 4793 1268 4861 quod
1317 4800 1438 4862 post
1479 4802 1788 4862 susceptum
1816 4807 1909 4847 ve-

309 4864 487 4935 lamen
517 4865 817 4935 religionis,
837 4865 1052 4935 nubere
1088 4871 1533 4935 praesnmpserat.
1577 4863 1682 4916 Res
1696 4863 1784 4935 _ita
1814 4862 1910 4915 ha-

308 4933 611 5015 bet._Justo
622 4931 942 5015 Gaustaldin
953 4976 976 5014 ..
991 4934 1208 4987 natione
1233 4932 1496 5015 Francus,
1521 4933 1663 5015 inter
1696 4931 1906 5015 Lango-

309 5005 509 5072 bardos
557 5005 852 5067 banitabat,
908 5004 1087 5072 ibique
1141 5017 1365 5072 uxorem
1411 5004 1644 5058 duxerat
1690 5004 1908 5056 nomine

309 5071 508 5127 Gnndi.
543 5073 763 5129 Licebat
794 5089 927 5128 sane
959 5071 1016 5128 ei
1047 5073 1238 5142 vivere
1259 5071 1377 5141 lege
1427 5074 1624 5142 patria,
1651 5073 1696 5126 si
1724 5073 1776 5142 in
1805 5073 1908 5126 ini-

309 5144 389 5212 tio
434 5144 786 5200 habitationis
836 5157 950 5198 suae
1001 5142 1144 5197 inter
1191 5141 1578 5212 Langobardos
1628 5141 1909 5212 professus

310 5211 506 5285 fuisset
537 5215 678 5284 apud
721 5212 1128 5285 iudices,_velle
1169 5227 1232 5285 se
1270 5211 1793 5285 vivereesecundnm
1836 5212 1909 5263 le-

309 5297 434 5350 gem
471 5281 830 5340 Francorum.
882 5283 988 5338 Sed
1017 5282 1208 5336 maluit
1235 5281 1434 5352 eligere
1477 5283 1646 5353 legem
1696 5281 1903 5353 Lango-

311 5353 626 5419 bardorum,
680 5355 930 5409 fortassis
967 5353 1018 5408 vi
1049 5353 1226 5407 victus
1269 5353 1492 5417 amoris,
1537 5352 1681 5422 quod
1729 5352 1904 5406 Gnndi

313 5423 481 5493 nollet
501 5425 636 5480 alias
659 5425 710 5481 ei
735 5426 960 5479 nubere.
993 5422 1127 5477 Nam
1145 5422 1233 5493 lex
1255 5422 1730 5493 Langobardorum
1751 5422 1905 5476 valde

312 5489 629 5550 favorabilis
657 5504 776 5550 erat
823 5495 1103 5550 uxoribus.
1144 5492 1271 5547 Haec
1297 5489 1428 5562 ergo
1452 5508 1576 5547 cum
1605 5492 1782 5545 virum
1811 5508 1904 5546 ex-

312 5564 546 5647 tulisset,
596 5567 1036 5647 desiderinmqne
1083 5563 1339 5647 cnstincti
1387 5578 1497 5647 non
1547 5570 1731 5647 posset
1769 5562 1902 5630 pati,

314 5636 783 5692 sanctimonialem
833 5632 1075 5690 habitum
1115 5633 1290 5688 induit
1322 5632 1376 5686 in
1412 5632 1744 5687 monasterio
1773 5647 1901 5686 san-

318 5711 418 5759 cla:
439 5706 642 5775 Mariae,
674 5707 962 5777 velumque
979 5705 1082 5762 sibi
1111 5717 1272 5774 super
1297 5710 1456 5775 caput
1483 5702 1758 5774 imposuit,
1781 5717 1902 5760 cum

537 4392 627 4429 am
657 4372 764 4452 illis
792 4375 1062 4452 deponere
1100 4373 1340 4452 velamen
1366 4382 1612 4452 sanctum
1653 4388 1757 4452 non
1784 4372 1909 4452 l‘icc-
1933 4393 1986 4452 D
2011 4381 2189 4452 eistat
2217 4373 2270 4425 in
2305 4372 2473 4452 libro;
2497 4373 2730 4452 secundo
2773 4372 2930 4452 Legis

2012 3127 2345 3182 uxoremque
2392 3121 2577 3182 postea
2628 3113 2798 3167 duxit.
2853 3112 3021 3181 Hujus
3073 3117 3151 3170 rei
3201 3116 3344 3171 fama
3373 3133 3495 3173 cum
3531 3119 3601 3174 ad

2006 3179 2217 3250 jndices
2243 3179 2556 3252 imperiales
2593 3179 2947 3252 pervenisset,
2980 3185 3240 3241 intentata
3282 3187 3351 3242 lis
3393 3196 3478 3244 est
3506 3190 3600 3242 ad-

2013 3267 2200 3324 versus
2231 3251 2606 3324 Sisenandum’
2624 3269 2950 3324 uxoremque
2988 3253 3105 3323 ejus
3134 3273 3163 3308 a
3194 3255 3402 3312 Maione
3434 3259 3601 3312 advo-

2011 3330 2133 3394 cato
2160 3322 2417 3377 Ludovici
2449 3323 2812 3394 imperatoris,
2841 3322 2932 3394 qui
2981 3322 3238 3380 feminam
3269 3327 3413 3382 illam
3451 3328 3602 3383 adul-

2011 3393 2134 3447 terii
2164 3394 2457 3458 accusavit,
2495 3393 2652 3463 juxta
2695 3393 2880 3468 legem:
2912 3393 3412 3466 Langobardorum,
3457 3401 3602 3468 quod

2009 3472 2130 3530 post
2181 3472 2491 3534 susceptum
2535 3481 2752 3519 sacrum
2803 3465 3069 3529 velamen,
3123 3483 3340 3522 rursum
3379 3465 3496 3522 viro
3539 3486 3600 3524 se

2010 3534 2390 3608 conjunxerat,
2421 3534 2648 3608 ideoque
2673 3550 2958 3608 personam
2983 3536 3448 3608 substantiamque
3475 3539 3596 3608 ejus

2009 3605 2150 3724 parti
2197 3604 2380 3674 palatii
2426 3605 2702 3672 pertinere
2750 3603 2946 3660 debere
2983 3605 3280 3670 asserebat,
3313 3603 3600 3661 secundum

2031 3690 2191 3724 eaem.
2233 3675 2308 3724 Ea
2335 3682 2516 3724 autem
2542 3681 2717 3724 exstat
2746 3675 2800 3724 in
2840 3675 2979 3724 libro
3003 3677 3240 3724 secundo
3265 3675 3420 3724 Lenis
3457 3675 3600 3724 Lan-

2031 3690 2210 3746 egem._
2233 3675 2308 3728 Ea
2335 3682 2516 3746 autem
2542 3681 2717 3746 exstat
2745 3675 2800 3746 in
2840 3675 2979 3746 libro
3003 3677 3240 3729 secundo
3265 3675 3420 3746 Legis
3457 3675 3600 3730 Lan—

2009 3744 2390 3815 gobardorum,
2427 3745 2510 3797 tit.
2545 3743 2598 3807 6,
2624 3759 2743 3813 cap.
2775 3745 2824 3808 l,
2855 3753 2910 3815 et
2937 3745 3029 3815 lib.
3062 3761 3124 3808 ιι,
3156 3746 3240 3798 tit.
3273 3743 3363 3809 57,
3390 3762 3508 3815 cap.
3543 3747 3595 3800 l.

2007 3812 2078 3894 At
2104 3813 2435 3898 Sisenandus
2465 3812 2834 3898 negaviteant
2858 3813 3103 3898 induisse
3141 3823 3346 3869 vestem
3379 3812 3598 3898 relligio-

2009 3883 2112 3952 nis.
2143 3883 2340 3937 Verum
2378 3898 2500 3952 eum
2537 3881 2737 3952 'postea
2770 3881 2908 3936 Maio
2958 3883 3239 3952 probasset
3265 3900 3384 3939 eam
3432 3881 3598 3940 fuisse

2008 3951 2255 4013 velatam,
2285 3951 2498 4020 judices
2544 3951 2852 4020 imperiales
2895 3951 3313 4020 prenuntiarunt
3342 3967 3393 4009 et
3419 3955 3597 4010 Gnndi

2009 4021 2181 4088 ipsam
2210 4030 2264 4076 et
2291 4021 2432 4076 bona
2459 4023 2576 4092 ejus
2599 4025 2730 4077 lisco
2751 4022 2964 4092 addicta
2996 4040 3010 4089 ;
3046 4023 3244 4078 indicta
3273 4026 3435 4079 etiam
3462 4026 3597 4080 mul-

2011 4099 2062 4144 ta
2090 4092 2385 4146 solidorum
2431 4091 2808 4147 sescentorum
2855 4091 3175 4159 Sisenando,
3220 4103 3277 4149 et
3301 4096 3594 4150 solidorum

2009 4171 2223 4233 centum
2247 4163 2635 4233 quinquaginta
2655 4162 2961 4218 Amelfredo
2987 4163 3095 4217 ﬁlio
3117 4164 3357 4219 Justonis
3381 4176 3436 4220 et
3456 4166 3598 4221 Gun-

2009 4232 2083 4304 di,
2132 4232 2224 4304 qui
2267 4232 2395 4304 huic
2437 4232 2784 4304 intatrimonio
2832 4244 3220 4304 consenserat:
3264 4252 3383 4304 qua:
3431 4237 3593 4290 multa

2007 4301 2534 4357 Amcllredoindicta
2571 4310 2654 4355 est
2693 4301 2848 4369 juxta
2893 4303 2942 4359 le
2980 4320 3062 4359 em
3108 4301 3444 4375 Luitprandi,
3477 4323 3597 4375 qua:

2011 4381 2189 4426 exstat
2217 4373 2270 4425 in
2312 4372 2448 4425 libro
2497 4373 2730 4426 secundo
2773 4322 3468 4427 LenisELanaobardoi-um.
3510 4377 3594 4427 tit.

3017 4375 3468 4444 angobardormn,
3510 4377 3594 4428 tit.

2011 4442 2102 4507 57,
2143 4458 2262 4510 cap.
2299 4442 2349 4494 l.
2380 4442 2571 4495 Datum
2602 4451 2684 4496 est
2715 4451 2894 4497 autem
2916 4442 3176 4509 judicium
3221 4446 3362 4498 istud
3405 4446 3594 4499 adver-

2010 4527 2102 4566 sus
2141 4511 2319 4565 Gundi
2361 4512 2414 4563 in
2463 4513 2792 4566 monasterio
2829 4522 3030 4564 sancta:
3075 4513 3358 4566 Trinitatis
3398 4514 3597 4567 Casau-

2009 4582 2208 4637 riensis
2233 4597 2375 4635 anno
2397 4580 2467 4633 24
2514 4581 2768 4634 Ludovici
2795 4581 2837 4634 ll
2870 4582 3227 4649 imperatoris,
3268 4598 3460 4636 mense
3499 4585 3600 4638 De-

2008 4653 2232 4707 cembri.
2281 4651 2414 4705 Dein
2458 4649 2757 4704 Ludovicus
2802 4652 2938 4704 bona
2983 4667 3100 4719 qua:
3145 4652 3359 4705 fuerant
3395 4652 3591 4716 Gnndi,

2007 4722 2338 4777 monasterio
2383 4719 2727 4775 Casauriensi
2777 4721 2925 4775 dedit
2964 4738 3023 4775 ιιι
3073 4720 3190 4776 Kal.
3233 4720 3421 4783 Maias,
3453 4738 3594 4775 anno

2007 4793 2270 4862 vigesimo
2316 4793 2505 4860 quinto
2555 4790 2763 4862 imperii
2807 4792 2913 4854 sui,
2946 4791 3001 4862 _id
3029 4799 3131 4856 est,
3166 4808 3308 4846 anno
3346 4791 3468 4845 875.
3503 4793 3597 4845 Ve-

2007 4859 2129 4916 rum
2157 4863 2283 4930 quia
2328 4859 2468 4916 bona
2504 4859 2821 4931 qum’Justo
2861 4859 3083 4915 dederat
3115 4863 3271 4916 uxori
3314 4877 3443 4925 suae,
3486 4878 3594 4915 non

2007 4932 2144 4986 bene
2173 4933 2410 4987 discreta
2457 4940 2611 4986 erant
2649 4947 2679 4985 a
2711 4933 2867 4987 bonis
2910 4932 3224 4996 liberormn,
3267 4947 3353 4986 res
3397 4932 3592 4984 iterum

2007 5017 2192 5057 coram
2237 5001 2512 5071 judicibus
2560 5002 2812 5057 ventilata
2861 5011 2946 5056 est
2994 5003 3046 5055 in
3093 5002 3255 5056 Teate
3301 5016 3442 5071 anno
3489 4999 3594 5054 877

2007 5087 2193 5127 mense
2219 5070 2500 5141 Augusto;
2533 5083 2589 5126 et
2622 5073 2793 5128 curtis
2817 5073 2883 5126 de
2909 5072 3250 5125 Monactiano
3291 5070 3597 5136 adiudicata

2007 5152 2091 5198 est
2136 5142 2488 5206 monasterio,
2530 5151 2854 5211 peractaque
2891 5152 3153 5210 praeterea
3198 5150 3284 5195 est
3328 5141 3590 5195 bonorum

2006 5212 2248 5268 .lustonis
2267 5212 2457 5267 divisio
2476 5213 2619 5268 inter
2641 5212 2778 5266 ﬁlios
2799 5212 2914 5280 ejus
2933 5221 2987 5264 ct
3011 5212 3416 5264 monasterium.
3443 5211 3594 5265 Hanc

2006 5283 2313 5346 historiam,
2340 5298 2460 5351 qua:
2483 5282 2750 5352 plurimas
2781 5297 2868 5335 res
2890 5280 3133 5352 continet
3155 5289 3339 5334 notatu
3378 5281 3587 5352 dignas,

2007 5354 2207 5422 placuit
2236 5355 2422 5422 paucis
2463 5351 2758 5416 enarrare;
2793 5366 2952 5422 quam
2999 5351 3241 5422 eruimus
3265 5367 3294 5403 e
3321 5351 3584 5406 veteribus

2007 5420 2144 5478 actis
2178 5420 2319 5477 illius
2343 5423 2464 5486 :evi,
2506 5437 2627 5490 quae
2649 5424 2864 5476 exstant
2890 5420 2945 5474 in
2991 5421 3319 5476 cbartulario
3346 5421 3586 5492 ejusdem

2008 5493 2340 5555 monasterii,
2369 5500 2743 5563 qumquepost
2767 5500 2923 5563 notas
2945 5492 3090 5563 edita
3113 5493 3372 5563 reperies,
3398 5492 3587 5563 lector,

2006 5563 2269 5618 beneﬁcio
2313 5559 2531 5615 Antonii
2565 5559 2752 5616 Vionis
2792 5559 3102 5630 llerovallii,
3151 5559 3252 5619 viri
3281 5561 3588 5628 clarissimi,

2005 5634 2306 5702 horumque
2335 5631 2632 5687 studiorum
2657 5630 2797 5686 bono
2823 5633 2952 5687 nati.
