4010 6184
324 307 433 362 519

1286 312 1342 364 S.
1388 307 1733 364 AGOBARDI
1775 305 2084 363 EPISCOPI
2122 306 2605 364 LUGDUNENSIS
2693 303 2698 308 ’

3488 316 3590 370 3εο

3528 358 3558 370 -

321 423 440 491 ejus
467 437 630 492 quem
659 423 748 478 illa
779 423 1164 487 concitaverat,
1188 437 1507 479 concessum
1533 433 1616 478 est
1636 423 1687 479 ei
1715 430 1775 477 ut
1800 420 1896 475 filii
1925 421 1977 481 Α
1999 418 2111 489 puli
2148 437 2162 473 :
2201 420 2269 476 de
2295 434 2404 490 quo
2436 422 2657 492 quidam
2709 435 2803 476 rex
2861 422 3127 492 superbus
3178 433 3232 479 et
3279 427 3596 485 humiliatus

319 514 441 583 ejus
463 526 634 582 usque
662 512 730 566 ad
753 521 1000 580 quartam
1022 513 1427 583 generationem
1449 522 1752 583 regnarent.
1777 512 1906 566 Post

321 620 448 661 cum
476 605 665 659 beatus
697 618 912 672 quoque
948 602 1138 658 Joiada
1165 613 1221 658 et
1264 613 1486 660 sanctus
1518 603 1780 674 pontifex,
1810 603 1902 673 qui

322 694 594 748 Athaliam
640 693 1018 763 impiissimam
1057 695 1288 750 interﬁci
1331 695 1516 764 jussit,
1565 704 1621 749 et
1671 694 1799 750 Joas
1850 696 1903 748 in

323 785 460 840 solio
481 785 652 855 patris
681 785 984 850 collocavit,
1019 795 1072 842 et
1101 787 1439 843 Hierusalem
1485 803 1515 842 a
1556 789 1808 843 sordibus
1851 797 1906 843 et

323 876 684 931 immunditiis
713 878 988 947 purgavit,
1019 878 1113 932 tali
1138 893 1262 934 eum
1297 879 1455 933 laude
1501 888 1730 934 exornat
1755 878 1908 934 Scri-

319 981 482 1040 ptura
508 971 710 1037 divina,
737 973 925 1027 dicens
975 991 988 1026 :
1041 972 1226 1029 Senuit
1271 985 1448 1028 autem
1498 975 1696 1030 Joiada
1721 975 1906 1046 plenus

320 1063 547 1128 dierum,
572 1073 620 1117 et
648 1074 886 1119 mortuus
912 1074 989 1119 est
1015 1083 1134 1120 cum
1163 1077 1370 1121 rentum
1398 1069 1614 1138 triginta
1651 1078 1782 1123 esset
1812 1086 1908 1122 an-

324 1171 546 1217 norum;
581 1155 990 1226 sepelieruntque
1013 1173 1133 1210 eum
1164 1158 1219 1210 in
1249 1159 1456 1212 civitate
1485 1158 1653 1212 David
1679 1176 1797 1212 cum
1829 1176 1909 1213 re-

323 1245 475 1315 gibus
500 1287 514 1311 ,
545 1263 604 1300 eo
643 1247 780 1316 quod
810 1247 1015 1316 fecisset
1043 1250 1237 1302 bonum
1289 1267 1406 1302 cum
1452 1249 1640 1312 Israel,
1689 1259 1736 1303 et
1791 1267 1908 1304 cum

323 1336 479 1390 domo
503 1337 638 1406 ejus.
683 1335 823 1392 Ecce
851 1338 954 1392 iste
981 1339 1101 1408 pius
1137 1342 1410 1404 sacerdos,
1438 1350 1491 1396 et
1525 1342 1804 1411 temporali
1857 1352 1912 1398 et

325 1437 530 1482 aeterna
575 1430 935 1484 retributione
966 1441 1343 1486 remuneratus
1371 1441 1489 1498 est;
1539 1431 1674 1488 Jehu
1726 1443 1910 1492 autem

331 1527 539 1572 tantum
569 1520 877 1590 temporali.

395 1609 508 1663 XII.
560 1609 852 1664 Videamus
904 1626 1120 1681 quoque
1165 1611 1294 1680 quid
1334 1611 1562 1668 Samson
1601 1613 1907 1684 contigerit,

325 1715 486 1768 quem
519 1699 810 1769 Apostolus
839 1701 893 1754 in
919 1702 1162 1772 catalogo
1194 1703 1433 1757 virorum
1457 1703 1727 1771 justornm
1772 1720 1908 1758 enu-

331 1799 524 1860 merat.
575 1791 788 1844 Amavit
837 1792 1021 1860 itaque
1059 1794 1339 1848 mulierem
1380 1810 1487 1848 non
1518 1804 1787 1848 amantem
1816 1809 1908 1860 se;

330 1899 454 1952 quin
484 1883 606 1952 plus
650 1883 1044 1953 obtemperavit
1086 1884 1322 1938 inimicis
1369 1885 1506 1954 ejus,
1539 1899 1699 1952 quam
1736 1885 1911 1937 amico

334 1974 536 2027 amanti
569 1988 647 2028 se.
682 1973 747 2028 Et
790 1975 917 2043 quia
965 1973 1053 2029 ille
1101 1975 1186 2028 vir
1216 1975 1398 2043 justus
1442 1977 1672 2030 credidit
1697 1976 1910 2030 mulieri

329 2063 552 2128 infideli,
582 2063 702 2118 ideo
725 2073 782 2118 et
811 2064 990 2118 lumen
1021 2064 1298 2119 oculorum
1331 2066 1533 2130 amisit,
1563 2074 1616 2120 et
1655 2067 1909 2120 ducatum

327 2157 639 2211 lsraeliticte
666 2157 842 2225 gentis
871 2157 1126 2226 perdidit.
1158 2157 1252 2212 Cui
1285 2157 1410 2211 licet
1436 2166 1620 2226 postea
1660 2158 1908 2211 restituta

327 2246 399 2300 sit
427 2247 600 2299 virtus
630 2246 879 2315 pristina,
911 2254 967 2300 et
1012 2246 1424 2316 ignominiosam
1467 2248 1632 2300 vitam
1675 2247 1909 2316 gloriosa

329 2345 505 2389 morte
529 2335 764 2401 finierit;
791 2345 995 2388 teterna
1017 2336 1236 2404 quidem
1258 2336 1365 2389 vita
1386 2352 1492 2391 non
1517 2337 1714 2401 caruit,
1733 2345 1910 2390 tamen

326 2425 580 2478 ducatum
611 2424 902 2492 pristinum
932 2441 1038 2480 non
1068 2428 1426 2496 recuperavit.
1458 2428 1548 2482 Sic
1574 2444 1703 2498 ergo
1730 2430 1913 2498 digne-

327 2523 458 2569 turll
491 2514 724 2570 domnus
763 2516 963 2570 dudum
1009 2517 1302 2588 imperator
1341 2519 1428 2588 pie
1471 2520 1826 2589 perpendere,
1852 2529 1913 2575 ut

323 2610 549 2665 mdeste
597 2619 652 2663 et
708 2611 1096 2680 sempiternum
1145 2627 1371 2681 regnum
1401 2627 1506 2666 non
1539 2613 1729 2681 perdat
1771 2633 1782 2666 :
1817 2614 1909 2682 qui

325 2699 580 2769 deceptus
609 2714 639 2752 a
669 2699 917 2766 muliere,
955 2708 1228 2756 terrenum
1255 2711 1310 2756 et
1364 2703 1658 2772 temporale
1705 2705 1904 2759 amisit.

323 2788 494 2843 Cedat
520 2789 718 2843 divinis
734 2791 1120 2861 ju.liciis,quia
1140 2792 1272 2844 nihil
1307 2793 1362 2845 in
1390 2801 1537 2847 terra
1574 2795 1690 2847 sine
1718 2809 1904 2848 causa.

326 2877 531 2932 Voveat
577 2887 633 2932 et
662 2879 852 2934 reddat
885 2880 1114 2936 Domino
1162 2881 1272 2934 Deo
1325 2882 1550 2935 terribili
1607 2891 1659 2936 et
1707 2883 1754 2937 ei
1790 2898 1910 2952 qua:

324 2968 505 3025 aufert
531 2971 780 3041 spiritum
822 2973 1145 3044 principum.
1204 2973 1474 3028 Bonorum
1525 2976 1666 3028 enim
1723 2991 1908 3044 regum

323 3062 609 3117 estdicere
644 3081 656 3116 :
698 3062 917 3134 Semper
941 3067 1091 3136 quasi
1115 3075 1370 3120 tumentes
1409 3083 1565 3137 super
1604 3085 1683 3122 me
1719 3069 1909 3136 ﬂuctus

322 3153 476 3206 timui
515 3153 701 3208 Deum.
733 3155 856 3209 Haec
879 3156 1008 3210 dicit
1035 3158 1226 3210 beatus
1268 3155 1368 3209 Job
1401 3171 1414 3210 :
1444 3159 1535 3226 qui
1588 3160 1804 3212 conanti
1849 3172 1908 3213 se

324 3245 572 3312 decipere
611 3247 767 3299 uxori
799 3262 908 3300 sua:
947 3264 1051 3301 non
1100 3249 1398 3313 consensit,
1427 3251 1520 3304 sed
1561 3251 1730 3320 rigida
1765 3245 1905 3306 inve-

321 3337 503 3390 ctione
529 3337 805 3407 redarguit
829 3338 1014 3392 dicens
1048 3357 1058 3391 :
1089 3337 1254 3404 Quasi
1282 3356 1388 3392 una
1430 3340 1494 3393 de
1529 3339 1698 3394 stultis
1726 3340 1910 3394 mulie-

323 3425 467 3479 ribus
497 3423 672 3479 locuta
698 3443 772 3480 es.
803 3426 903 3492 Qui
940 3435 998 3480 et
1034 3427 1088 3481 in
1132 3428 1239 3483 alio
1276 3429 1396 3484 loco
1440 3430 1506 3484 de
1556 3431 1666 3485 Deo
1709 3432 1839 3486 dicit
1891 3449 1904 3485 :

323 3519 476 3589 Apud
516 3519 687 3590 ipsum
722 3529 799 3574 est
820 3520 1075 3589 fortitudo
1105 3531 1153 3575 et
1185 3523 1460 3593 sapientia.
1512 3523 1630 3593 Ipse
1681 3524 1818 3577 novit
1859 3534 1908 3578 et

321 3610 684 3681 decipientem,
712 3621 757 3665 et
787 3628 904 3666 eum
943 3615 1030 3682 qui
1057 3612 1336 3684 decipitur.
1365 3615 1431 3669 Et
1465 3634 1476 3668 :
1518 3614 1798 3669 Baltheum
1826 3633 1908 3670 re-

319 3717 444 3771 gum
497 3701 767 3767 dissoluit,
805 3713 854 3757 et
901 3705 1172 3775 pra'ciugit
1217 3706 1342 3774 fune
1389 3724 1536 3760 renes
1589 3724 1791 3760 eorum.
1845 3708 1908 3763 Et

318 3791 516 3846 iterum
543 3811 556 3845 :
591 3791 696 3858 Qui
723 3795 966 3848 immutat
992 3812 1083 3848 cor
1125 3797 1419 3867 principum
1449 3798 1628 3868 populi
1653 3809 1828 3864 terra',
1858 3809 1906 3853 et

315 3883 510 3954 decipit
541 3901 627 3938 eos
655 3893 711 3937 ut
740 3884 937 3954 frustra
971 3887 1215 3940 incedant
1250 3903 1342 3957 per
1372 3887 1588 3941 invium.
1647 3888 1801 3955 Quod
1853 3897 1908 3944 et

319 3970 420 4039 ipsi
460 3973 617 4028 beato
650 3971 749 4028 Job
776 3975 1131 4046 contingeret,
1157 3977 1202 4031 si
1232 3978 1542 4034 suasionem
1580 3979 1763 4034 uxoris
1793 3995 1904 4034 sua:

316 4061 547 4117 libenter
575 4064 836 4119 audisset.
868 4066 993 4120 Ideo
1017 4081 1148 4136 ergo
1185 4070 1444 4124 terribilis
1474 4071 1756 4136 Dominus,
1794 4087 1901 4126 non

319 4158 529 4205 tantum
572 4153 783 4221 populis
812 4156 1110 4218 terra-,sed
1159 4165 1214 4210 ct
1252 4158 1381 4226 ipsis
1425 4159 1758 4228 principibus
1811 4177 1906 4228 po-

2010 513 2300 570 confltetur
2318 523 2539 570 coactus
2568 515 2754 569 dicens
2789 533 2800 567 :
2842 513 3110 569 Altissimo
3139 516 3379 572 benedixi
3399 560 3411 580 ,
3435 528 3484 572 et
3511 523 3593 576 ci—

2008 615 2206 660 ventem
2253 607 2308 659 in
2345 607 2712 676 sempiternum
2760 604 2992 670 laudari,
3023 615 3071 659 et
3100 606 3392 676 glori/icari
3425 612 3598 680 :quia

2007 708 2235 769 potestas
2259 699 2372 768 ejus
2395 707 2622 768 potestas
2658 699 2992 768 sempiterna,
3025 709 3071 752 et
3111 716 3324 769 regnum
3373 703 3490 772 ejus
3540 705 3598 758 in

2008 793 2394 862 generationem
2422 802 2469 844 et
2509 792 2913 860 generationem.
2952 790 3016 844 Et
3056 808 3231 845 omnes
3274 793 3596 849 habitatores

2009 869 2163 934 terra:
2193 879 2333 950 apud
2364 897 2480 933 eum
2510 881 2562 933 in
2595 879 2813 932 nihilum
2845 881 3069 949 reputati
3091 889 3210 934 sunt
3241 894 3258 931 :
3303 880 3464 950 juxta
3518 900 3600 936 ro-

2008 974 2263 1027 luntatem
2297 973 2435 1026 enim
2456 989 2606 1026 suam
2633 972 2759 1040 facit
2780 982 2888 1024 tam
2911 973 2966 1026 in
2989 973 3262 1026 virtutibus
3285 973 3595 1045 cazlinquam

2009 1065 2065 1117 in
2089 1063 2471 1116 habitatoribus
2503 1072 2678 1126 terra',
2711 1071 2758 1116 et
2786 1078 2889 1115 non
2912 1071 2986 1115 est
3009 1063 3099 1132 qui
3155 1063 3358 1116 resistat
3411 1066 3596 1116 manui

2007 1156 2146 1225 ejus,
2167 1164 2215 1208 et
2244 1154 2383 1207 dicat
2405 1154 2453 1207 ei
2477 1169 2495 1206 :
2525 1151 2700 1218 Quare
2727 1152 2935 1222 fecisti?
2955 1153 3021 1206 Et
3046 1162 3167 1222 post
3189 1169 3357 1223 pauca
3387 1169 3401 1208 :
3441 1154 3612 1208 Nunc

2010 1248 2172 1317 igitur
2212 1263 2305 1316 ego
2365 1245 2855 1298 Nabuchodonosor
2897 1244 3090 1308 laudo,
3125 1255 3172 1299 et
3211 1247 3522 1315 magniﬁco,
3547 1259 3596 1300 et

2010 1338 2245 1410 glori/ica
2271 1353 2436 1406 regem
2467 1337 2622 1389 cwli:
2657 1337 2782 1406 quia
2829 1337 3003 1389 omnia
3036 1354 3193 1405 opera
3232 1337 3346 1405 ejus
3376 1355 3517 1402 vera,
3547 1350 3596 1390 et

2008 1431 2107 1484 via:
2141 1429 2255 1499 ejus
2277 1428 2503 1497 judicia,
2528 1437 2575 1481 et
2597 1429 2894 1493 gradientes
2917 1428 2972 1481 in
2999 1428 3242 1495 superbia
3291 1440 3455 1498 potest
3491 1436 3596 1484 hu-

2009 1519 2234 1573 miliore.
3369 1531 3372 1534 '

2082 1611 2217 1666 Xlll.
2250 1610 2434 1680 Neque
2476 1609 2585 1664 ullo
2635 1609 2794 1664 modo
2839 1610 2954 1664 hzec
2998 1609 3200 1664 idcirco
3249 1608 3502 1675 dicimus,
3536 1620 3598 1664 ut

2013 1707 2269 1761 domuum
2303 1705 2571 1773 quondam
2603 1714 2848 1758 nostrum
2884 1704 3267 1773 imperatorem
3315 1704 3493 1772 impiis
3539 1712 3598 1757 et

2016 1797 2322 1852 infidelibus
2349 1796 2568 1865 regibus
2597 1810 2991 1864 comparemus.
3041 1793 3147 1848 Sed
3173 1796 3298 1862 quia
3345 1795 3601 1864 permisit

2012 1905 2070 1944 se
2102 1904 2129 1941 a
2164 1887 2389 1941 muliere
2436 1887 2620 1954 iniqua
2672 1885 2866 1954 decipi,
2891 1884 3118 1955 contigit
3146 1883 3218 1937 illi
3263 1884 3405 1952 quod
3453 1883 3596 1937 scri-

2013 1988 2160 2049 ptum
2179 1985 2262 2032 est
2287 1995 2299 2029 :
2327 1975 2431 2041 Qui
2453 1974 2728 2028 conturbat
2748 1975 2960 2027 domum
2990 1990 3159 2034 suam,
3179 1971 3456 2043 possidebit
3481 1988 3601 2025 ven-

2011 2079 2110 2123 tos.
2141 2067 2246 2120 Per
2267 2081 2425 2135 quam
2458 2064 2948 2127 conturbationem,
2979 2071 3033 2116 et
3063 2071 3345 2117 ventorum
3382 2077 3597 2132 posses—

2011 2158 2237 2220 sionem,
2259 2162 2568 2225 perpetrata
2615 2161 2741 2207 sunt
2787 2152 3199 2206 innumerabilia
3241 2149 3477 2220 perjuria
3499 2191 3513 2214 ,
3542 2162 3599 2205 et

2011 2248 2435 2318 deprzedationes
2463 2247 2761 2308 immensze,
2797 2259 2917 2298 cum
2948 2243 3272 2305 homicidiis,
3316 2242 3598 2297 adulteriis

2011 2351 2065 2396 et
2092 2340 2313 2394 incestis
2349 2357 2360 2392 :
2391 2354 2489 2408 pro
2529 2337 2726 2407 quibus
2751 2336 3001 2390 omnibus
3037 2335 3371 2404 poenitentiis
3399 2349 3595 2388 neces~

2011 2433 2213 2488 sarium
2258 2440 2340 2484 est
2369 2429 2776 2500 religiosissima
2825 2428 3098 2497 quondam
3158 2427 3506 2495 imperatori,-
3539 2442 3599 2479 ut

2010 2524 2196 2578 redeat
2219 2523 2286 2576 ad
2312 2537 2404 2575 cor
2424 2535 2599 2584 suum,
2616 2528 2847 2590 agatque
2862 2518 3256 2587 paenitentiam,
3282 2517 3595 2571 humiliatus

2010 2615 2110 2669 sub
2155 2613 2360 2683 potenti
2410 2626 2572 2664 manu
2625 2609 2743 2674 Dei,
2772 2609 2858 2664 cui
2897 2625 3001 2663 non
3031 2617 3116 2663 est
3143 2607 3471 2678 impossibile
3500 2609 3594 2661 tri-

2008 2704 2175 2759 buere
2218 2703 2292 2756 illi
2326 2701 2708 2756 exaltationem
2738 2709 2955 2754 mterna:
2983 2701 3106 2754 vitae
3133 2719 3144 2753 :
3173 2701 3296 2769 quia
3338 2699 3594 2754 exaltatio

2009 2794 2321 2864 temporalis
2343 2794 2467 2847 vitae
2484 2793 2596 2863 jam
2625 2808 2730 2847 non
2763 2792 3013 2863 congruit
3035 2792 3130 2858 illi,
3155 2793 3246 2862 qui
3276 2793 3595 2847 conturbata

2009 2888 2170 2942 domo
2192 2893 2246 2940 et
2283 2893 2486 2949 mente,
2517 2885 2699 2938 divina
2729 2884 3132 2954 dispensatione
3160 2893 3216 2938 et
3237 2883 3443 2952 judicio
3470 2900 3592 2938 ecs-

2010 2981 2082 3034 sit
2125 2977 2302 3043 alteri,
2334 2984 2388 3030 et
2418 2975 2594 3030 locum
2623 2975 2772 3030 dedit
2812 2991 2919 3030 non
2965 2974 3186 3030 cuilibet
3232 2975 3452 3029 inimico
3501 2983 3596 3029 aut

2012 3079 2292 3133 extraneo,
2322 3069 2416 3123 sed
2441 3066 2762 3122 charissimo
2790 3066 2918 3121 tilio.
2947 3065 3175 3136 Propter
3195 3065 3340 3135 quod
3363 3065 3418 3118 in
3446 3068 3595 3120 omni

2006 3161 2343 3233 jucunditate
2365 3166 2418 3214 et
2441 3158 2801 3213 exsultatione
2829 3157 3008 3210 cordis
3033 3155 3114 3209 sui
3139 3170 3379 3208 summas
3399 3155 3598 3223 gratia~

2011 3269 2132 3307 rum
2172 3251 2414 3305 actiones
2456 3264 2666 3303 summo
2707 3247 3061 3316 omnipotenti
3093 3245 3200 3301 Deo
3231 3245 3598 3300 indesinenter

2010 3342 2320 3415 persolvere
2357 3341 2548 3398 debet;
2583 3337 2730 3407 quia,
2784 3338 2924 3391 sicut
2972 3351 3187 3404 semper
3231 3334 3458 3404 Optavit,
3488 3349 3597 3388 non

2011 3435 2278 3491 successit
2325 3432 2398 3487 illi
2444 3432 2496 3484 in
2545 3444 2766 3498 regnum
2815 3427 3066 3481 inimicus
3115 3433 3473 3495 expugnator,
3502 3425 3598 3478 sed

2012 3526 2154 3580 filius
2183 3531 2412 3579 amator.
2431 3521 2584 3576 Nunc
2610 3535 2737 3589 ergo
2767 3518 2987 3572 audiant
3015 3532 3204 3572 omnes
3227 3516 3280 3570 in
3310 3530 3598 3570 commune

2011 3615 2324 3672 tumultuosi
2368 3623 2423 3668 et
2463 3611 2631 3682 quieti
2681 3610 3006 3678 Prophetam
3059 3608 3376 3662 dicentem:
3429 3604 3597 3660 Sileat

2007 3710 2176 3764 omnis
2204 3717 2345 3761 terra
2374 3724 2406 3759 a
2449 3706 2584 3774 facie
2627 3702 2858 3759 Domini.
2942 3702 3008 3754 Et
3035 3699 3378 3754 Psalmistam
3435 3715 3448 3753 :
3504 3696 3587 3751 Ti-

2008 3809 2144 3855 meat
2179 3797 2458 3851 Dominum
2485 3795 2650 3848 omnis
2671 3803 2833 3856 terra,
2859 3800 2924 3845 ab
2949 3808 3008 3845 eo
3035 3799 3209 3844 autem
3239 3803 3597 3844 commovean-

2008 3905 2096 3948 tur
2123 3907 2298 3946 onmes
2331 3887 2680 3945 inhabitantes
2710 3885 2904 3939 orbem.
2966 3883 3227 3948 Quoniam
3277 3884 3385 3953 ipse
3435 3881 3594 3943 dixit,

2009 3995 2058 4040 et
2111 3985 2251 4055 facta
2297 3992 2418 4038 sunt
2457 3995 2473 4032 :
2523 3979 2631 4049 ipse
2669 3977 2972 4041 mandavit,
3009 3985 3057 4030 et
3104 3984 3281 4030 creata
3329 3981 3487 4036 sunt,
3540 3979 3596 4027 et

2011 4084 2202 4130 cetera
2211 4115 2222 4128 .

1676 4278 1755 4330 BA
1765 4277 1946 4333 LUle
1985 4275 2216 4333 NOTJ‘J.

389 4356 681 4434 I__Dontnt¢_s
704 4360 903 4417 dudum
930 4364 1232 4434 imperator.
1285 4367 1373 4422 Vel
1405 4367 1491 4423 hic
1528 4368 1676 4424 locus
1714 4379 1896 4424 osten-

315 4429 393 4508 dit
423 4427 620 4508 librum
646 4430 786 4486 hunc
814 4427 1206 4508 apolog'eticum
1251 4437 1417 4508 fuisse
1452 4441 1730 4508 scriptum,
1759 4442 1901 4496 haud

2008 4385 2152 4424 anno
2182 4367 2304 4423 855.
2336 4366 2468 4420 Nam
2497 4380 2640 4418 anno
2685 4363 2928 4432 sequemi
2980 4363 3274 4432 imperator
3305 4360 3596 4432 restitutus

2006 4448 2092 4495 est
2123 4442 2174 4492 in
2206 4446 2469 4491 conventu
2500 4429 2872 4504 episcoporum
2904 4429 3086 4486 habito
3116 4430 3367 4484 Kalendis
3389 4429 3593 4483 Martiis

318 4498 392 4552 ita
421 4497 590 4554 multo
613 4510 735 4571 post
767 4497 1260 4562 exauctorationem
1291 4497 1682 4575 Ludovici'Pii,
1716 4497 1766 4566 id
1794 4520 1899 4576 est,
1928 4503 1980 4562 D
2007 4512 2063 4565 in
2094 4507 2422 4564 monasterio
2452 4497 2622 4560 sancti
2655 4497 2914 4576 Dionysii.

325 4640 3582 4669 W

1501 4741 1914 4806 AGOBARDI
1958 4735 2389 4802 CHARTULA

786 4881 1091 4944 Porrecto
1123 4883 1429 4944 Lothario
1464 4885 1749 4963 Augusto
1784 4884 1852 4946 in
1886 4880 2130 4965 synodo
2165 4873 2639 4956 Compe-ntliensi
2662 4918 2679 4945 ,
2719 4893 2882 4934 anno
2920 4875 3040 4934 832
3069 4883 3115 4936 ⁸.

383 5098 442 5153 ln
478 5098 724 5154 nomine’
745 5096 843 5154 Dei
895 5110 962 5154 ac
987 5095 1199 5154 Domini
1264 5105 1437 5153 nostn
1485 5099 1616 5156 Jesu
1665 5096 1888 5156 Christi.

290 5264 295 5270 ‘
383 5191 540 5246 Anno
566 5190 958 5246 incarnationis
980 5189 1097 5261 ejus
1127 5188 1582 5260 octingentesimo
1617 5190 1894 5245 tricesimo

2000 5096 2186 5159 tertio,
2225 5109 2324 5165 ego
2353 5091 2671 5163 Agobardus
2719 5087 3094 5157 Lugdunensis
3140 5082 3399 5138 Ecclesiae
3447 5083 3588 5137 indi-

1999 5206 2136 5263 gnus
2159 5189 2444 5258 episcopus
2501 5182 2720 5239 interfui
2775 5178 3068 5235 venerabili
3119 5175 3407 5231 cunventui
3448 5175 3588 5245 apud

1664 5299 1934 5355 BALUZII
1971 5294 2204 5353 ΝΟΤᾸΞ.

384 5405 408 5433 ι
436 5392 668 5448 Titulum
699 5393 844 5448 hunc
887 5408 987 5448 nos
1032 5391 1256 5448 fecimus
1294 5389 1420 5444 huic
1459 5388 1656 5452 libello,
1700 5404 1798 5458 pro
1825 5405 1890 5443 eo

311 5463 455 5534 quod
485 5463 650 5517 editio
672 5463 900 5534 Massoni
933 5465 1013 5519 sic
1043 5461 1303 5519 habebat:
1325 5458 1544 5514 Publica
1575 5459 1636 5512 L.
1669 5461 1893 5534 impera-

310 5531 442 5604 toris
482 5548 658 5604 coram
697 5533 1019 5604 amplissimo
1065 5535 1420 5604 episcoporum
1448 5541 1699 5583 conventu
1729 5531 1890 5604 paeni-

313 5603 473 5658 tentia
517 5601 793 5673 Agobardo
821 5601 1201 5673 prmsideaqui
1237 5601 1428 5673 titulus
1473 5617 1578 5654 non
1622 5609 1801 5673 exstat
1839 5601 1892 5673 in

312 5673 478 5727 veteri
508 5672 708 5726 codice.
743 5671 886 5727 Sane
912 5673 990 5727 vel
1021 5689 1086 5727 ex
1117 5671 1183 5726 eo
1227 5672 1359 5726 fallit
1390 5673 1477 5726 hic
1517 5672 1720 5731 titulus,
1749 5671 1889 5739 quod

315 5745 438 5800 huic
460 5742 744 5800 conventui
774 5742 1053 5815 praefuisse
1082 5743 1155 5796 ait
1177 5741 1538 5810 Agobardum.
1574 5742 1679 5796 Nos
1705 5743 1883 5810 itaque

1993 5391 2138 5444 hunc
2161 5387 2355 5460 librum
2391 5382 2697 5438 Chartulam
2726 5382 3122 5460 inscripsimus,
3145 5387 3592 5460 propteroaucto-

1995 5461 2210 5514 ritatem
2247 5455 2504 5510 Actorqu
2549 5449 3011 5508 exauctorationis
3045 5449 3342 5509 Ludovici;
3379 5449 3430 5502 in
3475 5449 3591 5517 qui-

1991 5530 2110 5589 bus,
2141 5536 2259 5597 post
2283 5534 2680 5597 ttllﬂl't'tlla‘qllm
2707 5524 2759 5577 in
2787 5522 3202 5597 (iompendiepsi
3234 5519 3440 5597 synodo
3466 5527 3586 5597 aeta

1993 5587 2407 5670 sunt-adversus
2448 5587 2708 5670 optimum
2756 5587 3073 5670 principem,
3109 5587 3325 5646 demum
3376 5589 3491 5670 hinc
3517 5587 3588 5641 le-

1993 5678 2231 5739 guntur:
2265 5687 2282 5716 ‹
2326 5666 2419 5720 llis
2459 5662 2641 5740 itaque
2662 5665 2856 5740 gestis,
2889 5662 3092 5740 placuit
3121 5662 3587 5740 ut_mmsquisquc

1991 5732 2384 5809 cpiscoporum,
2411 5732 2642 5806 qualiter
2662 5732 2774 5791 lucc
2799 5749 2886 5789 res
2917 5743 3035 5787 acta
3066 5732 3249 5796 fuerit,
3276 5732 3327 5784 in
3351 5732 3586 5800 propriis
