4010 6184
363 235 465 288 31]

1448 244 1822 301 CHARTULA
1858 244 1950 299 AD
1992 244 2395 303 LOTIIARIUM
2432 247 2591 305 AUG.

360 352 624 427 palatium
652 355 800 423 Quod
838 369 1181 432 nuncupatur
1214 374 1241 403 ι
1271 363 1662 433 Compendium
1688 382 1701 417 :
1729 364 1821 433 qui
1852 363 1958 416 uti-
1984 371 2034 430 Α
2063 378 2210 428 num,
2244 365 2337 433 qui
2364 364 2818 420 clementissimus
2848 366 3085 422 indultur
3104 376 3189 423 est
3211 369 3524 434 criminum,
3554 371 3644 426 in-

359 470 469 526 que
504 462 810 510 conventus
838 454 1049 509 exstitit
1078 470 1146 510 ex
1174 456 1633 511 reverentissimis
1659 454 1947 525 episcopis,

399 543 997 616 tmagniﬁcentissimis
1035 545 1168 601 viris
1212 544 1530 613 illustribus,
1569 546 1797 617 collegio
1817 560 1953 614 quo-

399 562 997 616 tmagntncenttssunts
1035 562 1168 601 νιτιε
1212 562 1530 613 ιιιιιειηῡιιε,
1569 562 1797 617 couegto
1817 562 1952 614 quo-

338 562 469 753 Fue
497 634 760 689 abbatum
788 640 844 689 et
870 634 1152 701 comitum,
1204 637 1633 707 promiscuaeque
1691 635 1869 690 aetatis
1895 641 1952 690 et

367 724 640 753 ι’ζΑ--ιῖιηίεο
670 722 869 753 mnu-In
944 725 1267 753 nmo‘r‘nnin
1296 726 1644 753 anmn:nn:mn
1674 734 1724 753 Α.

367 724 643 797 dignitatis
670 722 890 794 populo,
944 725 1267 795 praesidente
1296 726 1646 780 serenissimo
1673 734 1729 780 et
1754 726 1952 796 glorio-

362 814 582 871 sassimo
649 811 910 867 Lothario
957 813 1307 882 imperatore,
1363 821 1419 867 et
1468 813 1669 870 Christi
1736 815 1951 870 Domini

360 914 640 972 amatore;
681 920 791 974 quo
829 912 1151 975 protegente
1186 912 1244 958 et
1278 903 1567 973 adiuvante
1615 906 1804 961 subter
1848 923 1948 962 an-

356 1012 506 1057 nexa
540 998 804 1069 disposita
835 1005 969 1052 sunt
1021 1012 1166 1052 anno
1197 997 1405 1067 imperii
1436 998 1633 1068 primo,
1688 1000 1718 1038 ι)
1764 1014 1951 1055 mense

358 1096 582 1160 quarto.
634 1086 841 1154 Quibus
895 1086 1149 1141 omnibus
1199 1087 1548 1141 vehementer
1603 1087 1951 1142 incumbebat

356 1197 497 1237 vera
524 1181 847 1244 necessitas,
879 1187 941 1234 ut
990 1179 1221 1235 sollicite
1276 1188 1574 1235 tractarent
1593 1180 1661 1235 de
1708 1180 1950 1250 periculo

357 1272 518 1342 regni
545 1272 601 1325 in
631 1269 902 1340 praesenti,
938 1275 994 1323 et
1017 1276 1162 1322 statu
1187 1269 1243 1322 in
1270 1266 1453 1324 futuro
1481 1286 1494 1321 :
1530 1269 1672 1338 quod
1701 1284 1948 1339 regnum,

355 1363 488 1433 quia
537 1361 744 1432 iamdiu
781 1358 1026 1426 nutabat,
1083 1368 1138 1415 et
1190 1359 1568 1429 impellebatur
1615 1360 1684 1415 ad
1736 1360 1948 1414 ruinam

356 1470 461 1524 per
493 1452 897 1525 negligentiam,
928 1457 984 1507 et
1032 1448 1116 1524 (ut
1141 1452 1343 1506 verius"
1373 1451 1573 1521 dicam)
1612 1463 1635 1491 ο
1668 1467 1768 1523 per
1795 1452 1949 1523 igna-

358 1546 507 1600 viam
543 1545 724 1601 domui
750 1543 1009 1600 Ludovici
1060 1545 1352 1599 venerandi
1391 1546 1664 1613 quondam
1715 1546 1948 1615 impera-

359 1635 519 1705 toris,
546 1636 601 1689 in
622 1634 819 1704 quibus
845 1633 936 1688 ille
967 1633 1210 1688 irretitus
1239 1642 1324 1688 est
1349 1648 1449 1703 per
1468 1641 1753 1702 corruptas
1785 1649 1945 1687 men-

2053 455 2383 526 dulgentiam
2427 467 2482 512 et
2508 459 2883 515 remissionem
2939 460 3285 531 iniquitatum
3345 462 3643 532 impetrem

2050 555 2268 617 posset;
2291 557 2352 601 ut
2376 548 2467 618 qui
2499 564 2598 619 per
2626 550 3011 621 multiplicatas
3033 551 3389 623 negligentias
3416 567 3643 623 regnum

2054 645 2331 692 terrenum
2358 640 2635 705 amiserat,
2671 656 2769 711 per
2794 642 3068 712 impensas
3116 642 3386 712 supplices
3422 643 3642 699 confes-

2053 726 2233 782 siones
2260 742 2486 798 regnum
2525 729 2747 786 caeleste
2776 732 3170 800 adipisceretur
3216 747 3313 801 per
3341 748 3466 787 eum
3500 734 3643 804 apud

2051 830 2214 885 quem
2248 824 2333 870 est
2361 816 2734 872 misericordia
2773 826 2829 874 et
2877 820 3093 891 copiosa
3132 822 3451 891 redemptio.
3508 821 3644 877 Pro-

2049 915 2170 976 pter
2198 906 2342 976 quod
2371 914 2426 962 et
2456 918 2479 946 ⁸
2505 907 2715 963 libellus
2761 909 2938 964 editus
2964 918 3047 965 est
3090 927 3121 966 a
3147 911 3280 965 viris
3332 912 3644 983 diligentio-

2051 996 2224 1054 ribus.
2275 997 2408 1051 etei
2466 997 2701 1063 oblatus,
2741 997 2809 1054 de
2869 1000 3311 1057 manifestatione
3344 1003 3640 1060 criminum

2050 1102 2310 1153 suorum;
2346 1089 2401 1143 in
2440 1104 2547 1159 quo
2567 1089 2714 1144 velut
2748 1091 2803 1146 in
2839 1092 3057 1162 speculo
3106 1094 3393 1164 perspicue
3420 1093 3639 1165 conspi-

2049 1187 2197 1235 ceret
2228 1179 2507 1237 feditatem
2533 1191 2749 1237 actuum
2770 1200 3011 1252 suorum,
3036 1194 3092 1241 et
3113 1185 3266 1243 ﬁeret
3296 1187 3349 1240 in
3379 1186 3467 1241 illo
3486 1187 3633 1257 quod

2047 1286 2146 1341 per
2168 1272 2523 1341 ptenitentem
2553 1272 2853 1342 perfectum
2888 1276 3091 1334 dictum
3131 1285 3256 1332 est:
3292 1275 3631 1347 lniquitatem

2046 1378 2217 1417 meam
2239 1379 2331 1433 ego
2354 1379 2597 1433 (19110860,
2624 1375 2892 1434 peccatum
2914 1383 3087 1419 meum
3111 1383 3287 1421 coram
3308 1383 3390 1423 me
3405 1377 3606 1421 88188111
3630 1403 3638 1409 -

2045 1466 2156 1521 per.
2188 1450 2294 1505 Pro
2323 1465 2430 1521 qua
2456 1466 2516 1506 re
2546 1462 2894 1508 accesserunt
2940 1456 3009 1509 ad
3054 1471 3178 1509 eum
3237 1457 3414 1511 denuo
3439 1471 3631 1511 omnes

2047 1542 2139 1611 qui
2175 1543 2229 1597 iu
2258 1544 2517 1614 przedicto
2560 1554 2828 1601 conventu
2878 1547 3106 1602 aderant
3136 1548 3404 1619 episcopi,
3440 1550 3641 1605 condo-

2046 1635 2222 1691 lentes
2274 1643 2329 1691 et
2377 1638 2773 1708 compatientes
2821 1638 3232 1695 inﬁrmitatibus
3293 1647 3349 1694 et
3405 1641 3640 1696 miseriis

358 1737 446 1781 tes
470 1734 528 1782 et
558 1732 990 1794 corrumpentes,
1045 1731 1101 1778 et
1146 1723 1442 1779 secundum
1479 1723 1832 1793 apostolicum
1863 1723 1943 1777 di—
1970 1727 2019 1786 B
2045 1727 2183 1798 ejus,
2224 1728 2577 1783 exhortantes
2605 1737 2769 1799 atque
2798 1738 3084 1785 exorantes
3127 1739 3183 1786 et
3210 1730 3550 1801 postulantes
3580 1737 3640 1785 ut

358 1830 508 1875 ctum
540 1836 555 1873 :
593 1817 731 1886 Quia
759 1824 915 1872 erant
934 1815 1036 1886 ipsi
1071 1824 1337 1877 errantes,
1371 1822 1426 1870 et
1453 1815 1589 1869 alios
1618 1816 1671 1868 in
1697 1829 1942 1869 errorem

357 1911 660 1966 mittentes.
689 1909 735 1963 A
776 1924 884 1979 quo
913 1917 1179 1964 conventu
1218 1907 1477 1977 quidquid
1507 1906 1716 1961 utiliter
1737 1915 1795 1960 et
1823 1906 1943 1961 lau-

356 2001 610 2057 dabiliter
638 2001 919 2057 tractando
943 2007 998 2055 et
1030 1997 1360 2054 conferendo
1412 1999 1690 2053 inventum
1736 2005 1842 2063 est,
1889 2004 1945 2053 et

355 2094 672 2148 necessario
699 2091 1069 2157 statuendum,
1110 2098 1165 2145 et
1186 2088 1558 2158 iudicantibus
1606 2090 1859 2146 consensi
1888 2096 1944 2144 et

353 2168 709 2238 consentiens
756 2180 873 2252 ipse
905 2179 1163 2249 iudicavi.
1198 2179 1255 2233 in
1304 2179 1494 2250 primis
1542 2179 1792 2234 videlicet
1820 2194 1943 2248 quae

351 2274 424 2329 ad
451 2274 894 2332 commoditatem
918 2280 974 2326 et
999 2271 1327 2327 soliditatem
1380 2270 1531 2342 regni
1560 2277 1616 2324 et
1648 2270 1791 2341 regis
1819 2285 1944 2339 per-

350 2369 535 2423 tinere
598 2366 943 2429 videbantur,
994 2363 1187 2418 deinde
1233 2377 1353 2432 quae
1395 2361 1462 2415 ad
1515 2363 1851 2432 ereptionem
1887 2369 1945 2417 et

348 2459 738 2528 purgationem
775 2456 969 2511 anima:
996 2454 1176 2509 domui
1201 2452 1478 2516 Ludovici,
1503 2452 1942 2508 manifestissime

350 2548 767 2604 noscebantur:
809 2561 929 2617 qua:
976 2545 1029 2600 in
1082 2543 1346 2615 pnedicto
1398 2551 1665 2597 conventu
1714 2543 1944 2599 ﬁdeliter

350 2636 603 2707 quasita,
629 2644 684 2690 et
720 2635 986 2691 veraciter
1014 2635 1251 2696 inventa,
1306 2640 1360 2687 et
1385 2632 1761 2687 ordinabiliter
1787 2648 1943 2687 exse-

352 2740 477 2786 cuta
507 2738 656 2796 sunt,
688 2730 745 2783 in
777 2744 842 2784 eo
877 2728 1085 2785 scilicet
1133 2724 1277 2796 quod
1306 2725 1595 2795 prtcdictus
1644 2734 1942 2781 conventus

354 2824 695 2889 deliberavit,
726 2831 787 2877 ut
818 2823 844 2862 ἀ
872 2838 970 2892 per
996 2822 1204 2892 legatos
1253 2825 1308 2873 et
1336 2818 1532 2873 missos
1559 2818 1943 2873 admoneretur

354 2915 585 2970 domnus
607 2914 911 2969 Ludovicus
941 2912 1007 2967 de
1041 2910 1155 2965 suis
1201 2909 1502 2974 erroribus,
1537 2916 1592 2965 et
1621 2909 1943 2964 exhortare-

356 3014 443 3059 tur
462 3012 523 3058 ut
545 3004 841 3059 secundum
867 3001 1241 3073 propheticum
1267 2999 1471 3055 dictum
1498 2999 1701 3054 rediret
1719 2999 1786 3053 ad
1816 3014 1935 3064 cor,

2045 1818 2388 1888 omnipotens
2416 1817 2559 1873 Deus
2591 1832 2751 1874 manu
2796 1821 3013 1890 pietatis
3068 1835 3179 1875 suae
3225 1820 3481 1875 educeret
3510 1837 3635 1875 eum

2046 1909 2115 1963 de
2157 1908 2276 1963 lacu
2312 1909 2545 1964 miseria:
2576 1918 2632 1963 et
2658 1910 2724 1965 de
2769 1910 2884 1967 luto
2915 1912 3077 1967 caeni.
3131 1910 3288 1979 Quod
3319 1912 3628 1966 clementis-

2045 2001 2216 2055 simus
2248 2001 2508 2056 Dominus
2542 2017 2647 2056 non
2677 2002 2850 2057 solum
2879 2019 2984 2058 non
3013 2004 3259 2070 abstulit,
3291 2005 3383 2059 sed
3420 2021 3518 2059 nec
3548 2005 3632 2059 di-

2045 2092 2215 2148 stulit.
2251 2090 2359 2147 Sed
2385 2108 2506 2147 mox
2537 2093 2855 2148 resuscitata
2885 2094 2939 2149 in
2958 2104 3135 2149 mente
3167 2093 3285 2164 ejus
3306 2095 3637 2150 contritione

2046 2183 2311 2239 humiliati
2340 2183 2540 2249 cordis,
2584 2191 2888 2254 prostratus
2920 2201 3105 2241 coram
3152 2186 3255 2252 eis,
3305 2201 3411 2242 non
3442 2188 3635 2252 semel,

2044 2273 2130 2350 vel
2158 2274 2376 2340 iterum,
2408 2275 2504 2330 sed
2547 2275 2729 2341 tertio,
2767 2284 2859 2330 aut
2888 2276 3141 2347 amplius,
3176 2277 3402 2332 erimina
3431 2293 3634 2348 cogno-

2045 2366 2168 2431 scit,
2215 2367 2431 2421 veniam
2458 2368 2655 2435 poscit,
2716 2368 2975 2422 auxilium
3024 2370 3330 2423 orationum
3353 2381 3630 2439 precatur,

2044 2455 2330 2511 consilium
2369 2458 2583 2527 recipit,
2617 2460 2991 2528 pmnitentiam
3040 2460 3295 2530 postulat,
3333 2459 3633 2530 iniunctam

2044 2548 2145 2603 sibi
2179 2549 2535 2605 humilitatem
2571 2551 2926 2608 libentissime
2964 2554 3310 2625 impleturum
3334 2555 3625 2626 promittit.

2042 2639 2403 2696 lnnoteseitur
2460 2644 2510 2697 ei
2564 2642 2648 2697 lex
2686 2653 2740 2698 et
2790 2645 2923 2699 ordo
2977 2645 3204 2716 publica}
3249 2647 3584 2716 pmnitentite
3614 2690 3626 2702 .

2044 2747 2207 2801 quam
2237 2748 2341 2787 non
2366 2734 2562 2799 renuit,
2610 2735 2704 2789 sed
2734 2736 2803 2789 ad
2845 2736 3025 2791 omnia
3051 2739 3281 2804 annuit;
3313 2754 3378 2794 ac
3411 2739 3629 2795 demum

2049 2823 2070 2862 ί
2104 2825 2350 2893 pervenit
2398 2825 2453 2879 in
2487 2826 2772 2881 ecclesiam
2820 2843 3003 2883 coram
3033 2838 3178 2884 ctetu
3221 2829 3478 2897 ﬁdelium,
3505 2836 3633 2887 ante

2044 2911 2214 2968 altare
2242 2922 2298 2969 et
2323 2916 2348 2955 δ
2383 2915 2627 2984 ερριιιοιια
2661 2926 2994 2972 sanctorum.
3049 2918 3117 2973 Et
3136 2928 3443 2990 prostratus
3467 2936 3632 2992 super

2044 3004 2303 3071 cilicium,
2341 3006 2423 3060 bis
2455 3017 2645 3077 terque
2694 3016 2995 3079 quaterque
3041 3008 3324 3067 confessus
3373 3012 3428 3066 in
3458 3014 3635 3068 omni-

353 3103 405 3147 et
434 3100 846 3164 recognosceret
901 3100 1020 3145 acta
1075 3104 1196 3155 sua.
1265 3103 1385 3160 quae
1450 3089 1711 3143 adversus
1766 3088 1937 3143 Deum
1968 3077 2012 3139 (ἶ
2047 3096 2149 3152 bus
2170 3098 2316 3153 clara
2339 3115 2469 3154 voce
2493 3116 2615 3155 cum
2640 3102 2934 3157 abundanti
2960 3102 3221 3159 effusione
3244 3103 3628 3176 lacrymarum,

352 3199 577 3240 currens
627 3199 723 3255 per
761 3184 878 3238 vias
926 3182 1207 3253 pravitatis
1237 3190 1292 3236 et
1325 3181 1603 3251 iniustitiae
1652 3190 1935 3250 exegerat,

353 3291 417 3332 ac
445 3277 701 3346 deinceps
752 3275 1053 3345 susciperet
1109 3272 1399 3328 consilium
1459 3272 1584 3327 vitae
1631 3278 1685 3326 et
1747 3272 1939 3329 salutis

352 3382 464 3423 suae
482 3383 497 3434 ;
520 3377 790 3438 quatenus
806 3366 948 3436 apud
968 3360 1395 3434 omnipotentem
1418 3361 1664 3419 Iudicem
1680 3371 1736 3419 et
1750 3364 1935 3418 Domi-

2046 3189 2307 3258 depositis
2335 3191 2502 3245 armis
2532 3207 2694 3249 manu
2723 3193 2958 3264 propria,
2990 3202 3048 3248 et
3083 3194 3151 3251 ad
3196 3195 3527 3267 crepidinem
3553 3195 3633 3248 al-

2045 3280 2180 3334 taris
2203 3279 2479 3350 proiectis,
2517 3284 2757 3355 suscepit
2780 3292 2963 3341 mente
3006 3296 3327 3357 compuncta
3350 3286 3635 3358 paeniten-

2044 3369 2176 3423 tiam
2200 3370 2475 3441 publicam
2502 3374 2531 3414 ιι
2568 3388 2670 3445 per
2696 3391 2952 3432 manuum
2984 3376 3371 3449 episcopalium
3409 3378 3634 3449 imposi-

1708 3474 1981 3534 BALUZII
2019 3477 2250 3538 NOTAE.

349 3573 611 3635 chartulis
635 3579 922 3639 msereret,
946 3585 1175 3643 eamque
1199 3570 1608 3643 suaseriptione
1630 3570 1932 3643 roboraret,

349 3658 406 3704 et
447 3647 760 3701 roboratam
803 3640 1106 3699 memorato
1143 3640 1376 3712 principi
1423 3640 1679 3696 Lothario
1716 3642 1787 3696 ob
1816 3657 1933 3697 me-

350 3718 582 3798 πιρηίειη
605 3715 766 3798 cui“?
790 3713 923 3798 hac.“
943 3711 1181 3794 οσετηεί·
1211 3711 1297 3798 λιι
1330 3718 1657 3798 ςιιεφιξφλ
1683 3712 1935 3798 “rei?”

349 3789 510 3846 nobis
528 3787 630 3857 qui
675 3781 1019 3857 interiuimus
1040 3784 1237 3857 “visum
1277 3788 1383 3849 est,
1417 3781 1665 3857 omnium
1697 3781 1930 3857 _char_tu-

346 3851 693 3924 larumfimo
716 3854 848 3911 tanti
877 3853 1075 3924 negotii
1120 3868 1385 3924 summam
1415 3851 1471 3905 in
1511 3866 1676 3904 unum
1697 3851 1935 3906 breviter

343 3922 688 4001 Strictimque
708 3922 1024 4001 congerereZ
1049 3931 1153 3978 etc.
1186 3943 1205 3975 ι
1241 3922 1393 3977 Unde
1413 3927 1563 4001 patet
1585 3935 1937 4001 unumquem-

346 4014 454 4069 que
475 3989 787 4069 episcopum
815 3989 1115 4069 chartulam
1141 4007 1294 4069 suam
1333 3990 1640 4060 porrexisse
1669 3989 1933 4069 Lotbario

349 4059 476 4125 inte
509 4059 746 4141 ξοιιιιόιῑι
786 4064 1088 4141 timum;
1132 4062 1276 4141 quod.
1322 4059 1423 4141 129.8
1450 4074 1683 4141 ,ειιιρςιυθ
1728 4059 1931 4115 factum

345 4139 656 4211 monuimus
685 4136 756 4211 ab
775 4128 1056 4211 Agobardo
1077 4135 1130 4189 in
1150 4128 1316 4211 titulo
1342 4128 1506 4211 libelli
1535 4130 1706 4211 istius.

420 4220 447 4248 ι
476 4200 867 4275 ϐοηιριιηάὶιιυῐ,
900 4204 956 4259 in
984 4204 1204 4260 dioecesi
1230 4200 1621 4257 Suessionensi'
1644 4202 1827 4267 situm,
1860 4202 1930 4257 ad

348 4279 548 4333 lsaram
574 4276 811 4330 ﬂuvium.

420 4349 448 4389 δ
481 4347 660 4402 Mense
680 4355 893 4412 quarto,
922 4344 975 4399 id
1001 4352 1104 4407 est,
1135 4358 1322 4398 mense
1356 4340 1599 4407 Octobri,
1657 4357 1764 4412 quo
1803 4356 1930 4412 per-

350 4427 467 4475 acta
497 4426 581 4472 est
606 4412 833 4474 nefanda
865 4413 951 4468 illa
980 4415 1168 4483 optimi
1214 4412 1473 4483 principis
1498 4415 1886 4483 exauctoratio.

420 4499 442 4527 ε
477 4484 584 4541 Per
610 4480 1090 4556 ignaviam_donini
1119 4480 1405 4556 Ludovici.“
1429 4480 1561 4556 llaec
1598 4481 1923 4556 perﬁdorum

344 4558 588 4627 querela,
616 4550 841 4627 regnum
862 4553 1215 4627 Francorum,
1244 4552 1386 4622 quod
1407 4551 1507 4606 sub
1523 4550 1715 4627 Carolo
1738 4552 1926 4627 tinguo

344 4621 873 4683 immensum'l'uerat
918 4623 1319 4692 arnplillcatum,
1355 4630 1612 4691 regnante
1655 4621 1926 4678 Ludovico

344 4713 523 4771 ruere.
558 4698 649 4753 Sic
688 4696 831 4771 enim
858 4691 1056 4749 habent
1099 4693 1231 4749 Acta
1277 4691 1739 4771 exauctorationis
1768 4694 1922 4763 cius:

350 4786 370 4817 ι
404 4768 470 4837 Et
490 4768 758 4837 quomodo
788 4766 841 4820 in
870 4779 1127 4837 processu
1153 4763 1428 4837 temporis,
1461 4777 1556 4831 per
1586 4763 1923 4837 eiusituprn-

342 4833 637 4892 videntium
665 4835 749 4890 vel
792 4835 1173 4905 negligentiam
1204 4833 1738 4905 iu_tantam_v_enerit
1782 4834 1928 4903 igno-

345 4909 565 4962 miniam
594 4917 651 4962 et
677 4901 963 4967 vilitatém,
990 4915 1049 4959 ut
1071 4920 1174 4958 non
1204 4901 1378 4957 solum
1415 4901 1608 4956 amicis
1641 4901 1694 4955 in
1723 4901 1928 4958 Intesti-

344 4978 497 5035 tiam,
520 4978 615 5033 sed
640 4977 804 5031 etiam
833 4976 1066 5031 inimicis
1095 4972 1303 5028 venerit
1330 4972 1383 5026 in
1409 4971 1755 5027 derisionem.
1783 4993 1799 5022 ι

415 5047 443 5086 d
475 5046 581 5102 Per
602 5046 871 5118 legatoset
895 5046 1101 5118 missos.
1134 5044 1210 5097 ita
1235 5042 1379 5097 enim
1412 5041 1661 5111 inquiunt
1690 5042 1926 5111 episcopi

341 5117 399 5172 in
450 5114 669 5172 eisdem'
698 5116 885 5172 Actis:
914 5134 933 5165 ι
966 5114 1074 5169 Nos
1103 5124 1278 5168 tamen
1320 5127 1589 5166 memores
1635 5122 1929 5182 praecepto-

338 5204 464 5242 rurn
510 5187 627 5251 Dei,
668 5185 1064 5256 ministeriique
1110 5184 1301 5249 nostri,
1326 5193 1517 5256 __atque
1544 5181 1926 5256 beneﬁciorum

337 5256 480 5327 eius,
520 5258 741 5327 dignum
787 5252 1038 5313 duximus
1068 5263 1142 5327 fut
1183 5270 1281 5325 per
1320 5252 1599 5327 licentiam
1644 5253 1926 5327 memorati

338 5323 877 5399 principisLotharii
918 5323 1241 5399 legationem
1268 5324 1336 5378 ad
1381 5323 1529 5378 illum
1568 5337 1634 5377 ex
1684 5324 1927 5399 auctori-

340 5392 455 5453 tate
494 5392 638 5454 sacri
675 5392 997 5453 conventus'
1015 5397 1371 5457 mitteremus,
1401 5410 1521 5464 qua:
1558 5407 1684 5448 eum
1720 5392 1788 5448 de
1814 5394 1928 5448 suis

339 5468 583 5524 roatibus
611 5469 919 5523 admoneat.
940 5487 961 5521 ι

413 5547 434 5572 ⁸
459 5538 689 5593 Libellus
714 5538 886 5593 editus
904 5547 999 5592 est.
1025 5536 1156 5591 Acta
1179 5534 1669 5589 exauctoratiouis:
1698 5552 1717 5584 ι
1754 5532 1930 5601 Super

418 5609 542 5665 ibus
568 5608 889 5674 chartulam,
930 5622 1198 5663 summam
1242 5613 1483 5659 reatuum
1513 5618 1755 5669 suorum,
1786 5604 1928 5674 unde

386 5678 495 5734 lum
534 5679 843 5755 specialiter
878 5673 1289 5745 redarguerem,
1316 5674 1701 5741 contbtentem,
1737 5674 1789 5730 ei
1827 5673 1924 5729 de-

2039 3576 2253 3657 derunt,
2288 3596 2452 3657 quam
2487 3578 2578 3657 ille
2601 3573 2934 3657 inmanibus
2962 3582 3228 3657 gestabat.
3259 3603 3278 3636 ι
3317 3585 3509 3657 Exstat
3535 3599 3627 3657 ea-

2038 3647 2160 3725 dem
2206 3647 2473 3725 chartula,
2503 3655 2618 3725 sive
2659 3652 2890 3719 libellus,
2924 3647 3539 3725 utivocatAgobardus,
3571 3656 3627 3709 in

2038 3719 2243 3774 eisdem
2269 3720 2441 3786 Actis,
2473 3723 2566 3778 ubi
2589 3724 2644 3778 in
2666 3731 2793 3779 octo
2818 3723 3054 3794 capitula
3079 3719 3286 3779 divisu's
3306 3731 3408 3778 est.

2116 3807 2137 3846 ί
2192 3807 2435 3864 Pervenit
2483 3812 2539 3865 in
2587 3811 2880 3867 ecclesiam.
2932 3811 3069 3868 Acta
3119 3813 3623 3869 exauctorationis:

2042 3895 2062 3928 ι
2100 3878 2333 3937 Veniens
2373 3879 2539 3947 igitur
2565 3881 2707 3936 idem
2735 3882 2987 3937 dominus
3030 3882 3366 3938 Lodeuvicus
3391 3883 3445 3938 in
3489 3884 3627 3939 basi-

2034 3947 2195 4001 licam
2241 3948 2574 4020 sanctteDei
2616 3951 2893 4020 genitricis
2935 3951 3135 4017 Mariae,
3176 3952 3267 4007 ubi
3313 3961 3622 4009 sanctorum

2038 4032 2264 4085 corpora
2321 4017 2672 4087 requiescunt
2713 4019 2953 4077 Medardi
2996 4021 3247 4079 videlicet
3297 4021 3626 4079 confessoris

2035 4087 2238 4165 Qhristi
2260 4096 2423 4159 atque
2450 4090 2877 4165 pontiﬂelstnec
2900 4107 3008 4150 non
3032 4092 3338 4150 Sebastiani
3368 4104 3625 4165 prmstan-

2035 4157 2232 4236 tissimi
2262 4157 2428 4231 murti
2442 4157 2536 4227 ris,
2567 4170 2673 4217 etc.
2699 4182 2720 4215 ι
2750 4163 3069 4236 νοτωῃληε
3088 4166 3213 4236 quis
3241 4165 3296 4220 in
3324 4157 3429 4221 hoc
3454 4174 3624 4231 erret,

2033 4229 2180 4305 istud
2214 4229 2628 4305 peractumnon
2656 4240 2742 4305 est
2784 4234 2925 4304 apud
2959 4229 3372 4305 'Compcndium,
3408 4229 3624 4293 tametsi

2035 4298 2144 4378 illic
2166 4298 2345 4378 habita
2376 4299 2538 4378 fuerit
2571 4298 2892 4378 przedatoria
2924 4305 3011 4360 illa
3048 4298 3321 4378 synodus;
3352 4298 3444 4378 sed
3470 4308 3522 4361 in
3552 4308 3623 4362 ci-

1949 4388 2006 4448 Β
2033 4370 2199 4448 vitate
2241 4370 2643 4448 SuessionenSi,
2672 4370 3097 4448 in__monasteri6
3140 4370 3317 4448 sancti
3351 4376 3619 4448 Medardi,

2030 4440 2118 4495 ubi
2146 4439 2449 4497 Ludovicus
2471 4441 2524 4495 in
2547 4443 2791 4498 custodia
2815 4443 3325 4511 detinebaturiussu
3349 4439 3617 4501 Lotharii.

2102 4536 2126 4572 ε
2155 4531 2409 4605 Sepulcra
2438 4546 2760 4603 sanctorum,
2802 4536 3041 4593 Medardi
3069 4536 3322 4593 videlicet
3364 4547 3421 4592 et
3449 4539 3617 4594 Seba-

2027 4604 2210 4659 stiani.

2097 4697 2122 4769 [-
2159 4694 2265 4769 Per
2282 4713 2534 4769 manuum
2561 4714 2717 4769 φωρ,
2741 4714 2929 4769 impos.
2957 4696 3093 4769 Acta
3122 4700 3616 4755 exauctorationis:

2034 4784 2051 4814 ι
2094 4765 2295 4839 peinde
2320 4765 2597 4839 cingulum
2621 4765 2833 4839 militiai
2862 4768 3137 4838 deposuit,
3180 4776 3234 4825 et
3262 4785 3423 4839 super
3449 4770 3619 4822 altare

2026 4836 2348 4908 collocavit;
2378 4836 2434 4893 et
2461 4838 2645 4893 habitu
2676 4837 2857 4894 saeculi
2885 4836 2947 4894 se
2978 4854 3200 4904 exuens,
3234 4836 3474 4894 habitum
3506 4854 3619 4908 poe-

2028 4906 2253 4981 nitentis
2272 4923 2373 4981 per
2395 4908 2787 4981 imposit_ionem
2813 4922 3071 4981 manuum
3092 4910 3467 4981 episcoporum
3492 4906 3619 4981 sus-

2028 4976 2234 5050 ccpi_t._p
2266 4976 2549 5050 Peractum
2599 4978 2651 5032 id
2681 4978 2891 5035 facinus
2926 4980 2995 5050 ab
3020 4976 3241 5037 Eblione
3260 4976 3621 5050 archiepisco-

2142 5045 2473 5118 lihemrnsi,
2508 5055 2566 5118 ut
2610 5057 2762 5118 patet
2807 5065 2874 5105 ex
2926 5049 3247 5107 Narratione
3290 5045 3613 5105 clericorum

2052 5117 2416 5171 {lientensium
2445 5116 2511 5172 de
2530 5116 2866 5187 depositione
2888 5136 2951 5175 ac
2973 5121 3316 5175 restitutione
3342 5119 3605 5175 Ebbonis.‘

2034 5207 2054 5236 ο
2094 5188 2385 5242 Lotharius
2412 5187 2635 5243 veniens
2672 5202 2771 5257 per
2797 5190 3096 5261 imperialia
3142 5189 3360 5261 palatia,
3391 5189 3616 5244 adduxit

2030 5271 2225 5331 secum;
2240 5266 2447 5331 patrem
2488 5273 2653 5331 suum
2682 5274 2853 5331 usque
2878 5259 3204 5331 ‘Suessionis
3230 5259 3318 5331 ad
3339 5269 3616 5331 monaste-

2030 5330 2166 5383 rium
2194 5327 2256 5384 SI
2288 5327 2544 5384 Medardi.
2577 5327 2782 5398 Ibique,
2824 5328 3165 5384 hortantibus
3207 5337 3263 5383 et
3297 5327 3611 5397 iubentibus

2028 5399 2530 5468 cmteris’episcopis
2566 5414 2663 5453 seu
2703 5399 3033 5468 primoribus
3072 5399 3237 5467 regni,
3284 5408 3505 5455 coactus
3527 5409 3610 5456 est

2030 5470 2194 5531 Ebbo,
2226 5471 2349 5539 quia
2375 5470 2429 5522 in
2450 5469 2674 5540 fdimcesi
2703 5483 2821 5538 eius
2848 5478 2981 5540 erat,
3016 5468 3089 5523 illi
3131 5469 3410 5540 imponere
3436 5472 3611 5540 publi-

2027 5555 2145 5593 cun
2180 5537 2572 5610 pdznitentiam.
2606 5537 2760 5610 Unde
2795 5537 3029 5610 nimiam
3059 5547 3113 5592 ct
3154 5537 3471 5610 perpetuam
3494 5540 3610 5609 eius

2030 5607 2248 5664 incurrit
2275 5608 2556 5665 oti‘ensam.
2582 5629 2599 5660 ι
2647 5607 2775 5662 Vide
2799 5609 2962 5663 etiam
2990 5607 3301 5684 Theganum
3330 5627 3446 5682 cap.
3483 5607 3568 5665 Μ.
