4010 6184
355 259 466 318 3'25

1351 247 1408 301 S.
1446 241 1792 299 AGOBARDI
1829 237 2136 296 EPISCOPI
2175 231 2660 292 LUGDUNENSIS

3527 223 3630 280 324

362 376 584 431 tionem,
616 381 740 424 cum
785 363 1006 435 psalmis
1030 369 1084 414 et
1134 356 1487 413 orationibus.
1551 352 1750 421 Sicque
1778 349 1941 418 depo—
1967 354 2018 412 Α
2046 349 2358 415 tatem._llis
2387 346 2553 416 gestis
2581 358 2680 414 ego
2701 338 3018 412 Agobardus
3067 337 3320 409 indignus
3347 337 3632 435 episcopus

362 467 467 521 sito
498 461 681 518 habitu
703 458 956 528 pristino,
991 460 1046 506 et
1072 455 1348 518 assumpto
1391 445 1577 502 habitu
1606 440 1940 513 paenitentis,

363 552 744 625 congratulatus
777 555 834 602 et
863 543 1162 625 conlidens,
1192 537 1430 611 postulat
1456 533 1686 606 piissimi
1713 531 1948 625 pastoris

363 619 601 699 humeris
631 638 817 696 reduci
849 619 1000 692 se'ad
1038 633 1274 688 inventae
1302 637 1356 685 et
1383 628 1672 694 redemptae
1693 627 1812 678 ovis
1835 620 1954 675 uni-

2052 440 2295 506 interlui,
2327 447 2383 495 et
2405 437 2718 494 melioribus
2745 446 3050 488 consonans
3088 438 3145 485 et
3176 430 3528 484 consentiens
3549 427 3638 500 jn-

2053 534 2247 598 dicavi,
2276 542 2330 586 et
2354 546 2514 584 manu
2541 526 2757 598 propria
2787 523 3005 595 signans
3032 518 3350 589 subscripsi.

889 749 3640 796 ___________________________________________.____._____.

1557 842 2436 999 AGOBARDI

565 1116 953 1180 EPISTOLA
997 1116 1108 1175 AD
1151 1110 1534 1171 EBBONEM
1578 1105 2029 1169 EPISCOPUM
2073 1101 2602 1172 BHEMENSEM,
2648 1099 2755 1159 DE
2798 1097 2935 1158 SPE
2966 1075 3084 1155 \ET
3128 1093 3461 1157 TIMORE.

444 1355 973 1429 Magniﬁcentissimo
1003 1366 1069 1406 ac
1117 1348 1582 1405 desideratissimo
1635 1346 1832 1401 domno
1859 1357 1959 1412 pa-

373 1453 442 1506 tri
473 1460 526 1503 et
579 1447 735 1502 fratri
789 1443 995 1498 Ebboni
1052 1439 1311 1495 Ecclesiae
1349 1437 1679 1491 Rhemorum
1709 1434 1960 1504 episcopo

372 1537 690 1610 Agobardus
721 1536 774 1588 in
802 1532 1030 1586 Domino
1055 1531 1166 1584 Deo
1205 1536 1462 1582 mternam
1490 1525 1742 1580 salutem.

2069 1335 2236 1390 nuali.
2271 1333 2514 1402 Cumque
2540 1332 2656 1386 haac
2689 1344 2790 1401 ego
2843 1329 3258 1401 suggessissem,
3305 1325 3562 1401 dignatus
3587 1345 3648 1386 es

2067 1426 2382 1495 przecipere,
2419 1431 2480 1478 ut
2515 1438 2616 1492 ego
2643 1423 2958 1477 inchoarem
2987 1421 3129 1478 sicut
3158 1421 3291 1476 mihi
3337 1419 3647 1484 videbatur,

2068 1527 2122 1572 et
2151 1516 2424 1572 sanctitati
2456 1524 2560 1569 tum
2588 1513 2930 1584 dijudicanda
2969 1514 3417 1568 transmitterem.
3461 1512 3648 1570 Omnis

449 1603 583 1684 Cum
615 1625 846 1696 quadam
873 1623 961 1677 die
987 1620 1142 1676 valde
1182 1618 1486 1688 diligenda,
1524 1614 1837 1671 honoranda
1873 1621 1958 1666 at-
1988 1657 2035 1716 Β
2069 1606 2250 1675 itaque
2278 1603 2586 1716 SfripturaJ
2618 1605 2894 1716 (ﬂivinitps,
2952 1611 3013 1658 ut
3042 1604 3122 1716 ait
3145 1603 3458 1716 Apostolqu,
3484 1604 3649 1716 inspi;

373 1736 480 1791 que
505 1717 771 1771 laudanda
802 1713 1013 1769 devotio
1043 1721 1130 1765 tua
1166 1710 1436 1780 praecipue
1477 1709 1610 1762 mihi
1636 1705 1742 1777 (cui
1767 1704 1960 1776 gratis,

378 1815 430 1868 id
459 1819 559 1873 est,
589 1810 791 1877 absque
820 1805 1032 1870 merito,
1065 1802 1180 1857 sola
1231 1810 1320 1855 tua
1351 1808 1405 1854 te
1433 1797 1764 1868 benignitate
1802 1793 1961 1848 insti-

378 1911 560 1976 gante,
592 1901 738 1972 piam
765 1898 1058 1953 amicitiam
1109 1893 1396 1964 impendis)
1427 1900 1480 1948 et
1509 1892 1758 1945 manibus
1786 1897 1964 1959 gesta-

381 2003 458 2049 ret
489 2001 542 2046 et
563 2004 659 2047 ore
707 1988 976 2059 proferret
1020 2002 1081 2041 ea
1115 2000 1234 2054 quae
1262 1985 1332 2039 ad
1364 1981 1771 2038 aediﬁcationem
1800 1981 1965 2034 bona-

379 2101 499 2140 rum
533 2083 794 2138 mentium
825 2078 1117 2150 pertinent,
1147 2081 1516 2146 cognoverunt
1551 2073 1645 2142 qui
1669 2079 1966 2142 prtesentes

380 2176 605 2229 aderant
635 2169 1042 2226 solertissimam
1069 2167 1427 2221 intentionem
1450 2171 1600 2218 tuam
1629 2162 1766 2217 velle
1784 2177 1966 2217 secum

380 2281 597 2337 semper
625 2264 827 2318 habere
858 2261 924 2315 de
963 2259 1262 2329 Scripturis
1305 2257 1502 2312 divinis
1527 2256 1732 2325 aliqua,
1761 2255 1816 2308 in
1847 2254 1968 2323 qui-

380 2359 480 2412 bus
510 2371 616 2410 non
661 2353 832 2409 solum
868 2353 922 2405 in
951 2365 1150 2418 equum
1201 2348 1522 2411 ascendens,
1576 2345 1670 2400 sed
1701 2345 1862 2399 etiam
1901 2343 1967 2398 de

380 2463 521 2518 equo
547 2445 898 2508 descendens,
954 2457 1054 2511 pro
1088 2439 1222 2494 locis
1267 2447 1323 2492 et
1354 2435 1688 2506 temporibus
1714 2448 1968 2505 congruae

381 2537 704 2609 quantitatis
733 2534 1030 2592 secundum
1053 2532 1274 2585 beatum
1297 2529 1497 2593 virum,
1521 2526 1609 2597 qui
1634 2541 1740 2579 non
1760 2523 1888 2578 abiit
1911 2523 1969 2575 in

382 2628 603 2685 consilio
641 2626 948 2697 impiorum,
985 2623 1038 2677 in
1085 2622 1204 2690 lege
1237 2617 1448 2673 Domini
1494 2615 1836 2671 meditareris
1880 2613 1968 2668 die

381 2737 446 2776 ac
475 2727 634 2774 nocte
657 2734 672 2783 ;
697 2724 964 2786 quatenus
983 2727 1108 2768 vere
1133 2726 1254 2766 esse
1270 2709 1446 2779 possis
1473 2717 1733 2777 tauquam
1761 2707 1966 2779 lignum

377 2811 534 2880 juxta
563 2810 763 2866 ﬂuenta
805 2807 1210 2876 Scripturarum
1249 2802 1574 2871 plantatum,
1599 2798 1753 2868 cujus
1785 2797 1965 2852 omnia

381 2909 772 2974 prosperantur
801 2913 920 2967 quae
953 2896 1085 2951 facit
1116 2915 1127 2948 :
1167 2903 1220 2949 et
1247 2910 1366 2964 qua:
1392 2893 1571 2948 facit?
1596 2893 1780 2960 utique
1805 2905 1966 2960 poma

382 3003 436 3049 et
464 2992 612 3056 folia,
661 3007 781 3062 quae
812 2989 1183 3058 intelliguntur
1232 2987 1372 3040 facta
1423 2994 1477 3040 et
1508 2985 1685 3050 dicta;
1718 2993 1777 3038 ut
1803 2998 1966 3052 poma
1993 3010 2038 3072 ρ

385 3085 494 3139 sint
522 3085 578 3139 in
614 3083 844 3144 actibus,
903 3079 1028 3135 folia
1059 3079 1112 3132 in
1157 3077 1370 3141 verbis;
1402 3074 1556 3144 cujus
1598 3074 1726 3144 ligni
1775 3073 1964 3128 folium

384 3192 490 3230 non
521 3174 744 3230 deﬂuit:
779 3173 902 3243 quia
944 3170 1262 3240 (secundum
1306 3168 1450 3237 quod
1493 3167 1755 3237 scriptum
1787 3173 1872 3222 cst
1901 3167 1969 3221 de

385 3264 658 3329 Samuele,
711 3264 834 3317 Non
865 3262 1003 3316 cadit
1032 3261 1096 3330 de
1141 3259 1382 3314 omnibus
1419 3258 1743 3313 sermonibus
1773 3258 1890 3328 ejus
1913 3258 1971 3312 in

387 3359 558 3428 terra)
612 3364 770 3411 curat
807 3353 1069 3418 sollicite,
1108 3369 1178 3407 ne
1221 3351 1354 3420 quid
1398 3349 1650 3409 frivolum
1680 3350 1765 3405 vel
1811 3350 1972 3404 inane

387 3448 650 3518 proferat,
683 3446 829 3516 quod
857 3445 1124 3499 oblivione
1173 3444 1352 3513 potius
1379 3457 1544 3513 quam
1595 3441 1857 3496 memoria
1886 3441 1971 3495 di-

388 3555 552 3610 gnum
590 3540 678 3594 sit.
713 3537 808 3593 Sic
856 3537 1001 3592 enim
1036 3535 1328 3607 Apostolus
1362 3531 1675 3587 unanimem
1721 3531 1974 3587 comitem

391 3631 632 3697 instruit,
662 3630 846 3685 dicens
874 3647 886 3682 :
922 3625 1137 3696 Ineptas
1166 3632 1414 3680 autem-et
1447 3623 1614 3678 aniles
1645 3621 1854 3693 fabulas
1881 3623 1975 3678 de-

389 3723 538 3785 vita;
576 3729 630 3774 et
661 3720 855 3773 iterum
885 3716 1133 3786 praecipit
1182 3713 1507 3770 denuntiare
1545 3711 1890 3780 quibusdam,
1914 3728 1977 3766 ne

391 3811 662 3866 intendant
733 3807 927 3879 fabulis
975 3817 1030 3862 et.
1073 3804 1392 3878 genealogiis
1445 3803 1815 3866 interminatis,
1859 3819 1977 3873 qua:

389 3903 700 3974 qua'stiones
725 3907 980 3972 prrrstant
1027 3898 1195 3968 magis
1235 3913 1394 3968 quam
1425 3894 1831 3964 wdiﬁcationem
1859 3911 1978 3966 qua:

391 4001 466 4045 est
495 3991 548 4046 in
600 3990 724 4060 ﬁde.
760 3991 829 4045 Et
861 3990 1056 4044 iterum
1086 4006 1097 4041 :
1131 3985 1372 4054 Profana
1427 3992 1602 4039 autem
1655 3993 1703 4039 et
1744 3984 1976 4040 inanilo-

390 4083 517 4151 quia
545 4081 740 4135 devita.
783 4077 1013 4133 Multum
1043 4077 1182 4132 enim
1209 4075 1495 4147 proﬁciunt
1517 4077 1586 4130 ad
1632 4077 1976 4146 impietatem,

393 4181 440 4226 et
471 4187 640 4225 sermo
662 4185 846 4222 eorum
871 4177 929 4220 ut
955 4183 1144 4220 cancer
1176 4167 1358 4235 serpit.

467 4260 638 4329 Igitur
695 4258 805 4312 Deo
863 4258 1057 4311 devota
1106 4263 1162 4310 et
1196 4256 1369 4311 ﬁdelis
1425 4256 1686 4310 sanctitas
1719 4263 1808 4310 tua
1855 4270 1977 4311 cum

386 4335 532 4407 mihi
555 4350 870 4421 dignaretur
917 4347 1042 4402 talia
1082 4347 1343 4417 pandere,
1383 4354 1694 4419 suggestum
1728 4355 1865 4402 esta
1893 4361 1980 4400 me

395 4454 454 4498 ut
478 4445 538 4498 in
576 4442 770 4514 primis
819 4440 1043 4511 iuberes
1077 4441 1175 4495 tibi
1225 4441 1470 4496 scribere
1526 4441 1582 4494 in
1615 4439 1805 4495 eodem
1831 4437 1977 4507 quod

395 4536 650 4607 gestabas
708 4533 1081 4596 Encbiridion,
1138 4532 1206 4588 de
1265 4531 1466 4588 divinis
1508 4531 1661 4586 libris
1705 4530 1902 4584 arduas
1925 4537 1979 4582 et

394 4627 643 4682 diﬂiciles
664 4627 962 4682 sententias
985 4625 1054 4679 ad
1081 4623 1510 4688 observandum,
1545 4637 1664 4692 qua:
1693 4621 1979 4691 praecipua:

396 4727 526 4772 sunt
553 4718 620 4772 ad
648 4717 1146 4788 deprimendasper
1165 4716 1414 4768 timorem
1438 4721 1648 4767 mentes
1673 4713 1974 4777 hominum,

399 4826 467 4864 ne
498 4809 698 4864 elevari
749 4809 956 4878 possint
1011 4807 1065 4859 in
1129 4819 1321 4858 vanam
1383 4803 1891 4873 prtesumptionem;
1924 4813 1980 4857 et

401 4900 486 4953 bis
510 4896 602 4952 diu
639 4894 1381 4966 diligenterqueperspectis,
1403 4891 1626 4959 juberes
1656 4893 1870 4948 demum
1905 4903 1984 4948 ta—

403 4991 470 5044 lia
497 5005 617 5060 quae
643 4989 955 5042 viderentur
979 5001 1235 5058 congrua,
1269 4999 1293 5026 α
1327 4987 1548 5056 proprio
1597 4987 1838 5042 inserere
1864 5005 1979 5042 ma-

2064 1704 2200 1756 γαίη,
2246 1692 2390 1746 utilis
2417 1703 2491 1747 est
2518 1692 2586 1745 ad
2633 1691 2951 1757 docendum,
3002 1692 3070 1746 ad
3119 1693 3508 1763 corripiendum
3531 1734 3546 1758 ,
3579 1695 3650 1748 ad

2062 1785 2408 1840 erudiendum
2429 1786 2485 1838 in
2508 1784 2746 1854 justitia,
2776 1793 2833 1837 ut
2861 1783 3122 1854 perfectus
3143 1785 3210 1838 sit
3249 1787 3404 1840 homo
3431 1786 3551 1848 Dei,
3579 1788 3650 1840 ad

2064 1891 2213 1928 omne
2243 1891 2371 1945 opus
2411 1875 2604 1928 bonum
2631 1875 2940 1928 instructus.
2972 1874 3102 1940 Qua:
3155 1874 3456 1946 Scriptura,
3487 1885 3654 1931 tanta:

2064 1965 2444 2034 perpetuitatis
2479 1971 2584 2030 est,
2613 1973 2675 2019 ut
2711 1971 2901 2020 auctor
2954 1965 3116 2030 illius,
3144 1967 3474 2036 sempiterna
3496 1967 3654 2024 Veri—

2067 2063 2166 2118 tas,
2197 2053 2432 2110 Verbum
2455 2061 2510 2110 et
2533 2055 2796 2124 sapientia
2820 2055 3019 2123 Patris,
3050 2055 3312 2114 Dominus
3335 2069 3392 2114 et
3424 2060 3654 2126 Redem-

2064 2153 2188 2216 ptor
2245 2153 2433 2200 noster
2493 2153 2725 2200 testetur
2768 2145 2834 2200 de
2865 2144 2975 2210 illa,
3026 2146 3257 2201 dicens:
3313 2147 3555 2204 Facilius
3577 2161 3653 2205 est

2065 2236 2251 2302 caelum
2281 2246 2328 2290 et
2352 2245 2548 2290 terram
2578 2236 2824 2300 transire,
2853 2253 3013 2306 quam
3045 2237 3109 2291 de
3131 2236 3240 2307 lege
3266 2255 3430 2293 unum
3451 2243 3652 2311 apicem

2066 2329 2270 2384 cadere.
2303 2327 2372 2382 Et
2394 2327 2588 2383 iterum
2616 2345 2630 2381 :
2661 2326 2860 2382 Caelum
2885 2327 2934 2381 ei
2960 2337 3103 2382 terra
3149 2330 3470 2398 transibunt,
3501 2334 3656 2388 verba

2067 2441 2184 2480 vero
2204 2439 2322 2478 mea
2353 2439 2457 2478 non
2477 2419 2753 2476 transient.
2781 2421 3024 2492 Cumque
3044 2423 3161 2479 base
3181 2426 3443 2492 perennia
3466 2428 3654 2494 verba,

2067 2517 2224 2586 plena
2255 2515 2367 2570 sint
2397 2515 2602 2585 regulis
2640 2530 2873 2580 morum,
2903 2530 2968 2572 ac
3020 2515 3453 2586 disciplinarum,
3490 2527 3656 2592 atque

2067 2609 2348 2673 virtutum,
2385 2607 2586 2677 operis,
2617 2614 2673 2662 et
2704 2606 2848 2672 ﬁdei,
2895 2607 3039 2662 inter
3061 2615 3262 2664 caetera
3295 2617 3513 2666 exstant
3537 2609 3660 2666 dare

2072 2713 2158 2752 res
2192 2697 2408 2765 penitus
2437 2697 2763 2752 necessariae
2794 2698 3154 2754 moderationi
3180 2700 3441 2754 mentium
3468 2699 3659 2756 huma-

2071 2802 2287 2852 narum,
2325 2787 2378 2842 id
2407 2796 2511 2853 est,
2537 2803 2661 2858 spes
2705 2794 2762 2843 et
2801 2788 2988 2854 timor,
3036 2789 3104 2845 de
3139 2789 3337 2859 quibus
3366 2793 3659 2847 sacerdoti-

2071 2882 2174 2936 bus
2200 2888 2258 2935 et
2297 2880 2540 2936 omnium
2594 2880 2833 2950 plebium
2867 2882 3180 2938 doctoribus
3228 2883 3490 2939 Dominus
3549 2901 3663 2957 my-

2072 2973 2206 3028 stice
2241 2987 2340 3042 per
2371 2972 2545 3044 legem
2578 2972 2825 3043 praecipit
2874 2974 3100 3029 dicens:
3138 2974 3259 3028 Non
3308 2975 3516 3044 auferes
3545 2976 3661 3032 loco

2075 3064 2309 3135 pignoris
2343 3065 2666 3134 superiorem
2696 3073 2746 3118 et
2773 3063 3076 3134 inferiorem
3107 3065 3322 3121 molam.
3345 3066 3476 3138 Quae
3507 3068 3662 3123 molae

2075 3159 2205 3214 licet
2227 3167 2522 3230 utrumque
2562 3166 2943 3217 testamentum
2981 3170 3128 3216 recte
3163 3161 3398 3233 ﬁgurare
3425 3164 3660 3232 possint.

2077 3248 2448 3318 intelliguntur
2475 3257 2655 3305 tamen
2707 3251 2916 3306 utiliter
2944 3266 3066 3322 spes
3119 3259 3175 3306 et
3208 3253 3400 3318 timor;
3435 3263 3497 3308 ut
3523 3252 3661 3309 infe-

2079 3342 2192 3397 rior
2244 3341 2458 3396 dicatur
2503 3343 2684 3409 timor,
2743 3345 2995 3414 superior
3043 3359 3187 3415 spes.
3219 3345 3315 3401 Cui
3341 3357 3528 3402 autem
3555 3362 3662 3402 una

2080 3433 2343 3498 defuerit,
2373 3432 2603 3487 farinam
2644 3433 2824 3489 facere
2847 3449 2953 3490 non
2985 3445 3201 3505 potest:
3235 3437 3362 3506 quia
3395 3437 3449 3492 in
3483 3444 3664 3492 mente

2079 3539 2176 3578 sua
2216 3522 2348 3578 nihil
2374 3538 2567 3578 sanum
2592 3531 2929 3594 pertractare
2954 3533 3150 3595 potest,
3188 3541 3350 3595 quem
3379 3533 3473 3580 aut
3502 3525 3665 3580 timor

2079 3615 2198 3670 sine
2221 3630 2315 3684 spe
2363 3614 2584 3683 premit,
2624 3623 2720 3669 aut
2747 3629 2874 3684 spes
2921 3615 3038 3670 siue
3073 3613 3268 3670 timore
3295 3614 3455 3670 levat.
3511 3614 3665 3670 Unde

2081 3706 2368 3762 Psalmista
2399 3707 2455 3761 in
2484 3715 2779 3777 utrumque
2819 3707 3154 3778 coniungens
3199 3707 3334 3764 dicit
3363 3727 3374 3762 :
3410 3707 3665 3779 Benepta-

2079 3799 2239 3852 citum
2265 3807 2340 3852 est
2368 3797 2595 3851 Domino
2621 3813 2778 3868 super
2805 3798 3056 3852 timentes
3089 3813 3230 3862 eum,
3256 3807 3305 3851 et
3353 3797 3406 3851 in
3450 3798 3526 3851 eis
3567 3799 3660 3868 qui

2081 3900 2289 3962 sperant
2319 3907 2478 3961 super
2507 3889 2869 3943 misericordia
2901 3890 3037 3960 ejus.
3073 3887 3240 3945 ludas
3273 3890 3506 3960 denique
3531 3906 3664 3960 pro-

2082 3981 2244 4045 ditor,
2277 3990 2400 4051 post
2440 3979 2776 4035 Dominicam
2843 3980 3212 4045 traditionem,
3250 3981 3376 4049 quia
3421 3981 3542 4036 sine
3567 3995 3665 4050 spe

2086 4074 2282 4138 timuit,
2321 4074 2507 4128 dicens
2537 4092 2548 4126 :
2597 4071 2813 4127 Peccavi
2841 4073 3055 4127 tradens
3101 4074 3410 4143 sanguinem
3432 4072 3664 4142 justum,

2083 4163 2202 4217 ideo
2225 4162 2411 4217 abiens
2455 4163 2650 4232 laqueo
2685 4178 2743 4217 se
2773 4163 3069 4234 su5pendit,
3107 4173 3160 4218 et
3201 4162 3410 4232 crepuit
3437 4162 3668 4226 medius,

2082 4263 2242 4324 atque
2268 4254 2438 4309 eﬂ‘usa
2492 4263 2618 4308 sunt
2641 4255 2851 4309 viscera
2892 4254 3028 4323 ejus.
3062 4247 3113 4309 Ε
3134 4255 3408 4310 contrario
3461 4265 3665 4315 autem,

2083 4349 2207 4418 quia
2243 4348 2359 4405 sine
2415 4350 2608 4404 timore
2636 4349 2748 4404 sola
2802 4364 2896 4420 spe
2950 4351 3304 4406 elevabantur
3335 4352 3410 4405 illi
3435 4351 3527 4421 qui
3564 4352 3673 4405 Do-

2085 4441 2231 4495 mino
2266 4442 2682 4511 respondebant,
2741 4441 2932 4498 Semen
2977 4443 3203 4498 Abrahae
3241 4461 3445 4509 sumus,
3482 4455 3529 4498 et
3576 4460 3668 4498 nc-

2085 4534 2212 4586 mini
2239 4532 2539 4587 servivimus
2587 4551 2842 4604 unquam,
2894 4537 3167 4606 dedignati
3199 4547 3329 4592 sunt
3358 4539 3584 4592 credere
3613 4538 3674 4591 in

2087 4625 2446 4689 Salvatorem,
2473 4625 2600 4696 quia
2637 4629 3035 4695 praesumebant
3067 4644 3172 4683 non
3206 4644 3264 4683 se
3290 4644 3410 4683 esse
3459 4628 3675 4684 salvan-

2087 4716 2202 4781 dos,
2234 4716 2328 4770 sed
2357 4716 2592 4772 salvatos
2626 4735 2637 4770 :
2677 4715 2831 4785 cujus
2856 4718 2934 4772 rei
2964 4719 3227 4788 exemplis
3261 4726 3373 4774 tota
3397 4729 3479 4774 est
3507 4719 3670 4790 plena

2090 4808 2370 4878 Scriptura
2399 4809 2602 4864 divina.
2640 4809 2866 4880 Semper
2918 4820 3098 4866 autem
3136 4827 3356 4867 necesse
3388 4821 3471 4867 est
3496 4821 3557 4866 ut
3587 4813 3673 4866 hzc

2089 4903 2209 4957 dua:
2244 4903 2396 4956 mola:
2426 4902 2663 4958 ﬁdelium
2689 4903 2963 4958 mentibus
2995 4904 3335 4958 incessanter
3370 4905 3583 4964 adsint;
3610 4912 3674 4957 ut

2079 4993 2206 5061 quia
2245 5008 2368 5062 spes
2398 4992 2635 5045 animum
2667 5007 2884 5062 semper
2914 4992 3095 5064 erigit,
3135 5000 3310 5047 metus
3341 5001 3521 5047 autem
3547 5009 3672 5061 prc-

1781 5080 2052 5136 BALUZII
2093 5081 2325 5138 ΝΟΤΑΞ.

477 5189 502 5216 ιι
537 5163 758 5255 Propria
785 5174 1298 5255 inserere-ptaiiueti‘,
1329 5173 1382 5227 id
1405 5180 1513 5255 est,
1532 5171 1700 5255 ⁹ιίιηιοΔ
1730 5175 1821 5255 qui
1849 5188 1988 5255 sem-

401 5254 606 5329 per_est
628 5243 975 5329 inmanibus.
1007 5243 1154 5329 Dnde
1174 5243 1511 5329 sip-loquitur
1531 5243 1644 5326 ipse
1670 5243 1987 5329 agobardus

2093 5176 2361 5247 Manualis
2393 5177 2683 5241 Duodenat,
2711 5193 2860 5247 quem
2899 5178 3012 5241 ipsa
3036 5179 3177 5232 misit
3217 5179 3290 5232 ad
3321 5176 3491 5246 ﬁlium
3518 5193 3672 5230 suum

2091 5245 2433 5300 Willelmum.
2468 5248 2690 5301 Viderat
2718 5245 2883 5301 unum
2922 5248 3044 5302 libri
3084 5249 3239 5304 istius
3275 5245 3551 5304 esemnlar
3590 5248 3676 5302 vir

408 5313 461 5372 in
493 5316 599 5369 line
637 5315 794 5370 istius
837 5315 1078 5384 epistolae
1103 5331 1116 5366 :
1143 5332 1161 5365 ‹
1221 5313 1450 5369 Maxime
1489 5313 1613 5382 quia
1665 5313 1842 5368 et‘vos
1883 5315 1988 5368 tale
2090 5316 2421 5371 clarissimus
2467 5316 2762 5372 Gulielmus
2809 5316 3045 5373 Catellus
3089 5327 3311 5374 senator
3353 5313 3672 5372 Tolosanus.

404 5385 523 5439 ﬁeri
554 5385 790 5455 iussistis
816 5402 972 5455 opus,
1020 5385 1165 5454 quod
1205 5384 1477 5508 paulisper
1520 5399 1681 5439 manu
1725 5394 1984 5453 gestetur,

411 5471 516 5508 nou
564 5454 706 5508 quod
755 5456 808 5508 in
856 5456 1092 5508 armario
1140 5471 1204 5508 ve
1272 5455 1328 5508 in
1368 5453 1568 5508 scrinio
1595 5463 1919 5508 reservetur.
1961 5475 1978 5506 ι

411 5471 516 5509 non
557 5453 706 5524 quod
755 5456 808 5509 in
854 5453 1092 5510 armario
1140 5453 1226 5509 vel
1272 5455 1328 5509 in
1368 5453 1568 5509 scrinio
1595 5463 1919 5510 reservetur.
1961 5475 1978 5506 ι

2087 5385 2244 5458 Aliud
2270 5402 2400 5458 vero
2439 5401 2539 5441 nos
2583 5387 2670 5458 diu
2703 5388 2988 5458 habuimus
3029 5389 3082 5442 in
3125 5396 3410 5458 potestate,
3460 5388 3676 5458 vivente

2093 5455 2590 5529 illustrissimoviro
2613 5457 2770 5511 Petro
2798 5458 2862 5512 de
2889 5457 3068 5515 Marca
3095 5455 3504 5529 archiepiscopo
3528 5457 3677 5529 Pari-

405 5523 765 5596 Quamobrem
784 5525 1056 5596 Duodena,
1089 5523 1989 5596 BernardiducisuxorLcummo-
2090 5526 2275 5590 sicnsi,
2304 5527 2396 5596 qui
2444 5526 2568 5580 illud
2615 5536 2800 5596 postea
2845 5531 2989 5585 dono
3027 5530 3174 5584 dedit
3213 5523 3516 5584 clarissimo
3556 5527 3675 5580 viro

407 5597 516 5648 uita
543 5594 804 5648 scriberet
827 5593 892 5647 ad
921 5594 1088 5648 ﬁlium
1117 5611 1271 5648 suum
1316 5593 1664 5653 Willelnuuu.
1697 5592 1892 5648 librum
1924 5595 1986 5648 il-

2083 5596 2278 5668 domno
2309 5596 2467 5652 Luca:
2497 5597 2759 5652 Dacberio
2784 5600 3050 5654 monacho
3076 5599 3424 5656 Benerlictino
3451 5614 3676 5668 congre-

389 5671 504 5722 lum
531 5665 856 5729 monitorum
885 5665 1156 5734 inscripsit
1187 5665 1450 5728 Manuale,
1477 5664 1579 5720 hoc
1606 5671 1796 5718 modo:
1833 5665 1989 5719 Liber
2081 5667 2314 5738 gationis
2342 5669 2515 5723 sancti
2556 5668 2744 5725 Mauri.
