  <div class='ocr_page' id='page_1' title='image "/cluster/home/n/w/nwhite01/storage/ocr_20150623/104/hvd.32044052819794/168.png"; bbox 0 0 4010 6184; ppageno 0'>
   <div class='ocr_carea' id='block_1_1' title="bbox 428 191 536 246">
    <p class='ocr_par' dir='ltr' id='par_1_1' title="bbox 428 191 536 246">
     <span class='ocr_line' id='line_1_1' title="bbox 428 191 536 246; baseline 0 0"><span class='ocrx_word' id='word_1_1' title='bbox 428 191 536 246; x_wconf 65' lang='lat'><strong>325</strong></span> 
     </span>
    </p>
   </div>
   <div class='ocr_carea' id='block_1_2' title="bbox 1539 188 2590 248">
    <p class='ocr_par' dir='ltr' id='par_1_2' title="bbox 1539 188 2590 248">
     <span class='ocr_line' id='line_1_2' title="bbox 1539 188 2590 248; baseline -0.004 0"><span class='ocrx_word' id='word_1_2' title='bbox 1539 190 1740 248; x_wconf 76' lang='lat' dir='ltr'><strong>LIBER</strong></span> <span class='ocrx_word' id='word_1_3' title='bbox 1779 191 1867 247; x_wconf 73' lang='lat' dir='ltr'><strong>DE</strong></span> <span class='ocrx_word' id='word_1_4' title='bbox 1906 188 2137 245; x_wconf 76' lang='lat' dir='ltr'><strong>DlVlNA</strong></span> <span class='ocrx_word' id='word_1_5' title='bbox 2177 189 2590 247; x_wconf 76' lang='lat' dir='ltr'><strong>PSALMODIA.</strong></span> 
     </span>
    </p>
   </div>
   <div class='ocr_carea' id='block_1_3' title="bbox 3608 196 3715 254">
    <p class='ocr_par' dir='ltr' id='par_1_3' title="bbox 3608 196 3715 254">
     <span class='ocr_line' id='line_1_3' title="bbox 3608 196 3715 254; baseline -0.037 -1"><span class='ocrx_word' id='word_1_6' title='bbox 3608 196 3715 254; x_wconf 67' lang='lat'><strong>.526</strong></span> 
     </span>
    </p>
   </div>
   <div class='ocr_carea' id='block_1_4' title="bbox 428 303 3711 377">
    <p class='ocr_par' dir='ltr' id='par_1_4' title="bbox 428 303 3711 377">
     <span class='ocr_line' id='line_1_4' title="bbox 428 303 3711 377; baseline 0.003 -16"><span class='ocrx_word' id='word_1_7' title='bbox 428 307 549 369; x_wconf 87' lang='lat' dir='ltr'><strong>mit,</strong></span> <span class='ocrx_word' id='word_1_8' title='bbox 574 311 629 361; x_wconf 88' lang='lat' dir='ltr'><strong>et</strong></span> <span class='ocrx_word' id='word_1_9' title='bbox 655 311 836 361; x_wconf 85' lang='lat' dir='ltr'><strong>metus</strong></span> <span class='ocrx_word' id='word_1_10' title='bbox 872 318 1019 376; x_wconf 86' lang='lat' dir='ltr'><strong>spem</strong></span> <span class='ocrx_word' id='word_1_11' title='bbox 1044 310 1100 361; x_wconf 90' lang='lat' dir='ltr'><strong>et</strong></span> <span class='ocrx_word' id='word_1_12' title='bbox 1130 318 1259 376; x_wconf 84' lang='lat' dir='ltr'><strong>spes</strong></span> <span class='ocrx_word' id='word_1_13' title='bbox 1285 312 1547 377; x_wconf 84' lang='lat' dir='ltr'><strong>temperet</strong></span> <span class='ocrx_word' id='word_1_14' title='bbox 1578 314 1810 369; x_wconf 89' lang='lat' dir='ltr'><strong>metum;</strong></span> <span class='ocrx_word' id='word_1_15' title='bbox 1848 320 1910 358; x_wconf 87' lang='lat' dir='ltr'><strong>ae</strong></span> <span class='ocrx_word' id='word_1_16' title='bbox 1947 319 2014 357; x_wconf 88' lang='lat' dir='ltr'><strong>ne</strong></span> <span class='ocrx_word' id='word_1_17' title='bbox 2042 306 2093 367; x_wconf 77' lang='grc' dir='ltr'><strong>Α</strong></span> <span class='ocrx_word' id='word_1_18' title='bbox 2118 303 2285 357; x_wconf 90' lang='lat' dir='ltr'><strong>lutem</strong></span> <span class='ocrx_word' id='word_1_19' title='bbox 2315 320 2622 375; x_wconf 85' lang='lat' dir='ltr'><strong>operemur,</strong></span> <span class='ocrx_word' id='word_1_20' title='bbox 2679 313 2733 361; x_wconf 89' lang='lat' dir='ltr'><strong>et</strong></span> <span class='ocrx_word' id='word_1_21' title='bbox 2766 321 2956 362; x_wconf 89' lang='lat' dir='ltr'><strong>omnes</strong></span> <span class='ocrx_word' id='word_1_22' title='bbox 3010 307 3194 364; x_wconf 81' lang='lat' dir='ltr'><strong>ﬁdeles</strong></span> <span class='ocrx_word' id='word_1_23' title='bbox 3230 310 3458 366; x_wconf 89' lang='lat' dir='ltr'><strong>salutem</strong></span> <span class='ocrx_word' id='word_1_24' title='bbox 3497 314 3711 372; x_wconf 79' lang='lat' dir='ltr'><strong>deside-</strong></span> 
     </span>
    </p>
   </div>
   <div class='ocr_carea' id='block_1_5' title="bbox 426 395 2016 469">
    <p class='ocr_par' dir='ltr' id='par_1_5' title="bbox 426 395 2016 469">
     <span class='ocr_line' id='line_1_5' title="bbox 426 395 2016 469; baseline -0.002 -16"><span class='ocrx_word' id='word_1_25' title='bbox 426 413 553 469; x_wconf 86' lang='lat' dir='ltr'><strong>spes</strong></span> <span class='ocrx_word' id='word_1_26' title='bbox 576 397 633 453; x_wconf 92' lang='lat' dir='ltr'><strong>in</strong></span> <span class='ocrx_word' id='word_1_27' title='bbox 674 397 983 466; x_wconf 84' lang='lat' dir='ltr'><strong>superbiam</strong></span> <span class='ocrx_word' id='word_1_28' title='bbox 1035 395 1233 466; x_wconf 77' lang='lat' dir='ltr'><strong>erigat,</strong></span> <span class='ocrx_word' id='word_1_29' title='bbox 1264 406 1442 452; x_wconf 87' lang='lat' dir='ltr'><strong>metus</strong></span> <span class='ocrx_word' id='word_1_30' title='bbox 1471 398 1727 453; x_wconf 86' lang='lat' dir='ltr'><strong>continuo</strong></span> <span class='ocrx_word' id='word_1_31' title='bbox 1764 396 2016 467; x_wconf 87' lang='lat' dir='ltr'><strong>adjacens</strong></span> 
     </span>
    </p>
   </div>
   <div class='ocr_carea' id='block_1_6' title="bbox 426 490 2016 558">
    <p class='ocr_par' dir='ltr' id='par_1_6' title="bbox 426 490 2016 558">
     <span class='ocr_line' id='line_1_6' title="bbox 426 490 2016 558; baseline -0.001 -13"><span class='ocrx_word' id='word_1_32' title='bbox 426 496 665 547; x_wconf 83' lang='lat' dir='ltr'><strong>mentem</strong></span> <span class='ocrx_word' id='word_1_33' title='bbox 724 495 975 558; x_wconf 86' lang='lat' dir='ltr'><strong>premat;</strong></span> <span class='ocrx_word' id='word_1_34' title='bbox 1010 504 1245 553; x_wconf 83' lang='lat' dir='ltr'><strong>rursum,</strong></span> <span class='ocrx_word' id='word_1_35' title='bbox 1285 505 1353 544; x_wconf 90' lang='lat' dir='ltr'><strong>ne</strong></span> <span class='ocrx_word' id='word_1_36' title='bbox 1403 490 1790 545; x_wconf 89' lang='lat' dir='ltr'><strong>immoderatus</strong></span> <span class='ocrx_word' id='word_1_37' title='bbox 1838 498 2016 544; x_wconf 88' lang='lat' dir='ltr'><strong>metus</strong></span> 
     </span>
    </p>
   </div>
   <div class='ocr_carea' id='block_1_7' title="bbox 424 578 2014 650">
    <p class='ocr_par' dir='ltr' id='par_1_7' title="bbox 424 578 2014 650">
     <span class='ocr_line' id='line_1_7' title="bbox 424 578 2014 650; baseline -0.001 -14"><span class='ocrx_word' id='word_1_38' title='bbox 424 582 669 637; x_wconf 84' lang='lat' dir='ltr'><strong>animum</strong></span> <span class='ocrx_word' id='word_1_39' title='bbox 695 580 750 635; x_wconf 90' lang='lat' dir='ltr'><strong>in</strong></span> <span class='ocrx_word' id='word_1_40' title='bbox 785 580 1220 650; x_wconf 81' lang='lat' dir='ltr'><strong>desperationem</strong></span> <span class='ocrx_word' id='word_1_41' title='bbox 1268 582 1487 646; x_wconf 85' lang='lat' dir='ltr'><strong>obruat,</strong></span> <span class='ocrx_word' id='word_1_42' title='bbox 1542 582 1685 637; x_wconf 90' lang='lat' dir='ltr'><strong>hunc</strong></span> <span class='ocrx_word' id='word_1_43' title='bbox 1726 578 2014 637; x_wconf 82' lang='lat' dir='ltr'><strong>confestim</strong></span> 
     </span>
    </p>
   </div>
   <div class='ocr_carea' id='block_1_8' title="bbox 423 670 2014 744">
    <p class='ocr_par' dir='ltr' id='par_1_8' title="bbox 423 670 2014 744">
     <span class='ocr_line' id='line_1_8' title="bbox 423 670 2014 744; baseline -0.002 -16"><span class='ocrx_word' id='word_1_44' title='bbox 423 688 551 744; x_wconf 82' lang='lat' dir='ltr'><strong>spes</strong></span> <span class='ocrx_word' id='word_1_45' title='bbox 595 672 790 742; x_wconf 78' lang='lat' dir='ltr'><strong>erigat.</strong></span> <span class='ocrx_word' id='word_1_46' title='bbox 823 670 999 733; x_wconf 80' lang='lat' dir='ltr'><strong>Metus</strong></span> <span class='ocrx_word' id='word_1_47' title='bbox 1049 686 1301 740; x_wconf 84' lang='lat' dir='ltr'><strong>namque,</strong></span> <span class='ocrx_word' id='word_1_48' title='bbox 1335 670 1378 726; x_wconf 89' lang='lat' dir='ltr'><strong>si</strong></span> <span class='ocrx_word' id='word_1_49' title='bbox 1410 672 1526 727; x_wconf 88' lang='lat' dir='ltr'><strong>sine</strong></span> <span class='ocrx_word' id='word_1_50' title='bbox 1561 686 1656 740; x_wconf 87' lang='lat' dir='ltr'><strong>spe</strong></span> <span class='ocrx_word' id='word_1_51' title='bbox 1707 670 1892 737; x_wconf 87' lang='lat' dir='ltr'><strong>fuerit,</strong></span> <span class='ocrx_word' id='word_1_52' title='bbox 1921 670 2014 725; x_wconf 88' lang='lat' dir='ltr'><strong>de-</strong></span> 
     </span>
    </p>
   </div>
   <div class='ocr_carea' id='block_1_9' title="bbox 422 763 2015 835">
    <p class='ocr_par' dir='ltr' id='par_1_9' title="bbox 422 763 2015 835">
     <span class='ocr_line' id='line_1_9' title="bbox 422 763 2015 835; baseline 0 -15"><span class='ocrx_word' id='word_1_53' title='bbox 422 765 665 834; x_wconf 85' lang='lat' dir='ltr'><strong>speratio</strong></span> <span class='ocrx_word' id='word_1_54' title='bbox 709 763 916 820; x_wconf 89' lang='lat' dir='ltr'><strong>rectius</strong></span> <span class='ocrx_word' id='word_1_55' title='bbox 950 772 1194 820; x_wconf 80' lang='lat' dir='ltr'><strong>vocatur.</strong></span> <span class='ocrx_word' id='word_1_56' title='bbox 1254 763 1390 835; x_wconf 88' lang='lat' dir='ltr'><strong>Spes</strong></span> <span class='ocrx_word' id='word_1_57' title='bbox 1427 779 1582 829; x_wconf 90' lang='lat' dir='ltr'><strong>vero,</strong></span> <span class='ocrx_word' id='word_1_58' title='bbox 1617 765 1663 819; x_wconf 90' lang='lat' dir='ltr'><strong>si</strong></span> <span class='ocrx_word' id='word_1_59' title='bbox 1691 764 1856 820; x_wconf 90' lang='lat' dir='ltr'><strong>fuerit</strong></span> <span class='ocrx_word' id='word_1_60' title='bbox 1897 765 2015 820; x_wconf 87' lang='lat' dir='ltr'><strong>sine</strong></span> 
     </span>
    </p>
   </div>
   <div class='ocr_carea' id='block_1_10' title="bbox 422 855 2014 927">
    <p class='ocr_par' dir='ltr' id='par_1_10' title="bbox 422 855 2014 927">
     <span class='ocr_line' id='line_1_10' title="bbox 422 855 2014 927; baseline 0 -16"><span class='ocrx_word' id='word_1_61' title='bbox 422 867 595 922; x_wconf 84' lang='lat' dir='ltr'><strong>metu,</strong></span> <span class='ocrx_word' id='word_1_62' title='bbox 617 871 757 911; x_wconf 88' lang='lat' dir='ltr'><strong>vana</strong></span> <span class='ocrx_word' id='word_1_63' title='bbox 788 856 1137 926; x_wconf 63' lang='lat' dir='ltr'><strong>praesumptio</strong></span> <span class='ocrx_word' id='word_1_64' title='bbox 1164 871 1285 912; x_wconf 80' lang='lat' dir='ltr'><strong>esse</strong></span> <span class='ocrx_word' id='word_1_65' title='bbox 1314 864 1669 927; x_wconf 83' lang='lat' dir='ltr'><strong>monstratur.</strong></span> <span class='ocrx_word' id='word_1_66' title='bbox 1722 855 1839 911; x_wconf 87' lang='lat' dir='ltr'><strong>Tali</strong></span> <span class='ocrx_word' id='word_1_67' title='bbox 1861 871 2014 911; x_wconf 89' lang='lat' dir='ltr'><strong>nam-</strong></span> 
     </span>
    </p>
   </div>
   <div class='ocr_carea' id='block_1_11' title="bbox 419 946 2013 1017">
    <p class='ocr_par' dir='ltr' id='par_1_11' title="bbox 419 946 2013 1017">
     <span class='ocr_line' id='line_1_11' title="bbox 419 946 2013 1017; baseline 0.003 -18"><span class='ocrx_word' id='word_1_68' title='bbox 419 964 527 1017; x_wconf 85' lang='lat' dir='ltr'><strong>que</strong></span> <span class='ocrx_word' id='word_1_69' title='bbox 549 954 1001 1017; x_wconf 84' lang='lat' dir='ltr'><strong>temperamento,</strong></span> <span class='ocrx_word' id='word_1_70' title='bbox 1034 946 1188 1016; x_wconf 81' lang='lat' dir='ltr'><strong>quasi</strong></span> <span class='ocrx_word' id='word_1_71' title='bbox 1213 947 1451 1016; x_wconf 87' lang='lat' dir='ltr'><strong>quodam</strong></span> <span class='ocrx_word' id='word_1_72' title='bbox 1479 947 1742 1014; x_wconf 86' lang='lat' dir='ltr'><strong>antidoto,</strong></span> <span class='ocrx_word' id='word_1_73' title='bbox 1768 946 1883 1002; x_wconf 87' lang='lat' dir='ltr'><strong>vult</strong></span> <span class='ocrx_word' id='word_1_74' title='bbox 1913 961 2013 1003; x_wconf 91' lang='lat' dir='ltr'><strong>nos</strong></span> 
     </span>
    </p>
   </div>
   <div class='ocr_carea' id='block_1_12' title="bbox 419 1037 2013 1108">
    <p class='ocr_par' dir='ltr' id='par_1_12' title="bbox 419 1037 2013 1108">
     <span class='ocr_line' id='line_1_12' title="bbox 419 1037 2013 1108; baseline 0 -15"><span class='ocrx_word' id='word_1_75' title='bbox 419 1038 663 1095; x_wconf 70' lang='lat' dir='ltr'><strong>cmlestis</strong></span> <span class='ocrx_word' id='word_1_76' title='bbox 687 1037 933 1093; x_wconf 84' lang='lat' dir='ltr'><strong>medicus</strong></span> <span class='ocrx_word' id='word_1_77' title='bbox 960 1037 1038 1093; x_wconf 86' lang='lat' dir='ltr'><strong>uti</strong></span> <span class='ocrx_word' id='word_1_78' title='bbox 1064 1054 1078 1098; x_wconf 71' lang='grc' dir='ltr'>ς</span> <span class='ocrx_word' id='word_1_79' title='bbox 1112 1046 1175 1093; x_wconf 80' lang='grc' dir='ltr'><strong>ιιι</strong></span> <span class='ocrx_word' id='word_1_80' title='bbox 1201 1046 1328 1107; x_wconf 88' lang='lat' dir='ltr'><strong>pote</strong></span> <span class='ocrx_word' id='word_1_81' title='bbox 1372 1039 1466 1108; x_wconf 88' lang='lat' dir='ltr'><strong>qui</strong></span> <span class='ocrx_word' id='word_1_82' title='bbox 1498 1039 1646 1095; x_wconf 86' lang='lat' dir='ltr'><strong>solus</strong></span> <span class='ocrx_word' id='word_1_83' title='bbox 1683 1045 1769 1093; x_wconf 88' lang='lat' dir='ltr'><strong>est</strong></span> <span class='ocrx_word' id='word_1_84' title='bbox 1795 1046 2013 1094; x_wconf 87' lang='lat' dir='ltr'><strong>scruta-</strong></span> 
     </span>
    </p>
   </div>
   <div class='ocr_carea' id='block_1_13' title="bbox 421 1120 2007 1197">
    <p class='ocr_par' dir='ltr' id='par_1_13' title="bbox 421 1120 2007 1197">
     <span class='ocr_line' id='line_1_13' title="bbox 421 1120 2007 1197; baseline -0.001 -16"><span class='ocrx_word' id='word_1_85' title='bbox 421 1136 509 1183; x_wconf 86' lang='lat' dir='ltr'><strong>tor</strong></span> <span class='ocrx_word' id='word_1_86' title='bbox 526 1135 583 1183; x_wconf 91' lang='lat' dir='ltr'><strong>et</strong></span> <span class='ocrx_word' id='word_1_87' title='bbox 602 1126 849 1197; x_wconf 78' lang='lat' dir='ltr'><strong>cognitor</strong></span> <span class='ocrx_word' id='word_1_88' title='bbox 871 1126 1209 1182; x_wconf 87' lang='lat' dir='ltr'><strong>internarum</strong></span> <span class='ocrx_word' id='word_1_89' title='bbox 1236 1126 1637 1194; x_wconf 83' lang='lat' dir='ltr'><strong>inﬁrmitatum,</strong></span> <span class='ocrx_word' id='word_1_90' title='bbox 1666 1120 1753 1182; x_wconf 84' lang='lat' dir='ltr'><strong>cui</strong></span> <span class='ocrx_word' id='word_1_91' title='bbox 1778 1127 2007 1183; x_wconf 87' lang='lat' dir='ltr'><strong>dicitur:</strong></span> 
     </span>
    </p>
   </div>
   <div class='ocr_carea' id='block_1_14' title="bbox 422 1214 2013 1295">
    <p class='ocr_par' dir='ltr' id='par_1_14' title="bbox 422 1214 2013 1295">
     <span class='ocr_line' id='line_1_14' title="bbox 422 1214 2013 1295; baseline 0.003 -27"><span class='ocrx_word' id='word_1_92' title='bbox 422 1214 502 1269; x_wconf 87' lang='lat' dir='ltr'><strong>Tu</strong></span> <span class='ocrx_word' id='word_1_93' title='bbox 523 1214 666 1271; x_wconf 80' lang='lat' dir='ltr'><strong>solus</strong></span> <span class='ocrx_word' id='word_1_94' title='bbox 714 1216 856 1295; x_wconf 76' lang='lat' dir='ltr'><strong>nosti</strong></span> <span class='ocrx_word' id='word_1_95' title='bbox 884 1214 1050 1271; x_wconf 87' lang='lat' dir='ltr'><strong>corda</strong></span> <span class='ocrx_word' id='word_1_96' title='bbox 1102 1216 1338 1285; x_wconf 78' lang='lat' dir='ltr'><strong>ﬁliorum</strong></span> <span class='ocrx_word' id='word_1_97' title='bbox 1365 1219 1657 1274; x_wconf 76' lang='lat' dir='ltr'><strong>hominum.</strong></span> <span class='ocrx_word' id='word_1_98' title='bbox 1696 1217 1911 1290; x_wconf 83' lang='lat' dir='ltr'><strong>Quique</strong></span> <span class='ocrx_word' id='word_1_99' title='bbox 1930 1216 2013 1273; x_wconf 82' lang='lat' dir='ltr'><strong>di-</strong></span> 
     </span>
    </p>
   </div>
   <div class='ocr_carea' id='block_1_15' title="bbox 417 1307 2012 1379">
    <p class='ocr_par' dir='ltr' id='par_1_15' title="bbox 417 1307 2012 1379">
     <span class='ocr_line' id='line_1_15' title="bbox 417 1307 2012 1379; baseline 0.001 -17"><span class='ocrx_word' id='word_1_100' title='bbox 417 1308 496 1362; x_wconf 87' lang='lat' dir='ltr'><strong>cit</strong></span> <span class='ocrx_word' id='word_1_101' title='bbox 526 1324 542 1362; x_wconf 92' lang='lat'><strong>:</strong></span> <span class='ocrx_word' id='word_1_102' title='bbox 577 1307 691 1378; x_wconf 76' lang='lat' dir='ltr'><strong>Ego</strong></span> <span class='ocrx_word' id='word_1_103' title='bbox 721 1324 838 1362; x_wconf 85' lang='lat' dir='ltr'><strong>sum</strong></span> <span class='ocrx_word' id='word_1_104' title='bbox 856 1318 1100 1363; x_wconf 80' lang='lat' dir='ltr'><strong>scrutans</strong></span> <span class='ocrx_word' id='word_1_105' title='bbox 1140 1324 1287 1365; x_wconf 79' lang='lat' dir='ltr'><strong>renes</strong></span> <span class='ocrx_word' id='word_1_106' title='bbox 1336 1319 1385 1364; x_wconf 88' lang='lat' dir='ltr'><strong>et</strong></span> <span class='ocrx_word' id='word_1_107' title='bbox 1423 1310 1606 1366; x_wconf 88' lang='lat' dir='ltr'><strong>corda.</strong></span> <span class='ocrx_word' id='word_1_108' title='bbox 1637 1308 1804 1379; x_wconf 86' lang='lat' dir='ltr'><strong>Cujus</strong></span> <span class='ocrx_word' id='word_1_109' title='bbox 1831 1323 2012 1365; x_wconf 88' lang='lat' dir='ltr'><strong>sermo</strong></span> 
     </span>
    </p>
   </div>
   <div class='ocr_carea' id='block_1_16' title="bbox 418 1380 2011 1474">
    <p class='ocr_par' dir='ltr' id='par_1_16' title="bbox 418 1380 2011 1474">
     <span class='ocr_line' id='line_1_16' title="bbox 418 1380 2011 1474; baseline 0.004 -23"><span class='ocrx_word' id='word_1_110' title='bbox 418 1408 504 1453; x_wconf 81' lang='lat' dir='ltr'><strong>est</strong></span> <span class='ocrx_word' id='word_1_111' title='bbox 534 1400 691 1455; x_wconf 85' lang='lat' dir='ltr'><strong>vivus</strong></span> <span class='ocrx_word' id='word_1_112' title='bbox 713 1407 769 1454; x_wconf 90' lang='lat' dir='ltr'><strong>et</strong></span> <span class='ocrx_word' id='word_1_113' title='bbox 791 1398 1003 1464; x_wconf 78' lang='lat' dir='ltr'><strong>ellicax,</strong></span> <span class='ocrx_word' id='word_1_114' title='bbox 1029 1380 1085 1455; x_wconf 77' lang='lat' dir='ltr'><strong>et</strong></span> <span class='ocrx_word' id='word_1_115' title='bbox 1108 1402 1497 1470; x_wconf 87' lang='lat' dir='ltr'><strong>penetrabilior</strong></span> <span class='ocrx_word' id='word_1_116' title='bbox 1523 1402 1669 1459; x_wconf 89' lang='lat' dir='ltr'><strong>omni</strong></span> <span class='ocrx_word' id='word_1_117' title='bbox 1707 1402 1886 1474; x_wconf 88' lang='lat' dir='ltr'><strong>gladio</strong></span> <span class='ocrx_word' id='word_1_118' title='bbox 1914 1417 2011 1457; x_wconf 91' lang='lat' dir='ltr'><strong>an-</strong></span> 
     </span>
    </p>
   </div>
   <div class='ocr_carea' id='block_1_17' title="bbox 419 1490 2012 1563">
    <p class='ocr_par' dir='ltr' id='par_1_17' title="bbox 419 1490 2012 1563">
     <span class='ocr_line' id='line_1_17' title="bbox 419 1490 2012 1563; baseline 0.003 -19"><span class='ocrx_word' id='word_1_119' title='bbox 419 1490 594 1560; x_wconf 87' lang='lat' dir='ltr'><strong>cipiti,</strong></span> <span class='ocrx_word' id='word_1_120' title='bbox 624 1498 680 1546; x_wconf 84' lang='lat' dir='ltr'><strong>et</strong></span> <span class='ocrx_word' id='word_1_121' title='bbox 706 1491 1021 1563; x_wconf 74' lang='lat' dir='ltr'><strong>pertingens</strong></span> <span class='ocrx_word' id='word_1_122' title='bbox 1067 1506 1240 1562; x_wconf 87' lang='lat' dir='ltr'><strong>usque</strong></span> <span class='ocrx_word' id='word_1_123' title='bbox 1277 1494 1346 1550; x_wconf 90' lang='lat' dir='ltr'><strong>ad</strong></span> <span class='ocrx_word' id='word_1_124' title='bbox 1383 1493 1706 1550; x_wconf 87' lang='lat' dir='ltr'><strong>divisionem</strong></span> <span class='ocrx_word' id='word_1_125' title='bbox 1731 1494 1925 1551; x_wconf 72' lang='lat' dir='ltr'><strong>anima:</strong></span> <span class='ocrx_word' id='word_1_126' title='bbox 1945 1508 2012 1548; x_wconf 89' lang='lat' dir='ltr'><strong>ac</strong></span> 
     </span>
    </p>
   </div>
   <div class='ocr_carea' id='block_1_18' title="bbox 420 1580 2012 1652">
    <p class='ocr_par' dir='ltr' id='par_1_18' title="bbox 420 1580 2012 1652">
     <span class='ocr_line' id='line_1_18' title="bbox 420 1580 2012 1652; baseline 0.003 -20"><span class='ocrx_word' id='word_1_127' title='bbox 420 1580 665 1649; x_wconf 83' lang='lat' dir='ltr'><strong>spiritus,</strong></span> <span class='ocrx_word' id='word_1_128' title='bbox 723 1594 1043 1652; x_wconf 85' lang='lat' dir='ltr'><strong>eompagum</strong></span> <span class='ocrx_word' id='word_1_129' title='bbox 1078 1596 1293 1652; x_wconf 87' lang='lat' dir='ltr'><strong>quoque</strong></span> <span class='ocrx_word' id='word_1_130' title='bbox 1335 1596 1403 1638; x_wconf 90' lang='lat' dir='ltr'><strong>ac</strong></span> <span class='ocrx_word' id='word_1_131' title='bbox 1428 1582 1808 1649; x_wconf 87' lang='lat' dir='ltr'><strong>medullarum,</strong></span> <span class='ocrx_word' id='word_1_132' title='bbox 1837 1591 1893 1637; x_wconf 89' lang='lat' dir='ltr'><strong>et</strong></span> <span class='ocrx_word' id='word_1_133' title='bbox 1927 1590 2012 1638; x_wconf 90' lang='lat' dir='ltr'><strong>est</strong></span> 
     </span>
    </p>
   </div>
   <div class='ocr_carea' id='block_1_19' title="bbox 2120 396 3710 475">
    <p class='ocr_par' dir='ltr' id='par_1_19' title="bbox 2120 396 3710 475">
     <span class='ocr_line' id='line_1_19' title="bbox 2120 396 3710 475; baseline 0.009 -26"><span class='ocrx_word' id='word_1_134' title='bbox 2120 404 2263 460; x_wconf 88' lang='lat' dir='ltr'><strong>rant,</strong></span> <span class='ocrx_word' id='word_1_135' title='bbox 2306 396 2457 467; x_wconf 88' lang='lat' dir='ltr'><strong>prius</strong></span> <span class='ocrx_word' id='word_1_136' title='bbox 2512 397 2600 451; x_wconf 88' lang='lat' dir='ltr'><strong>illa</strong></span> <span class='ocrx_word' id='word_1_137' title='bbox 2633 412 2754 452; x_wconf 93' lang='lat' dir='ltr'><strong>cum</strong></span> <span class='ocrx_word' id='word_1_138' title='bbox 2787 398 2985 469; x_wconf 85' lang='lat' dir='ltr'><strong>quibus</strong></span> <span class='ocrx_word' id='word_1_139' title='bbox 3036 400 3180 455; x_wconf 88' lang='lat' dir='ltr'><strong>salus</strong></span> <span class='ocrx_word' id='word_1_140' title='bbox 3214 413 3491 473; x_wconf 83' lang='lat' dir='ltr'><strong>operatur,</strong></span> <span class='ocrx_word' id='word_1_141' title='bbox 3521 406 3572 461; x_wconf 88' lang='lat' dir='ltr'><strong>id</strong></span> <span class='ocrx_word' id='word_1_142' title='bbox 3606 418 3710 475; x_wconf 85' lang='lat' dir='ltr'><strong>est,</strong></span> 
     </span>
    </p>
   </div>
   <div class='ocr_carea' id='block_1_20' title="bbox 2118 484 3684 560">
    <p class='ocr_par' dir='ltr' id='par_1_20' title="bbox 2118 484 3684 560">
     <span class='ocr_line' id='line_1_20' title="bbox 2118 484 3684 560; baseline 0.009 -22"><span class='ocrx_word' id='word_1_143' title='bbox 2118 484 2282 539; x_wconf 87' lang='lat' dir='ltr'><strong>timor</strong></span> <span class='ocrx_word' id='word_1_144' title='bbox 2310 494 2364 540; x_wconf 90' lang='lat' dir='ltr'><strong>et</strong></span> <span class='ocrx_word' id='word_1_145' title='bbox 2393 494 2617 553; x_wconf 86' lang='lat' dir='ltr'><strong>tremor,</strong></span> <span class='ocrx_word' id='word_1_146' title='bbox 2646 487 2700 541; x_wconf 91' lang='lat' dir='ltr'><strong>in</strong></span> <span class='ocrx_word' id='word_1_147' title='bbox 2728 487 2923 543; x_wconf 89' lang='lat' dir='ltr'><strong>studiis</strong></span> <span class='ocrx_word' id='word_1_148' title='bbox 2953 489 3153 544; x_wconf 88' lang='lat' dir='ltr'><strong>nostris</strong></span> <span class='ocrx_word' id='word_1_149' title='bbox 3186 489 3506 560; x_wconf 82' lang='lat' dir='ltr'><strong>fundentur;</strong></span> <span class='ocrx_word' id='word_1_150' title='bbox 3539 503 3600 550; x_wconf 89' lang='lat' dir='ltr'><strong>ut</strong></span> <span class='ocrx_word' id='word_1_151' title='bbox 3621 512 3684 552; x_wconf 88' lang='lat' dir='ltr'><strong>su</strong></span> 
     </span>
    </p>
   </div>
   <div class='ocr_carea' id='block_1_21' title="bbox 2115 574 3712 653">
    <p class='ocr_par' dir='ltr' id='par_1_21' title="bbox 2115 574 3712 653">
     <span class='ocr_line' id='line_1_21' title="bbox 2115 574 3712 653; baseline 0.01 -27"><span class='ocrx_word' id='word_1_152' title='bbox 2115 574 2479 644; x_wconf 89' lang='lat' dir='ltr'><strong>perponenda,</strong></span> <span class='ocrx_word' id='word_1_153' title='bbox 2509 576 2635 645; x_wconf 87' lang='lat' dir='ltr'><strong>quia</strong></span> <span class='ocrx_word' id='word_1_154' title='bbox 2673 574 2918 632; x_wconf 81' lang='lat' dir='ltr'><strong>faciliora</strong></span> <span class='ocrx_word' id='word_1_155' title='bbox 2950 586 3098 645; x_wconf 90' lang='lat' dir='ltr'><strong>sunt,</strong></span> <span class='ocrx_word' id='word_1_156' title='bbox 3124 579 3350 635; x_wconf 91' lang='lat' dir='ltr'><strong>istarum</strong></span> <span class='ocrx_word' id='word_1_157' title='bbox 3389 583 3712 653; x_wconf 84' lang='lat' dir='ltr'><strong>impulsione</strong></span> 
     </span>
    </p>
   </div>
   <div class='ocr_carea' id='block_1_22' title="bbox 2116 665 3711 736">
    <p class='ocr_par' dir='ltr' id='par_1_22' title="bbox 2116 665 3711 736">
     <span class='ocr_line' id='line_1_22' title="bbox 2116 665 3711 736; baseline 0.011 -19"><span class='ocrx_word' id='word_1_158' title='bbox 2116 665 2423 719; x_wconf 88' lang='lat' dir='ltr'><strong>necessario</strong></span> <span class='ocrx_word' id='word_1_159' title='bbox 2455 667 2821 736; x_wconf 90' lang='lat' dir='ltr'><strong>requirantur.</strong></span> <span class='ocrx_word' id='word_1_160' title='bbox 2862 666 2999 722; x_wconf 89' lang='lat' dir='ltr'><strong>Nam</strong></span> <span class='ocrx_word' id='word_1_161' title='bbox 3044 676 3100 725; x_wconf 89' lang='lat' dir='ltr'><strong>et</strong></span> <span class='ocrx_word' id='word_1_162' title='bbox 3130 671 3379 728; x_wconf 89' lang='lat' dir='ltr'><strong>naturale</strong></span> <span class='ocrx_word' id='word_1_163' title='bbox 3408 684 3493 729; x_wconf 91' lang='lat' dir='ltr'><strong>est</strong></span> <span class='ocrx_word' id='word_1_164' title='bbox 3517 678 3711 734; x_wconf 80' lang='lat' dir='ltr'><strong>animze</strong></span> 
     </span>
    </p>
   </div>
   <div class='ocr_carea' id='block_1_23' title="bbox 2114 753 3709 831">
    <p class='ocr_par' dir='ltr' id='par_1_23' title="bbox 2114 753 3709 831">
     <span class='ocr_line' id='line_1_23' title="bbox 2114 753 3709 831; baseline 0.012 -24"><span class='ocrx_word' id='word_1_165' title='bbox 2114 753 2386 822; x_wconf 72' lang='lat' dir='ltr'><strong>humanm,</strong></span> <span class='ocrx_word' id='word_1_166' title='bbox 2418 764 2479 811; x_wconf 92' lang='lat' dir='ltr'><strong>ut</strong></span> <span class='ocrx_word' id='word_1_167' title='bbox 2506 756 2757 812; x_wconf 87' lang='lat' dir='ltr'><strong>timorem</strong></span> <span class='ocrx_word' id='word_1_168' title='bbox 2787 774 2895 813; x_wconf 91' lang='lat' dir='ltr'><strong>non</strong></span> <span class='ocrx_word' id='word_1_169' title='bbox 2924 760 3041 814; x_wconf 89' lang='lat' dir='ltr'><strong>sine</strong></span> <span class='ocrx_word' id='word_1_170' title='bbox 3089 765 3321 831; x_wconf 88' lang='lat' dir='ltr'><strong>quadam</strong></span> <span class='ocrx_word' id='word_1_171' title='bbox 3346 766 3594 823; x_wconf 86' lang='lat' dir='ltr'><strong>molestia</strong></span> <span class='ocrx_word' id='word_1_172' title='bbox 3625 778 3709 826; x_wconf 88' lang='lat' dir='ltr'><strong>to-</strong></span> 
     </span>
    </p>
   </div>
   <div class='ocr_carea' id='block_1_24' title="bbox 2112 845 3703 930">
    <p class='ocr_par' dir='ltr' id='par_1_24' title="bbox 2112 845 3703 930">
     <span class='ocr_line' id='line_1_24' title="bbox 2112 845 3703 930; baseline 0.012 -29"><span class='ocrx_word' id='word_1_173' title='bbox 2112 845 2315 917; x_wconf 91' lang='lat' dir='ltr'><strong>lerans,</strong></span> <span class='ocrx_word' id='word_1_174' title='bbox 2355 866 2572 905; x_wconf 89' lang='lat' dir='ltr'><strong>rursum</strong></span> <span class='ocrx_word' id='word_1_175' title='bbox 2602 859 2795 921; x_wconf 88' lang='lat' dir='ltr'><strong>sponte</strong></span> <span class='ocrx_word' id='word_1_176' title='bbox 2825 853 2893 907; x_wconf 89' lang='lat' dir='ltr'><strong>ad</strong></span> <span class='ocrx_word' id='word_1_177' title='bbox 2939 868 3091 925; x_wconf 85' lang='lat' dir='ltr'><strong>Spem</strong></span> <span class='ocrx_word' id='word_1_178' title='bbox 3148 873 3435 915; x_wconf 87' lang='lat' dir='ltr'><strong>recurrere</strong></span> <span class='ocrx_word' id='word_1_179' title='bbox 3462 861 3703 930; x_wconf 83' lang='lat' dir='ltr'><strong>festinet,</strong></span> 
     </span>
    </p>
   </div>
   <div class='ocr_carea' id='block_1_25' title="bbox 2113 940 3707 1015">
    <p class='ocr_par' dir='ltr' id='par_1_25' title="bbox 2113 940 3707 1015">
     <span class='ocr_line' id='line_1_25' title="bbox 2113 940 3707 1015; baseline 0.009 -20"><span class='ocrx_word' id='word_1_180' title='bbox 2113 957 2234 1012; x_wconf 78' lang='lat' dir='ltr'><strong>quae</strong></span> <span class='ocrx_word' id='word_1_181' title='bbox 2259 940 2434 998; x_wconf 69' lang='lat' dir='ltr'><strong>laetior</strong></span> <span class='ocrx_word' id='word_1_182' title='bbox 2460 952 2712 1012; x_wconf 89' lang='lat' dir='ltr'><strong>putatur;</strong></span> <span class='ocrx_word' id='word_1_183' title='bbox 2748 959 3060 1015; x_wconf 86' lang='lat' dir='ltr'><strong>quanquam</strong></span> <span class='ocrx_word' id='word_1_184' title='bbox 3096 947 3258 1002; x_wconf 90' lang='lat' dir='ltr'><strong>timor</strong></span> <span class='ocrx_word' id='word_1_185' title='bbox 3280 965 3388 1005; x_wconf 92' lang='lat' dir='ltr'><strong>non</strong></span> <span class='ocrx_word' id='word_1_186' title='bbox 3418 953 3488 1006; x_wconf 89' lang='lat' dir='ltr'><strong>sit</strong></span> <span class='ocrx_word' id='word_1_187' title='bbox 3524 955 3707 1008; x_wconf 84' lang='lat' dir='ltr'><strong>minus</strong></span> 
     </span>
    </p>
   </div>
   <div class='ocr_carea' id='block_1_26' title="bbox 2112 1032 3707 1108">
    <p class='ocr_par' dir='ltr' id='par_1_26' title="bbox 2112 1032 3707 1108">
     <span class='ocr_line' id='line_1_26' title="bbox 2112 1032 3707 1108; baseline 0.009 -23"><span class='ocrx_word' id='word_1_188' title='bbox 2112 1032 2453 1087; x_wconf 89' lang='lat' dir='ltr'><strong>necessarius</strong></span> <span class='ocrx_word' id='word_1_189' title='bbox 2483 1040 2538 1088; x_wconf 93' lang='lat' dir='ltr'><strong>et</strong></span> <span class='ocrx_word' id='word_1_190' title='bbox 2580 1033 2748 1088; x_wconf 90' lang='lat' dir='ltr'><strong>utilis.</strong></span> <span class='ocrx_word' id='word_1_191' title='bbox 2788 1034 2924 1102; x_wconf 83' lang='lat' dir='ltr'><strong>Quia</strong></span> <span class='ocrx_word' id='word_1_192' title='bbox 2964 1036 3128 1108; x_wconf 80' lang='lat' dir='ltr'><strong>igitur</strong></span> <span class='ocrx_word' id='word_1_193' title='bbox 3160 1038 3205 1093; x_wconf 90' lang='lat' dir='ltr'><strong>si</strong></span> <span class='ocrx_word' id='word_1_194' title='bbox 3238 1039 3304 1095; x_wconf 89' lang='lat' dir='ltr'><strong>de</strong></span> <span class='ocrx_word' id='word_1_195' title='bbox 3349 1041 3601 1099; x_wconf 88' lang='lat' dir='ltr'><strong>omnibus</strong></span> <span class='ocrx_word' id='word_1_196' title='bbox 3626 1045 3707 1099; x_wconf 89' lang='lat' dir='ltr'><strong>di-</strong></span> 
     </span>
    </p>
   </div>
   <div class='ocr_carea' id='block_1_27' title="bbox 2111 1121 3706 1201">
    <p class='ocr_par' dir='ltr' id='par_1_27' title="bbox 2111 1121 3706 1201">
     <span class='ocr_line' id='line_1_27' title="bbox 2111 1121 3706 1201; baseline 0.01 -26"><span class='ocrx_word' id='word_1_197' title='bbox 2111 1121 2253 1176; x_wconf 88' lang='lat' dir='ltr'><strong>vinis</strong></span> <span class='ocrx_word' id='word_1_198' title='bbox 2282 1122 2436 1178; x_wconf 87' lang='lat' dir='ltr'><strong>libris</strong></span> <span class='ocrx_word' id='word_1_199' title='bbox 2467 1122 2771 1192; x_wconf 87' lang='lat' dir='ltr'><strong>hujusmodi</strong></span> <span class='ocrx_word' id='word_1_200' title='bbox 2799 1127 3098 1182; x_wconf 87' lang='lat' dir='ltr'><strong>sententias</strong></span> <span class='ocrx_word' id='word_1_201' title='bbox 3149 1132 3511 1201; x_wconf 77' lang='lat' dir='ltr'><strong>excerpimus,</strong></span> <span class='ocrx_word' id='word_1_202' title='bbox 3544 1136 3706 1192; x_wconf 91' lang='lat' dir='ltr'><strong>nimis</strong></span> 
     </span>
    </p>
   </div>
   <div class='ocr_carea' id='block_1_28' title="bbox 2110 1213 3706 1286">
    <p class='ocr_par' dir='ltr' id='par_1_28' title="bbox 2110 1213 3706 1286">
     <span class='ocr_line' id='line_1_28' title="bbox 2110 1213 3706 1286; baseline 0.009 -19"><span class='ocrx_word' id='word_1_203' title='bbox 2110 1213 2379 1283; x_wconf 82' lang='lat' dir='ltr'><strong>prolixum</strong></span> <span class='ocrx_word' id='word_1_204' title='bbox 2408 1230 2542 1286; x_wconf 90' lang='lat' dir='ltr'><strong>opus</strong></span> <span class='ocrx_word' id='word_1_205' title='bbox 2576 1214 2807 1271; x_wconf 70' lang='lat' dir='ltr'><strong>efﬁcitur</strong></span> <span class='ocrx_word' id='word_1_206' title='bbox 2832 1258 2847 1282; x_wconf 88' lang='lat'><strong>,</strong></span> <span class='ocrx_word' id='word_1_207' title='bbox 2896 1217 3016 1273; x_wconf 91' lang='lat' dir='ltr'><strong>illas</strong></span> <span class='ocrx_word' id='word_1_208' title='bbox 3043 1234 3188 1275; x_wconf 89' lang='lat' dir='ltr'><strong>nunc</strong></span> <span class='ocrx_word' id='word_1_209' title='bbox 3241 1222 3397 1277; x_wconf 90' lang='lat' dir='ltr'><strong>nobis</strong></span> <span class='ocrx_word' id='word_1_210' title='bbox 3427 1237 3706 1282; x_wconf 86' lang='lat' dir='ltr'><strong>assumere</strong></span> 
     </span>
    </p>
   </div>
   <div class='ocr_carea' id='block_1_29' title="bbox 2111 1306 3702 1388">
    <p class='ocr_par' dir='ltr' id='par_1_29' title="bbox 2111 1306 3702 1388">
     <span class='ocr_line' id='line_1_29' title="bbox 2111 1306 3702 1388; baseline 0.008 -27"><span class='ocrx_word' id='word_1_211' title='bbox 2111 1306 2479 1378; x_wconf 73' lang='lat' dir='ltr'><strong>sulliciatquzc</strong></span> <span class='ocrx_word' id='word_1_212' title='bbox 2502 1308 2555 1361; x_wconf 93' lang='lat' dir='ltr'><strong>in</strong></span> <span class='ocrx_word' id='word_1_213' title='bbox 2583 1318 2835 1380; x_wconf 87' lang='lat' dir='ltr'><strong>promptu</strong></span> <span class='ocrx_word' id='word_1_214' title='bbox 2859 1310 3149 1379; x_wconf 84' lang='lat' dir='ltr'><strong>habentur;</strong></span> <span class='ocrx_word' id='word_1_215' title='bbox 3177 1322 3233 1368; x_wconf 89' lang='lat' dir='ltr'><strong>et</strong></span> <span class='ocrx_word' id='word_1_216' title='bbox 3275 1318 3451 1388; x_wconf 86' lang='lat' dir='ltr'><strong>magis</strong></span> <span class='ocrx_word' id='word_1_217' title='bbox 3481 1317 3536 1372; x_wconf 92' lang='lat' dir='ltr'><strong>in</strong></span> <span class='ocrx_word' id='word_1_218' title='bbox 3570 1335 3702 1385; x_wconf 91' lang='lat' dir='ltr'><strong>usu;</strong></span> 
     </span>
    </p>
   </div>
   <div class='ocr_carea' id='block_1_30' title="bbox 2111 1398 3703 1480">
    <p class='ocr_par' dir='ltr' id='par_1_30' title="bbox 2111 1398 3703 1480">
     <span class='ocr_line' id='line_1_30' title="bbox 2111 1398 3703 1480; baseline 0.009 -29"><span class='ocrx_word' id='word_1_219' title='bbox 2111 1398 2347 1453; x_wconf 82' lang='lat' dir='ltr'><strong>maxime</strong></span> <span class='ocrx_word' id='word_1_220' title='bbox 2369 1398 2492 1469; x_wconf 88' lang='lat' dir='ltr'><strong>quia</strong></span> <span class='ocrx_word' id='word_1_221' title='bbox 2528 1407 2584 1453; x_wconf 91' lang='lat' dir='ltr'><strong>et</strong></span> <span class='ocrx_word' id='word_1_222' title='bbox 2630 1414 2725 1453; x_wconf 87' lang='lat' dir='ltr'><strong>vos</strong></span> <span class='ocrx_word' id='word_1_223' title='bbox 2763 1400 2870 1455; x_wconf 91' lang='lat' dir='ltr'><strong>tale</strong></span> <span class='ocrx_word' id='word_1_224' title='bbox 2922 1400 3040 1456; x_wconf 87' lang='lat' dir='ltr'><strong>ﬁeri</strong></span> <span class='ocrx_word' id='word_1_225' title='bbox 3091 1403 3333 1475; x_wconf 90' lang='lat' dir='ltr'><strong>jussistis</strong></span> <span class='ocrx_word' id='word_1_226' title='bbox 3363 1422 3521 1477; x_wconf 90' lang='lat' dir='ltr'><strong>opus,</strong></span> <span class='ocrx_word' id='word_1_227' title='bbox 3559 1410 3703 1480; x_wconf 89' lang='lat' dir='ltr'><strong>quod</strong></span> 
     </span>
    </p>
   </div>
   <div class='ocr_carea' id='block_1_31' title="bbox 2109 1489 3704 1565">
    <p class='ocr_par' dir='ltr' id='par_1_31' title="bbox 2109 1489 3704 1565">
     <span class='ocr_line' id='line_1_31' title="bbox 2109 1489 3704 1565; baseline 0.006 -21"><span class='ocrx_word' id='word_1_228' title='bbox 2109 1489 2385 1560; x_wconf 90' lang='lat' dir='ltr'><strong>paulisper</strong></span> <span class='ocrx_word' id='word_1_229' title='bbox 2408 1505 2572 1545; x_wconf 90' lang='lat' dir='ltr'><strong>manu</strong></span> <span class='ocrx_word' id='word_1_230' title='bbox 2602 1499 2864 1560; x_wconf 77' lang='lat' dir='ltr'><strong>gestetur,</strong></span> <span class='ocrx_word' id='word_1_231' title='bbox 2905 1510 3012 1548; x_wconf 90' lang='lat' dir='ltr'><strong>non</strong></span> <span class='ocrx_word' id='word_1_232' title='bbox 3063 1497 3208 1565; x_wconf 88' lang='lat' dir='ltr'><strong>quod</strong></span> <span class='ocrx_word' id='word_1_233' title='bbox 3261 1498 3315 1551; x_wconf 90' lang='lat' dir='ltr'><strong>in</strong></span> <span class='ocrx_word' id='word_1_234' title='bbox 3356 1500 3593 1556; x_wconf 89' lang='lat' dir='ltr'><strong>armario</strong></span> <span class='ocrx_word' id='word_1_235' title='bbox 3618 1500 3704 1554; x_wconf 89' lang='lat' dir='ltr'><strong>vel</strong></span> 
     </span>
    </p>
   </div>
   <div class='ocr_carea' id='block_1_32' title="bbox 2112 1582 3703 1659">
    <p class='ocr_par' dir='ltr' id='par_1_32' title="bbox 2112 1582 3703 1659">
     <span class='ocr_line' id='line_1_32' title="bbox 2112 1582 3703 1659; baseline 0.008 -25"><span class='ocrx_word' id='word_1_236' title='bbox 2112 1582 2166 1637; x_wconf 90' lang='lat' dir='ltr'><strong>in</strong></span> <span class='ocrx_word' id='word_1_237' title='bbox 2197 1582 2400 1637; x_wconf 90' lang='lat' dir='ltr'><strong>scrinio</strong></span> <span class='ocrx_word' id='word_1_238' title='bbox 2433 1592 2760 1638; x_wconf 83' lang='lat' dir='ltr'><strong>reservetur.</strong></span> <span class='ocrx_word' id='word_1_239' title='bbox 2796 1582 2923 1639; x_wconf 76' lang='lat' dir='ltr'><strong>Hzec</strong></span> <span class='ocrx_word' id='word_1_240' title='bbox 2980 1586 3113 1640; x_wconf 91' lang='lat' dir='ltr'><strong>mihi</strong></span> <span class='ocrx_word' id='word_1_241' title='bbox 3172 1588 3339 1659; x_wconf 83' lang='lat' dir='ltr'><strong>igitur</strong></span> <span class='ocrx_word' id='word_1_242' title='bbox 3370 1602 3394 1629; x_wconf 74' lang='grc' dir='ltr'>α</span> <span class='ocrx_word' id='word_1_243' title='bbox 3427 1590 3703 1647; x_wconf 88' lang='lat' dir='ltr'><strong>inchoanti</strong></span> 
     </span>
    </p>
   </div>
   <div class='ocr_carea' id='block_1_33' title="bbox 420 1664 3703 1753">
    <p class='ocr_par' dir='ltr' id='par_1_33' title="bbox 420 1664 3703 1753">
     <span class='ocr_line' id='line_1_33' title="bbox 420 1664 3703 1753; baseline 0.003 -28"><span class='ocrx_word' id='word_1_244' title='bbox 420 1672 688 1733; x_wconf 85' lang='lat' dir='ltr'><strong>discretor</strong></span> <span class='ocrx_word' id='word_1_245' title='bbox 714 1672 1104 1743; x_wconf 74' lang='lat' dir='ltr'><strong>cogitationum</strong></span> <span class='ocrx_word' id='word_1_246' title='bbox 1126 1682 1181 1728; x_wconf 92' lang='lat' dir='ltr'><strong>et</strong></span> <span class='ocrx_word' id='word_1_247' title='bbox 1198 1674 1557 1730; x_wconf 89' lang='lat' dir='ltr'><strong>intentionum</strong></span> <span class='ocrx_word' id='word_1_248' title='bbox 1582 1675 1798 1741; x_wconf 88' lang='lat' dir='ltr'><strong>cordis;</strong></span> <span class='ocrx_word' id='word_1_249' title='bbox 1829 1674 2010 1730; x_wconf 86' lang='lat' dir='ltr'><strong>sciens</strong></span> <span class='ocrx_word' id='word_1_250' title='bbox 2037 1664 2086 1722; x_wconf 88' lang='grc' dir='ltr'><strong>Β</strong></span> <span class='ocrx_word' id='word_1_251' title='bbox 2111 1671 2307 1727; x_wconf 59' lang='lat' dir='ltr'><strong>obtulit</strong></span> <span class='ocrx_word' id='word_1_252' title='bbox 2341 1687 2399 1728; x_wconf 93' lang='lat' dir='ltr'><strong>se</strong></span> <span class='ocrx_word' id='word_1_253' title='bbox 2422 1674 2599 1744; x_wconf 90' lang='lat' dir='ltr'><strong>prima</strong></span> <span class='ocrx_word' id='word_1_254' title='bbox 2629 1674 2722 1729; x_wconf 92' lang='lat' dir='ltr'><strong>illa</strong></span> <span class='ocrx_word' id='word_1_255' title='bbox 2747 1675 3019 1731; x_wconf 89' lang='lat' dir='ltr'><strong>sententia</strong></span> <span class='ocrx_word' id='word_1_256' title='bbox 3058 1679 3271 1748; x_wconf 88' lang='lat' dir='ltr'><strong>septimi</strong></span> <span class='ocrx_word' id='word_1_257' title='bbox 3294 1678 3508 1750; x_wconf 87' lang='lat' dir='ltr'><strong>psalmi,</strong></span> <span class='ocrx_word' id='word_1_258' title='bbox 3538 1697 3703 1753; x_wconf 87' lang='lat' dir='ltr'><strong>quam</strong></span> 
     </span>
    </p>
   </div>
   <div class='ocr_carea' id='block_1_34' title="bbox 372 1762 2008 1821">
    <p class='ocr_par' dir='ltr' id='par_1_34' title="bbox 372 1762 2008 1821">
     <span class='ocr_line' id='line_1_34' title="bbox 372 1762 2008 1821; baseline 0.004 -9"><span class='ocrx_word' id='word_1_259' title='bbox 372 1798 385 1811; x_wconf 56' lang='grc' dir='ltr'><strong>κ</strong></span> <span class='ocrx_word' id='word_1_260' title='bbox 420 1772 657 1818; x_wconf 76' lang='lat' dir='ltr'><strong>mentem</strong></span> <span class='ocrx_word' id='word_1_261' title='bbox 695 1764 986 1818; x_wconf 86' lang='lat' dir='ltr'><strong>humanam</strong></span> <span class='ocrx_word' id='word_1_262' title='bbox 1008 1762 1098 1819; x_wconf 82' lang='lat' dir='ltr'><strong>his</strong></span> <span class='ocrx_word' id='word_1_263' title='bbox 1141 1764 1352 1821; x_wconf 88' lang='lat' dir='ltr'><strong>duabus</strong></span> <span class='ocrx_word' id='word_1_264' title='bbox 1402 1764 1697 1820; x_wconf 87' lang='lat' dir='ltr'><strong>virtutibus</strong></span> <span class='ocrx_word' id='word_1_265' title='bbox 1728 1765 1785 1819; x_wconf 91' lang='lat' dir='ltr'><strong>in</strong></span> <span class='ocrx_word' id='word_1_266' title='bbox 1832 1763 2008 1819; x_wconf 89' lang='lat' dir='ltr'><strong>medi-</strong></span> 
     </span>
    </p>
   </div>
   <div class='ocr_carea' id='block_1_35' title="bbox 417 1854 2005 1927">
    <p class='ocr_par' dir='ltr' id='par_1_35' title="bbox 417 1854 2005 1927">
     <span class='ocr_line' id='line_1_35' title="bbox 417 1854 2005 1927; baseline 0.003 -20"><span class='ocrx_word' id='word_1_267' title='bbox 417 1854 572 1908; x_wconf 82' lang='lat' dir='ltr'><strong>tullio</strong></span> <span class='ocrx_word' id='word_1_268' title='bbox 626 1854 893 1912; x_wconf 81' lang='lat' dir='ltr'><strong>stabiliter</strong></span> <span class='ocrx_word' id='word_1_269' title='bbox 955 1871 1115 1925; x_wconf 87' lang='lat' dir='ltr'><strong>posse</strong></span> <span class='ocrx_word' id='word_1_270' title='bbox 1166 1856 1391 1912; x_wconf 86' lang='lat' dir='ltr'><strong>servari.</strong></span> <span class='ocrx_word' id='word_1_271' title='bbox 1448 1857 1584 1913; x_wconf 89' lang='lat' dir='ltr'><strong>Cum</strong></span> <span class='ocrx_word' id='word_1_272' title='bbox 1624 1857 1742 1913; x_wconf 71' lang='lat' dir='ltr'><strong>haec</strong></span> <span class='ocrx_word' id='word_1_273' title='bbox 1768 1872 1897 1927; x_wconf 85' lang='lat' dir='ltr'><strong>ergo</strong></span> <span class='ocrx_word' id='word_1_274' title='bbox 1929 1857 2005 1912; x_wconf 90' lang='lat' dir='ltr'><strong>ita</strong></span> 
     </span>
    </p>
   </div>
   <div class='ocr_carea' id='block_1_36' title="bbox 415 1944 2007 2017">
    <p class='ocr_par' dir='ltr' id='par_1_36' title="bbox 415 1944 2007 2017">
     <span class='ocr_line' id='line_1_36' title="bbox 415 1944 2007 2017; baseline 0.004 -19"><span class='ocrx_word' id='word_1_275' title='bbox 415 1944 549 2008; x_wconf 89' lang='lat' dir='ltr'><strong>sint,</strong></span> <span class='ocrx_word' id='word_1_276' title='bbox 601 1945 774 1999; x_wconf 78' lang='lat' dir='ltr'><strong>visum</strong></span> <span class='ocrx_word' id='word_1_277' title='bbox 830 1945 962 2003; x_wconf 86' lang='lat' dir='ltr'><strong>mihi</strong></span> <span class='ocrx_word' id='word_1_278' title='bbox 992 1954 1079 2001; x_wconf 90' lang='lat' dir='ltr'><strong>est</strong></span> <span class='ocrx_word' id='word_1_279' title='bbox 1121 1955 1185 2003; x_wconf 90' lang='lat' dir='ltr'><strong>ut</strong></span> <span class='ocrx_word' id='word_1_280' title='bbox 1208 1947 1447 2017; x_wconf 88' lang='lat' dir='ltr'><strong>primum</strong></span> <span class='ocrx_word' id='word_1_281' title='bbox 1475 1948 1543 2004; x_wconf 89' lang='lat' dir='ltr'><strong>de</strong></span> <span class='ocrx_word' id='word_1_282' title='bbox 1582 1947 1695 2003; x_wconf 86' lang='lat' dir='ltr'><strong>illis</strong></span> <span class='ocrx_word' id='word_1_283' title='bbox 1719 1949 2007 2005; x_wconf 80' lang='lat' dir='ltr'><strong>sententiis</strong></span> 
     </span>
    </p>
   </div>
   <div class='ocr_carea' id='block_1_37' title="bbox 414 2035 2006 2109">
    <p class='ocr_par' dir='ltr' id='par_1_37' title="bbox 414 2035 2006 2109">
     <span class='ocr_line' id='line_1_37' title="bbox 414 2035 2006 2109; baseline 0.005 -21"><span class='ocrx_word' id='word_1_284' title='bbox 414 2051 535 2105; x_wconf 71' lang='lat' dir='ltr'><strong>qum</strong></span> <span class='ocrx_word' id='word_1_285' title='bbox 567 2035 632 2088; x_wconf 89' lang='lat' dir='ltr'><strong>ad</strong></span> <span class='ocrx_word' id='word_1_286' title='bbox 657 2035 967 2091; x_wconf 87' lang='lat' dir='ltr'><strong>inferiorem</strong></span> <span class='ocrx_word' id='word_1_287' title='bbox 1011 2036 1210 2093; x_wconf 87' lang='lat' dir='ltr'><strong>molam</strong></span> <span class='ocrx_word' id='word_1_288' title='bbox 1256 2038 1551 2109; x_wconf 87' lang='lat' dir='ltr'><strong>pertinent,</strong></span> <span class='ocrx_word' id='word_1_289' title='bbox 1583 2040 1638 2096; x_wconf 89' lang='lat' dir='ltr'><strong>id</strong></span> <span class='ocrx_word' id='word_1_290' title='bbox 1668 2048 1773 2107; x_wconf 89' lang='lat' dir='ltr'><strong>est,</strong></span> <span class='ocrx_word' id='word_1_291' title='bbox 1823 2041 1891 2095; x_wconf 89' lang='lat' dir='ltr'><strong>ad</strong></span> <span class='ocrx_word' id='word_1_292' title='bbox 1922 2041 2006 2109; x_wconf 82' lang='lat' dir='ltr'><strong>in-</strong></span> 
     </span>
    </p>
   </div>
   <div class='ocr_carea' id='block_1_38' title="bbox 413 2124 2007 2197">
    <p class='ocr_par' dir='ltr' id='par_1_38' title="bbox 413 2124 2007 2197">
     <span class='ocr_line' id='line_1_38' title="bbox 413 2124 2007 2197; baseline 0.005 -18"><span class='ocrx_word' id='word_1_293' title='bbox 413 2124 683 2179; x_wconf 80' lang='lat' dir='ltr'><strong>effabilem</strong></span> <span class='ocrx_word' id='word_1_294' title='bbox 735 2132 1001 2189; x_wconf 81' lang='lat' dir='ltr'><strong>terrorem</strong></span> <span class='ocrx_word' id='word_1_295' title='bbox 1037 2127 1323 2194; x_wconf 86' lang='lat' dir='ltr'><strong>mentium,</strong></span> <span class='ocrx_word' id='word_1_296' title='bbox 1371 2129 1627 2197; x_wconf 87' lang='lat' dir='ltr'><strong>quoniam</strong></span> <span class='ocrx_word' id='word_1_297' title='bbox 1656 2137 1783 2185; x_wconf 88' lang='lat' dir='ltr'><strong>sunt</strong></span> <span class='ocrx_word' id='word_1_298' title='bbox 1841 2129 2007 2187; x_wconf 83' lang='lat' dir='ltr'><strong>nimis</strong></span> 
     </span>
    </p>
   </div>
   <div class='ocr_carea' id='block_1_39' title="bbox 413 2214 2004 2291">
    <p class='ocr_par' dir='ltr' id='par_1_39' title="bbox 413 2214 2004 2291">
     <span class='ocr_line' id='line_1_39' title="bbox 413 2214 2004 2291; baseline 0.006 -23"><span class='ocrx_word' id='word_1_299' title='bbox 413 2215 614 2280; x_wconf 73' lang='lat' dir='ltr'><strong>ardore,</strong></span> <span class='ocrx_word' id='word_1_300' title='bbox 646 2214 825 2284; x_wconf 88' lang='lat' dir='ltr'><strong>aliqua</strong></span> <span class='ocrx_word' id='word_1_301' title='bbox 859 2215 1199 2283; x_wconf 87' lang='lat' dir='ltr'><strong>describam;</strong></span> <span class='ocrx_word' id='word_1_302' title='bbox 1233 2224 1296 2272; x_wconf 87' lang='lat' dir='ltr'><strong>ut</strong></span> <span class='ocrx_word' id='word_1_303' title='bbox 1322 2218 1449 2287; x_wconf 88' lang='lat' dir='ltr'><strong>quia</strong></span> <span class='ocrx_word' id='word_1_304' title='bbox 1494 2228 1824 2291; x_wconf 74' lang='lat' dir='ltr'><strong>praeceptum</strong></span> <span class='ocrx_word' id='word_1_305' title='bbox 1847 2221 2004 2279; x_wconf 83' lang='lat' dir='ltr'><strong>nobis</strong></span> 
     </span>
    </p>
   </div>
   <div class='ocr_carea' id='block_1_40' title="bbox 413 2307 2002 2379">
    <p class='ocr_par' dir='ltr' id='par_1_40' title="bbox 413 2307 2002 2379">
     <span class='ocr_line' id='line_1_40' title="bbox 413 2307 2002 2379; baseline 0.006 -20"><span class='ocrx_word' id='word_1_306' title='bbox 413 2314 500 2360; x_wconf 89' lang='lat' dir='ltr'><strong>est</strong></span> <span class='ocrx_word' id='word_1_307' title='bbox 532 2313 593 2360; x_wconf 92' lang='lat' dir='ltr'><strong>ut</strong></span> <span class='ocrx_word' id='word_1_308' title='bbox 620 2320 746 2361; x_wconf 88' lang='lat' dir='ltr'><strong>cum</strong></span> <span class='ocrx_word' id='word_1_309' title='bbox 771 2307 976 2363; x_wconf 86' lang='lat' dir='ltr'><strong>timore</strong></span> <span class='ocrx_word' id='word_1_310' title='bbox 1001 2315 1059 2362; x_wconf 85' lang='lat' dir='ltr'><strong>et</strong></span> <span class='ocrx_word' id='word_1_311' title='bbox 1090 2313 1326 2363; x_wconf 84' lang='lat' dir='ltr'><strong>tremore</strong></span> <span class='ocrx_word' id='word_1_312' title='bbox 1368 2316 1616 2367; x_wconf 85' lang='lat' dir='ltr'><strong>nostram</strong></span> <span class='ocrx_word' id='word_1_313' title='bbox 1645 2310 1885 2379; x_wconf 87' lang='lat' dir='ltr'><strong>ipsorum</strong></span> <span class='ocrx_word' id='word_1_314' title='bbox 1912 2325 2002 2367; x_wconf 88' lang='lat' dir='ltr'><strong>sa-</strong></span> 
     </span>
    </p>
   </div>
   <div class='ocr_carea' id='block_1_41' title="bbox 2112 1767 3703 1840">
    <p class='ocr_par' dir='ltr' id='par_1_41' title="bbox 2112 1767 3703 1840">
     <span class='ocr_line' id='line_1_41' title="bbox 2112 1767 3703 1840; baseline 0.005 -21"><span class='ocrx_word' id='word_1_315' title='bbox 2112 1773 2412 1833; x_wconf 85' lang='lat' dir='ltr'><strong>cantamus,</strong></span> <span class='ocrx_word' id='word_1_316' title='bbox 2468 1767 2754 1823; x_wconf 87' lang='lat' dir='ltr'><strong>dicentes:</strong></span> <span class='ocrx_word' id='word_1_317' title='bbox 2810 1767 3034 1825; x_wconf 81' lang='lat' dir='ltr'><strong>Domine</strong></span> <span class='ocrx_word' id='word_1_318' title='bbox 3078 1769 3223 1825; x_wconf 87' lang='lat' dir='ltr'><strong>Deus</strong></span> <span class='ocrx_word' id='word_1_319' title='bbox 3277 1787 3447 1838; x_wconf 83' lang='lat' dir='ltr'><strong>meus,</strong></span> <span class='ocrx_word' id='word_1_320' title='bbox 3504 1773 3549 1826; x_wconf 88' lang='lat' dir='ltr'><strong>si</strong></span> <span class='ocrx_word' id='word_1_321' title='bbox 3602 1772 3703 1840; x_wconf 76' lang='lat' dir='ltr'><strong>[cci</strong></span> 
     </span>
    </p>
   </div>
   <div class='ocr_carea' id='block_1_42' title="bbox 2110 1856 3702 1931">
    <p class='ocr_par' dir='ltr' id='par_1_42' title="bbox 2110 1856 3702 1931">
     <span class='ocr_line' id='line_1_42' title="bbox 2110 1856 3702 1931; baseline 0.006 -21"><span class='ocrx_word' id='word_1_322' title='bbox 2110 1856 2274 1922; x_wconf 86' lang='lat' dir='ltr'><strong>istud,</strong></span> <span class='ocrx_word' id='word_1_323' title='bbox 2297 1858 2343 1910; x_wconf 88' lang='lat' dir='ltr'><strong>si</strong></span> <span class='ocrx_word' id='word_1_324' title='bbox 2368 1866 2444 1913; x_wconf 79' lang='lat' dir='ltr'><strong>est</strong></span> <span class='ocrx_word' id='word_1_325' title='bbox 2472 1859 2725 1931; x_wconf 78' lang='lat' dir='ltr'><strong>iniquitas</strong></span> <span class='ocrx_word' id='word_1_326' title='bbox 2755 1862 2810 1915; x_wconf 83' lang='lat' dir='ltr'><strong>in</strong></span> <span class='ocrx_word' id='word_1_327' title='bbox 2860 1863 3106 1918; x_wconf 85' lang='lat' dir='ltr'><strong>manibus</strong></span> <span class='ocrx_word' id='word_1_328' title='bbox 3134 1865 3287 1931; x_wconf 84' lang='lat' dir='ltr'><strong>meis,</strong></span> <span class='ocrx_word' id='word_1_329' title='bbox 3314 1865 3361 1919; x_wconf 84' lang='lat' dir='ltr'><strong>si</strong></span> <span class='ocrx_word' id='word_1_330' title='bbox 3390 1865 3592 1919; x_wconf 85' lang='lat' dir='ltr'><strong>reddidi</strong></span> <span class='ocrx_word' id='word_1_331' title='bbox 3622 1883 3702 1920; x_wconf 87' lang='lat' dir='ltr'><strong>re-</strong></span> 
     </span>
    </p>
   </div>
   <div class='ocr_carea' id='block_1_43' title="bbox 2111 1950 3703 2020">
    <p class='ocr_par' dir='ltr' id='par_1_43' title="bbox 2111 1950 3703 2020">
     <span class='ocr_line' id='line_1_43' title="bbox 2111 1950 3703 2020; baseline 0.006 -16"><span class='ocrx_word' id='word_1_332' title='bbox 2111 1951 2459 2007; x_wconf 84' lang='lat' dir='ltr'><strong>tribuentibus</strong></span> <span class='ocrx_word' id='word_1_333' title='bbox 2482 1954 2613 2008; x_wconf 74' lang='lat' dir='ltr'><strong>mihi</strong></span> <span class='ocrx_word' id='word_1_334' title='bbox 2636 1953 2857 2020; x_wconf 86' lang='lat' dir='ltr'><strong>malum,</strong></span> <span class='ocrx_word' id='word_1_335' title='bbox 2894 1955 3136 2011; x_wconf 80' lang='lat' dir='ltr'><strong>decidant</strong></span> <span class='ocrx_word' id='word_1_336' title='bbox 3168 1959 3350 2015; x_wconf 84' lang='lat' dir='ltr'><strong>merito</strong></span> <span class='ocrx_word' id='word_1_337' title='bbox 3382 1958 3445 2013; x_wconf 87' lang='lat' dir='ltr'><strong>ab</strong></span> <span class='ocrx_word' id='word_1_338' title='bbox 3473 1950 3703 2014; x_wconf 77' lang='lat' dir='ltr'><strong>inimicis</strong></span> 
     </span>
    </p>
   </div>
   <div class='ocr_carea' id='block_1_44' title="bbox 2112 2043 3701 2119">
    <p class='ocr_par' dir='ltr' id='par_1_44' title="bbox 2112 2043 3701 2119">
     <span class='ocr_line' id='line_1_44' title="bbox 2112 2043 3701 2119; baseline 0.006 -23"><span class='ocrx_word' id='word_1_339' title='bbox 2112 2043 2242 2098; x_wconf 85' lang='lat' dir='ltr'><strong>meis</strong></span> <span class='ocrx_word' id='word_1_340' title='bbox 2298 2046 2495 2101; x_wconf 83' lang='lat' dir='ltr'><strong>inanis.</strong></span> <span class='ocrx_word' id='word_1_341' title='bbox 2556 2045 2915 2119; x_wconf 82' lang='lat' dir='ltr'><strong>Persequatur</strong></span> <span class='ocrx_word' id='word_1_342' title='bbox 2977 2049 3221 2105; x_wconf 82' lang='lat' dir='ltr'><strong>inimicus</strong></span> <span class='ocrx_word' id='word_1_343' title='bbox 3277 2068 3423 2107; x_wconf 86' lang='lat' dir='ltr'><strong>meus</strong></span> <span class='ocrx_word' id='word_1_344' title='bbox 3467 2052 3701 2106; x_wconf 85' lang='lat' dir='ltr'><strong>animam</strong></span> 
     </span>
    </p>
   </div>
   <div class='ocr_carea' id='block_1_45' title="bbox 2111 2136 3699 2207">
    <p class='ocr_par' dir='ltr' id='par_1_45' title="bbox 2111 2136 3699 2207">
     <span class='ocr_line' id='line_1_45' title="bbox 2111 2136 3699 2207; baseline 0.003 -16"><span class='ocrx_word' id='word_1_345' title='bbox 2111 2148 2301 2201; x_wconf 84' lang='lat' dir='ltr'><strong>meam,</strong></span> <span class='ocrx_word' id='word_1_346' title='bbox 2328 2144 2377 2190; x_wconf 82' lang='lat' dir='ltr'><strong>et</strong></span> <span class='ocrx_word' id='word_1_347' title='bbox 2408 2136 2812 2207; x_wconf 79' lang='lat' dir='ltr'><strong>comprehendat</strong></span> <span class='ocrx_word' id='word_1_348' title='bbox 2861 2147 2909 2193; x_wconf 89' lang='lat' dir='ltr'><strong>et</strong></span> <span class='ocrx_word' id='word_1_349' title='bbox 2955 2138 3222 2195; x_wconf 84' lang='lat' dir='ltr'><strong>conculcet</strong></span> <span class='ocrx_word' id='word_1_350' title='bbox 3263 2142 3319 2196; x_wconf 85' lang='lat' dir='ltr'><strong>in</strong></span> <span class='ocrx_word' id='word_1_351' title='bbox 3363 2152 3502 2197; x_wconf 84' lang='lat' dir='ltr'><strong>terra</strong></span> <span class='ocrx_word' id='word_1_352' title='bbox 3542 2144 3699 2196; x_wconf 79' lang='lat' dir='ltr'><strong>vitam</strong></span> 
     </span>
    </p>
   </div>
   <div class='ocr_carea' id='block_1_46' title="bbox 2110 2226 3477 2301">
    <p class='ocr_par' dir='ltr' id='par_1_46' title="bbox 2110 2226 3477 2301">
     <span class='ocr_line' id='line_1_46' title="bbox 2110 2226 3477 2301; baseline 0.007 -23"><span class='ocrx_word' id='word_1_353' title='bbox 2110 2240 2303 2293; x_wconf 78' lang='lat' dir='ltr'><strong>meam,</strong></span> <span class='ocrx_word' id='word_1_354' title='bbox 2333 2236 2385 2283; x_wconf 85' lang='lat' dir='ltr'><strong>et</strong></span> <span class='ocrx_word' id='word_1_355' title='bbox 2409 2226 2637 2297; x_wconf 78' lang='lat' dir='ltr'><strong>gloriam</strong></span> <span class='ocrx_word' id='word_1_356' title='bbox 2663 2245 2837 2291; x_wconf 80' lang='lat' dir='ltr'><strong>meam</strong></span> <span class='ocrx_word' id='word_1_357' title='bbox 2860 2232 2917 2285; x_wconf 89' lang='lat' dir='ltr'><strong>in</strong></span> <span class='ocrx_word' id='word_1_358' title='bbox 2946 2228 3206 2301; x_wconf 71' lang='lat' dir='ltr'><strong>puluerem</strong></span> <span class='ocrx_word' id='word_1_359' title='bbox 3231 2232 3477 2293; x_wconf 83' lang='lat' dir='ltr'><strong>deducat.</strong></span> 
     </span>
    </p>
   </div>
   <div class='ocr_carea' id='block_1_47' title="bbox 2178 2313 2591 2377">
    <p class='ocr_par' dir='ltr' id='par_1_47' title="bbox 2178 2313 2591 2377">
     <span class='ocr_line' id='line_1_47' title="bbox 2178 2313 2591 2377; baseline 0.005 -6"><span class='ocrx_word' id='word_1_360' title='bbox 2178 2313 2347 2371; x_wconf 77' lang='lat' dir='ltr'><strong>Multa</strong></span> <span class='ocrx_word' id='word_1_361' title='bbox 2374 2317 2591 2377; x_wconf 86' lang='lat' dir='ltr'><strong>desunt.</strong></span> 
     </span>
    </p>
   </div>
   <div class='ocr_carea' id='block_1_48' title="bbox 1776 2399 2320 2465">
    <p class='ocr_par' dir='ltr' id='par_1_48' title="bbox 1776 2399 2320 2465">
     <span class='ocr_line' id='line_1_48' title="bbox 1776 2399 2320 2465; baseline 0.013 -12"><span class='ocrx_word' id='word_1_362' title='bbox 1776 2399 2050 2465; x_wconf 74' lang='lat' dir='ltr'><strong>BALUZH</strong></span> <span class='ocrx_word' id='word_1_363' title='bbox 2087 2401 2320 2463; x_wconf 69' lang='grc' dir='ltr'><strong>ΝΟΤΛΕ.</strong></span> 
     </span>
    </p>
   </div>
   <div class='ocr_carea' id='block_1_49' title="bbox 487 2487 1999 2556">
    <p class='ocr_par' dir='ltr' id='par_1_49' title="bbox 487 2487 1999 2556">
     <span class='ocr_line' id='line_1_49' title="bbox 487 2487 1999 2556; baseline 0.003 -16"><span class='ocrx_word' id='word_1_364' title='bbox 487 2498 516 2529; x_wconf 76' lang='grc' dir='ltr'>ι</span> <span class='ocrx_word' id='word_1_365' title='bbox 541 2487 831 2546; x_wconf 70' lang='grc' dir='ltr'><strong>Ιησάοιηη</strong></span> <span class='ocrx_word' id='word_1_366' title='bbox 855 2489 1040 2542; x_wconf 69' lang='lat' dir='ltr'><strong>obtulit</strong></span> <span class='ocrx_word' id='word_1_367' title='bbox 1060 2504 1135 2542; x_wconf 88' lang='lat' dir='ltr'><strong>se.</strong></span> <span class='ocrx_word' id='word_1_368' title='bbox 1159 2487 1259 2545; x_wconf 82' lang='lat' dir='ltr'><strong>Vel</strong></span> <span class='ocrx_word' id='word_1_369' title='bbox 1274 2504 1346 2545; x_wconf 75' lang='lat' dir='ltr'><strong>ex</strong></span> <span class='ocrx_word' id='word_1_370' title='bbox 1369 2502 1443 2545; x_wconf 82' lang='lat' dir='ltr'><strong>eo</strong></span> <span class='ocrx_word' id='word_1_371' title='bbox 1459 2488 1583 2546; x_wconf 80' lang='lat' dir='ltr'><strong>loco</strong></span> <span class='ocrx_word' id='word_1_372' title='bbox 1600 2497 1813 2550; x_wconf 80' lang='lat' dir='ltr'><strong>constat</strong></span> <span class='ocrx_word' id='word_1_373' title='bbox 1833 2491 1999 2556; x_wconf 75' lang='lat' dir='ltr'><strong>multa</strong></span> 
     </span>
    </p>
   </div>
   <div class='ocr_carea' id='block_1_50' title="bbox 410 2557 1994 2629">
    <p class='ocr_par' dir='ltr' id='par_1_50' title="bbox 410 2557 1994 2629">
     <span class='ocr_line' id='line_1_50' title="bbox 410 2557 1994 2629; baseline 0.003 -16"><span class='ocrx_word' id='word_1_374' title='bbox 410 2557 505 2623; x_wconf 83' lang='lat' dir='ltr'><strong>hic</strong></span> <span class='ocrx_word' id='word_1_375' title='bbox 532 2558 748 2629; x_wconf 77' lang='lat' dir='ltr'><strong>deesse,</strong></span> <span class='ocrx_word' id='word_1_376' title='bbox 777 2566 833 2613; x_wconf 91' lang='lat' dir='ltr'><strong>et</strong></span> <span class='ocrx_word' id='word_1_377' title='bbox 876 2558 1274 2629; x_wconf 77' lang='lat' dir='ltr'><strong>inchoationem</strong></span> <span class='ocrx_word' id='word_1_378' title='bbox 1321 2560 1425 2614; x_wconf 90' lang='lat' dir='ltr'><strong>hoc</strong></span> <span class='ocrx_word' id='word_1_379' title='bbox 1468 2560 1650 2629; x_wconf 89' lang='lat' dir='ltr'><strong>potius</strong></span> <span class='ocrx_word' id='word_1_380' title='bbox 1691 2559 1814 2615; x_wconf 91' lang='lat' dir='ltr'><strong>libri</strong></span> <span class='ocrx_word' id='word_1_381' title='bbox 1852 2575 1994 2627; x_wconf 83' lang='lat' dir='ltr'><strong>esse,</strong></span> 
     </span>
    </p>
   </div>
   <div class='ocr_carea' id='block_1_51' title="bbox 411 2626 1998 2698">
    <p class='ocr_par' dir='ltr' id='par_1_51' title="bbox 411 2626 1998 2698">
     <span class='ocr_line' id='line_1_51' title="bbox 411 2626 1998 2698; baseline 0.003 -16"><span class='ocrx_word' id='word_1_382' title='bbox 411 2644 577 2698; x_wconf 87' lang='lat' dir='ltr'><strong>quam</strong></span> <span class='ocrx_word' id='word_1_383' title='bbox 626 2626 843 2682; x_wconf 83' lang='lat' dir='ltr'><strong>librum.</strong></span> <span class='ocrx_word' id='word_1_384' title='bbox 892 2626 1010 2696; x_wconf 86' lang='lat' dir='ltr'><strong>Quo</strong></span> <span class='ocrx_word' id='word_1_385' title='bbox 1045 2627 1244 2684; x_wconf 82' lang='lat' dir='ltr'><strong>factum</strong></span> <span class='ocrx_word' id='word_1_386' title='bbox 1288 2639 1371 2684; x_wconf 89' lang='lat' dir='ltr'><strong>est</strong></span> <span class='ocrx_word' id='word_1_387' title='bbox 1398 2626 1549 2684; x_wconf 55' lang='lat' dir='ltr'><strong>utin</strong></span> <span class='ocrx_word' id='word_1_388' title='bbox 1580 2629 1687 2686; x_wconf 85' lang='lat' dir='ltr'><strong>line</strong></span> <span class='ocrx_word' id='word_1_389' title='bbox 1730 2630 1847 2686; x_wconf 83' lang='lat' dir='ltr'><strong>haec</strong></span> <span class='ocrx_word' id='word_1_390' title='bbox 1874 2626 1998 2686; x_wconf 88' lang='lat' dir='ltr'><strong>addi</strong></span> 
     </span>
    </p>
   </div>
   <div class='ocr_carea' id='block_1_52' title="bbox 2107 2495 3694 2574">
    <p class='ocr_par' dir='ltr' id='par_1_52' title="bbox 2107 2495 3694 2574">
     <span class='ocr_line' id='line_1_52' title="bbox 2107 2495 3694 2574; baseline 0.008 -27"><span class='ocrx_word' id='word_1_391' title='bbox 2107 2495 2460 2574; x_wconf 63' lang='lat' dir='ltr'><strong>voluerimus,</strong></span> <span class='ocrx_word' id='word_1_392' title='bbox 2488 2501 2703 2574; x_wconf 81' lang='lat' dir='ltr'><strong>tametsi</strong></span> <span class='ocrx_word' id='word_1_393' title='bbox 2734 2502 2788 2557; x_wconf 92' lang='lat' dir='ltr'><strong>in</strong></span> <span class='ocrx_word' id='word_1_394' title='bbox 2826 2502 3194 2574; x_wconf 85' lang='lat' dir='ltr'><strong>manuscripto</strong></span> <span class='ocrx_word' id='word_1_395' title='bbox 3221 2505 3406 2561; x_wconf 75' lang='lat' dir='ltr'><strong>cozlice</strong></span> <span class='ocrx_word' id='word_1_396' title='bbox 3451 2519 3556 2561; x_wconf 89' lang='lat' dir='ltr'><strong>non</strong></span> <span class='ocrx_word' id='word_1_397' title='bbox 3595 2520 3694 2563; x_wconf 50' lang='lat' dir='ltr'><strong>ex-</strong></span> 
     </span>
    </p>
   </div>
   <div class='ocr_carea' id='block_1_53' title="bbox 2104 2566 2705 2633">
    <p class='ocr_par' dir='ltr' id='par_1_53' title="bbox 2104 2566 2705 2633">
     <span class='ocr_line' id='line_1_53' title="bbox 2104 2566 2705 2633; baseline 0.008 -13"><span class='ocrx_word' id='word_1_398' title='bbox 2104 2574 2268 2633; x_wconf 80' lang='lat' dir='ltr'><strong>stent,</strong></span> <span class='ocrx_word' id='word_1_399' title='bbox 2300 2566 2473 2623; x_wconf 80' lang='lat' dir='ltr'><strong>Multa</strong></span> <span class='ocrx_word' id='word_1_400' title='bbox 2502 2569 2705 2625; x_wconf 83' lang='lat' dir='ltr'><strong>desunt.</strong></span> 
     </span>
    </p>
   </div>
   <div class='ocr_carea' id='block_1_54' title="bbox 438 2778 2476 2793">
    <p class='ocr_par' dir='ltr' id='par_1_54' title="bbox 438 2778 2476 2793">
     <span class='ocr_line' id='line_1_54' title="bbox 438 2778 2476 2793; baseline 0 -3"><span class='ocrx_word' id='word_1_401' title='bbox 438 2778 1463 2793; x_wconf 49' lang='lat' dir='ltr'><strong>“oc-rm</strong></span> <span class='ocrx_word' id='word_1_402' title='bbox 1489 2781 2476 2791; x_wconf 73' lang='lat'><strong>———————————_———</strong></span> 
     </span>
    </p>
   </div>
   <div class='ocr_carea' id='block_1_55' title="bbox 1190 2870 2899 2935">
    <p class='ocr_par' dir='ltr' id='par_1_55' title="bbox 1190 2870 2899 2935">
     <span class='ocr_line' id='line_1_55' title="bbox 1190 2870 2899 2935; baseline 0.001 -4"><span class='ocrx_word' id='word_1_403' title='bbox 1190 2870 1604 2933; x_wconf 81' lang='lat' dir='ltr'><strong>AGOBARDI</strong></span> <span class='ocrx_word' id='word_1_404' title='bbox 1649 2870 1886 2931; x_wconf 82' lang='lat' dir='ltr'><strong>LIBER</strong></span> <span class='ocrx_word' id='word_1_405' title='bbox 1930 2870 2038 2932; x_wconf 83' lang='lat' dir='ltr'><strong>DE</strong></span> <span class='ocrx_word' id='word_1_406' title='bbox 2076 2870 2363 2933; x_wconf 77' lang='lat' dir='ltr'><strong>DIVINA</strong></span> <span class='ocrx_word' id='word_1_407' title='bbox 2407 2872 2899 2935; x_wconf 78' lang='lat' dir='ltr'><strong>PSALMODIA.</strong></span> 
     </span>
    </p>
   </div>
   <div class='ocr_carea' id='block_1_56' title="bbox 483 3093 3697 3179">
    <p class='ocr_par' dir='ltr' id='par_1_56' title="bbox 483 3093 3697 3179">
     <span class='ocr_line' id='line_1_56' title="bbox 483 3093 3697 3179; baseline 0.001 -25"><span class='ocrx_word' id='word_1_408' title='bbox 483 3100 621 3169; x_wconf 85' lang='lat' dir='ltr'><strong>Quia</strong></span> <span class='ocrx_word' id='word_1_409' title='bbox 650 3111 675 3141; x_wconf 74' lang='grc' dir='ltr'>α</span> <span class='ocrx_word' id='word_1_410' title='bbox 704 3096 1083 3179; x_wconf 70' lang='lat' dir='ltr'><strong>nuperstultus</strong></span> <span class='ocrx_word' id='word_1_411' title='bbox 1104 3103 1160 3151; x_wconf 91' lang='lat' dir='ltr'><strong>et</strong></span> <span class='ocrx_word' id='word_1_412' title='bbox 1184 3095 1484 3166; x_wconf 90' lang='lat' dir='ltr'><strong>improbus,</strong></span> <span class='ocrx_word' id='word_1_413' title='bbox 1510 3093 1737 3165; x_wconf 88' lang='lat' dir='ltr'><strong>ipsaque</strong></span> <span class='ocrx_word' id='word_1_414' title='bbox 1761 3093 1991 3150; x_wconf 86' lang='lat' dir='ltr'><strong>stultitia</strong></span> <span class='ocrx_word' id='word_1_415' title='bbox 2020 3098 2065 3161; x_wconf 84' lang='lat' dir='ltr'><strong>C</strong></span> <span class='ocrx_word' id='word_1_416' title='bbox 2098 3094 2218 3159; x_wconf 91' lang='lat' dir='ltr'><strong>tris,</strong></span> <span class='ocrx_word' id='word_1_417' title='bbox 2250 3094 2405 3165; x_wconf 88' lang='lat' dir='ltr'><strong>cujus</strong></span> <span class='ocrx_word' id='word_1_418' title='bbox 2427 3094 2811 3166; x_wconf 87' lang='lat' dir='ltr'><strong>probatissima</strong></span> <span class='ocrx_word' id='word_1_419' title='bbox 2842 3096 2977 3151; x_wconf 81' lang='lat' dir='ltr'><strong>fides</strong></span> <span class='ocrx_word' id='word_1_420' title='bbox 3004 3103 3167 3165; x_wconf 90' lang='lat' dir='ltr'><strong>atque</strong></span> <span class='ocrx_word' id='word_1_421' title='bbox 3196 3097 3449 3153; x_wconf 79' lang='lat' dir='ltr'><strong>doctrina</strong></span> <span class='ocrx_word' id='word_1_422' title='bbox 3472 3100 3525 3155; x_wconf 82' lang='lat' dir='ltr'><strong>in</strong></span> <span class='ocrx_word' id='word_1_423' title='bbox 3572 3117 3697 3156; x_wconf 84' lang='lat' dir='ltr'><strong>mu-</strong></span> 
     </span>
    </p>
   </div>
   <div class='ocr_carea' id='block_1_57' title="bbox 417 3184 2001 3267">
    <p class='ocr_par' dir='ltr' id='par_1_57' title="bbox 417 3184 2001 3267">
     <span class='ocr_line' id='line_1_57' title="bbox 417 3184 2001 3267; baseline -0.013 -18"><span class='ocrx_word' id='word_1_424' title='bbox 417 3202 475 3249; x_wconf 85' lang='lat' dir='ltr'><strong>ct</strong></span> <span class='ocrx_word' id='word_1_425' title='bbox 502 3189 849 3267; x_wconf 77' lang='lat' dir='ltr'><strong>improbitate</strong></span> <span class='ocrx_word' id='word_1_426' title='bbox 879 3202 977 3242; x_wconf 89' lang='lat' dir='ltr'><strong>sua</strong></span> <span class='ocrx_word' id='word_1_427' title='bbox 1003 3184 1256 3242; x_wconf 90' lang='lat' dir='ltr'><strong>omnibus</strong></span> <span class='ocrx_word' id='word_1_428' title='bbox 1285 3191 1445 3239; x_wconf 90' lang='lat' dir='ltr'><strong>notus</strong></span> <span class='ocrx_word' id='word_1_429' title='bbox 1479 3184 1839 3263; x_wconf 81' lang='lat' dir='ltr'><strong>calumniator</strong></span> <span class='ocrx_word' id='word_1_430' title='bbox 1873 3201 2001 3241; x_wconf 86' lang='lat' dir='ltr'><strong>eru-</strong></span> 
     </span>
    </p>
   </div>
   <div class='ocr_carea' id='block_1_58' title="bbox 412 3276 2003 3357">
    <p class='ocr_par' dir='ltr' id='par_1_58' title="bbox 412 3276 2003 3357">
     <span class='ocr_line' id='line_1_58' title="bbox 412 3276 2003 3357; baseline -0.004 -16"><span class='ocrx_word' id='word_1_431' title='bbox 412 3285 515 3357; x_wconf 86' lang='lat' dir='ltr'><strong>pit,</strong></span> <span class='ocrx_word' id='word_1_432' title='bbox 537 3283 627 3353; x_wconf 90' lang='lat' dir='ltr'><strong>qui</strong></span> <span class='ocrx_word' id='word_1_433' title='bbox 658 3290 908 3345; x_wconf 84' lang='lat' dir='ltr'><strong>sanctam</strong></span> <span class='ocrx_word' id='word_1_434' title='bbox 931 3278 1230 3335; x_wconf 89' lang='lat' dir='ltr'><strong>Ecclesiam</strong></span> <span class='ocrx_word' id='word_1_435' title='bbox 1255 3285 1497 3334; x_wconf 90' lang='lat' dir='ltr'><strong>nostram</strong></span> <span class='ocrx_word' id='word_1_436' title='bbox 1516 3317 1532 3343; x_wconf 93' lang='lat'><strong>,</strong></span> <span class='ocrx_word' id='word_1_437' title='bbox 1577 3276 1630 3332; x_wconf 89' lang='lat' dir='ltr'><strong>id</strong></span> <span class='ocrx_word' id='word_1_438' title='bbox 1651 3286 1756 3345; x_wconf 89' lang='lat' dir='ltr'><strong>est,</strong></span> <span class='ocrx_word' id='word_1_439' title='bbox 1783 3277 2003 3351; x_wconf 84' lang='lat' dir='ltr'><strong>Lugdu-</strong></span> 
     </span>
    </p>
   </div>
   <div class='ocr_carea' id='block_1_59' title="bbox 412 3369 2001 3442">
    <p class='ocr_par' dir='ltr' id='par_1_59' title="bbox 412 3369 2001 3442">
     <span class='ocr_line' id='line_1_59' title="bbox 412 3369 2001 3442; baseline -0.003 -11"><span class='ocrx_word' id='word_1_440' title='bbox 412 3392 661 3441; x_wconf 76' lang='lat' dir='ltr'><strong>nensem,</strong></span> <span class='ocrx_word' id='word_1_441' title='bbox 688 3390 797 3431; x_wconf 91' lang='lat' dir='ltr'><strong>non</strong></span> <span class='ocrx_word' id='word_1_442' title='bbox 824 3373 1002 3429; x_wconf 89' lang='lat' dir='ltr'><strong>solum</strong></span> <span class='ocrx_word' id='word_1_443' title='bbox 1025 3372 1213 3439; x_wconf 74' lang='lat' dir='ltr'><strong>verbo,</strong></span> <span class='ocrx_word' id='word_1_444' title='bbox 1238 3369 1333 3427; x_wconf 82' lang='lat' dir='ltr'><strong>sed</strong></span> <span class='ocrx_word' id='word_1_445' title='bbox 1357 3370 1521 3425; x_wconf 92' lang='lat' dir='ltr'><strong>etiam</strong></span> <span class='ocrx_word' id='word_1_446' title='bbox 1547 3370 1766 3442; x_wconf 88' lang='lat' dir='ltr'><strong>scriptis</strong></span> <span class='ocrx_word' id='word_1_447' title='bbox 1793 3369 2001 3427; x_wconf 83' lang='lat' dir='ltr'><strong>lacera-</strong></span> 
     </span>
    </p>
   </div>
   <div class='ocr_carea' id='block_1_60' title="bbox 416 3464 1998 3537">
    <p class='ocr_par' dir='ltr' id='par_1_60' title="bbox 416 3464 1998 3537">
     <span class='ocr_line' id='line_1_60' title="bbox 416 3464 1998 3537; baseline -0.003 -12"><span class='ocrx_word' id='word_1_448' title='bbox 416 3486 473 3525; x_wconf 73' lang='lat'><strong>1&#39;8</strong></span> <span class='ocrx_word' id='word_1_449' title='bbox 514 3484 620 3527; x_wconf 92' lang='lat' dir='ltr'><strong>non</strong></span> <span class='ocrx_word' id='word_1_450' title='bbox 659 3475 836 3525; x_wconf 54' lang='lat'><strong>00858!</strong></span> <span class='ocrx_word' id='word_1_451' title='bbox 854 3507 870 3533; x_wconf 80' lang='lat'><strong>,</strong></span> <span class='ocrx_word' id='word_1_452' title='bbox 919 3464 1076 3537; x_wconf 87' lang='lat' dir='ltr'><strong>quasi</strong></span> <span class='ocrx_word' id='word_1_453' title='bbox 1105 3479 1215 3519; x_wconf 92' lang='lat' dir='ltr'><strong>non</strong></span> <span class='ocrx_word' id='word_1_454' title='bbox 1258 3469 1436 3529; x_wconf 89' lang='lat' dir='ltr'><strong>recte,</strong></span> <span class='ocrx_word' id='word_1_455' title='bbox 1464 3478 1565 3520; x_wconf 90' lang='lat' dir='ltr'><strong>nec</strong></span> <span class='ocrx_word' id='word_1_456' title='bbox 1590 3478 1743 3520; x_wconf 91' lang='lat' dir='ltr'><strong>more</strong></span> <span class='ocrx_word' id='word_1_457' title='bbox 1771 3472 1998 3536; x_wconf 90' lang='lat' dir='ltr'><strong>paterno</strong></span> 
     </span>
    </p>
   </div>
   <div class='ocr_carea' id='block_1_61' title="bbox 416 3553 1997 3627">
    <p class='ocr_par' dir='ltr' id='par_1_61' title="bbox 416 3553 1997 3627">
     <span class='ocr_line' id='line_1_61' title="bbox 416 3553 1997 3627; baseline -0.003 -12"><span class='ocrx_word' id='word_1_458' title='bbox 416 3562 533 3619; x_wconf 85' lang='lat' dir='ltr'><strong>sive</strong></span> <span class='ocrx_word' id='word_1_459' title='bbox 563 3576 689 3624; x_wconf 91' lang='lat' dir='ltr'><strong>usu,</strong></span> <span class='ocrx_word' id='word_1_460' title='bbox 714 3558 911 3614; x_wconf 58' lang='lat' dir='ltr'><strong>divinae</strong></span> <span class='ocrx_word' id='word_1_461' title='bbox 933 3554 1327 3613; x_wconf 88' lang='lat' dir='ltr'><strong>decantationis</strong></span> <span class='ocrx_word' id='word_1_462' title='bbox 1343 3553 1607 3610; x_wconf 89' lang='lat' dir='ltr'><strong>solemnia</strong></span> <span class='ocrx_word' id='word_1_463' title='bbox 1625 3564 1997 3627; x_wconf 81' lang='lat' dir='ltr'><strong>peragentem,</strong></span> 
     </span>
    </p>
   </div>
   <div class='ocr_carea' id='block_1_62' title="bbox 412 3646 2000 3719">
    <p class='ocr_par' dir='ltr' id='par_1_62' title="bbox 412 3646 2000 3719">
     <span class='ocr_line' id='line_1_62' title="bbox 412 3646 2000 3719; baseline -0.002 -12"><span class='ocrx_word' id='word_1_464' title='bbox 412 3667 635 3708; x_wconf 85' lang='lat' dir='ltr'><strong>necesse</strong></span> <span class='ocrx_word' id='word_1_465' title='bbox 654 3652 758 3707; x_wconf 87' lang='lat' dir='ltr'><strong>fuit</strong></span> <span class='ocrx_word' id='word_1_466' title='bbox 774 3665 994 3707; x_wconf 90' lang='lat' dir='ltr'><strong>omnem</strong></span> <span class='ocrx_word' id='word_1_467' title='bbox 1014 3663 1295 3705; x_wconf 88' lang='lat' dir='ltr'><strong>sacrorum</strong></span> <span class='ocrx_word' id='word_1_468' title='bbox 1311 3646 1609 3704; x_wconf 78' lang='lat' dir='ltr'><strong>ciliciorum</strong></span> <span class='ocrx_word' id='word_1_469' title='bbox 1631 3648 1851 3715; x_wconf 89' lang='lat' dir='ltr'><strong>seriem,</strong></span> <span class='ocrx_word' id='word_1_470' title='bbox 1878 3664 2000 3719; x_wconf 70' lang='lat' dir='ltr'><strong>quae</strong></span> 
     </span>
    </p>
   </div>
   <div class='ocr_carea' id='block_1_63' title="bbox 419 3739 1999 3810">
    <p class='ocr_par' dir='ltr' id='par_1_63' title="bbox 419 3739 1999 3810">
     <span class='ocr_line' id='line_1_63' title="bbox 419 3739 1999 3810; baseline 0.003 -16"><span class='ocrx_word' id='word_1_471' title='bbox 419 3742 579 3796; x_wconf 86' lang='lat' dir='ltr'><strong>solito</strong></span> <span class='ocrx_word' id='word_1_472' title='bbox 605 3750 886 3799; x_wconf 81' lang='lat' dir='ltr'><strong>cantorum</strong></span> <span class='ocrx_word' id='word_1_473' title='bbox 932 3739 1238 3795; x_wconf 89' lang='lat' dir='ltr'><strong>ministerio</strong></span> <span class='ocrx_word' id='word_1_474' title='bbox 1266 3751 1362 3810; x_wconf 89' lang='lat' dir='ltr'><strong>per</strong></span> <span class='ocrx_word' id='word_1_475' title='bbox 1390 3745 1561 3793; x_wconf 90' lang='lat' dir='ltr'><strong>totum</strong></span> <span class='ocrx_word' id='word_1_476' title='bbox 1587 3739 1714 3795; x_wconf 88' lang='lat' dir='ltr'><strong>anni</strong></span> <span class='ocrx_word' id='word_1_477' title='bbox 1735 3739 1999 3799; x_wconf 81' lang='lat' dir='ltr'><strong>circulum</strong></span> 
     </span>
    </p>
   </div>
   <div class='ocr_carea' id='block_1_64' title="bbox 421 3826 1999 3892">
    <p class='ocr_par' dir='ltr' id='par_1_64' title="bbox 421 3826 1999 3892">
     <span class='ocr_line' id='line_1_64' title="bbox 421 3826 1999 3892; baseline 0 -9"><span class='ocrx_word' id='word_1_478' title='bbox 421 3831 475 3884; x_wconf 90' lang='lat' dir='ltr'><strong>in</strong></span> <span class='ocrx_word' id='word_1_479' title='bbox 506 3828 889 3885; x_wconf 88' lang='lat' dir='ltr'><strong>ecclesiasticis</strong></span> <span class='ocrx_word' id='word_1_480' title='bbox 928 3827 1286 3884; x_wconf 85' lang='lat' dir='ltr'><strong>conventibus</strong></span> <span class='ocrx_word' id='word_1_481' title='bbox 1313 3826 1619 3892; x_wconf 80' lang='lat' dir='ltr'><strong>exhibetur,</strong></span> <span class='ocrx_word' id='word_1_482' title='bbox 1656 3826 1799 3881; x_wconf 87' lang='lat' dir='ltr'><strong>sicut</strong></span> <span class='ocrx_word' id='word_1_483' title='bbox 1827 3826 1881 3881; x_wconf 92' lang='lat' dir='ltr'><strong>in</strong></span> <span class='ocrx_word' id='word_1_484' title='bbox 1906 3843 1999 3883; x_wconf 86' lang='lat' dir='ltr'><strong>ea-</strong></span> 
     </span>
    </p>
   </div>
   <div class='ocr_carea' id='block_1_65' title="bbox 416 3916 1999 3989">
    <p class='ocr_par' dir='ltr' id='par_1_65' title="bbox 416 3916 1999 3989">
     <span class='ocr_line' id='line_1_65' title="bbox 416 3916 1999 3989; baseline -0.003 -13"><span class='ocrx_word' id='word_1_485' title='bbox 416 3921 541 3976; x_wconf 88' lang='lat' dir='ltr'><strong>dem</strong></span> <span class='ocrx_word' id='word_1_486' title='bbox 567 3920 807 3976; x_wconf 84' lang='lat' dir='ltr'><strong>Ecclesia</strong></span> <span class='ocrx_word' id='word_1_487' title='bbox 830 3918 1045 3975; x_wconf 83' lang='lat' dir='ltr'><strong>favente</strong></span> <span class='ocrx_word' id='word_1_488' title='bbox 1072 3917 1169 3972; x_wconf 90' lang='lat' dir='ltr'><strong>Dei</strong></span> <span class='ocrx_word' id='word_1_489' title='bbox 1192 3917 1367 3988; x_wconf 87' lang='lat' dir='ltr'><strong>gratia</strong></span> <span class='ocrx_word' id='word_1_490' title='bbox 1396 3916 1729 3982; x_wconf 88' lang='lat' dir='ltr'><strong>custoditur,</strong></span> <span class='ocrx_word' id='word_1_491' title='bbox 1773 3916 1999 3989; x_wconf 79' lang='lat' dir='ltr'><strong>diligen-</strong></span> 
     </span>
    </p>
   </div>
   <div class='ocr_carea' id='block_1_66' title="bbox 415 4006 1997 4083">
    <p class='ocr_par' dir='ltr' id='par_1_66' title="bbox 415 4006 1997 4083">
     <span class='ocr_line' id='line_1_66' title="bbox 415 4006 1997 4083; baseline -0.002 -16"><span class='ocrx_word' id='word_1_492' title='bbox 415 4013 525 4069; x_wconf 89' lang='lat' dir='ltr'><strong>tius</strong></span> <span class='ocrx_word' id='word_1_493' title='bbox 545 4022 601 4068; x_wconf 90' lang='lat' dir='ltr'><strong>et</strong></span> <span class='ocrx_word' id='word_1_494' title='bbox 622 4012 836 4083; x_wconf 87' lang='lat' dir='ltr'><strong>plenius</strong></span> <span class='ocrx_word' id='word_1_495' title='bbox 852 4013 919 4077; x_wconf 88' lang='lat' dir='ltr'><strong>in</strong></span> <span class='ocrx_word' id='word_1_496' title='bbox 946 4009 1130 4070; x_wconf 86' lang='lat' dir='ltr'><strong>liber</strong></span> <span class='ocrx_word' id='word_1_497' title='bbox 1169 4024 1332 4079; x_wconf 89' lang='lat' dir='ltr'><strong>quem</strong></span> <span class='ocrx_word' id='word_1_498' title='bbox 1367 4006 1570 4064; x_wconf 90' lang='lat' dir='ltr'><strong>usitato</strong></span> <span class='ocrx_word' id='word_1_499' title='bbox 1597 4007 1861 4063; x_wconf 87' lang='lat' dir='ltr'><strong>vocabulo</strong></span> <span class='ocrx_word' id='word_1_500' title='bbox 1880 4007 1997 4064; x_wconf 81' lang='lat' dir='ltr'><strong>An-</strong></span> 
     </span>
    </p>
   </div>
   <div class='ocr_carea' id='block_1_67' title="bbox 416 4098 1992 4174">
    <p class='ocr_par' dir='ltr' id='par_1_67' title="bbox 416 4098 1992 4174">
     <span class='ocr_line' id='line_1_67' title="bbox 416 4098 1992 4174; baseline -0.003 -16"><span class='ocrx_word' id='word_1_501' title='bbox 416 4104 784 4174; x_wconf 87' lang='lat' dir='ltr'><strong>tiphonarium</strong></span> <span class='ocrx_word' id='word_1_502' title='bbox 808 4108 1122 4172; x_wconf 86' lang='lat' dir='ltr'><strong>nuncupant</strong></span> <span class='ocrx_word' id='word_1_503' title='bbox 1147 4141 1163 4166; x_wconf 83' lang='lat'><strong>,</strong></span> <span class='ocrx_word' id='word_1_504' title='bbox 1211 4099 1488 4170; x_wconf 81' lang='lat' dir='ltr'><strong>colligere,</strong></span> <span class='ocrx_word' id='word_1_505' title='bbox 1519 4106 1682 4168; x_wconf 86' lang='lat' dir='ltr'><strong>atque</strong></span> <span class='ocrx_word' id='word_1_506' title='bbox 1709 4098 1955 4172; x_wconf 80' lang='lat' dir='ltr'><strong>digerere</strong></span> <span class='ocrx_word' id='word_1_507' title='bbox 1979 4118 1992 4165; x_wconf 94' lang='lat'><strong>;</strong></span> 
     </span>
    </p>
   </div>
   <div class='ocr_carea' id='block_1_68' title="bbox 2106 3187 3696 3250">
    <p class='ocr_par' dir='ltr' id='par_1_68' title="bbox 2106 3187 3696 3250">
     <span class='ocr_line' id='line_1_68' title="bbox 2106 3187 3696 3250; baseline 0.004 -9"><span class='ocrx_word' id='word_1_508' title='bbox 2106 3201 2237 3241; x_wconf 90' lang='lat' dir='ltr'><strong>nere</strong></span> <span class='ocrx_word' id='word_1_509' title='bbox 2268 3187 2480 3243; x_wconf 89' lang='lat' dir='ltr'><strong>Domini</strong></span> <span class='ocrx_word' id='word_1_510' title='bbox 2531 3187 2626 3243; x_wconf 90' lang='lat' dir='ltr'><strong>Dei</strong></span> <span class='ocrx_word' id='word_1_511' title='bbox 2676 3188 2847 3243; x_wconf 90' lang='lat' dir='ltr'><strong>nostri</strong></span> <span class='ocrx_word' id='word_1_512' title='bbox 2886 3188 3142 3243; x_wconf 89' lang='lat' dir='ltr'><strong>omnibus</strong></span> <span class='ocrx_word' id='word_1_513' title='bbox 3178 3190 3484 3246; x_wconf 77' lang='lat' dir='ltr'><strong>examinata</strong></span> <span class='ocrx_word' id='word_1_514' title='bbox 3514 3209 3579 3249; x_wconf 90' lang='lat' dir='ltr'><strong>ac</strong></span> <span class='ocrx_word' id='word_1_515' title='bbox 3607 3195 3696 3250; x_wconf 56' lang='lat' dir='ltr'><strong>de.</strong></span> 
     </span>
    </p>
   </div>
   <div class='ocr_carea' id='block_1_69' title="bbox 2107 3268 3691 3353">
    <p class='ocr_par' dir='ltr' id='par_1_69' title="bbox 2107 3268 3691 3353">
     <span class='ocr_line' id='line_1_69' title="bbox 2107 3268 3691 3353; baseline 0.003 -20"><span class='ocrx_word' id='word_1_516' title='bbox 2107 3278 2315 3333; x_wconf 88' lang='lat' dir='ltr'><strong>clarata</strong></span> <span class='ocrx_word' id='word_1_517' title='bbox 2340 3268 2627 3334; x_wconf 80' lang='lat' dir='ltr'><strong>celebriter</strong></span> <span class='ocrx_word' id='word_1_518' title='bbox 2647 3274 2911 3345; x_wconf 78' lang='lat' dir='ltr'><strong>innotuit;</strong></span> <span class='ocrx_word' id='word_1_519' title='bbox 2944 3285 3006 3333; x_wconf 87' lang='lat' dir='ltr'><strong>ut</strong></span> <span class='ocrx_word' id='word_1_520' title='bbox 3028 3292 3219 3333; x_wconf 87' lang='lat' dir='ltr'><strong>omnes</strong></span> <span class='ocrx_word' id='word_1_521' title='bbox 3239 3280 3452 3349; x_wconf 79' lang='lat' dir='ltr'><strong>paciﬁci</strong></span> <span class='ocrx_word' id='word_1_522' title='bbox 3482 3291 3538 3337; x_wconf 90' lang='lat' dir='ltr'><strong>et</strong></span> <span class='ocrx_word' id='word_1_523' title='bbox 3563 3298 3691 3353; x_wconf 85' lang='lat' dir='ltr'><strong>pru-</strong></span> 
     </span>
    </p>
   </div>
   <div class='ocr_carea' id='block_1_70' title="bbox 2105 3371 3697 3444">
    <p class='ocr_par' dir='ltr' id='par_1_70' title="bbox 2105 3371 3697 3444">
     <span class='ocr_line' id='line_1_70' title="bbox 2105 3371 3697 3444; baseline -0.001 -15"><span class='ocrx_word' id='word_1_524' title='bbox 2105 3373 2297 3429; x_wconf 88' lang='lat' dir='ltr'><strong>dentes</strong></span> <span class='ocrx_word' id='word_1_525' title='bbox 2345 3371 2605 3444; x_wconf 75' lang='lat' dir='ltr'><strong>Ecclesia:</strong></span> <span class='ocrx_word' id='word_1_526' title='bbox 2664 3371 2795 3439; x_wconf 81' lang='lat' dir='ltr'><strong>ﬁlii,</strong></span> <span class='ocrx_word' id='word_1_527' title='bbox 2830 3372 2884 3426; x_wconf 91' lang='lat' dir='ltr'><strong>in</strong></span> <span class='ocrx_word' id='word_1_528' title='bbox 2930 3385 3163 3442; x_wconf 89' lang='lat' dir='ltr'><strong>quorum</strong></span> <span class='ocrx_word' id='word_1_529' title='bbox 3212 3387 3403 3429; x_wconf 88' lang='lat' dir='ltr'><strong>manus</strong></span> <span class='ocrx_word' id='word_1_530' title='bbox 3450 3372 3697 3442; x_wconf 73' lang='lat' dir='ltr'><strong>ejusdem</strong></span> 
     </span>
    </p>
   </div>
   <div class='ocr_carea' id='block_1_71' title="bbox 2106 3463 3693 3537">
    <p class='ocr_par' dir='ltr' id='par_1_71' title="bbox 2106 3463 3693 3537">
     <span class='ocr_line' id='line_1_71' title="bbox 2106 3463 3693 3537; baseline 0.002 -18"><span class='ocrx_word' id='word_1_531' title='bbox 2106 3464 2272 3521; x_wconf 91' lang='lat' dir='ltr'><strong>libelli</strong></span> <span class='ocrx_word' id='word_1_532' title='bbox 2315 3473 2496 3520; x_wconf 80' lang='lat' dir='ltr'><strong>textus</strong></span> <span class='ocrx_word' id='word_1_533' title='bbox 2522 3463 2733 3519; x_wconf 88' lang='lat' dir='ltr'><strong>venerit</strong></span> <span class='ocrx_word' id='word_1_534' title='bbox 2757 3504 2772 3529; x_wconf 93' lang='lat'><strong>,</strong></span> <span class='ocrx_word' id='word_1_535' title='bbox 2813 3463 3097 3518; x_wconf 82' lang='lat' dir='ltr'><strong>verissime</strong></span> <span class='ocrx_word' id='word_1_536' title='bbox 3130 3471 3188 3519; x_wconf 91' lang='lat' dir='ltr'><strong>et</strong></span> <span class='ocrx_word' id='word_1_537' title='bbox 3213 3464 3496 3520; x_wconf 85' lang='lat' dir='ltr'><strong>evidenter</strong></span> <span class='ocrx_word' id='word_1_538' title='bbox 3520 3482 3693 3537; x_wconf 85' lang='lat' dir='ltr'><strong>agno-</strong></span> 
     </span>
    </p>
   </div>
   <div class='ocr_carea' id='block_1_72' title="bbox 2105 3556 3695 3629">
    <p class='ocr_par' dir='ltr' id='par_1_72' title="bbox 2105 3556 3695 3629">
     <span class='ocr_line' id='line_1_72' title="bbox 2105 3556 3695 3629; baseline -0.002 -13"><span class='ocrx_word' id='word_1_539' title='bbox 2105 3567 2265 3616; x_wconf 85' lang='lat' dir='ltr'><strong>scant</strong></span> <span class='ocrx_word' id='word_1_540' title='bbox 2304 3557 2585 3629; x_wconf 66' lang='lat' dir='ltr'><strong>praefatam</strong></span> <span class='ocrx_word' id='word_1_541' title='bbox 2617 3556 2822 3613; x_wconf 87' lang='lat' dir='ltr'><strong>Christi</strong></span> <span class='ocrx_word' id='word_1_542' title='bbox 2854 3556 3152 3613; x_wconf 87' lang='lat' dir='ltr'><strong>Ecclesiam</strong></span> <span class='ocrx_word' id='word_1_543' title='bbox 3179 3597 3194 3622; x_wconf 94' lang='lat'><strong>,</strong></span> <span class='ocrx_word' id='word_1_544' title='bbox 3237 3556 3426 3611; x_wconf 90' lang='lat' dir='ltr'><strong>eodem</strong></span> <span class='ocrx_word' id='word_1_545' title='bbox 3471 3557 3695 3613; x_wconf 86' lang='lat' dir='ltr'><strong>Christo</strong></span> 
     </span>
    </p>
   </div>
   <div class='ocr_carea' id='block_1_73' title="bbox 2101 3648 3691 3722">
    <p class='ocr_par' dir='ltr' id='par_1_73' title="bbox 2101 3648 3691 3722">
     <span class='ocr_line' id='line_1_73' title="bbox 2101 3648 3691 3722; baseline 0 -17"><span class='ocrx_word' id='word_1_546' title='bbox 2101 3648 2333 3707; x_wconf 89' lang='lat' dir='ltr'><strong>Domino</strong></span> <span class='ocrx_word' id='word_1_547' title='bbox 2364 3652 2703 3722; x_wconf 89' lang='lat' dir='ltr'><strong>gubernante</strong></span> <span class='ocrx_word' id='word_1_548' title='bbox 2727 3666 2791 3706; x_wconf 92' lang='lat' dir='ltr'><strong>ac</strong></span> <span class='ocrx_word' id='word_1_549' title='bbox 2820 3654 3165 3720; x_wconf 79' lang='lat' dir='ltr'><strong>protegente,</strong></span> <span class='ocrx_word' id='word_1_550' title='bbox 3204 3664 3307 3704; x_wconf 91' lang='lat' dir='ltr'><strong>nec</strong></span> <span class='ocrx_word' id='word_1_551' title='bbox 3330 3663 3362 3702; x_wconf 90' lang='lat' dir='ltr'><strong>a</strong></span> <span class='ocrx_word' id='word_1_552' title='bbox 3389 3660 3539 3705; x_wconf 90' lang='lat' dir='ltr'><strong>recto</strong></span> <span class='ocrx_word' id='word_1_553' title='bbox 3562 3650 3691 3706; x_wconf 81' lang='lat' dir='ltr'><strong>fidei</strong></span> 
     </span>
    </p>
   </div>
   <div class='ocr_carea' id='block_1_74' title="bbox 2103 3741 3691 3811">
    <p class='ocr_par' dir='ltr' id='par_1_74' title="bbox 2103 3741 3691 3811">
     <span class='ocr_line' id='line_1_74' title="bbox 2103 3741 3691 3811; baseline 0.001 -15"><span class='ocrx_word' id='word_1_554' title='bbox 2103 3742 2322 3797; x_wconf 86' lang='lat' dir='ltr'><strong>tramite</strong></span> <span class='ocrx_word' id='word_1_555' title='bbox 2357 3741 2622 3805; x_wconf 89' lang='lat' dir='ltr'><strong>deviasse,</strong></span> <span class='ocrx_word' id='word_1_556' title='bbox 2651 3748 2708 3797; x_wconf 89' lang='lat' dir='ltr'><strong>et</strong></span> <span class='ocrx_word' id='word_1_557' title='bbox 2722 3749 3012 3811; x_wconf 90' lang='lat' dir='ltr'><strong>paternum</strong></span> <span class='ocrx_word' id='word_1_558' title='bbox 3035 3754 3265 3805; x_wconf 90' lang='lat' dir='ltr'><strong>morem,</strong></span> <span class='ocrx_word' id='word_1_559' title='bbox 3296 3755 3456 3809; x_wconf 90' lang='lat' dir='ltr'><strong>quem</strong></span> <span class='ocrx_word' id='word_1_560' title='bbox 3486 3748 3691 3797; x_wconf 87' lang='lat' dir='ltr'><strong>statuta</strong></span> 
     </span>
    </p>
   </div>
   <div class='ocr_carea' id='block_1_75' title="bbox 2102 3816 3696 3899">
    <p class='ocr_par' dir='ltr' id='par_1_75' title="bbox 2102 3816 3696 3899">
     <span class='ocr_line' id='line_1_75' title="bbox 2102 3816 3696 3899; baseline -0.003 -12"><span class='ocrx_word' id='word_1_561' title='bbox 2102 3820 2473 3888; x_wconf 85' lang='lat' dir='ltr'><strong>ecclesiastica</strong></span> <span class='ocrx_word' id='word_1_562' title='bbox 2524 3816 2839 3894; x_wconf 83' lang='lat' dir='ltr'><strong>declarant,</strong></span> <span class='ocrx_word' id='word_1_563' title='bbox 2887 3827 3122 3883; x_wconf 83' lang='lat' dir='ltr'><strong>ﬁdeliter</strong></span> <span class='ocrx_word' id='word_1_564' title='bbox 3167 3828 3475 3895; x_wconf 89' lang='lat' dir='ltr'><strong>custodire,</strong></span> <span class='ocrx_word' id='word_1_565' title='bbox 3504 3843 3567 3883; x_wconf 88' lang='lat' dir='ltr'><strong>ac</strong></span> <span class='ocrx_word' id='word_1_566' title='bbox 3591 3844 3696 3899; x_wconf 85' lang='lat' dir='ltr'><strong>per</strong></span> 
     </span>
    </p>
   </div>
   <div class='ocr_carea' id='block_1_76' title="bbox 2102 3916 3695 3991">
    <p class='ocr_par' dir='ltr' id='par_1_76' title="bbox 2102 3916 3695 3991">
     <span class='ocr_line' id='line_1_76' title="bbox 2102 3916 3695 3991; baseline -0.004 -12"><span class='ocrx_word' id='word_1_567' title='bbox 2102 3922 2207 3979; x_wconf 86' lang='lat' dir='ltr'><strong>hoc</strong></span> <span class='ocrx_word' id='word_1_568' title='bbox 2227 3921 2296 3976; x_wconf 93' lang='lat' dir='ltr'><strong>ab</strong></span> <span class='ocrx_word' id='word_1_569' title='bbox 2317 3920 2541 3991; x_wconf 89' lang='lat' dir='ltr'><strong>antiquo</strong></span> <span class='ocrx_word' id='word_1_570' title='bbox 2577 3919 2836 3975; x_wconf 76' lang='lat' dir='ltr'><strong>Ecclesiae</strong></span> <span class='ocrx_word' id='word_1_571' title='bbox 2875 3916 2973 3972; x_wconf 88' lang='lat' dir='ltr'><strong>Dei</strong></span> <span class='ocrx_word' id='word_1_572' title='bbox 3003 3932 3106 3981; x_wconf 86' lang='lat' dir='ltr'><strong>usu</strong></span> <span class='ocrx_word' id='word_1_573' title='bbox 3138 3916 3444 3973; x_wconf 83' lang='lat' dir='ltr'><strong>nullatenus</strong></span> <span class='ocrx_word' id='word_1_574' title='bbox 3489 3918 3695 3974; x_wconf 79' lang='lat' dir='ltr'><strong>discre-</strong></span> 
     </span>
    </p>
   </div>
   <div class='ocr_carea' id='block_1_77' title="bbox 2103 4000 3691 4082">
    <p class='ocr_par' dir='ltr' id='par_1_77' title="bbox 2103 4000 3691 4082">
     <span class='ocr_line' id='line_1_77' title="bbox 2103 4000 3691 4082; baseline -0.001 -16"><span class='ocrx_word' id='word_1_575' title='bbox 2103 4000 2257 4082; x_wconf 85' lang='lat' dir='ltr'><strong>pare,</strong></span> <span class='ocrx_word' id='word_1_576' title='bbox 2289 4020 2311 4049; x_wconf 81' lang='grc' dir='ltr'><strong>ο</strong></span> <span class='ocrx_word' id='word_1_577' title='bbox 2357 4026 2461 4066; x_wconf 90' lang='lat' dir='ltr'><strong>nec</strong></span> <span class='ocrx_word' id='word_1_578' title='bbox 2486 4019 2833 4066; x_wconf 90' lang='lat' dir='ltr'><strong>contemnere</strong></span> <span class='ocrx_word' id='word_1_579' title='bbox 2875 4007 3101 4079; x_wconf 82' lang='lat' dir='ltr'><strong>alicujus</strong></span> <span class='ocrx_word' id='word_1_580' title='bbox 3142 4008 3414 4064; x_wconf 89' lang='lat' dir='ltr'><strong>diversum</strong></span> <span class='ocrx_word' id='word_1_581' title='bbox 3456 4024 3691 4074; x_wconf 90' lang='lat' dir='ltr'><strong>morem,</strong></span> 
     </span>
    </p>
   </div>
   <div class='ocr_carea' id='block_1_78' title="bbox 2105 4099 3697 4174">
    <p class='ocr_par' dir='ltr' id='par_1_78' title="bbox 2105 4099 3697 4174">
     <span class='ocr_line' id='line_1_78' title="bbox 2105 4099 3697 4174; baseline 0 -16"><span class='ocrx_word' id='word_1_582' title='bbox 2105 4101 2151 4158; x_wconf 86' lang='lat' dir='ltr'><strong>si</strong></span> <span class='ocrx_word' id='word_1_583' title='bbox 2182 4110 2393 4158; x_wconf 90' lang='lat' dir='ltr'><strong>constat</strong></span> <span class='ocrx_word' id='word_1_584' title='bbox 2426 4117 2547 4159; x_wconf 90' lang='lat' dir='ltr'><strong>esse</strong></span> <span class='ocrx_word' id='word_1_585' title='bbox 2580 4100 2946 4174; x_wconf 88' lang='lat' dir='ltr'><strong>probabilem;</strong></span> <span class='ocrx_word' id='word_1_586' title='bbox 2990 4101 3107 4168; x_wconf 88' lang='lat' dir='ltr'><strong>sed,</strong></span> <span class='ocrx_word' id='word_1_587' title='bbox 3132 4099 3291 4170; x_wconf 70' lang='lat' dir='ltr'><strong>juxta</strong></span> <span class='ocrx_word' id='word_1_588' title='bbox 3337 4102 3697 4171; x_wconf 76' lang='lat' dir='ltr'><strong>Apostolum,</strong></span> 
     </span>
    </p>
   </div>
   <div class='ocr_carea' id='block_1_79' title="bbox 415 4174 3683 4270">
    <p class='ocr_par' dir='ltr' id='par_1_79' title="bbox 415 4174 3683 4270">
     <span class='ocr_line' id='line_1_79' title="bbox 415 4174 3683 4270; baseline 0 -21"><span class='ocrx_word' id='word_1_589' title='bbox 415 4195 693 4263; x_wconf 71' lang='lat' dir='ltr'><strong>praemissa</strong></span> <span class='ocrx_word' id='word_1_590' title='bbox 739 4194 947 4270; x_wconf 83' lang='lat' dir='ltr'><strong>scilicet</strong></span> <span class='ocrx_word' id='word_1_591' title='bbox 973 4192 1295 4265; x_wconf 71' lang='lat' dir='ltr'><strong>prazfatione</strong></span> <span class='ocrx_word' id='word_1_592' title='bbox 1324 4192 1352 4232; x_wconf 69' lang='grc' dir='ltr'><strong>ιι</strong></span> <span class='ocrx_word' id='word_1_593' title='bbox 1376 4191 1449 4261; x_wconf 90' lang='lat' dir='ltr'><strong>pii</strong></span> <span class='ocrx_word' id='word_1_594' title='bbox 1494 4199 1544 4246; x_wconf 91' lang='lat' dir='ltr'><strong>et</strong></span> <span class='ocrx_word' id='word_1_595' title='bbox 1582 4192 1869 4247; x_wconf 70' lang='lat' dir='ltr'><strong>orthodoxi</strong></span> <span class='ocrx_word' id='word_1_596' title='bbox 1901 4193 2001 4248; x_wconf 86' lang='lat' dir='ltr'><strong>Pa-</strong></span> <span class='ocrx_word' id='word_1_597' title='bbox 2027 4174 2079 4234; x_wconf 84' lang='lat' dir='ltr'><strong>D</strong></span> <span class='ocrx_word' id='word_1_598' title='bbox 2104 4210 2166 4249; x_wconf 90' lang='lat' dir='ltr'><strong>ea</strong></span> <span class='ocrx_word' id='word_1_599' title='bbox 2196 4209 2316 4266; x_wconf 68' lang='lat' dir='ltr'><strong>quae</strong></span> <span class='ocrx_word' id='word_1_600' title='bbox 2342 4180 2557 4251; x_wconf 83' lang='lat' dir='ltr'><strong>utiliora</strong></span> <span class='ocrx_word' id='word_1_601' title='bbox 2588 4202 2643 4250; x_wconf 91' lang='lat' dir='ltr'><strong>et</strong></span> <span class='ocrx_word' id='word_1_602' title='bbox 2662 4195 2875 4266; x_wconf 88' lang='lat' dir='ltr'><strong>potiora</strong></span> <span class='ocrx_word' id='word_1_603' title='bbox 2902 4200 3030 4249; x_wconf 89' lang='lat' dir='ltr'><strong>sunt</strong></span> <span class='ocrx_word' id='word_1_604' title='bbox 3052 4193 3225 4264; x_wconf 89' lang='lat' dir='ltr'><strong>sequi.</strong></span> <span class='ocrx_word' id='word_1_605' title='bbox 3282 4192 3374 4249; x_wconf 82' lang='lat' dir='ltr'><strong>Ait</strong></span> <span class='ocrx_word' id='word_1_606' title='bbox 3402 4209 3638 4267; x_wconf 90' lang='lat' dir='ltr'><strong>namque</strong></span> <span class='ocrx_word' id='word_1_607' title='bbox 3672 4239 3683 4249; x_wconf 93' lang='lat'><strong>.</strong></span> 
     </span>
    </p>
   </div>
   <div class='ocr_carea' id='block_1_80' title="bbox 1781 4304 2324 4365">
    <p class='ocr_par' dir='ltr' id='par_1_80' title="bbox 1781 4304 2324 4365">
     <span class='ocr_line' id='line_1_80' title="bbox 1781 4304 2324 4365; baseline 0.013 -7"><span class='ocrx_word' id='word_1_608' title='bbox 1781 4304 2054 4363; x_wconf 75' lang='lat' dir='ltr'><strong>BALUZU</strong></span> <span class='ocrx_word' id='word_1_609' title='bbox 2092 4308 2324 4365; x_wconf 66' lang='lat' dir='ltr'><strong>NOTAE.</strong></span> 
     </span>
    </p>
   </div>
   <div class='ocr_carea' id='block_1_81' title="bbox 489 4394 1999 4469">
    <p class='ocr_par' dir='ltr' id='par_1_81' title="bbox 489 4394 1999 4469">
     <span class='ocr_line' id='line_1_81' title="bbox 489 4394 1999 4469; baseline -0.001 -15"><span class='ocrx_word' id='word_1_610' title='bbox 489 4414 515 4441; x_wconf 73' lang='grc' dir='ltr'>ι</span> <span class='ocrx_word' id='word_1_611' title='bbox 548 4399 732 4469; x_wconf 84' lang='lat' dir='ltr'><strong>Nuper</strong></span> <span class='ocrx_word' id='word_1_612' title='bbox 751 4396 941 4469; x_wconf 81' lang='lat' dir='ltr'><strong>stultus</strong></span> <span class='ocrx_word' id='word_1_613' title='bbox 963 4405 1011 4452; x_wconf 89' lang='lat' dir='ltr'><strong>et</strong></span> <span class='ocrx_word' id='word_1_614' title='bbox 1039 4395 1325 4469; x_wconf 68' lang='lat' dir='ltr'><strong>improbus.</strong></span> <span class='ocrx_word' id='word_1_615' title='bbox 1371 4394 1482 4469; x_wconf 77' lang='lat' dir='ltr'><strong>Aut</strong></span> <span class='ocrx_word' id='word_1_616' title='bbox 1506 4395 1662 4469; x_wconf 77' lang='lat' dir='ltr'><strong>valde</strong></span> <span class='ocrx_word' id='word_1_617' title='bbox 1696 4395 1872 4460; x_wconf 86' lang='lat' dir='ltr'><strong>fallor,</strong></span> <span class='ocrx_word' id='word_1_618' title='bbox 1904 4408 1999 4452; x_wconf 89' lang='lat' dir='ltr'><strong>aut</strong></span> 
     </span>
    </p>
   </div>
   <div class='ocr_carea' id='block_1_82' title="bbox 415 4464 1997 4541">
    <p class='ocr_par' dir='ltr' id='par_1_82' title="bbox 415 4464 1997 4541">
     <span class='ocr_line' id='line_1_82' title="bbox 415 4464 1997 4541; baseline -0.003 -13"><span class='ocrx_word' id='word_1_619' title='bbox 415 4464 664 4541; x_wconf 76' lang='lat' dir='ltr'><strong>intelligit</strong></span> <span class='ocrx_word' id='word_1_620' title='bbox 688 4464 1358 4541; x_wconf 14' lang='lat' dir='ltr'><strong>Amaglariumdiaconum.</strong></span> <span class='ocrx_word' id='word_1_621' title='bbox 1409 4466 1525 4533; x_wconf 84' lang='lat' dir='ltr'><strong>Quo</strong></span> <span class='ocrx_word' id='word_1_622' title='bbox 1557 4464 1776 4541; x_wconf 57' lang='lat' dir='ltr'><strong>factum</strong></span> <span class='ocrx_word' id='word_1_623' title='bbox 1805 4476 1906 4533; x_wconf 85' lang='lat' dir='ltr'><strong>est,</strong></span> <span class='ocrx_word' id='word_1_624' title='bbox 1938 4478 1997 4541; x_wconf 82' lang='lat' dir='ltr'><strong>ut</strong></span> 
     </span>
    </p>
   </div>
   <div class='ocr_carea' id='block_1_83' title="bbox 413 4535 1993 4609">
    <p class='ocr_par' dir='ltr' id='par_1_83' title="bbox 413 4535 1993 4609">
     <span class='ocr_line' id='line_1_83' title="bbox 413 4535 1993 4609; baseline -0.004 -11"><span class='ocrx_word' id='word_1_625' title='bbox 413 4557 537 4599; x_wconf 88' lang='lat' dir='ltr'><strong>cum</strong></span> <span class='ocrx_word' id='word_1_626' title='bbox 575 4535 758 4609; x_wconf 72' lang='lat' dir='ltr'><strong>postea</strong></span> <span class='ocrx_word' id='word_1_627' title='bbox 803 4535 1112 4609; x_wconf 79' lang='lat' dir='ltr'><strong>Amalarius</strong></span> <span class='ocrx_word' id='word_1_628' title='bbox 1124 4535 1310 4609; x_wconf 77' lang='lat' dir='ltr'><strong>libros</strong></span> <span class='ocrx_word' id='word_1_629' title='bbox 1358 4545 1601 4609; x_wconf 82' lang='lat' dir='ltr'><strong>qua-tuor</strong></span> <span class='ocrx_word' id='word_1_630' title='bbox 1635 4537 1897 4609; x_wconf 75' lang='lat' dir='ltr'><strong>edidisset</strong></span> <span class='ocrx_word' id='word_1_631' title='bbox 1927 4540 1993 4593; x_wconf 83' lang='lat' dir='ltr'><strong>de</strong></span> 
     </span>
    </p>
   </div>
   <div class='ocr_carea' id='block_1_84' title="bbox 413 4605 1992 4679">
    <p class='ocr_par' dir='ltr' id='par_1_84' title="bbox 413 4605 1992 4679">
     <span class='ocr_line' id='line_1_84' title="bbox 413 4605 1992 4679; baseline -0.004 -10"><span class='ocrx_word' id='word_1_632' title='bbox 413 4605 610 4669; x_wconf 76' lang='lat' dir='ltr'><strong>divinis</strong></span> <span class='ocrx_word' id='word_1_633' title='bbox 636 4607 860 4674; x_wconf 74' lang='lat' dir='ltr'><strong>Olliciis,</strong></span> <span class='ocrx_word' id='word_1_634' title='bbox 878 4623 1013 4679; x_wconf 85' lang='lat' dir='ltr'><strong>eum</strong></span> <span class='ocrx_word' id='word_1_635' title='bbox 1043 4605 1245 4679; x_wconf 78' lang='lat' dir='ltr'><strong>talione</strong></span> <span class='ocrx_word' id='word_1_636' title='bbox 1281 4607 1631 4679; x_wconf 68' lang='lat' dir='ltr'><strong>momorderit</strong></span> <span class='ocrx_word' id='word_1_637' title='bbox 1655 4606 1992 4679; x_wconf 83' lang='lat' dir='ltr'><strong>Agebardus,</strong></span> 
     </span>
    </p>
   </div>
   <div class='ocr_carea' id='block_1_85' title="bbox 414 4675 1992 4747">
    <p class='ocr_par' dir='ltr' id='par_1_85' title="bbox 414 4675 1992 4747">
     <span class='ocr_line' id='line_1_85' title="bbox 414 4675 1992 4747; baseline -0.001 -12"><span class='ocrx_word' id='word_1_638' title='bbox 414 4683 581 4739; x_wconf 81' lang='lat' dir='ltr'><strong>libros</strong></span> <span class='ocrx_word' id='word_1_639' title='bbox 603 4679 723 4734; x_wconf 87' lang='lat' dir='ltr'><strong>illos</strong></span> <span class='ocrx_word' id='word_1_640' title='bbox 744 4679 812 4733; x_wconf 82' lang='lat' dir='ltr'><strong>ad</strong></span> <span class='ocrx_word' id='word_1_641' title='bbox 836 4678 1015 4733; x_wconf 85' lang='lat' dir='ltr'><strong>vivum</strong></span> <span class='ocrx_word' id='word_1_642' title='bbox 1042 4677 1343 4747; x_wconf 80' lang='lat' dir='ltr'><strong>excutiens.</strong></span> <span class='ocrx_word' id='word_1_643' title='bbox 1379 4675 1531 4747; x_wconf 77' lang='lat' dir='ltr'><strong>Hune</strong></span> <span class='ocrx_word' id='word_1_644' title='bbox 1553 4675 1992 4747; x_wconf 55' lang='lat' dir='ltr'><strong>porro&#39;atl&#39;ectum</strong></span> 
     </span>
    </p>
   </div>
   <div class='ocr_carea' id='block_1_86' title="bbox 414 4746 1994 4819">
    <p class='ocr_par' dir='ltr' id='par_1_86' title="bbox 414 4746 1994 4819">
     <span class='ocr_line' id='line_1_86' title="bbox 414 4746 1994 4819; baseline -0.003 -12"><span class='ocrx_word' id='word_1_645' title='bbox 414 4752 673 4807; x_wconf 83' lang='lat' dir='ltr'><strong>adversus</strong></span> <span class='ocrx_word' id='word_1_646' title='bbox 698 4748 1031 4819; x_wconf 26' lang='lat' dir='ltr'><strong>A‘malarium</strong></span> <span class='ocrx_word' id='word_1_647' title='bbox 1058 4746 1218 4819; x_wconf 83' lang='lat' dir='ltr'><strong>Floro</strong></span> <span class='ocrx_word' id='word_1_648' title='bbox 1243 4746 1694 4819; x_wconf 77' lang='lat' dir='ltr'><strong>LugduncnSique</strong></span> <span class='ocrx_word' id='word_1_649' title='bbox 1738 4747 1994 4819; x_wconf 65' lang='lat' dir='ltr'><strong>Ecclesia:</strong></span> 
     </span>
    </p>
   </div>
   <div class='ocr_carea' id='block_1_87' title="bbox 415 4814 1992 4894">
    <p class='ocr_par' dir='ltr' id='par_1_87' title="bbox 415 4814 1992 4894">
     <span class='ocr_line' id='line_1_87' title="bbox 415 4814 1992 4894; baseline -0.003 -18"><span class='ocrx_word' id='word_1_650' title='bbox 415 4821 697 4894; x_wconf 85' lang='lat' dir='ltr'><strong>inspiravit</strong></span> <span class='ocrx_word' id='word_1_651' title='bbox 735 4814 831 4894; x_wconf 88' lang='lat' dir='ltr'><strong>_hic</strong></span> <span class='ocrx_word' id='word_1_652' title='bbox 868 4826 1067 4894; x_wconf 89' lang='lat' dir='ltr'><strong>_noster</strong></span> <span class='ocrx_word' id='word_1_653' title='bbox 1090 4814 1396 4894; x_wconf 72' lang='lat' dir='ltr'><strong>episcopus.</strong></span> <span class='ocrx_word' id='word_1_654' title='bbox 1444 4816 1579 4894; x_wconf 57' lang='lat' dir='ltr'><strong>Nam</strong></span> <span class='ocrx_word' id='word_1_655' title='bbox 1606 4814 1992 4894; x_wconf 29' lang='lat' dir='ltr'><strong>&#39;eoldefuncto,</strong></span> 
     </span>
    </p>
   </div>
   <div class='ocr_carea' id='block_1_88' title="bbox 415 4885 1994 4958">
    <p class='ocr_par' dir='ltr' id='par_1_88' title="bbox 415 4885 1994 4958">
     <span class='ocr_line' id='line_1_88' title="bbox 415 4885 1994 4958; baseline -0.001 -12"><span class='ocrx_word' id='word_1_656' title='bbox 415 4885 611 4947; x_wconf 77' lang='lat' dir='ltr'><strong>Florus</strong></span> <span class='ocrx_word' id='word_1_657' title='bbox 636 4890 838 4945; x_wconf 88' lang='lat' dir='ltr'><strong>acriter</strong></span> <span class='ocrx_word' id='word_1_658' title='bbox 867 4885 1217 4958; x_wconf 67' lang='lat' dir='ltr'><strong>invectusest</strong></span> <span class='ocrx_word' id='word_1_659' title='bbox 1247 4886 1299 4958; x_wconf 86' lang='lat' dir='ltr'><strong>in</strong></span> <span class='ocrx_word' id='word_1_660' title='bbox 1328 4885 1659 4958; x_wconf 81' lang='lat' dir='ltr'><strong>Amalarium</strong></span> <span class='ocrx_word' id='word_1_661' title='bbox 1690 4887 1744 4941; x_wconf 91' lang='lat' dir='ltr'><strong>in</strong></span> <span class='ocrx_word' id='word_1_662' title='bbox 1768 4889 1994 4958; x_wconf 89' lang='lat' dir='ltr'><strong>epistola</strong></span> 
     </span>
    </p>
   </div>
   <div class='ocr_carea' id='block_1_89' title="bbox 415 4955 1994 5029">
    <p class='ocr_par' dir='ltr' id='par_1_89' title="bbox 415 4955 1994 5029">
     <span class='ocr_line' id='line_1_89' title="bbox 415 4955 1994 5029; baseline -0.003 -12"><span class='ocrx_word' id='word_1_663' title='bbox 415 4963 634 5018; x_wconf 77' lang='lat' dir='ltr'><strong>noniine</strong></span> <span class='ocrx_word' id='word_1_664' title='bbox 660 4956 914 5029; x_wconf 64' lang='lat' dir='ltr'><strong>Ecclesia;</strong></span> <span class='ocrx_word' id='word_1_665' title='bbox 936 4955 1313 5029; x_wconf 86' lang='lat' dir='ltr'><strong>Lugdunensis</strong></span> <span class='ocrx_word' id='word_1_666' title='bbox 1352 4957 1552 5029; x_wconf 66' lang='lat' dir='ltr'><strong>scripta</strong></span> <span class='ocrx_word' id='word_1_667' title='bbox 1585 4957 1638 5011; x_wconf 91' lang='lat' dir='ltr'><strong>in</strong></span> <span class='ocrx_word' id='word_1_668' title='bbox 1667 4955 1826 5014; x_wconf 77' lang='lat' dir='ltr'><strong>causa</strong></span> <span class='ocrx_word' id='word_1_669' title='bbox 1857 4975 1994 5029; x_wconf 67' lang='lat' dir='ltr'><strong>prte-</strong></span> 
     </span>
    </p>
   </div>
   <div class='ocr_carea' id='block_1_90' title="bbox 413 5024 1992 5092">
    <p class='ocr_par' dir='ltr' id='par_1_90' title="bbox 413 5024 1992 5092">
     <span class='ocr_line' id='line_1_90' title="bbox 413 5024 1992 5092; baseline 0 -8"><span class='ocrx_word' id='word_1_670' title='bbox 413 5030 808 5087; x_wconf 82' lang='lat' dir='ltr'><strong>destinationis.</strong></span> <span class='ocrx_word' id='word_1_671' title='bbox 857 5024 986 5085; x_wconf 64' lang='lat' dir='ltr'><strong>llazc</strong></span> <span class='ocrx_word' id='word_1_672' title='bbox 1014 5024 1138 5083; x_wconf 72' lang='lat' dir='ltr'><strong>sunt</strong></span> <span class='ocrx_word' id='word_1_673' title='bbox 1183 5028 1345 5083; x_wconf 87' lang='lat' dir='ltr'><strong>verba</strong></span> <span class='ocrx_word' id='word_1_674' title='bbox 1378 5024 1549 5092; x_wconf 72' lang='lat' dir='ltr'><strong>Fieri,</strong></span> <span class='ocrx_word' id='word_1_675' title='bbox 1592 5042 1725 5084; x_wconf 86' lang='lat' dir='ltr'><strong>sane</strong></span> <span class='ocrx_word' id='word_1_676' title='bbox 1765 5024 1992 5084; x_wconf 87' lang='lat' dir='ltr'><strong>multum</strong></span> 
     </span>
    </p>
   </div>
   <div class='ocr_carea' id='block_1_91' title="bbox 412 5097 1993 5167">
    <p class='ocr_par' dir='ltr' id='par_1_91' title="bbox 412 5097 1993 5167">
     <span class='ocr_line' id='line_1_91' title="bbox 412 5097 1993 5167; baseline -0.001 -11"><span class='ocrx_word' id='word_1_677' title='bbox 412 5104 658 5158; x_wconf 86' lang='lat' dir='ltr'><strong>aculeata</strong></span> <span class='ocrx_word' id='word_1_678' title='bbox 683 5120 697 5156; x_wconf 87' lang='lat'><strong>:</strong></span> <span class='ocrx_word' id='word_1_679' title='bbox 727 5118 746 5151; x_wconf 83' lang='lat' dir='ltr'><strong>t</strong></span> <span class='ocrx_word' id='word_1_680' title='bbox 786 5098 1007 5155; x_wconf 83' lang='lat' dir='ltr'><strong>Multum</strong></span> <span class='ocrx_word' id='word_1_681' title='bbox 1037 5098 1262 5154; x_wconf 90' lang='lat' dir='ltr'><strong>moleste</strong></span> <span class='ocrx_word' id='word_1_682' title='bbox 1304 5106 1360 5153; x_wconf 87' lang='lat' dir='ltr'><strong>et</strong></span> <span class='ocrx_word' id='word_1_683' title='bbox 1406 5097 1653 5167; x_wconf 85' lang='lat' dir='ltr'><strong>dolenter</strong></span> <span class='ocrx_word' id='word_1_684' title='bbox 1697 5098 1993 5167; x_wconf 81' lang='lat' dir='ltr'><strong>accipimus</strong></span> 
     </span>
    </p>
   </div>
   <div class='ocr_carea' id='block_1_92' title="bbox 413 5166 1985 5241">
    <p class='ocr_par' dir='ltr' id='par_1_92' title="bbox 413 5166 1985 5241">
     <span class='ocr_line' id='line_1_92' title="bbox 413 5166 1985 5241; baseline -0.003 -15"><span class='ocrx_word' id='word_1_685' title='bbox 413 5183 473 5227; x_wconf 89' lang='lat' dir='ltr'><strong>ut</strong></span> <span class='ocrx_word' id='word_1_686' title='bbox 495 5168 851 5228; x_wconf 84' lang='lat' dir='ltr'><strong>ecclesiastici</strong></span> <span class='ocrx_word' id='word_1_687' title='bbox 881 5178 936 5225; x_wconf 89' lang='lat' dir='ltr'><strong>et</strong></span> <span class='ocrx_word' id='word_1_688' title='bbox 956 5169 1248 5241; x_wconf 84' lang='lat' dir='ltr'><strong>prudentes</strong></span> <span class='ocrx_word' id='word_1_689' title='bbox 1278 5167 1379 5241; x_wconf 75' lang='lat' dir='ltr'><strong>viri</strong></span> <span class='ocrx_word' id='word_1_690' title='bbox 1412 5166 1839 5241; x_wconf 30' lang='lat' dir='ltr'><strong>Amalarium‘de</strong></span> <span class='ocrx_word' id='word_1_691' title='bbox 1862 5166 1985 5224; x_wconf 81' lang='lat' dir='ltr'><strong>fidei</strong></span> 
     </span>
    </p>
   </div>
   <div class='ocr_carea' id='block_1_93' title="bbox 415 5237 1992 5310">
    <p class='ocr_par' dir='ltr' id='par_1_93' title="bbox 415 5237 1992 5310">
     <span class='ocr_line' id='line_1_93' title="bbox 415 5237 1992 5310; baseline -0.001 -14"><span class='ocrx_word' id='word_1_692' title='bbox 415 5243 622 5297; x_wconf 76' lang='lat' dir='ltr'><strong>ratione</strong></span> <span class='ocrx_word' id='word_1_693' title='bbox 648 5237 1019 5307; x_wconf 70' lang='lat' dir='ltr'><strong>consulerent;</strong></span> <span class='ocrx_word' id='word_1_694' title='bbox 1043 5240 1135 5310; x_wconf 84' lang='lat' dir='ltr'><strong>qui</strong></span> <span class='ocrx_word' id='word_1_695' title='bbox 1160 5247 1215 5294; x_wconf 89' lang='lat' dir='ltr'><strong>et</strong></span> <span class='ocrx_word' id='word_1_696' title='bbox 1236 5237 1489 5310; x_wconf 84' lang='lat' dir='ltr'><strong>verbisct</strong></span> <span class='ocrx_word' id='word_1_697' title='bbox 1510 5239 1662 5293; x_wconf 80' lang='lat' dir='ltr'><strong>libris</strong></span> <span class='ocrx_word' id='word_1_698' title='bbox 1684 5237 1818 5310; x_wconf 87' lang='lat' dir='ltr'><strong>suis,</strong></span> <span class='ocrx_word' id='word_1_699' title='bbox 1843 5254 1992 5310; x_wconf 77' lang='lat' dir='ltr'><strong>men-</strong></span> 
     </span>
    </p>
   </div>
   <div class='ocr_carea' id='block_1_94' title="bbox 410 5306 1989 5380">
    <p class='ocr_par' dir='ltr' id='par_1_94' title="bbox 410 5306 1989 5380">
     <span class='ocr_line' id='line_1_94' title="bbox 410 5306 1989 5380; baseline -0.001 -15"><span class='ocrx_word' id='word_1_700' title='bbox 410 5313 581 5368; x_wconf 86' lang='lat' dir='ltr'><strong>daciis</strong></span> <span class='ocrx_word' id='word_1_701' title='bbox 610 5321 665 5367; x_wconf 90' lang='lat' dir='ltr'><strong>et</strong></span> <span class='ocrx_word' id='word_1_702' title='bbox 690 5311 970 5380; x_wconf 87' lang='lat' dir='ltr'><strong>erroribus</strong></span> <span class='ocrx_word' id='word_1_703' title='bbox 1017 5306 1076 5365; x_wconf 75' lang='lat' dir='ltr'><strong>et</strong></span> <span class='ocrx_word' id='word_1_704' title='bbox 1112 5309 1467 5380; x_wconf 87' lang='lat' dir='ltr'><strong>phantasticis</strong></span> <span class='ocrx_word' id='word_1_705' title='bbox 1511 5316 1672 5380; x_wconf 88' lang='lat' dir='ltr'><strong>atque</strong></span> <span class='ocrx_word' id='word_1_706' title='bbox 1700 5306 1989 5380; x_wconf 70' lang='lat' dir='ltr'><strong>_hmrelicis</strong></span> 
     </span>
    </p>
   </div>
   <div class='ocr_carea' id='block_1_95' title="bbox 411 5377 1984 5451">
    <p class='ocr_par' dir='ltr' id='par_1_95' title="bbox 411 5377 1984 5451">
     <span class='ocr_line' id='line_1_95' title="bbox 411 5377 1984 5451; baseline -0.001 -15"><span class='ocrx_word' id='word_1_707' title='bbox 411 5379 866 5451; x_wconf 85' lang='lat' dir='ltr'><strong>disputationibus</strong></span> <span class='ocrx_word' id='word_1_708' title='bbox 889 5380 1082 5451; x_wconf 87' lang='lat' dir='ltr'><strong>plenis,</strong></span> <span class='ocrx_word' id='word_1_709' title='bbox 1114 5377 1309 5436; x_wconf 78' lang='lat' dir='ltr'><strong>omnes</strong></span> <span class='ocrx_word' id='word_1_710' title='bbox 1344 5394 1479 5451; x_wconf 78' lang='lat' dir='ltr'><strong>pene</strong></span> <span class='ocrx_word' id='word_1_711' title='bbox 1523 5377 1663 5449; x_wconf 86' lang='lat' dir='ltr'><strong>apud</strong></span> <span class='ocrx_word' id='word_1_712' title='bbox 1699 5377 1984 5451; x_wconf 77' lang='lat' dir='ltr'><strong>Franciam</strong></span> 
     </span>
    </p>
   </div>
   <div class='ocr_carea' id='block_1_96' title="bbox 410 5449 1985 5521">
    <p class='ocr_par' dir='ltr' id='par_1_96' title="bbox 410 5449 1985 5521">
     <span class='ocr_line' id='line_1_96' title="bbox 410 5449 1985 5521; baseline -0.001 -15"><span class='ocrx_word' id='word_1_713' title='bbox 410 5449 685 5509; x_wconf 77' lang='lat' dir='ltr'><strong>Ecclesiae</strong></span> <span class='ocrx_word' id='word_1_714' title='bbox 736 5459 793 5508; x_wconf 91' lang='lat' dir='ltr'><strong>et</strong></span> <span class='ocrx_word' id='word_1_715' title='bbox 846 5449 1133 5521; x_wconf 75' lang='lat' dir='ltr'><strong>nonnullas</strong></span> <span class='ocrx_word' id='word_1_716' title='bbox 1183 5451 1347 5506; x_wconf 89' lang='lat' dir='ltr'><strong>etiam</strong></span> <span class='ocrx_word' id='word_1_717' title='bbox 1402 5449 1627 5505; x_wconf 88' lang='lat' dir='ltr'><strong>aliarum</strong></span> <span class='ocrx_word' id='word_1_718' title='bbox 1679 5449 1985 5521; x_wconf 83' lang='lat' dir='ltr'><strong>regionum,</strong></span> 
     </span>
    </p>
   </div>
   <div class='ocr_carea' id='block_1_97' title="bbox 411 5519 1981 5591">
    <p class='ocr_par' dir='ltr' id='par_1_97' title="bbox 411 5519 1981 5591">
     <span class='ocr_line' id='line_1_97' title="bbox 411 5519 1981 5591; baseline 0 -17"><span class='ocrx_word' id='word_1_719' title='bbox 411 5532 673 5591; x_wconf 79' lang='lat' dir='ltr'><strong>quantum</strong></span> <span class='ocrx_word' id='word_1_720' title='bbox 700 5522 753 5577; x_wconf 88' lang='lat' dir='ltr'><strong>in</strong></span> <span class='ocrx_word' id='word_1_721' title='bbox 784 5536 841 5577; x_wconf 88' lang='lat' dir='ltr'><strong>se</strong></span> <span class='ocrx_word' id='word_1_722' title='bbox 884 5520 1017 5584; x_wconf 80' lang='lat' dir='ltr'><strong>fuit,</strong></span> <span class='ocrx_word' id='word_1_723' title='bbox 1057 5520 1245 5576; x_wconf 83' lang='lat' dir='ltr'><strong>infecit</strong></span> <span class='ocrx_word' id='word_1_724' title='bbox 1286 5528 1449 5589; x_wconf 88' lang='lat' dir='ltr'><strong>atque</strong></span> <span class='ocrx_word' id='word_1_725' title='bbox 1477 5519 1760 5591; x_wconf 80' lang='lat' dir='ltr'><strong>corrupit;</strong></span> <span class='ocrx_word' id='word_1_726' title='bbox 1790 5528 1847 5573; x_wconf 91' lang='lat' dir='ltr'><strong>ut</strong></span> <span class='ocrx_word' id='word_1_727' title='bbox 1877 5537 1981 5574; x_wconf 87' lang='lat' dir='ltr'><strong>non</strong></span> 
     </span>
    </p>
   </div>
   <div class='ocr_carea' id='block_1_98' title="bbox 412 5590 1985 5665">
    <p class='ocr_par' dir='ltr' id='par_1_98' title="bbox 412 5590 1985 5665">
     <span class='ocr_line' id='line_1_98' title="bbox 412 5590 1985 5665; baseline -0.003 -16"><span class='ocrx_word' id='word_1_728' title='bbox 412 5604 521 5649; x_wconf 79' lang='lat' dir='ltr'><strong>tam</strong></span> <span class='ocrx_word' id='word_1_729' title='bbox 565 5595 681 5665; x_wconf 85' lang='lat' dir='ltr'><strong>ipse</strong></span> <span class='ocrx_word' id='word_1_730' title='bbox 712 5592 779 5648; x_wconf 89' lang='lat' dir='ltr'><strong>de</strong></span> <span class='ocrx_word' id='word_1_731' title='bbox 827 5591 932 5646; x_wconf 78' lang='lat' dir='ltr'><strong>fide</strong></span> <span class='ocrx_word' id='word_1_732' title='bbox 976 5591 1293 5661; x_wconf 78' lang='lat' dir='ltr'><strong>interrogari</strong></span> <span class='ocrx_word' id='word_1_733' title='bbox 1340 5606 1500 5661; x_wconf 86' lang='lat' dir='ltr'><strong>quam</strong></span> <span class='ocrx_word' id='word_1_734' title='bbox 1549 5590 1731 5645; x_wconf 88' lang='lat' dir='ltr'><strong>omnia</strong></span> <span class='ocrx_word' id='word_1_735' title='bbox 1783 5592 1985 5661; x_wconf 83' lang='lat' dir='ltr'><strong>scripta</strong></span> 
     </span>
    </p>
   </div>
   <div class='ocr_carea' id='block_1_99' title="bbox 2104 4396 3689 4469">
    <p class='ocr_par' dir='ltr' id='par_1_99' title="bbox 2104 4396 3689 4469">
     <span class='ocr_line' id='line_1_99' title="bbox 2104 4396 3689 4469; baseline 0 -15"><span class='ocrx_word' id='word_1_736' title='bbox 2104 4398 2220 4469; x_wconf 84' lang='lat' dir='ltr'><strong>ejus</strong></span> <span class='ocrx_word' id='word_1_737' title='bbox 2245 4399 2437 4454; x_wconf 89' lang='lat' dir='ltr'><strong>saltem</strong></span> <span class='ocrx_word' id='word_1_738' title='bbox 2465 4406 2588 4468; x_wconf 91' lang='lat' dir='ltr'><strong>post</strong></span> <span class='ocrx_word' id='word_1_739' title='bbox 2630 4408 2861 4454; x_wconf 89' lang='lat' dir='ltr'><strong>mortem</strong></span> <span class='ocrx_word' id='word_1_740' title='bbox 2891 4396 3174 4469; x_wconf 89' lang='lat' dir='ltr'><strong>debuerint</strong></span> <span class='ocrx_word' id='word_1_741' title='bbox 3205 4399 3326 4469; x_wconf 89' lang='lat' dir='ltr'><strong>igne</strong></span> <span class='ocrx_word' id='word_1_742' title='bbox 3362 4401 3627 4455; x_wconf 87' lang='lat' dir='ltr'><strong>consumi.</strong></span> <span class='ocrx_word' id='word_1_743' title='bbox 3663 4422 3689 4454; x_wconf 63' lang='grc' dir='ltr'><strong><em>ν</em></strong></span> 
     </span>
    </p>
   </div>
   <div class='ocr_carea' id='block_1_100' title="bbox 2103 4468 3691 4541">
    <p class='ocr_par' dir='ltr' id='par_1_100' title="bbox 2103 4468 3691 4541">
     <span class='ocr_line' id='line_1_100' title="bbox 2103 4468 3691 4541; baseline 0.002 -18"><span class='ocrx_word' id='word_1_744' title='bbox 2103 4468 2411 4541; x_wconf 80' lang='lat' dir='ltr'><strong>Amalarius</strong></span> <span class='ocrx_word' id='word_1_745' title='bbox 2434 4484 2563 4541; x_wconf 78' lang='lat' dir='ltr'><strong>ergo</strong></span> <span class='ocrx_word' id='word_1_746' title='bbox 2585 4469 2838 4541; x_wconf 86' lang='lat' dir='ltr'><strong>nonnulla</strong></span> <span class='ocrx_word' id='word_1_747' title='bbox 2862 4468 3289 4541; x_wconf 77' lang='lat' dir='ltr'><strong>reprehenderat</strong></span> <span class='ocrx_word' id='word_1_748' title='bbox 3318 4470 3371 4541; x_wconf 84' lang='lat' dir='ltr'><strong>in</strong></span> <span class='ocrx_word' id='word_1_749' title='bbox 3401 4480 3561 4541; x_wconf 80' lang='lat' dir='ltr'><strong>cantu</strong></span> <span class='ocrx_word' id='word_1_750' title='bbox 3588 4471 3691 4527; x_wconf 83' lang='lat' dir='ltr'><strong>Ec-</strong></span> 
     </span>
    </p>
   </div>
   <div class='ocr_carea' id='block_1_101' title="bbox 2103 4538 3689 4606">
    <p class='ocr_par' dir='ltr' id='par_1_101' title="bbox 2103 4538 3689 4606">
     <span class='ocr_line' id='line_1_101' title="bbox 2103 4538 3689 4606; baseline 0 -11"><span class='ocrx_word' id='word_1_751' title='bbox 2103 4541 2282 4603; x_wconf 76' lang='lat' dir='ltr'><strong>clesia:</strong></span> <span class='ocrx_word' id='word_1_752' title='bbox 2326 4538 2720 4606; x_wconf 71' lang='lat' dir='ltr'><strong>Lugdunensis,</strong></span> <span class='ocrx_word' id='word_1_753' title='bbox 2756 4540 3174 4606; x_wconf 86' lang='lat' dir='ltr'><strong>intemperantia</strong></span> <span class='ocrx_word' id='word_1_754' title='bbox 3224 4539 3367 4593; x_wconf 86' lang='lat' dir='ltr'><strong>haud</strong></span> <span class='ocrx_word' id='word_1_755' title='bbox 3397 4538 3689 4595; x_wconf 85' lang='lat' dir='ltr'><strong>dubie-lin-</strong></span> 
     </span>
    </p>
   </div>
   <div class='ocr_carea' id='block_1_102' title="bbox 2102 4606 3691 4682">
    <p class='ocr_par' dir='ltr' id='par_1_102' title="bbox 2102 4606 3691 4682">
     <span class='ocr_line' id='line_1_102' title="bbox 2102 4606 3691 4682; baseline 0.001 -17"><span class='ocrx_word' id='word_1_756' title='bbox 2102 4609 2674 4682; x_wconf 16' lang='lat' dir='ltr'><strong>guzegstyliqueLseu</strong></span> <span class='ocrx_word' id='word_1_757' title='bbox 2714 4609 2844 4682; x_wconf 77' lang='lat' dir='ltr'><strong>quia</strong></span> <span class='ocrx_word' id='word_1_758' title='bbox 2894 4608 3104 4682; x_wconf 70' lang='lat' dir='ltr'><strong>magnis</strong></span> <span class='ocrx_word' id='word_1_759' title='bbox 3143 4606 3412 4662; x_wconf 87' lang='lat' dir='ltr'><strong>interdum</strong></span> <span class='ocrx_word' id='word_1_760' title='bbox 3456 4610 3691 4682; x_wconf 75' lang='lat' dir='ltr'><strong>ingeniis</strong></span> 
     </span>
    </p>
   </div>
   <div class='ocr_carea' id='block_1_103' title="bbox 2103 4677 3685 4750">
    <p class='ocr_par' dir='ltr' id='par_1_103' title="bbox 2103 4677 3685 4750">
     <span class='ocr_line' id='line_1_103' title="bbox 2103 4677 3685 4750; baseline -0.003 -13"><span class='ocrx_word' id='word_1_761' title='bbox 2103 4677 2200 4750; x_wconf 74' lang='lat' dir='ltr'><strong>pro</strong></span> <span class='ocrx_word' id='word_1_762' title='bbox 2238 4677 2364 4736; x_wconf 74' lang='lat' dir='ltr'><strong>ludo</strong></span> <span class='ocrx_word' id='word_1_763' title='bbox 2391 4677 2476 4735; x_wconf 82' lang='lat' dir='ltr'><strong>est</strong></span> <span class='ocrx_word' id='word_1_764' title='bbox 2500 4680 2730 4750; x_wconf 87' lang='lat' dir='ltr'><strong>aliorum</strong></span> <span class='ocrx_word' id='word_1_765' title='bbox 2757 4677 2900 4750; x_wconf 82' lang='lat' dir='ltr'><strong>facta</strong></span> <span class='ocrx_word' id='word_1_766' title='bbox 2930 4677 3471 4750; x_wconf 20' lang='lat' dir='ltr'><strong>dictaqueucarpere.</strong></span> <span class='ocrx_word' id='word_1_767' title='bbox 3510 4677 3685 4750; x_wconf 81' lang='lat' dir='ltr'><strong>Pupu-</strong></span> 
     </span>
    </p>
   </div>
   <div class='ocr_carea' id='block_1_104' title="bbox 2100 4748 3688 4821">
    <p class='ocr_par' dir='ltr' id='par_1_104' title="bbox 2100 4748 3688 4821">
     <span class='ocr_line' id='line_1_104' title="bbox 2100 4748 3688 4821; baseline -0.001 -16"><span class='ocrx_word' id='word_1_768' title='bbox 2100 4748 2178 4821; x_wconf 72' lang='lat' dir='ltr'><strong>gn</strong></span> <span class='ocrx_word' id='word_1_769' title='bbox 2207 4752 2307 4807; x_wconf 90' lang='lat' dir='ltr'><strong>ista</strong></span> <span class='ocrx_word' id='word_1_770' title='bbox 2330 4752 2554 4806; x_wconf 88' lang='lat' dir='ltr'><strong>audacia</strong></span> <span class='ocrx_word' id='word_1_771' title='bbox 2582 4748 2944 4821; x_wconf 11' lang='lat' dir='ltr'><strong>Agobagrdu‘m,</strong></span> <span class='ocrx_word' id='word_1_772' title='bbox 2973 4761 3151 4821; x_wconf 83' lang='lat' dir='ltr'><strong>neque</strong></span> <span class='ocrx_word' id='word_1_773' title='bbox 3178 4748 3564 4803; x_wconf 84' lang='lat' dir='ltr'><strong>dissimulavit.</strong></span> <span class='ocrx_word' id='word_1_774' title='bbox 3586 4748 3688 4804; x_wconf 76' lang='lat' dir='ltr'><strong>ita-</strong></span> 
     </span>
    </p>
   </div>
   <div class='ocr_carea' id='block_1_105' title="bbox 2099 4818 3610 4893">
    <p class='ocr_par' dir='ltr' id='par_1_105' title="bbox 2099 4818 3610 4893">
     <span class='ocr_line' id='line_1_105' title="bbox 2099 4818 3610 4893; baseline 0.001 -21"><span class='ocrx_word' id='word_1_775' title='bbox 2099 4818 2204 4893; x_wconf 78' lang='lat' dir='ltr'><strong>que</strong></span> <span class='ocrx_word' id='word_1_776' title='bbox 2237 4838 2300 4893; x_wconf 69' lang='lat' dir='ltr'><strong>ea</strong></span> <span class='ocrx_word' id='word_1_777' title='bbox 2331 4821 2433 4875; x_wconf 90' lang='lat' dir='ltr'><strong>fuit</strong></span> <span class='ocrx_word' id='word_1_778' title='bbox 2461 4818 2727 4893; x_wconf 82' lang='lat' dir='ltr'><strong>scribendi</strong></span> <span class='ocrx_word' id='word_1_779' title='bbox 2760 4818 3267 4893; x_wconf 67' lang='lat' dir='ltr'><strong>libri_isti_us_causa</strong></span> <span class='ocrx_word' id='word_1_780' title='bbox 3292 4827 3348 4872; x_wconf 86' lang='lat' dir='ltr'><strong>et</strong></span> <span class='ocrx_word' id='word_1_781' title='bbox 3374 4821 3610 4893; x_wconf 76' lang='lat' dir='ltr'><strong>occasio.</strong></span> 
     </span>
    </p>
   </div>
   <div class='ocr_carea' id='block_1_106' title="bbox 2158 4888 3686 4960">
    <p class='ocr_par' dir='ltr' id='par_1_106' title="bbox 2158 4888 3686 4960">
     <span class='ocr_line' id='line_1_106' title="bbox 2158 4888 3686 4960; baseline 0.001 -15"><span class='ocrx_word' id='word_1_782' title='bbox 2158 4891 2198 4930; x_wconf 67' lang='grc' dir='ltr'><strong>νὺ</strong></span> <span class='ocrx_word' id='word_1_783' title='bbox 2239 4891 2325 4946; x_wconf 82' lang='lat' dir='ltr'><strong>Pii</strong></span> <span class='ocrx_word' id='word_1_784' title='bbox 2354 4900 2404 4945; x_wconf 86' lang='lat' dir='ltr'><strong>et</strong></span> <span class='ocrx_word' id='word_1_785' title='bbox 2447 4891 2726 4946; x_wconf 77' lang='lat' dir='ltr'><strong>orthodoxi</strong></span> <span class='ocrx_word' id='word_1_786' title='bbox 2752 4888 2948 4954; x_wconf 85' lang='lat' dir='ltr'><strong>Patris,</strong></span> <span class='ocrx_word' id='word_1_787' title='bbox 2995 4888 3248 4945; x_wconf 87' lang='lat' dir='ltr'><strong>Leidradi</strong></span> <span class='ocrx_word' id='word_1_788' title='bbox 3292 4890 3686 4960; x_wconf 87' lang='lat' dir='ltr'><strong>archiepiscopi</strong></span> 
     </span>
    </p>
   </div>
   <div class='ocr_carea' id='block_1_107' title="bbox 2097 4959 3691 5033">
    <p class='ocr_par' dir='ltr' id='par_1_107' title="bbox 2097 4959 3691 5033">
     <span class='ocr_line' id='line_1_107' title="bbox 2097 4959 3691 5033; baseline 0.002 -20"><span class='ocrx_word' id='word_1_789' title='bbox 2097 4959 2516 5033; x_wconf 48' lang='lat' dir='ltr'><strong>lingdunensis;</strong></span> <span class='ocrx_word' id='word_1_790' title='bbox 2565 4961 2659 5032; x_wconf 84' lang='lat' dir='ltr'><strong>qui</strong></span> <span class='ocrx_word' id='word_1_791' title='bbox 2703 4967 2919 5015; x_wconf 89' lang='lat' dir='ltr'><strong>cantum</strong></span> <span class='ocrx_word' id='word_1_792' title='bbox 2952 4960 3008 5033; x_wconf 85' lang='lat' dir='ltr'><strong>in</strong></span> <span class='ocrx_word' id='word_1_793' title='bbox 3052 4960 3295 5033; x_wconf 77' lang='lat' dir='ltr'><strong>Ecclesia</strong></span> <span class='ocrx_word' id='word_1_794' title='bbox 3341 4959 3691 5033; x_wconf 80' lang='lat' dir='ltr'><strong>Lugdunensi</strong></span> 
     </span>
    </p>
   </div>
   <div class='ocr_carea' id='block_1_108' title="bbox 2097 5030 3685 5102">
    <p class='ocr_par' dir='ltr' id='par_1_108' title="bbox 2097 5030 3685 5102">
     <span class='ocr_line' id='line_1_108' title="bbox 2097 5030 3685 5102; baseline -0.001 -15"><span class='ocrx_word' id='word_1_795' title='bbox 2097 5030 2458 5102; x_wconf 71' lang='lat' dir='ltr'><strong>disposuerat,</strong></span> <span class='ocrx_word' id='word_1_796' title='bbox 2502 5030 2757 5101; x_wconf 61' lang='lat' dir='ltr'><strong>ut&#39;patet</strong></span> <span class='ocrx_word' id='word_1_797' title='bbox 2797 5045 2863 5085; x_wconf 82' lang='lat' dir='ltr'><strong>ex</strong></span> <span class='ocrx_word' id='word_1_798' title='bbox 2896 5030 3125 5100; x_wconf 87' lang='lat' dir='ltr'><strong>epistola</strong></span> <span class='ocrx_word' id='word_1_799' title='bbox 3170 5030 3240 5084; x_wconf 87' lang='lat' dir='ltr'><strong>ab</strong></span> <span class='ocrx_word' id='word_1_800' title='bbox 3269 5044 3334 5084; x_wconf 92' lang='lat' dir='ltr'><strong>eo</strong></span> <span class='ocrx_word' id='word_1_801' title='bbox 3367 5030 3569 5100; x_wconf 89' lang='lat' dir='ltr'><strong>scripta</strong></span> <span class='ocrx_word' id='word_1_802' title='bbox 3616 5032 3685 5086; x_wconf 84' lang='lat' dir='ltr'><strong>ad</strong></span> 
     </span>
    </p>
   </div>
   <div class='ocr_carea' id='block_1_109' title="bbox 2097 5100 2653 5173">
    <p class='ocr_par' dir='ltr' id='par_1_109' title="bbox 2097 5100 2653 5173">
     <span class='ocr_line' id='line_1_109' title="bbox 2097 5100 2653 5173; baseline -0.002 -17"><span class='ocrx_word' id='word_1_803' title='bbox 2097 5100 2351 5173; x_wconf 82' lang='lat' dir='ltr'><strong>Carolum</strong></span> <span class='ocrx_word' id='word_1_804' title='bbox 2380 5100 2653 5173; x_wconf 80' lang='lat' dir='ltr'><strong>Magnum.</strong></span> 
     </span>
    </p>
   </div>
   <div class='ocr_carea' id='block_1_110' title="bbox 2170 5168 3688 5228">
    <p class='ocr_par' dir='ltr' id='par_1_110' title="bbox 2170 5168 3688 5228">
     <span class='ocr_line' id='line_1_110' title="bbox 2170 5168 3688 5228; baseline -0.002 0"><span class='ocrx_word' id='word_1_805' title='bbox 2170 5184 2191 5211; x_wconf 75' lang='grc' dir='ltr'><strong>ο</strong></span> <span class='ocrx_word' id='word_1_806' title='bbox 2225 5172 2337 5228; x_wconf 83' lang='lat' dir='ltr'><strong>Nec</strong></span> <span class='ocrx_word' id='word_1_807' title='bbox 2373 5168 2700 5228; x_wconf 70' lang='lat' dir='ltr'><strong>contemnere</strong></span> <span class='ocrx_word' id='word_1_808' title='bbox 2742 5171 2815 5225; x_wconf 78' lang='lat' dir='ltr'><strong>al.</strong></span> <span class='ocrx_word' id='word_1_809' title='bbox 2863 5171 2967 5226; x_wconf 69' lang='lat' dir='ltr'><strong>div.</strong></span> <span class='ocrx_word' id='word_1_810' title='bbox 3007 5185 3222 5223; x_wconf 88' lang='lat' dir='ltr'><strong>morem.</strong></span> <span class='ocrx_word' id='word_1_811' title='bbox 3282 5168 3550 5225; x_wconf 77' lang='lat' dir='ltr'><strong>Praeclare</strong></span> <span class='ocrx_word' id='word_1_812' title='bbox 3589 5172 3688 5227; x_wconf 76' lang='lat' dir='ltr'><strong>ad-</strong></span> 
     </span>
    </p>
   </div>
   <div class='ocr_carea' id='block_1_111' title="bbox 2098 5240 3686 5312">
    <p class='ocr_par' dir='ltr' id='par_1_111' title="bbox 2098 5240 3686 5312">
     <span class='ocr_line' id='line_1_111' title="bbox 2098 5240 3686 5312; baseline -0.001 -13"><span class='ocrx_word' id='word_1_813' title='bbox 2098 5242 2338 5299; x_wconf 88' lang='lat' dir='ltr'><strong>modum.</strong></span> <span class='ocrx_word' id='word_1_814' title='bbox 2381 5243 2520 5298; x_wconf 82' lang='lat' dir='ltr'><strong>Nam</strong></span> <span class='ocrx_word' id='word_1_815' title='bbox 2563 5244 2899 5312; x_wconf 54' lang='lat' dir='ltr'><strong>unaquaeque</strong></span> <span class='ocrx_word' id='word_1_816' title='bbox 2940 5240 3180 5296; x_wconf 87' lang='lat' dir='ltr'><strong>Ecclesia</strong></span> <span class='ocrx_word' id='word_1_817' title='bbox 3212 5240 3514 5312; x_wconf 74' lang='lat' dir='ltr'><strong>peculiares</strong></span> <span class='ocrx_word' id='word_1_818' title='bbox 3556 5257 3686 5299; x_wconf 81' lang='lat' dir='ltr'><strong>suas</strong></span> 
     </span>
    </p>
   </div>
   <div class='ocr_carea' id='block_1_112' title="bbox 2095 5309 3685 5383">
    <p class='ocr_par' dir='ltr' id='par_1_112' title="bbox 2095 5309 3685 5383">
     <span class='ocr_line' id='line_1_112' title="bbox 2095 5309 3685 5383; baseline -0.001 -15"><span class='ocrx_word' id='word_1_819' title='bbox 2095 5315 2512 5370; x_wconf 85' lang='lat' dir='ltr'><strong>consuetudines</strong></span> <span class='ocrx_word' id='word_1_820' title='bbox 2540 5309 2742 5369; x_wconf 77' lang='lat' dir='ltr'><strong>habere</strong></span> <span class='ocrx_word' id='word_1_821' title='bbox 2789 5309 2985 5383; x_wconf 80' lang='lat' dir='ltr'><strong>potest,</strong></span> <span class='ocrx_word' id='word_1_822' title='bbox 3025 5325 3145 5383; x_wconf 70' lang='lat' dir='ltr'><strong>quae</strong></span> <span class='ocrx_word' id='word_1_823' title='bbox 3172 5309 3367 5383; x_wconf 9' lang='lat' dir='ltr'><strong>tamen;</strong></span> <span class='ocrx_word' id='word_1_824' title='bbox 3400 5309 3523 5383; x_wconf 84' lang='lat' dir='ltr'><strong>fidei</strong></span> <span class='ocrx_word' id='word_1_825' title='bbox 3550 5327 3685 5383; x_wconf 80' lang='lat' dir='ltr'><strong>con—-</strong></span> 
     </span>
    </p>
   </div>
   <div class='ocr_carea' id='block_1_113' title="bbox 2095 5379 3682 5453">
    <p class='ocr_par' dir='ltr' id='par_1_113' title="bbox 2095 5379 3682 5453">
     <span class='ocr_line' id='line_1_113' title="bbox 2095 5379 3682 5453; baseline -0.001 -15"><span class='ocrx_word' id='word_1_826' title='bbox 2095 5386 2276 5440; x_wconf 79' lang='lat' dir='ltr'><strong>traria:</strong></span> <span class='ocrx_word' id='word_1_827' title='bbox 2321 5401 2426 5440; x_wconf 93' lang='lat' dir='ltr'><strong>non</strong></span> <span class='ocrx_word' id='word_1_828' title='bbox 2474 5386 2622 5450; x_wconf 88' lang='lat' dir='ltr'><strong>sint;</strong></span> <span class='ocrx_word' id='word_1_829' title='bbox 2671 5379 3316 5453; x_wconf 34' lang='lat' dir='ltr'><strong>utipluribus’diximus</strong></span> <span class='ocrx_word' id='word_1_830' title='bbox 3363 5381 3431 5453; x_wconf 75' lang='lat' dir='ltr'><strong>ad</strong></span> <span class='ocrx_word' id='word_1_831' title='bbox 3478 5382 3682 5453; x_wconf 84' lang='lat' dir='ltr'><strong>episto-</strong></span> 
     </span>
    </p>
   </div>
   <div class='ocr_carea' id='block_1_114' title="bbox 2092 5449 3680 5513">
    <p class='ocr_par' dir='ltr' id='par_1_114' title="bbox 2092 5449 3680 5513">
     <span class='ocr_line' id='line_1_114' title="bbox 2092 5449 3680 5513; baseline 0.001 -4"><span class='ocrx_word' id='word_1_832' title='bbox 2092 5455 2200 5510; x_wconf 86' lang='lat' dir='ltr'><strong>lam</strong></span> <span class='ocrx_word' id='word_1_833' title='bbox 2252 5456 2320 5511; x_wconf 90' lang='lat' dir='ltr'><strong>ad</strong></span> <span class='ocrx_word' id='word_1_834' title='bbox 2364 5449 2664 5513; x_wconf 80' lang='lat' dir='ltr'><strong>Nibridium</strong></span> <span class='ocrx_word' id='word_1_835' title='bbox 2718 5449 3143 5506; x_wconf 80' lang='lat' dir='ltr'><strong>Narbonensem.</strong></span> <span class='ocrx_word' id='word_1_836' title='bbox 3185 5450 3318 5507; x_wconf 78' lang='lat' dir='ltr'><strong>Vide</strong></span> <span class='ocrx_word' id='word_1_837' title='bbox 3357 5449 3680 5511; x_wconf 74' lang='lat' dir='ltr'><strong>Gratianum</strong></span> 
     </span>
    </p>
   </div>
   <div class='ocr_carea' id='block_1_115' title="bbox 2092 5525 2337 5582">
    <p class='ocr_par' dir='ltr' id='par_1_115' title="bbox 2092 5525 2337 5582">
     <span class='ocr_line' id='line_1_115' title="bbox 2092 5525 2337 5582; baseline -0.008 -1"><span class='ocrx_word' id='word_1_838' title='bbox 2092 5527 2216 5582; x_wconf 85' lang='lat' dir='ltr'><strong>dist.</strong></span> <span class='ocrx_word' id='word_1_839' title='bbox 2252 5525 2337 5582; x_wconf 69' lang='grc'><strong>12.</strong></span> 
     </span>
    </p>
   </div>
   <div class='ocr_carea' id='block_1_116' title="bbox 3670 5653 3699 5675">
    <p class='ocr_par' dir='ltr' id='par_1_116' title="bbox 3670 5653 3699 5675">
     <span class='ocr_line' id='line_1_116' title="bbox 3670 5653 3699 5675; baseline 0 0"><span class='ocrx_word' id='word_1_840' title='bbox 3670 5653 3699 5675; x_wconf 77' lang='grc' dir='ltr'><em>Ι</em></span> 
     </span>
    </p>
   </div>
  </div>
