3962 6180
356 302 459 359 527

1212 278 1218 282 ”
1310 289 1367 343 S.
1409 284 1753 342 AGOBARDI
1790 279 2092 340 El’lSCOPl
2130 273 2611 337 LUGDUNENSIS

356 416 427 471 Et
459 418 558 471 hoc
585 430 700 479 oro,
739 421 796 467 ut
820 409 1049 467 chatitas
1076 416 1243 461 vestra
1279 405 1445 474 magis
1472 421 1534 457 ac
1565 402 1730 471 magis
1773 399 1932 453 abun-
1959 402 2005 461 Α
2034 398 2340 468 lipomenon
2390 394 2605 465 legitur,
2657 393 2799 463 quod
2846 393 3035 447 beatus
3080 390 3248 447 David
3275 405 3372 445 rex
3401 399 3459 445 et
3479 406 3605 461 pro-

353 508 440 561 det
468 508 525 561 in
542 504 761 560 scientia
800 511 849 556 et
885 499 1026 555 omni
1047 514 1235 561 sensu,
1276 487 1330 549 ut
1353 493 1577 566 probetis
1598 492 1835 563 potiora,
1872 499 1929 543 ut

353 597 470 651 sitis
502 595 692 650 sinceri
742 602 790 647 et
834 591 948 646 sine
988 589 1188 657 offensa
1224 588 1279 640 in
1313 587 1451 641 diem
1478 582 1690 639 Christi.
1720 581 1789 637 Et
1824 579 1929 635 alio

352 685 473 740 loco
497 701 511 736 :
544 681 613 736 Ut
639 679 864 752 probetis
889 695 1006 750 qua:
1029 678 1097 731 sit
1119 675 1358 732 voluntas
1384 675 1482 729 Dei
1509 674 1664 739 bona,
1701 681 1749 727 et
1779 669 1930 726 bene-

352 774 582 845 placens,
609 780 656 825 et
681 768 929 841 perfecta.
958 768 1025 822 Et
1048 767 1172 825 alibi
1200 781 1214 820 :
1238 763 1587 820 Emulamini
1612 771 1787 817 autem
1809 761 1931 815 cha-

354 865 578 919 rismata
607 860 847 915 meliora.
906 859 975 912 Et
1005 858 1200 912 iterum
1227 874 1242 910 :
1295 854 1472 909 Nolite
1492 853 1640 924 pueri
1665 852 1792 923 eﬁici
1812 868 1929 907 sen-

350 954 518 1008 sibus.
560 950 669 1007 Sed
710 957 765 1004 et
798 947 1093 1004 reverenda
1133 945 1358 1001 concilia
1383 944 1606 998 Patrum
1629 943 1929 997 decernunt

354 1058 697 1115 nequaquam
726 1055 751 1082 ε
780 1040 1017 1111 plebeios
1043 1039 1277 1110 psalmos
1299 1039 1352 1091 in
1373 1036 1612 1091 Ecclesia
1637 1035 1930 1090 decantan-

355 1138 477 1201 dos,
506 1143 563 1190 et
591 1134 618 1174 b
644 1132 775 1187 nihil
804 1131 1015 1201 poetice
1055 1129 1412 1197 compositum
1450 1126 1503 1180 in
1531 1125 1726 1179 divinis
1752 1123 1926 1178 laudi-

353 1225 456 1280 bus
499 1222 889 1291 usurpandum.
975 1217 1121 1272 lnter
1169 1232 1304 1286 quos
1353 1216 1516 1270 etiam
1554 1214 1745 1269 beatus
1792 1228 1929 1284 papa

351 1312 650 1383 Gregorius
671 1310 828 1365 docet
867 1308 1010 1378 quod
1032 1322 1139 1360 non
1168 1320 1266 1376 pro
1289 1303 1423 1358 locis
1448 1318 1555 1369 res,
1589 1301 1682 1357 sed
1711 1317 1807 1371 pro
1832 1301 1930 1356 bo-

356 1403 442 1456 nis
467 1401 628 1456 rebus
655 1399 770 1453 loca
804 1396 1033 1452 amanda
1060 1395 1187 1449 sint.
1228 1394 1295 1448 Et
1324 1392 1517 1447 fortius
1544 1391 1928 1446 commendans

352 1498 528 1559 nobis,
563 1496 704 1565 quod
735 1495 875 1549 sicut
898 1504 1235 1562 nequaquam
1256 1503 1355 1559 pro
1381 1486 1513 1542 locis
1535 1526 1549 1551 ,
1596 1483 1669 1538 ita
1704 1499 1803 1539 nec
1829 1497 1927 1553 pro

351 1586 680 1657 quibuslibet
720 1583 999 1653 personis,
1049 1580 1162 1635 sive
1192 1575 1670 1633 consuetudinibus
1722 1582 1926 1644 tempo-

357 1691 498 1740 rum,
532 1690 618 1728 res
640 1671 837 1727 sectari
867 1670 1158 1724 debeamus
1179 1707 1191 1731 ,
1245 1679 1352 1720 non
1379 1671 1461 1718 est
1485 1663 1692 1717 veritus
1727 1662 1781 1715 in
1810 1662 1924 1731 ipsa

2029 480 2189 558 pheta
2249 486 2345 541 Dei
2393 486 2600 556 primus
2662 485 2859 538 choros
2910 482 3220 538 Levitarum
3268 481 3605 539 laudantium

2030 578 2314 633 Dominum
2362 578 2417 631 in
2470 574 2818 630 tabemaculo
2865 574 2978 628 sive
3034 573 3089 626 in
3147 572 3347 642 templo
3403 575 3607 629 consti-

2031 669 2216 734 tuerit,
2239 668 2423 736 eisque
2447 666 2684 737 psalmos
2704 674 2760 718 et
2780 664 3012 734 hymnos
3031 668 3087 716 et
3109 661 3321 717 cantica
3347 662 3604 719 divinitus

2030 757 2131 813 sibi
2156 767 2214 813 et
2234 758 2463 823 caeteris,
2512 756 2602 826 qui
2633 771 2756 810 cum
2792 769 2860 809 eo
2907 753 3301 824 prophetabant
3342 754 3605 823 inspirata

2029 849 2336 914 tradiderit,
2360 864 2424 902 ae
2451 862 2610 902 mane
2638 856 2694 901 et
2720 860 2946 916 vespere
2968 845 3112 899 inter
3147 844 3326 899 divina
3354 845 3607 901 holocau-

2028 947 2112 994 sta
2156 946 2212 994 et
2246 937 2513 993 sacriﬁcia
2557 936 2896 992 decantanda
2930 933 3250 989 decreverit.
3291 933 3460 1001 Quem
3488 950 3604 990 mo.

2028 1045 2144 1085 rem
2171 1044 2202 1083 a
2241 1028 2444 1084 sanctis
2472 1027 2747 1098 prophetis
2768 1025 3059 1089 traditum,
3104 1034 3159 1079 et
3191 1038 3222 1078 a
3255 1025 3605 1094 sequentibus

2027 1120 2274 1190 patrihus
2296 1117 2705 1188 diligentissime
2724 1115 3073 1179 custoditum,
3099 1127 3272 1184 usque
3296 1115 3363 1168 ad
3390 1122 3604 1185 tempus

2028 1208 2164 1264 Novi
2210 1208 2540 1264 Testamenti
2566 1247 2582 1273 ,
2633 1221 2740 1276 quo
2773 1205 2887 1275 jam
2933 1203 3189 1274 templum
3235 1204 3366 1259 illud
3394 1205 3601 1261 destrui

2027 1300 2332 1370 oportebat,
2357 1298 2607 1368 religiosa
2630 1303 2842 1353 constat
2857 1296 3238 1351 observatione
3256 1296 3599 1364 penluetum.

2029 1390 2182 1446 Unde
2210 1403 2554 1460 summopere
2581 1402 2802 1449 necesse
2825 1394 2942 1451 est,
2982 1394 3043 1441 ut
3070 1387 3116 1441 si
3145 1401 3274 1441 vere
3296 1387 3499 1456 absque
3526 1388 3602 1443 of-

2025 1480 2298 1538 fendicula
2344 1479 2429 1535 vel
2476 1478 2813 1534 hmsitatione
2858 1478 3066 1533 divinas
3117 1475 3304 1532 laudes
3352 1478 3600 1547 cupimus

2026 1573 2325 1637 celebrare,
2373 1578 2515 1625 totos
2542 1584 2642 1624 nos
2683 1569 2880 1624 divinis
2908 1567 3284 1637 sermonibus,
3318 1568 3373 1623 in
3403 1569 3606 1639 quibus

2025 1664 2204 1719 nullus
2228 1671 2313 1717 est
2334 1676 2511 1726 error,
2538 1660 2682 1715 nulla
2702 1659 3055 1730 ambiguitas,
3083 1667 3427 1730 eoaptemus;
3458 1660 3599 1714 sicut

352 1765 596 1818 Ruinana
628 1760 869 1816 Ecclesia
892 1758 1135 1829 quaedam
1182 1757 1237 1810 in
1274 1740 1445 1810 sacris
1467 1752 1657 1808 ciliciis
1688 1760 1742 1806 et
1765 1751 1925 1806 mini-
1952 1739 2000 1797 B
2028 1754 2094 1808 de
2118 1752 2355 1823 prazl’atis
2382 1751 2586 1806 Levitis
2603 1791 2619 1817 ,
2670 1749 2905 1819 antiquis
2947 1749 3143 1805 divina;
3177 1748 3351 1805 laudis
3371 1750 3603 1805 cantori-

351 1855 533 1911 steriis
575 1849 1021 1924 reprehensibilia
1062 1850 1224 1903 etiam
1264 1844 1364 1901 sub
1398 1845 1757 1900 anathematis
1782 1844 1931 1897 dam-

351 1946 569 2000 natione
617 1956 898 2008 resecare;
951 1940 1092 1995 sicut
1138 1936 1256 2007 ejus
1294 1937 1510 1992 decreta
1534 1935 1712 2005 palam
1747 1940 1929 1988 osten-

350 2037 485 2093 dunt
535 2035 710 2109 (Vide
738 2032 831 2088 lib.
882 2030 1114 2087 Correct.
1142 2028 1355 2100 Antiph.
1379 2069 1393 2093 ,
1421 2042 1540 2097 cap.
1575 2024 1673 2091 15,
1717 2022 1859 2079 infra
1881 2022 1923 2095 ).

351 2127 505 2196 Quod
535 2127 579 2182 si
604 2126 894 2198 praedictus
919 2123 1274 2180 calumniator
1294 2120 1573 2175 humiliter
1596 2125 1653 2173 et
1670 2116 1927 2173 obedien-

351 2226 435 2272 ter
460 2230 691 2287 pensare
718 2213 1034 2277 studuisset,
1066 2225 1407 2282 nequaquam
1439 2209 1507 2264 ad
1535 2215 1741 2263 tantam
1763 2207 1925 2263 deve-

351 2303 496 2357 niret
535 2300 844 2355 fatuitatem
867 2339 881 2364 ,
924 2307 985 2353 ut
1024 2297 1190 2352 verba
1225 2294 1585 2367 quorumlibet
1623 2292 1924 2357 hominum,

347 2407 577 2463 quorum
599 2406 699 2446 nec
727 2390 973 2455 nomina,
1007 2404 1107 2443 nec
1130 2402 1348 2443 sensum
1374 2427 1389 2452 ,
1428 2399 1529 2440 nec
1556 2383 1717 2438 ﬁdem
1753 2382 1924 2450 novit,

349 2489 608 2550 tanquam
627 2479 841 2534 divinas
867 2478 1177 2548 Scripturas
1206 2475 1537 2539 defenderet,
1562 2482 1619 2529 et
1637 2487 1737 2543 per
1757 2472 1927 2544 phan-

351 2572 574 2627 tasticas
611 2586 675 2627 ac
718 2569 1054 2625 rudiculosas
1083 2568 1366 2639 allegorias
1383 2566 1675 2636 explanare
1703 2577 1926 2621 conare-

349 2671 458 2717 tur.
497 2661 656 2717 Certe
684 2661 731 2717 si
763 2661 892 2731 quid
933 2675 1125 2716 sanum
1171 2659 1406 2730 cogitare
1434 2657 1623 2722 vellet,
1656 2653 1926 2711 subiceret

348 2754 399 2808 ei
429 2755 495 2808 ad
519 2769 736 2808 omnem
755 2752 1188 2807 emendationem
1214 2758 1269 2804 ct
1293 2749 1586 2815 silentium,
1616 2747 1758 2818 quod
1787 2747 1927 2803 sicut

353 2844 410 2898 in
441 2844 630 2899 diebus
655 2844 722 2898 ad
764 2843 958 2897 missas
996 2858 1101 2897 non
1128 2840 1231 2895 nisi
1263 2841 1442 2895 divina
1470 2838 1794 2910 generaliter
1814 2836 1925 2893 elo-

349 2934 477 3003 quia
511 2934 885 2997 decantantur,
921 2932 995 2986 ita
1024 2940 1078 2986 et
1126 2931 1181 2985 in
1227 2930 1476 2985 noctibus
1503 2930 1572 2985 ad
1598 2943 1783 2983 sacras
1815 2927 1923 2983 Deo

347 3021 561 3093 Vigilias
589 3021 919 3076 exhibendas
953 3021 1141 3075 eadem
1184 3018 1372 3090 procul
1417 3018 1580 3073 dubio
1618 3017 1703 3072 lex
1732 3016 1924 3073 debeat

2024 1843 2147 1908 bus,
2204 1842 2349 1897 idem
2393 1841 2838 1910 Paralipomenon
2875 1839 3013 1894 liber
3055 1839 3316 1908 replicat,
3366 1840 3595 1896 dicens:

2025 1933 2219 1989 Levites
2245 1948 2363 1987 vero
2386 1941 2444 1985 ut
2484 1939 2618 1986 stent
2648 1946 2803 1984 mane
2840 1930 2911 1984 ad
2950 1929 3304 2000 conﬁtendam
3334 1940 3382 1985 et
3410 1948 3602 1986 canen-

2025 2023 2151 2077 dnm
2183 2022 2425 2087 Domino,
2458 2021 2799 2092 similiterque
2826 2020 2896 2074 ad
2919 2036 3214 2091 vesperam,
3244 2022 3430 2075 tamin
3456 2020 3602 2076 obla-
3666 2084 3673 2089 _

2025 2115 2164 2167 tione
2209 2112 2636 2167 holocaustorum
2682 2111 2928 2177 Domini,
2976 2126 3135 2182 quam
3179 2112 3236 2164 in
3258 2111 3507 2178 sabbatis,
3554 2124 3602 2168 et

2024 2202 2282 2283 kalendis,
2315 2211 2363 2257 et
2386 2201 2801 2257 solemnitatibus
2826 2201 3048 2255 cteteris.
3089 2201 3156 2255 Et
3197 2201 3396 2257 iterum
3424 2203 3477 2257 in
3518 2202 3603 2257 dc-

2024 2288 2294 2344 dicatione
2340 2287 2528 2357 templi
2568 2287 2669 2341 sub
2707 2285 2996 2341 Salomone
3024 2285 3263 2341 dicitur:
3295 2286 3363 2341 Et
3385 2287 3601 2342 dedica-

2024 2378 2094 2433 vit
2116 2379 2331 2432 domum
2375 2376 2590 2431 Domini
2629 2392 2722 2430 rea:
2749 2385 2798 2430 et
2822 2378 3096 2430 universus
3127 2374 3370 2447 populus.
3415 2376 3605 2432 Sacer-

2024 2466 2168 2522 dotes
2192 2476 2364 2521 autem
2392 2467 2598 2520 stabant
2617 2465 2672 2520 in
2696 2464 2886 2535 ofﬁciis
2921 2465 3051 2530 suis,
3081 2475 3130 2519 et
3153 2464 3343 2519 Levius
3363 2466 3419 2519 in
3451 2483 3606 2537 orga-

2025 2558 2108 2611 nis
2130 2558 2423 2611 carminum
2445 2555 2675 2621 Domini,
2700 2571 2819 2628 qua
2840 2555 2962 2625 fecit
2978 2554 3150 2611 David
3172 2571 3266 2609 rea:
3287 2555 3357 2609 ad
3379 2556 3606 2611 laudan-

2023 2646 2149 2701 dam
2184 2645 2468 2700 Dominum
2494 2686 2508 2711 ,
2552 2645 2800 2717 quoniam
2846 2645 2902 2698 in
2949 2654 3201 2700 aeternum
3242 2646 3602 2702 misericordia

2023 2737 2158 2808 ejus,
2179 2737 2396 2807 hymnos
2419 2735 2590 2790 David
2616 2745 2859 2790 canentes
2879 2751 2972 2806 per
2993 2752 3181 2790 manus
3202 2752 3347 2790 suas.
3391 2736 3523 2791 ltem
3546 2735 3603 2792 in

2022 2827 2397 2882 emendatione
2453 2834 2510 2882 et
2570 2826 2947 2897 puriﬁcatione
2994 2825 3234 2896 ejusdem
3278 2827 3461 2898 templi
3501 2828 3603 2883 sub

2023 2918 2257 2996 Ezechias
2284 2918 2546 2990 scriptum
2573 2925 2694 2973 est:
2728 2914 3087 2990 Pracepitque
3108 2917 3365 2973 Ezechias
3385 2928 3432 2973 et
3451 2919 3599 2990 prin-

2024 3012 2163 3083 cipes
2201 3009 2414 3078 Levitis,
2452 3010 2812 3065 utJaudarent
2838 3009 3120 3064 Dominum
3146 3010 3469 3065 sermonibus
3495 3009 3610 3063 Da-

347 3089 644 3167 observari.
698 3111 846 3167 Unus
876 3126 1069 3182 nempe
1095 3089 1440 3179 omnipotens
1474 3108 1734 3163 Dominus
1770 3117 1922 3166 utro-
1947 3089 1993 3152 C
2024 3101 2133 3168 rid,
2173 3111 2224 3156 et
2258 3102 2437 3172 Asaph
2466 3101 2720 3167 videntis,
2765 3101 2857 3174 qui
2880 3100 3227 3156 laudauerunt
3265 3117 3384 3156 eum
3410 3117 3608 3172 magna

347 3216 456 3271 que
496 3209 737 3271 tempore
786 3201 1057 3267 laudatur,
1104 3201 1195 3256 uni
1223 3201 1449 3258 Domino
1478 3207 1690 3270 tempus
1714 3209 1899 3256 utrum

346 3305 453 3359 que
480 3288 791 3365 famulatur,
823 3291 911 3345 cui
941 3292 1178 3345 dicitur:
1214 3291 1357 3345 Tuus
1373 3300 1448 3345 est
1479 3290 1589 3345 dies
1609 3331 1623 3356 ,
1672 3291 1917 3358 Domine,

345 3390 394 3434 et
436 3388 526 3434 tua
569 3390 644 3435 est
689 3396 811 3434 nox.
867 3380 945 3435 Tu
972 3381 1259 3450 fabricatus
1291 3398 1345 3435 es
1367 3397 1617 3436 auroram
1659 3392 1706 3435 et
1733 3380 1916 3436 solem.

349 3469 458 3524 Sed
487 3468 605 3539 ejus
647 3470 844 3526 stultus
870 3480 925 3524 rt
953 3472 1139 3527 irritus
1166 3472 1318 3527 labor
1350 3473 1707 3543 prudentibus
1739 3482 1795 3528 et
1823 3474 1922 3529 mi-

345 3562 491 3619 nime
519 3563 875 3618 contentiosis
907 3577 973 3618 ac
998 3564 1165 3618 Deum
1199 3563 1512 3619 timentibus
1549 3563 1807 3633 majorem
1838 3565 1921 3619 in-

349 3655 488 3709 cutit
520 3654 934 3710 sollicitudinem
952 3697 967 3721 ,
994 3664 1055 3711 ut
1079 3666 1299 3727 propter
1332 3656 1635 3725 hujusmodi
1662 3673 1843 3713 naevos
1869 3665 1924 3713 et

347 3755 563 3797 errores
591 3744 860 3799 cavendos
891 3744 1130 3799 vivacius
1159 3755 1214 3799 et
1233 3746 1492 3800 attentius
1521 3745 1714 3801 divina:
1739 3755 1924 3802 aucto-

348 3834 495 3889 ritati
521 3844 575 3889 et
604 3835 989 3891 ecclesiasticis
1027 3838 1243 3893 statutis
1271 3838 1587 3893 inhaereant.
1618 3837 1745 3895 Haec
1775 3855 1924 3894 nam-

349 3939 454 3993 que
478 3924 600 3980 ﬁdei
625 3926 836 3982 cautela
854 3968 869 3992 ,
900 3935 956 3982 et
982 3927 1346 3983 sincerissima
1376 3930 1734 3985 observantiae
1754 3930 1922 3986 disci-

346 4013 490 4083 plina
515 4055 530 4080 ,
560 4024 622 4069 ut
649 4015 702 4070 in
729 4016 926 4086 templo
955 4017 1050 4072 Dei
1090 4027 1144 4073 et
1180 4034 1361 4073 coram
1388 4019 1571 4074 divino
1595 4019 1754 4075 altari
1784 4018 1924 4076 divi-

350 4119 544 4159 norum
575 4108 947 4160 tantummodo
974 4106 1312 4176 eloquiorum
1340 4109 1568 4164 melodia
1595 4108 1920 4178 celebretur,

343 4195 511 4249 etiam
558 4196 767 4250 Veteris
817 4195 1147 4251 Testamenti
1198 4200 1522 4253 auctoritate
1560 4205 1616 4253 et
1660 4199 1923 4270 exemplis

1936 3519 1946 3569 l

2026 3194 2232 3251 latitia.
2292 3194 2555 3251 Similiter
2597 3195 2761 3251 etiam
2810 3194 2910 3251 sub
2941 3192 3089 3251 Josia
3126 3194 3184 3249 in
3241 3194 3607 3251 celebratione

2026 3284 2220 3342 Phase.
2258 3282 2430 3340 Porro
2460 3294 2696 3342 cantores
2719 3327 2733 3352 ,
2760 3286 2966 3355 inquit,
2993 3284 3095 3356 ﬁlii
3118 3285 3293 3358 Αωρή
3318 3286 3527 3341 stabant
3549 3290 3613 3340 in

2024 3378 2207 3432 ordine
2233 3393 2329 3432 suo
2342 3377 2505 3447 juxta
2526 3386 2840 3449 praeceptum
2863 3376 3034 3432 David
3051 3418 3067 3443 ,
3109 3386 3159 3432 et
3187 3376 3383 3448 Asaph,
3418 3387 3468 3433 et
3502 3377 3606 3432 Ile-

2025 3482 2167 3531 man,
2221 3475 2270 3519 et
2319 3462 2539 3521 Idithim
2582 3467 2954 3537 prophetarum
3001 3468 3155 3539 regis.
3227 3466 3380 3534 Quod
3429 3476 3604 3524 totum

2024 3570 2186 3624 quam
2229 3562 2414 3611 sancte
2465 3562 2520 3610 et
2557 3555 2805 3625 religiose
2841 3555 3006 3611 fuerit
3044 3556 3351 3612 institutum
3377 3596 3393 3624 ,
3439 3572 3613 3628 quam

2024 3645 2251 3701 dulciter
2293 3660 2359 3701 ac
2404 3654 2716 3702 reverenter
2749 3646 2820 3701 sit
2862 3647 3183 3703 imitandum
3222 3647 3367 3702 inter
3402 3657 3603 3705 uetera

2023 3735 2170 3790 beati
2208 3734 2377 3790 David
2428 3735 2745 3807 magniﬁca,
2793 3736 2868 3792 ita
2916 3735 3054 3792 liber
3093 3736 3508 3793 Eeclesiasticas
3544 3742 3604 3791 in

2023 3830 2141 3901 ejus
2190 3830 2438 3886 laudibus
2478 3831 2843 3901 prosequitur,
2893 3831 3110 3887 dicens:
3159 3829 3229 3885 In
3269 3831 3410 3885 omni
3448 3846 3604 3901 opera

2024 3921 2165 3976 dedit
2188 3920 2562 3992 confessidnem
2606 3930 2788 3975 sancto
2817 3930 2866 3976 et
2907 3919 3111 3975 excelso
3138 3921 3192 3974 in
3218 3920 3369 3976 verba
3393 3918 3597 3990 glorite.
3692 3941 3697 3945 λ

2025 4011 2103 4067 De
2147 4013 2289 4067 omni
2337 4011 2490 4067 corde
2535 4027 2631 4066 suo
2679 4010 2913 4066 laudatit
2950 4009 3233 4065 Dominum
3258 4051 3275 4076 ,
3317 4018 3368 4065 et
3415 4010 3610 4063 dilexit

2024 4104 2212 4171 Deum,
2243 4104 2333 4175 qui
2363 4103 2482 4174 {erit
2524 4102 2696 4169 illum,
2749 4112 2797 4158 et
2835 4101 2978 4157 dedit
3019 4100 3100 4156 illi
3139 4110 3323 4156 contra
3358 4100 3602 4156 inimicos

2023 4195 2337 4267 potentiam;
2360 4204 2410 4249 et
2438 4205 2579 4249 stare
2602 4194 2722 4265 fecit
2751 4204 2988 4249 cantores
3008 4202 3191 4249 contra
3216 4192 3411 4259 altare,
3453 4200 3504 4246 et
3541 4191 3603 4245 in

343 4284 500 4340 nobis
530 4285 843 4342 ﬁrmissime
881 4289 1288 4343 commendatur
1320 4306 1333 4343 :
1368 4289 1459 4344 ubi
1490 4290 1543 4344 in
1580 4288 1721 4345 libro
1759 4288 1924 4345 Para-
1945 4281 2001 4342 D
2023 4304 2153 4343 sono
2179 4302 2359 4342 eorum
2397 4286 2576 4341 dulces
2602 4284 2725 4356 fecit
2763 4284 2963 4340 modos.
3022 4283 3092 4339 Et
3119 4284 3261 4340 dedit
3287 4286 3344 4339 in
3370 4281 3603 4338 celebra-

1688 4400 1963 4457 BALUle
1998 4399 2228 4457 ΝΟΤᾹΣ.

413 4505 440 4533 ι
475 4490 710 4547 Plebeios
736 4490 982 4563 psalmos.
1019 4491 1302 4563 Sumptum
1326 4501 1409 4547 est
1435 4491 1579 4548 istud
1605 4508 1673 4547 ex
1707 4506 1916 4548 canone

341 4562 532 4618 ultimo
552 4563 763 4618 concilii
802 4561 1110 4625 Laudiceni,
1142 4561 1327 4631 inquo
1367 4564 1445 4618 sic
1489 4563 1748 4632 scriptum
1792 4569 1912 4616 est:

341 4632 492 4698 Quod
522 4649 624 4687 non
667 4642 897 4701 oporteat
941 4632 1161 4702 plebeios
1188 4632 1414 4702 psalmos
1439 4634 1493 4687 in
1542 4632 1773 4702 Ecclesia
1794 4648 1917 4685 can-

344 4712 476 4765 tare,
512 4719 602 4756 nec
627 4702 807 4767 libros,
833 4701 1019 4771 prwter
1041 4701 1310 4765 canonem,
1343 4703 1482 4771 legi;
1511 4702 1602 4756 sed
1623 4701 1733 4771 sola
1762 4717 1915 4771 sacra

342 4772 607 4826 columina
673 4772 806 4826 Novi
834 4769 842 4771 “
868 4771 1201 4835 'l'estumenti,
1254 4772 1326 4825 rel
1383 4769 1594 4825 Veteris.
1654 4769 1912 4824 Prohibet

340 4857 470 4910 ergo
495 4857 688 4905 canon,
731 4856 796 4895 ne
819 4841 1007 4909 psalmi
1034 4841 1249 4910 plebeii,
1281 4843 1332 4895 id
1360 4850 1463 4904 est,
1494 4856 1523 4894 a
1565 4840 1788 4909 privatis
1814 4839 1915 4892 im-

338 4913 630 4981 peritisque
660 4911 965 4981 hominibus
993 4912 1303 4979 compositi,
1337 4911 1387 4965 in
1427 4910 1662 4965 Ecclesia
1693 4910 1918 4981 reciten-

340 4992 443 5035 tur.
474 4979 781 5036 invaluerat
820 4980 964 5035 enim
991 4981 1116 5051 bch
1146 4981 1496 5046 consuetudo,
1520 4979 1917 5051 ,(quemadmo-

341 5051 468 5105 dum
496 5053 563 5106 ad
605 5053 746 5107 hunc
791 5064 1051 5104 canonem
1094 5048 1454 5106 Laodicenum
1483 5047 1792 5106 observavit
1818 5047 1914 5104 Ju-

343 5121 546 5190 stellus,
574 5130 630 5177 et
660 5120 926 5175 Henricus
957 5118 1202 5175 Valesius
1227 5122 1294 5175 ad
1326 5120 1520 5176 librum
1566 5137 1664 5185 vn,
1690 5136 1813 5190 cap.
1842 5117 1913 5173 24

340 5188 589 5262 llistoria:
616 5190 1019 5262 Ecclesiasticte
1050 5190 1284 5262 Eusebii)
1318 5199 1378 5244 ut
1404 5190 1556 5246 multi
1588 5188 1826 5259 psalmos
1858 5197 1914 5262 et

343 5258 568 5330 hymnos
597 5262 653 5316 in
675 5262 934 5317 honorem
963 5260 1164 5317 Christi
1196 5258 1603 5330 componerent,
1637 5275 1836 5329 eosque
1856 5260 1911 5330 in

344 5327 581 5400 Ecclesia
606 5332 815 5389 cantari
860 5330 1138 5386 facerent:
1186 5327 1338 5400 quod
1376 5347 1444 5384 ex
1489 5330 1655 5400 variis
1696 5327 1913 5400 Eusebii

339 5395 472 5472 locis
500 5401 745 5472 probant.
776 5400 1092 5469 Hujusmodi
1120 5395 1247 5472 ergo
1267 5400 1524 5472 psalmos
1568 5398 1647 5472 iu_
1671 5399 1912 5472 Ecclesia

342 5467 593 5547 deinceps
620 5471 743 5547 cani
784 5467 952 5547 vetuit
992 5467 1229 5547 synodus
1265 5467 1587 5535 Laodicena,
1636 5470 1913 5547 indignum

342 5537 625 5605 majestate
649 5537 745 5609 Dei
774 5537 1088 5609 credensfsi
1117 5541 1237 5596 aliis
1263 5557 1423 5609 quant
1447 5555 1721 5594 sacrorum
1752 5537 1915 5592 libro~

342 5621 458 5681 rum
486 5609 664 5681 verbis
695 5607 862 5681 Deum
893 5608 1137 5664 laudaret
1166 5607 1392 5681 populus
1420 5610 1779 5681 Christianus.

410 5678 438 5719 δ
485 5676 637 5733 Nihil
678 5677 873 5746 poetice
921 5675 1279 5748 composit-imi.
1345 5680 1538 5736 Censet
1595 5675 1914 5749 Agobardus

2020 4491 2157 4546 levia
2186 4491 2428 4546 carmina
2459 4497 2514 4544 et
2538 4488 2724 4545 faciles
2747 4504 2958 4555 versus,
3001 4488 3297 4559 cuiusmodi
3326 4498 3449 4543 sunt
3476 4505 3599 4559 quite

2019 4571 2209 4615 motata
2233 4560 2394 4615 hodie
2418 4560 2665 4624 dicimus,
2691 4575 2798 4614 non
2825 4574 2942 4614 esse
2984 4558 3224 4614 canenda
3254 4559 3306 4612 in
3331 4558 3593 4614 Ecclesia.

2019 4631 2203 4701 Neque
2232 4630 2514 4699 Agobardo
2540 4630 2711 4701 solum
2734 4629 3006 4701 displicuit
3025 4644 3154 4701 usus
3177 4628 3282 4701 ille.
3314 4629 3596 4701 Displicuit

2018 4698 2161 4771 enim
2189 4698 2351 4756 etiam
2394 4716 2588 4771 magno
2616 4700 2731 4754 viro
2759 4698 3023 4754 Gulielmo
3044 4698 3299 4771 Durandi,
3342 4700 3596 4771 episcopo

2018 4770 2359 4835 Mimatensi;
2391 4768 2542 4837 cujus
2567 4770 2684 4824 hinc
2726 4778 2850 4824 sunt
2878 4771 3042 4824 verba
3084 4783 3151 4823 ex
3179 4768 3317 4823 libro
3356 4768 3594 4823 secundo

2018 4841 2083 4912 de
2112 4840 2266 4895 Modo
2294 4840 2559 4912 generalis
2588 4840 2801 4894 concilii
2825 4839 3155 4912 celebrandi,
3180 4855 3301 4908 cap.
3336 4839 3402 4912 l9
3424 4856 3444 4912 ζ
3461 4859 3480 4890 s
3512 4838 3593 4912 Vis

2019 4911 2240 4966 deretur
2276 4909 2431 4966 valde
2465 4911 2748 4965 honestum
2789 4926 2908 4965 esse
2943 4911 3084 4978 quod
3127 4919 3316 4964 cantus
3358 4909 3589 4963 indevoti

2018 4989 2074 5035 et
2102 4982 2388 5037 inordinati
2421 4988 2740 5035 metetorum
2767 4990 2822 5034 et
2869 4977 3124 5034 similium
3171 4994 3278 5034 non
3319 4977 3507 5034 ﬁerent
3538 4980 3588 5032 in

2018 5051 2267 5116 ecclesia,
2293 5066 2412 5105 cum
2442 5050 2758 5116 reprobetur
2790 5049 2860 5104 92
2889 5050 3015 5104 dist.
3040 5046 3310 5104 Cantores.
3340 5068 3358 5101 ι
3392 5049 3590 5104 Verum

2016 5121 2174 5176 durat
2200 5122 2372 5176 adhuc
2399 5120 2453 5173 in
2484 5117 2726 5175 Ecclesia
2769 5135 2889 5176 mos
2917 5119 3026 5182 ille,
3050 5132 3222 5190 quem
3250 5119 3363 5190 tolli
3390 5117 3592 5190 abole-

2019 5190 2174 5262 rique
2199 5192 2394 5247 debere
2437 5198 2721 5262 senserunt
2752 5190 2946 5262 magni
2985 5189 3061 5262 illi
3081 5186 3214 5244 'viri.
3264 5186 3417 5262 Quid
3444 5189 3587 5262 enim

2017 5257 2306 5330 vulgatius,
2354 5275 2514 5329 quam
2557 5267 2616 5313 ut
2661 5258 2798 5330 levia
2844 5257 3108 5330 carmina,
3158 5267 3214 5330 et
3241 5257 3587 5330 modulationi

2018 5327 2167 5401 apta,
2193 5327 2481 5386 cantentur
2524 5330 2577 5384 in
2619 5329 2856 5401 Ecclesia
2879 5329 2902 5382 ?
2926 5329 3131 5401 Neque
3154 5327 3209 5383 id
3238 5336 3445 5382 tantum
3490 5327 3588 5381 ali-

2018 5399 2253 5469 quoties,
2286 5413 2345 5454 ut
2391 5415 2548 5455 casus
2574 5399 2748 5470 videri
2795 5403 2964 5470 possit
2992 5399 3145 5470 {sed
3179 5404 3423 5470 vertente
3449 5409 3591 5470 anno

2058 5470 2274 5536 uolibet,
2305 5470 2359 5524 in
2389 5469 2475 5523 die
2520 5470 2682 5523 natali
2727 5465 2940 5523 Domini
2981 5469 3152 5524 nostri
3194 5466 3323 5524 Iesu
3368 5465 3585 5536 Christi.

2069 5542 2173 5595 nde
2196 5535 2515 5596 etcarmina
2540 5538 2630 5593 illa
2659 5548 2876 5609 recepto
2896 5537 3105 5609 jamdiu
3129 5538 3389 5595 vocabulo
3418 5535 3590 5592 nomi-

2019 5619 2217 5666 nantur
2247 5609 2429 5674 Noels,
2461 5609 2514 5663 id
2534 5617 2637 5671 est,
2660 5606 2868 5664 Natalia
2892 5606 3153 5665 semina.
