3962 6180
245 344 349 403 529

1384 331 1509 387 LIB.
1556 333 1642 387 DE
1673 329 2016 386 CORRECT.
2055 328 2424 386 ΑΝἹἹΡΗΟΝ.

3416 319 3520 406 ³⁵ίὲ

246 456 480 513 tionibus
500 453 692 515 decus,
751 459 788 504 ιι
817 448 1020 505 ornarit
1048 457 1284 516 tempora
1312 461 1474 515 usque
1503 444 1572 497 ad
1596 459 1841 497 consum-
1871 449 1920 505 Α
1947 440 2322 511 diseiplinatus
2362 439 2591 511 quisque
2635 437 2868 495 libenter
2912 434 3246 505 acquiescat.
3304 431 3362 490 Si
3398 433 3525 516 quis

247 548 531 603 motionem
560 545 701 604 vita',
746 552 804 595 ut
824 539 1104 593 laudarent
1128 547 1370 590 sanctum
1396 550 1582 588 nomen
1604 533 1836 597 Domini,

248 650 297 694 et
325 636 715 706 ampliﬁcatam
748 647 901 685 mane
923 629 1023 683 Dei
1054 628 1406 682 sanctitatem.
1448 624 1557 680 Sed
1586 633 1640 678 et
1668 623 1722 677 in
1751 622 1842 677 Li-

251 732 349 785 bro
377 724 652 783 Samuelis
697 723 816 777 haec
855 719 1118 791 psallendi
1168 718 1343 788 gratia
1383 714 1644 785 spiritalis
1672 714 1726 768 in
1750 729 1844 768 eo—

250 822 375 876 dem
404 833 537 891 rege
555 814 905 871 sanctissimo
931 810 1278 881 praedicatur,
1312 807 1403 862 ubi
1427 807 1625 877 legitur
1652 824 1664 859 :
1696 805 1843 858 Dixit

249 910 424 966 David
454 906 601 976 [ilius
630 904 744 959 Isai
780 919 799 957 :
849 901 996 956 Dixit
1028 900 1109 954 uir
1148 898 1233 952 cui
1277 898 1619 951 constitutum
1657 903 1732 949 est
1776 895 1842 949 de

249 1000 464 1055 Christo
488 998 587 1052 Dei
618 995 809 1060 Iacob,
838 992 1074 1063 egregius
1101 988 1294 1061 psaltes
1330 986 1500 1043 Israel
1532 978 1561 1039 ':
1610 985 1841 1057 Spiritus

251 1093 351 1147 Dei
389 1090 600 1145 locutus
642 1096 718 1142 est
747 1102 840 1157 per
858 1100 941 1138 me
964 1123 980 1149 ,
1023 1092 1073 1137 et
1109 1097 1280 1137 sermo
1322 1080 1437 1150 ejus
1472 1096 1566 1150 per
1605 1078 1841 1149 linguam

249 1202 449 1240 meam.
523 1182 661 1237 Huic
705 1180 870 1251 igitur
914 1185 1022 1232 tam
1063 1183 1266 1231 sancta:
1295 1172 1607 1229 auctoritati
1648 1178 1704 1225 et
1733 1179 1841 1224 tam

252 1273 562 1343 perspicua:
605 1268 825 1323 veritati
866 1282 974 1320 non
1022 1272 1108 1319 est
1149 1264 1371 1318 dubium
1407 1262 1552 1334 quod
1592 1260 1766 1317 ﬁdelis
1790 1267 1848 1313 et

1942 508 2122 586 autem
2175 508 2547 587 contentiosus
2575 536 2632 584 et
2661 527 2914 598 pertinax
2959 524 3336 580 contradicere
3364 508 3528 577 cana;

1944 631 2052 687 tur,
2085 629 2141 676 et
2160 621 2225 676 de
2247 619 2556 675 turbulento
2585 620 2758 689 magis
2785 616 2923 681 rivo,
2954 629 3118 684 quam
3147 613 3213 670 de
3230 610 3526 685 purissimo

1944 712 2091 768 fonte
2118 722 2311 784 potare
2337 711 2589 777 voluerit,
2621 710 2823 765 viderit
2844 724 2913 764 ne
2940 707 3031 763 illo
3053 714 3280 778 aegrotet
3305 690 3528 775 languo-

1946 818 2005 858 re
2041 803 2204 858 nimis
2236 802 2546 872 pernicioso
2566 840 2581 867 ,
2626 814 2790 870 quem
2815 797 3035 870 quidam
3062 796 3408 866 antiquorum
3428 809 3525 864 pa-

1948 902 2091 949 trum
2123 894 2402 964 sapienter
2446 899 2504 947 et
2527 890 2763 946 breviter
2788 887 3087 944 cavendum
3120 886 3419 951 admonuit,
3447 882 3526 939 di-

1948 997 2112 1038 cens:
2144 982 2247 1048 Qui
2267 989 2560 1051 contempta
2580 979 2799 1033 veritate
2818 977 3086 1048 praesumit
3104 972 3528 1029 consuetudinem

1946 1073 2115 1143 sequi,
2138 1081 2231 1125 aut
2253 1071 2395 1124 circa
2423 1070 2613 1139 fratres
2640 1068 2849 1121 invidus
2873 1075 2947 1119 est
2971 1074 3017 1119 ct
3040 1061 3531 1149 malignushquibus

1947 1166 2138 1220 veritas
2167 1163 2441 1228 revelatur,
2472 1170 2564 1215 aut
2602 1161 2743 1215 circa
2777 1159 2945 1213 Deum
2973 1159 3230 1229 ingratus,
3273 1155 3424 1227 cujus
3451 1154 3533 1209 iu-

1948 1258 2235 1327 spiratione
2264 1254 2501 1309 Ecclesia
2523 1253 2638 1324 ejus
2664 1253 2963 1307 instruitur.

490 1516 1015 1646 AGOBARDI
1097 1515 1402 1640 LIBER
1484 1511 1615 1639 DE
1702 1506 2392 1639 CORRECTWNE
2476 1502 3275 1632 ANTIPHONABII.

325 1862 368 1915 l.
412 1857 802 1913 Dilectissimis
846 1857 900 1912 in
937 1854 1153 1912 Christo
1199 1854 1463 1910 fratribus
1494 1863 1550 1910 et
1586 1856 1858 1927 prmeipue
1886 1859 1932 1919 B
1961 1866 2148 1927 gemus
2171 1890 2185 1914 ,
2233 1847 2403 1903 multo
2442 1845 2614 1917 magis
2655 1861 2780 1902 cum
2825 1844 2937 1902 Deo
2978 1844 3166 1901 laudes
3208 1845 3487 1906 offerimus
3519 1868 3532 1901 τ

257 1964 283 1989 ι
313 1950 642 2005 cantoribus
692 1947 949 2004 Ecclesia:
1012 1945 1392 2017 Lugdunensis
1432 1945 1750 2013 Agobardus
1797 1947 1851 2000 in

254 2042 448 2095 eodem
487 2039 710 2095 Christo
750 2037 980 2093 Domino
1019 2044 1075 2091 et
1101 2034 1385 2091 Salvatore
1424 2043 1609 2090 nostro
1649 2036 1850 2105 sempi-

256 2143 475 2186 ternam
500 2130 754 2185 salutem.

326 2223 388 2277 in
413 2221 619 2277 divinis
647 2219 894 2275 laudibus
937 2219 1278 2275 exsolvendis
1306 2227 1509 2288 quanto
1553 2217 1732 2273 studio
1773 2214 1854 2271 fu-

252 2314 457 2385 gienda
486 2313 560 2366 sit
585 2312 779 2367 levitas
799 2352 813 2376 ,
841 2311 1186 2382 gravitasque
1208 2311 1461 2365 sectanda
1482 2349 1497 2374 ,
1541 2307 1856 2379 frequenter

251 2398 542 2454 dilectioni
588 2404 785 2451 vestra:
834 2396 888 2449 in
957 2402 1141 2449 mutua
1189 2394 1545 2451 collocutione
1587 2392 1856 2465 suggessi-

252 2507 417 2556 mus;
471 2488 687 2545 scilicet
736 2496 797 2541 ut
852 2486 1156 2542 rationabili
1202 2485 1669 2549 consideratione,
1716 2483 1858 2538 sicut

251 2583 566 2653 prudentes
592 2576 849 2633 Ecclesiae
870 2577 965 2632 lilii
991 2618 1005 2643 ,
1059 2584 1115 2632 et
1149 2575 1458 2631 rationabili
1485 2574 1602 2643 ejus
1627 2573 1766 2629 lacte
1789 2574 1856 2628 ab

255 2670 612 2728 incunabulis
632 2669 876 2735 enutriti,
909 2667 1052 2738 quod
1079 2667 1192 2722 Deo
1221 2666 1470 2737 displicet
1500 2664 1853 2736 refugientes,

252 2762 524 2819 concordi
565 2761 745 2817 studio
793 2760 847 2814 id
900 2759 1045 2828 quod
1088 2765 1300 2830 gratum
1348 2764 1737 2827 acceptumque
1781 2755 1855 2821 ei,

253 2856 449 2912 verbis
499 2853 663 2909 sicuti
707 2860 762 2908 et
806 2850 965 2906 factis
1010 2850 1373 2905 sectaremini.
1440 2847 1500 2903 Si
1530 2849 1674 2903 enim
1716 2847 1858 2917 apud

251 2962 463 3017 graves
512 2954 569 2999 et
615 2944 889 3013 sapientes
914 2941 1063 2997 viros
1087 2981 1102 3007 ,
1152 2955 1259 2995 non
1299 2939 1473 2997 solum
1495 2952 1729 3005 morum,
1760 2938 1858 2993 sed

251 3041 433 3095 etiam
491 3037 783 3093 verborum
830 3036 1029 3091 levitas
1081 3033 1522 3105 reprehensibilis
1556 3032 1856 3103 judicatur,

253 3140 479 3203 quanto
516 3131 692 3201 magis
732 3129 874 3200 apud
917 3128 1085 3184 Deum
1122 3128 1291 3182 totius
1333 3133 1536 3182 sanctze
1576 3116 1876 3197 gravitatis.

1952 1946 2077 2017 quia
2103 1944 2243 1998 sicut
2264 1956 2423 1996 nemo
2450 1940 2554 1996 nisi
2582 1940 2699 2011 ipso
2726 1940 3025 2011 inspirante
3050 1941 3343 1996 secundum
3370 1942 3537 1998 Deum

1951 2034 2224 2106 postulat,
2274 2033 2347 2086 ita
2394 2031 2574 2085 nullus
2616 2030 2719 2085 nisi
2760 2045 2825 2085 eo
2863 2030 3143 2085 erudiente
3183 2028 3352 2085 Deum
3383 2031 3540 2103 digne

1952 2124 2240 2181 collaudat.
2283 2121 2400 2178 Non
2426 2137 2558 2189 ergo
2584 2121 2954 2193 cujuscunque
2976 2120 3268 2193 figmentis,
3298 2123 3392 2179 sed
3418 2122 3542 2195 Spi-

1952 2220 2091 2274 ritus
2134 2217 2308 2273 sancti
2340 2215 2570 2285 eloquiis
2610 2215 2867 2284 majestas
2897 2215 3077 2270 divina
3124 2214 3389 2271 laudanda
3434 2225 3536 2272 est.

1955 2310 2200 2381 Denique
2235 2317 2288 2365 et
2332 2308 2424 2363 lilii
2462 2307 2643 2363 Aaron
2681 2308 2858 2378 ignem
2889 2307 3124 2362 alienum
3155 2308 3384 2365 Domino
3409 2309 3538 2366 olfeo

1956 2412 2141 2459 rentes
2163 2444 2178 2469 ,
2213 2417 2320 2458 non
2368 2400 2613 2471 obsequii
2652 2401 3166 2467 remunerationem,
3197 2402 3291 2457 sed
3314 2402 3540 2458 damna-

1955 2492 2159 2548 tionem
2209 2489 2646 2561 prazsumptionis
2689 2490 2897 2560 experti
2945 2498 3088 2545 sunt.
3129 2490 3282 2547 Unde
3312 2491 3415 2548 hoc
3445 2510 3544 2549 nos

1955 2581 2263 2653 exemplum
2291 2594 2635 2650 summopere
2658 2579 2892 2634 vitantes
2911 2621 2924 2645 ,
2956 2580 3084 2634 illud
3113 2580 3342 2638 sollicite
3364 2592 3542 2638 atten-

1957 2672 2150 2727 damus
2176 2669 2320 2740 quod
2350 2669 2435 2724 vel
2462 2670 2517 2724 in
2545 2668 2853 2725 Proverbiis
2882 2670 3144 2740 scriptum
3177 2679 3261 2726 est
3299 2689 3312 2726 :
3361 2670 3547 2727 Omnis

1956 2779 2127 2819 sermo
2167 2761 2267 2816 Dei
2305 2761 2503 2831 ignitus
2548 2759 2758 2831 clypcus
2800 2769 2875 2814 est
2895 2760 3225 2831 sperantibus
3264 2762 3319 2815 in
3349 2777 3422 2816 se.
3464 2760 3548 2817 Ne

1958 2852 2126 2909 addas
2147 2852 2435 2925 quidquam
2464 2852 2632 2907 verbis
2659 2851 2826 2918 illius,
2871 2860 2919 2905 ct
2949 2855 3214 2923 argueris,
3240 2852 3548 2908 invenieris-

1957 2959 2057 3017 que
2099 2944 2347 2999 mendax.
2406 2941 2552 2998 Nihil
2598 2943 2779 3012 itaque
2827 2941 2923 2997 Dei
2966 2943 3147 2998 verbis
3174 2943 3464 3011 addentes,
3495 2956 3550 2999 et

1960 3038 2215 3093 timentes
2260 3037 2416 3107 argui
2470 3036 2807 3106 invenirique
2856 3035 3180 3102 mendaces,
3247 3036 3417 3091 verbo
3452 3035 3549 3093 Dei

1960 3132 2132 3206 ignito
2158 3173 2174 3199 ,
2220 3132 2313 3203 qui
2344 3130 2563 3204 clypeu's
2598 3128 2714 3202 spei
2763 3137 2849 3185 est
2873 3169 2888 3194 ,
2932 3136 3174 3200 tempore
3205 3129 3472 3185 orationis
3497 3140 3553 3185 et

253 3241 321 3280 ac
344 3222 643 3293 sapientiae
672 3228 970 3284 amtorem.
1002 3219 1090 3274 οιιὶ
1110 3218 1395 3274 Psalmis"!
1438 3216 1572 3273 die“
1607 3234 1621 3269 ε
1668 3214 1737 3271 In
1760 3232 1859 3288 ρο·
1887 3213 1933 3277 C
1962 3226 2141 3283 laudis
2180 3224 2579 3280 inﬂammemur
2603 3222 2806 3295 pariter
2847 3231 2903 3278 et
2942 3220 3269 3278 muniamur.
3311 3222 3554 3292 Cumque

251 3318 399 3390 pulo
437 3315 587 3388 graui
628 3313 856 3368 laudabo
880 3322 948 3379 te,
999 3320 1055 3369 et
1083 3311 1169 3367 cui
1191 3326 1290 3366 nos
1312 3308 1599 3380 Apostolus
1620 3309 1862 3364 rationa-

253 3408 383 3463 bile
421 3404 741 3475 obsequium
772 3404 1028 3458 admonet
1052 3402 1330 3457 exhibere.
1371 3400 1559 3471 Neque
1580 3416 1713 3457 vero
1734 3416 1863 3472 pas-

253 3499 401 3562 sim,
433 3504 492 3550 et
518 3496 724 3566 absque
749 3493 990 3566 diligenti
1025 3492 1459 3559 examinatione,
1498 3494 1640 3563 quod
1667 3493 1865 3564 cuique

254 3595 447 3648 visura
498 3589 662 3645 fuerit
710 3591 762 3645 in
791 3589 885 3643 Dei
913 3589 1163 3646 laudibus
1188 3590 1557 3660 usurpandum
1585 3598 1700 3657 est,
1740 3606 1864 3647 cum

255 3685 413 3738 dicat
469 3679 802 3750 Apostolus:
838 3679 981 3734 Nam
1025 3679 1153 3751 quid
1196 3697 1425 3746 oremus,
1464 3682 1599 3735 sicut
1643 3691 1863 3753 oportet,

256 3774 564 3828 nescimus.
625 3768 727 3824 Sed
753 3770 862 3840 ipse
890 3767 1120 3840 Spiritus
1145 3769 1374 3840 postulat
1403 3786 1497 3842 pro
1531 3770 1677 3825 nobis
1701 3772 1865 3841 gemi-

256 3864 405 3918 tibus
436 3859 908 3916 inenarrabilibus.
936 3859 1041 3927 Qui
1060 3870 1236 3915 autem
1257 3869 1526 3916 scrutatur
1543 3861 1726 3927 corda,
1769 3862 1867 3915 scit

256 3957 393 4027 quid
420 3952 687 4009 desideret
712 3953 963 4025 Spiritus,
986 3955 1111 4026 quia
1135 3953 1424 4009 secundum
1444 3952 1612 4007 Deum
1640 3952 1869 4025 postulat

253 4067 359 4117 pro
398 4047 629 4102 sanctis.
690 4045 847 4102 Unde
881 4055 936 4102 ct
975 4047 1202 4117 apostoli
1228 4048 1479 4101 humanae
1515 4046 1870 4115 ignorationis

252 4137 489 4195 conscii
514 4176 528 4200 ,
560 4136 749 4190 orandi
787 4135 1072 4191 formulam
1106 4152 1135 4190 a
1165 4136 1278 4190 Deo
1304 4136 1511 4206 petiere
1531 4176 1546 4201 ,
1577 4135 1820 4192 dicentes
1852 4154 1864 4190 :

254 4229 534 4290 Domine,
560 4226 687 4281 doce
710 4244 805 4282 nos
835 4243 1008 4281 orare.
1066 4224 1228 4282 Certe
1265 4226 1613 4283 manifestum
1651 4238 1734 4282 est
1759 4243 1872 4282 ma-

252 4320 349 4388 jus
396 4331 532 4373 esse
586 4317 699 4373 Deo
752 4319 1063 4388 quempiam
1116 4318 1275 4390 digne
1318 4318 1526 4376 laudes.
1565 4319 1867 4385 exsolvere,

254 4423 445 4481 quam
481 4421 585 4476 pro
617 4406 937 4463 inﬁrmitate
977 4409 1199 4480 propria
1239 4423 1515 4475 exorare;
1564 4410 1871 4480 pnesertim

254 4515 397 4554 cum
427 4500 544 4553 hoc
569 4499 853 4568 prtesentis
878 4499 1005 4554 vitae
1049 4498 1157 4554 ﬁne
1199 4498 1543 4565 terminetur,
1587 4499 1716 4555 illud
1742 4514 1872 4555 vero

256 4593 358 4646 hic
394 4587 710 4653 inchoetur,
763 4588 819 4643 in
862 4587 1045 4644 futuro
1091 4597 1274 4645 autem
1316 4587 1662 4666 perﬁciatur,
1713 4590 1871 4661 juxta

254 4683 418 4754 quod
449 4679 743 4735 Psalmista
773 4680 852 4735 ait
877 4698 890 4733 :
943 4679 1091 4734 Beati
1111 4681 1200 4753 qui
1221 4680 1463 4736 habitant
1492 4680 1547 4734 in
1572 4679 1726 4734 domo
1754 4689 1868 4743 tua,

262 4771 552 4827 Domine!
580 4771 635 4824 in
657 4769 853 4825 strcula
875 4769 1191 4824 srrcalorum
1212 4768 1503 4824 laudabunt
1528 4780 1595 4825 te.

1963 3315 2225 3372 Dominus
2252 3315 2441 3371 dicat:
2479 3313 2649 3369 Verba
2673 3330 2793 3385 qum
2834 3330 2927 3385 ego
2973 3310 3182 3369 locutus
3221 3330 3340 3368 sum
3385 3313 3552 3377 vobis,
3616 3354 3621 3359 -

1962 3409 2179 3480 spiritus
2218 3415 2267 3462 et
2306 3408 2414 3462 vita
2456 3417 2617 3474 sunt,
2652 3407 2834 3462 omnia
2856 3405 3092 3461 humana
3118 3406 3397 3480 figmenta,
3436 3422 3557 3478 quae

1964 3495 2208 3554 vanitate
2240 3498 2321 3554 sui
2352 3508 2565 3554 mortua
2589 3498 2885 3569 judicanda
2913 3509 3061 3563 sunt,
3094 3507 3432 3569 respuentes,
3478 3499 3557 3552 vi-

1965 3592 2215 3647 ventibus
2255 3589 2459 3647 Christi
2506 3590 2736 3663 eloquiis
2782 3592 2838 3647 in
2869 3591 3039 3664 ipsius
3066 3588 3342 3659 obsequiis
3372 3605 3556 3659 perso-

1966 3697 2191 3747 nemus;
2224 3682 2481 3751 quatinus
2507 3697 2668 3737 voces
2699 3691 2923 3749 nostrte,
2953 3697 3058 3736 non
3085 3681 3243 3752 quasi
3271 3680 3460 3735 alienae
3488 3683 3556 3735 ah

1966 3790 2032 3830 eo
2059 3773 2276 3844 respui,
2327 3772 2423 3827 scd
2452 3781 2512 3828 ut
2536 3772 2768 3842 propriae
2802 3789 2926 3827 cum
2968 3771 3216 3842 supernis
3243 3771 3554 3836 virtutibus,

1967 3879 2088 3934 qua:
2114 3860 2399 3932 majestate
2445 3861 2541 3915 Dei
2576 3868 2871 3916 trementes
2910 3862 3137 3916 adorant
3173 3868 3334 3933 atque
3358 3861 3559 3917 collau-

1968 3954 2120 4019 dant,
2148 3962 2461 4008 mereantur
2495 3952 2729 4007 admitti.

2037 4044 2124 4100 lll.
2161 4042 2277 4098 Hac
2305 4043 2369 4098 de
2399 4055 2562 4098 causa
2606 4050 2662 4097 et
2705 4040 3153 4113 Antiphonarium
3203 4061 3304 4115 pro
3352 4042 3560 4101 viribus

1970 4135 2169 4192 nostris
2211 4149 2407 4205 magna
2449 4148 2517 4188 ex
2561 4140 2717 4204 parte
2746 4134 3102 4201 correximus,
3153 4135 3447 4207 amputatis
3476 4136 3561 4191 his

1971 4245 2090 4300 quae
2138 4227 2223 4282 vel
2268 4223 2578 4297 superflua,
2610 4225 2694 4281 vel
2735 4224 2908 4293 levia,
2951 4226 3034 4282 vel
3062 4228 3375 4305 mendacia,
3404 4229 3431 4269 ι)
3465 4239 3562 4283 aut

1971 4319 2291 4390 blasphema
2319 4317 2661 4373 videbantur.
2699 4318 2770 4374 Et
2804 4335 2899 4375 vos
2934 4317 3248 4391 frequenter
3274 4322 3558 4381 admonui-

1972 4429 2127 4478 mus,
2158 4420 2214 4467 et
2246 4418 2490 4466 tenorem
2535 4408 2922 4469 admonitionis
2966 4421 3167 4469 nostra:
3208 4421 3429 4483 propter
3468 4413 3562 4469 ali-

1974 4516 2205 4573 quorum
2232 4507 2528 4571 praesentes
2549 4515 2643 4555 seu
2672 4498 2881 4557 futuras
2905 4502 3276 4572 querimonias
3306 4503 3361 4558 in
3385 4502 3562 4561 fronte

1976 4592 2218 4663 ejusdem
2246 4588 2412 4646 libelli
2453 4605 2657 4662 ponere
2704 4591 3069 4647 necessarium
3126 4592 3415 4651 duximus:
3455 4607 3560 4649 non

1979 4681 2230 4755 generale
2260 4679 2462 4753 aliquid
2484 4688 2809 4747 statuentes,
2843 4682 2934 4736 sed
2952 4682 3106 4753 juxta
3131 4682 3560 4740 mediocritatem

1982 4789 2175 4830 sensus
2218 4772 2392 4828 nostri
2444 4770 2498 4827 in
2541 4772 2699 4828 domo
2729 4772 2847 4838 Dei,
2891 4774 3046 4844 cujus
3075 4774 3231 4831 nobis
3262 4791 3391 4830 cura
3413 4791 3563 4832 com-

337 4865 409 4920 ll.
456 4862 524 4918 Si
550 4876 680 4933 ergo
705 4870 927 4917 orantes
973 4862 1217 4917 doctrina
1262 4862 1438 4917 sancti
1480 4861 1716 4932 Spiritus
1743 4863 1878 4919 indi-
1984 4865 2152 4921 missa
2194 4871 2315 4930 est,
2349 4862 2491 4933 quod
2520 4877 2808 4934 possumus
2829 4862 3117 4921 offerentes
3142 4880 3156 4919 :
3183 4882 3283 4921 uec
3311 4864 3376 4921 de
3401 4879 3561 4921 sensu

754 4961 760 4967 '
1663 4954 1937 5012 BALUZII
1971 4953 2202 5011 NOTIE.

342 5060 371 5087 ι
408 5043 735 5100 Cantoribus
778 5041 1008 5098 ecclesia:
1060 5040 1277 5112 Iugdun.
1328 5041 1424 5096 His
1471 5044 1868 5099 commendatio

254 5116 522 5174 accessit
543 5129 609 5168 ex
638 5128 770 5168 cura
796 5112 1046 5167 Leidradi
1072 5129 1087 5164 :
1120 5112 1232 5180 qui,
1264 5119 1324 5166 ut
1362 5112 1477 5183 ipse
1518 5113 1584 5168 ad
1617 5113 1870 5168 Carolum

256 5190 540 5259 stagnum
566 5185 790 5259 _scribit,
824 5191 975 5259 tanta
1001 5197 1131 5259 cura
1170 5183 1495 5259 procuravit
1515 5199 1670 5259 sacra
1716 5185 1876 5259 mini-

254 5252 450 5313 steria
480 5257 537 5307 in
565 5253 912 5325 Lugdunensi
936 5252 1184 5325 ecclesia,
1212 5261 1272 5306 ut
1290 5253 1453 5325 etiam
1482 5254 1708 5325 haberet
1727 5255 1879 5308 scho—

254 5331 350 5384 las
380 5323 700 5390 cantorum,
728 5324 800 5378 ita
830 5324 1192 5389 eruditorum,
1221 5332 1280 5377 ut
1303 5323 1438 5378 alios
1471 5324 1638 5378 etiam
1665 5325 1881 5379 erudire

254 5404 527 5470 possent.

342 5471 373 5508 b
408 5467 520 5519 Aut
556 5464 876 5534 blasphema.
915 5462 1091 5534 Fuere
1113 5463 1205 5532 qui
1244 5463 1586 5532 Agobardum
1627 5464 1807 5520 nimia:
1831 5465 1884 5519 in

256 5545 378 5596 hoc
410 5542 739 5603 argumento
754 5533 1185 5602 scrupulositatis
1206 5542 1509 5603 arguerent,
1538 5535 1882 5589 damnantem

257 5607 451 5663 nimis
475 5604 633 5658 facile
662 5604 951 5674 nonnullas
994 5604 1341 5674 antiphonas,
1387 5605 1752 5673 nonnullaque
1789 5621 1878 5660 re-

255 5677 598 5751 sponset-ia,
635 5689 757 5744 quae
798 5672 926 5751 licet
948 5688 1015 5726 ex
1054 5672 1225 5729 sacris
1270 5674 1422 5751 libris
1448 5672 1729 5751 desumpta
1769 5691 1877 5751 non

254 5744 410 5807 sint,
453 5746 541 5816 pia
588 5754 770 5799 tamen
817 5744 996 5812 potius
1024 5754 1334 5814 suntquam
1384 5745 1566 5813 impia.
1600 5744 1664 5798 Et
1714 5746 1876 5801 audio

700 5834 974 5895 ΡΑτιιοι..
1013 5835 1172 5899 CIV.

1977 5043 2193 5127 easdem
2216 5044 2560 5127 antipbonas,
2590 5060 2724 5127 quas
2754 5044 2841 5127 hic
2863 5045 3084 5127 damnat
3107 5044 3448 5127 egobardus‘,‘
3471 5044 3566 5102 ho-

1979 5115 2066 5170 die
2086 5123 2550 5196 quoque-exstare
2671 5115 2949 5196 BreviariO
2994 5114 3372 5196 Lugdunep‘si:
3407 5115 3566 5173 Certo

1981 5192 2198 5240 exstant
2222 5184 2275 5238 in
2300 5185 2574 5239 Breviario
2613 5184 2863 5241 Ecclesia:
2885 5184 3224 5240 Parisiehsis.
3256 5184 3407 5241 Unde
3428 5202 3565 5243 σου-

1986 5262 2115 5320 stat,
2146 5269 2234 5308 res
2259 5254 2425 5310 semel
2451 5261 2695 5325 receptas
2722 5255 2774 5309 in
2804 5254 3068 5318 Ecclesia,
3110 5268 3218 5311 non
3267 5253 3426 5325 facile
3448 5273 3566 5312 mn-

1989 5325 2116 5389 tari,
2135 5334 2428 5393 cautosque
2458 5326 2509 5379 in
2536 5323 2619 5379 his
2641 5325 2801 5379 rebus
2822 5326 3018 5379 debere
3041 5340 3159 5380 esse
3180 5323 3481 5393 pontiﬁces,
3501 5343 3568 5381 ne

1995 5396 2354 5466 ministerium
2383 5407 2571 5449 eorum
2601 5395 2955 5466 vituperetur.
2980 5393 3211 5466 Quidni?
3230 5395 3568 5466 quandoqui-

1988 5466 2110 5536 dem
2140 5472 2195 5519 et
2219 5464 2492 5536 Agolzardi
2523 5479 2651 5536 cura
2683 5461 2837 5517 irrita
2871 5461 2992 5519 fuit.
3037 5464 3128 5521 Sic
3158 5461 3408 5536 Urbanus
3454 5461 3566 5525 Vlll

1986 5535 2217 5607 hymnos
2269 5534 2536 5607 Correxit.
2583 5534 2650 5607 Et
2689 5542 2883 5607 tamen
2932 5549 3146 5607 semper
3196 5535 3383 5607 hymni
3428 5542 3570 5594 anti-

1982 5598 2075 5676 qui
2120 5617 2388 5660 canuntur
2419 5604 2754 5676 iancclcsia,
2808 5619 2981 5674 neque
3030 5598 3289 5662 hactenus
3320 5607 3575 5665 inventus

1982 5675 2064 5730 est
2091 5677 2377 5748 quisquam
2402 5675 2491 5744 qui
2519 5683 2674 5728 notas
2699 5685 2993 5746 apponeret
3015 5677 3229 5748 hymnis
3250 5678 3316 5733 ab
3346 5676 3565 5736 Urbano

1981 5747 2261 5801 correctis.

3061 5837 3129 5898 ll
