3962 6180
446 316 549 378 831

1406 307 1462 361 S.
1507 306 1855 362 AGOBARDI
1894 306 2200 364 EPISCOPI
2238 305 2719 363 LUGDUNENSIS

3598 310 3698 367 5'52

444 440 632 491 nostro
660 428 864 501 aliquid
888 433 1305 498 praesumentes;
1360 422 1456 478 sed
1494 422 1790 492 Scriptum
1818 429 2021 476 sancta:
2049 426 2097 481 Α
2125 423 2479 490 compositum
2503 462 2517 485 ,
2548 430 2739 475 contra
2770 434 2975 475 morem
3004 421 3254 475 nocturni
3284 420 3441 477 oliicii
3470 422 3540 476 ab
3566 426 3694 478 emi—

442 525 850 585 auctoritatem,
922 525 977 573 et
1028 530 1311 573 sacrorum
1336 528 1624 569 canonum
1663 513 2020 577 sanctionem,

443 616 944 682 catholicorumque
964 618 1179 682 patrum
1202 608 1443 662 instituta
1467 613 1523 661 et
1541 604 1787 674 exempla
1814 612 2025 658 sectan-

445 718 547 762 tes.
588 705 667 760 De
695 703 893 774 quibus
934 708 1225 770 antequam
1268 696 1469 767 aliquid
1497 694 1869 765 proferamus,
1897 709 2027 748 con-

444 808 638 865 gruum
668 792 901 856 videtur,
948 787 1180 859 exempli
1226 786 1435 858 gratia,
1481 783 1768 838 nonnullas
1796 782 2025 853 ineptias

446 894 566 956 quae
590 882 818 955 prmfato
846 877 1265 937 continebantur
1294 875 1495 940 libello,
1541 883 1735 929 notare
1766 873 2022 936 breviter,

446 993 511 1033 ac
540 976 731 1031 leviter
755 974 1113 1043 redarguere;
1159 975 1217 1023 ut
1244 982 1310 1022 ex
1336 967 1422 1020 his
1450 963 1892 1034 perpaucissimis
1915 962 2028 1016 cvi-

446 1069 659 1125 dentius
682 1073 1011 1136 agnoscatur
1033 1074 1196 1131 quam
1223 1056 1535 1113 necessario
1563 1069 1683 1125 qua:
1720 1056 1773 1109 in
1799 1068 2027 1122 sequen-

447 1161 589 1215 tibus
611 1156 807 1213 dicturi
835 1168 1043 1217 sumus,
1066 1166 1097 1206 a
1123 1149 1371 1220 patribus
1392 1147 1687 1203 constituta
1713 1146 1836 1208 sint,
1863 1160 2029 1213 quan-

444 1264 609 1322 toque
643 1251 837 1305 timore
861 1261 927 1302 ac
952 1241 1315 1299 sollicitudine
1357 1253 1546 1295 eorum
1590 1238 1728 1294 scita
1757 1236 1915 1293 nobis
1935 1251 2028 1289 cx-

438 1340 628 1410 pediat
649 1338 961 1394 observare.

514 1430 604 1485 lV.
639 1430 719 1485 Ac
738 1428 976 1501 primum
1002 1466 1018 1494 ,
1066 1423 1223 1494 quale
1262 1422 1392 1479 illud
1425 1430 1511 1478 est
1534 1462 1549 1487 ,
1596 1418 1739 1492 quod
1768 1421 1820 1474 in
1844 1419 2026 1491 vigilia

444 1522 653 1579 Natalis
681 1520 895 1577 Domini
938 1518 995 1574 in
1034 1518 1205 1572 choro
1232 1514 1470 1571 ﬁdelium
1496 1521 1551 1567 et
1584 1508 1823 1566 ﬁdelium
1848 1509 2029 1564 erudi—

445 1615 680 1670 (litorum
704 1652 707 1655 -
727 1610 1050 1665 cantabatur
1076 1625 1088 1659 :
1119 1606 1258 1660 Dum
1298 1614 1442 1658 ortus
1484 1603 1642 1672 fuerit
1674 1599 1753 1655 sol
1783 1600 1848 1655 de
1874 1598 2023 1665 uelo,

444 1702 684 1758 videbitis
717 1699 907 1769 Regem
932 1714 1110 1768 regum
1132 1694 1495 1766 procedentem
1519 1709 1551 1744 α
1580 1690 1740 1745 Patre
1772 1699 2023 1761 tanquam

2128 513 2360 568 nontiori
2399 513 2518 568 loco
2556 512 2858 581 pompatice
2885 512 3247 582 concrepabat
3279 529 3291 565 :
3335 511 3609 567 Descendit
3637 515 3695 567 de

2127 605 2267 659 cmlis
2309 608 2498 658 missus
2552 604 2616 657 ab
2663 620 2784 657 arce
2820 602 2999 657 Patris
3039 615 3065 643 ι
3109 603 3343 657 introivit
3396 621 3488 674 per
3524 621 3695 659 aurem

2136 694 2366 766 Virginis
2388 696 2442 747 in
2465 695 2728 765 regionem
2751 702 3004 757 nostram,
3023 692 3239 746 indutus
3259 691 3396 747 stola
3420 710 3698 765 purpurea,

2125 794 2176 839 et
2204 785 2371 839 exivit
2410 801 2502 854 per
2548 800 2764 837 auream
2792 792 2996 854 portam
3040 781 3135 836 (ua:
3171 791 3220 837 et
3256 783 3415 837 decus
3455 785 3703 839 universa

2128 876 2343 947 fabrica:
2378 876 2581 930 mundi.
2629 875 2730 931 Ubi
2770 876 3037 946 primum,
3078 875 3171 944 qui
3210 874 3551 931 descenderit
3599 893 3700 932 non

2127 965 2391 1034 designat.
2420 964 2615 1019 Arcem
2645 979 2775 1019 vero
2801 964 2980 1019 Patris
3006 963 3135 1032 quid
3170 963 3398 1025 dixerit,
3429 965 3544 1035 ipse
3573 980 3703 1034 quo-

2129 1068 2233 1125 que
2265 1055 2482 1123 penitus
2527 1054 2812 1125 ignoravit.
2866 1052 3120 1123 Nunquid
3170 1063 3257 1109 est
3298 1053 3515 1123 aliquod
3541 1054 3705 1109 tedili-

2127 1146 2270 1201 cium
2311 1144 2561 1209 caeleste,
2612 1153 2706 1199 aut
2737 1144 3056 1215 percmleste
3078 1185 3093 1209 ,
3123 1146 3266 1214 quod
3294 1144 3496 1200 factum
3532 1146 3609 1200 sit
3640 1147 3704 1201 ab

2125 1252 2193 1292 eo
2212 1276 2227 1301 ,
2256 1243 2367 1289 aut‘
2385 1235 2529 1289 aliud
2554 1234 2757 1304 aliquid
2792 1235 2936 1305 quod
2964 1249 3073 1290 non
3099 1244 3180 1290 est
3213 1236 3389 1307 ipsum
3421 1236 3565 1306 quod
3607 1237 3705 1293 Pa-

2127 1336 2230 1394 ter,
2270 1334 2362 1383 aut
2399 1334 2483 1382 est
2526 1327 2640 1396 ipse
2670 1326 2869 1381 Pater?
2896 1325 3049 1393 Quod
3077 1327 3122 1382 si
3158 1336 3262 1392 est,
3298 1330 3573 1398 quomodo
3603 1330 3703 1385 sibi

2125 1431 2211 1477 est
2237 1422 2370 1477 arx?
2418 1420 2526 1476 Nec
2568 1436 2665 1491 per
2714 1435 2899 1475 aurem
2940 1420 3178 1491 Virginis
3216 1420 3452 1477 Verbum
3495 1423 3593 1479 Dei
3629 1424 3707 1477 in-

2127 1514 2339 1578 troisse,
2372 1511 2655 1569 catholicae
2702 1524 2860 1567 aures
2908 1509 3090 1565 ferunt
3133 1525 3148 1563 :
3192 1512 3316 1582 quia
3362 1527 3485 1567 cum
3521 1513 3596 1567 sit
3628 1512 3707 1566 in-

2125 1620 2465 1674 corporeum,
2508 1612 2565 1658 et
2608 1612 2781 1658 totum
2821 1604 3024 1673 ubique
3068 1619 3330 1672 prmsens,
3383 1619 3482 1659 nec
3523 1603 3708 1658 locali-

2127 1706 2210 1752 ter
2251 1697 2478 1760 accedit,
2529 1710 2630 1751 nec
2657 1694 2805 1749 aditu
2835 1709 3098 1761 corporeo
3138 1695 3360 1763 indiget.
3410 1695 3523 1751 Nisi
3570 1694 3709 1751 forte

443 1809 691 1865 sponsum
729 1791 794 1845 de
825 1787 1061 1844 thalamo
1098 1803 1195 1841 suo
1217 1787 1243 1840 ?
1281 1784 1443 1841 Certe
1480 1783 1612 1838 lich
1640 1780 1905 1837 catholica
1932 1780 2023 1834 ha-
2049 1778 2096 1837 B
2124 1786 2281 1841 nobis
2300 1785 2629 1855 persuadere
2656 1784 2823 1840 voluit
2852 1786 3220 1855 angelicorum
3246 1800 3378 1840 sono
3414 1786 3706 1840 verborum

448 1887 545 1942 bet
589 1882 824 1938 Verbum
865 1879 1003 1944 Dei,
1051 1878 1283 1949 quorLin
1304 1875 1581 1946 principio
1606 1882 1726 1929 erat
1755 1872 1895 1942 apud
1922 1871 2023 1925 Pa-

442 1984 582 2032 trem
605 2013 622 2041 ,
670 1973 728 2029 in
770 1970 1015 2027 thalamo
1039 1969 1178 2024 uteri
1216 1966 1494 2038 virginalis
1533 1963 1876 2034 coniunxisse
1921 1962 2024 2017 sibi

448 2079 741 2137 sponsum;
790 2059 941 2131 cujus
970 2068 1221 2116 naturam
1252 2058 1308 2112 in
1341 2056 1547 2111 unitate
1574 2069 1819 2125 persona:
1852 2052 2025 2109 susci-

442 2154 616 2227 piens,
648 2167 775 2210 caro
796 2151 1009 2207 factum
1026 2158 1114 2206 est
1147 2157 1210 2203 ut
1236 2147 1506 2203 habitaret
1533 2146 1587 2200 in
1623 2144 1796 2200 nobis.
1855 2142 2021 2197 Natu-

442 2263 519 2303 rte
542 2246 688 2302 enim
715 2253 919 2301 nostra!
943 2227 1125 2298 unittis
1147 2280 1164 2307 ,
1211 2248 1470 2311 tanquam
1500 2253 1730 2309 sponsus
1762 2237 1829 2293 de
1850 2236 2024 2290 thala-

443 2351 532 2393 mo
576 2333 865 2406 virginali,
914 2331 1183 2402 processit
1222 2345 1290 2384 ex
1322 2337 1506 2394 utero;
1565 2335 1621 2381 et
1663 2342 1770 2381 non
1805 2339 1925 2380 cam
1958 2324 2023 2379 de

442 2425 599 2482 calls
624 2423 838 2492 attulit,
878 2422 1019 2478 sicut
1055 2417 1589 2476 haereticiallirmare
1621 2416 1738 2471 ausi
1761 2421 1904 2470 sunt.
1945 2414 2025 2469 Ac

444 2532 543 2588 per
568 2518 803 2573 bacnon
842 2521 1099 2584 tanquam
1130 2525 1360 2583 sponsus
1395 2511 1460 2565 de
1495 2509 1732 2564 thalamo
1761 2506 2025 2579 processit

439 2623 507 2663 ex
526 2606 706 2662 Patre.
748 2604 987 2661 Verbum
1014 2604 1210 2675 quippe
1240 2602 1360 2668 Dei,
1404 2600 1573 2656 Filius
1607 2599 1725 2665 Dei,
1756 2598 2025 2670 processit

431 2696 677 2762 aPatre,
710 2704 768 2751 et
789 2695 939 2750 venit
978 2694 1032 2749 in
1061 2691 1341 2748 mundum.
1394 2689 1504 2745 Nec
1533 2686 1678 2743 aliud
1706 2686 1807 2742 fuit
1839 2682 2023 2742 venire

443 2788 498 2845 in
525 2786 786 2843 mundum
804 2824 822 2852 ,
866 2798 1031 2855 quam
1059 2783 1117 2836 in
1146 2789 1303 2836 utero
1331 2778 1570 2850 Virginis
1596 2785 1804 2831 naturae
1832 2776 2023 2830 buma—

443 2892 528 2932 nae
551 2876 839 2932 veritatem
868 2886 1145 2929 assumere
1169 2911 1185 2938 ,
1230 2872 1286 2926 in
1311 2884 1418 2940 qua
1447 2867 1714 2923 visibilem
1740 2882 1798 2921 se
1818 2865 2023 2936 plmbe-

444 2975 528 3022 ret
557 2965 777 3021 mundo.
804 2963 959 3019 llattc
974 2962 1136 3033 igitur
1157 2960 1508 3016 humanitatis
1531 2966 1729 3014 nostra:
1750 2965 2018 3021 naturam,

440 3056 528 3113 cui
557 3057 742 3112 unitos
769 3069 1002 3126 sponsus
1030 3052 1279 3109 Ecclesite
1304 3050 1482 3106 lactus
1508 3056 1623 3117 cst,
1671 3064 1779 3104 non
1804 3048 1870 3103 de
1896 3047 2018 3103 sinu

433 3145 619 3201 Patris
648 3145 831 3210 traxit,
861 3143 957 3199 sed
984 3143 1050 3198 de
1072 3156 1236 3197 carne
1262 3140 1499 3211 Virginis
1519 3139 1770 3210 sumpsit.

512 3233 576 3289 V.
617 3228 715 3287 Est
729 3237 1003 3301 praeterea
1046 3230 1105 3284 in
1146 3229 1403 3300 prmdicta
1440 3229 1738 3298 antiphona
1780 3227 2016 3283 notanda

438 3322 725 3380 temeritas
749 3360 766 3390 ,
826 3320 1155 3392 evidensque
1205 3320 1543 3376 mendacium
1568 3336 1583 3387 ;
1612 3320 1741 3376 dum
1766 3330 1820 3375 et
1848 3336 2018 3376 sacrae

442 3415 741 3486 Scriptum
782 3412 950 3467 verba
995 3412 1078 3467 sui
1109 3425 1303 3467 sensus
1331 3410 1673 3483 perversitati
1696 3418 1930 3481 coaptat,
1962 3421 2018 3466 et

439 3505 778 3561 nativitatem
809 3501 1130 3569 Salvatoris,
1168 3517 1274 3572 qua
1299 3502 1385 3557 vel
1412 3501 1480 3558 de
1501 3500 1659 3557 Patre
1682 3511 1808 3557 ante
1850 3518 2017 3559 saecu-

436 3599 508 3665 la,
545 3597 632 3653 vel
651 3596 719 3653 de
747 3603 923 3651 matre
955 3594 1008 3649 in
1033 3594 1366 3664 plenitudine
1392 3601 1692 3665 temporum
1716 3603 1875 3651 natus
1911 3604 2013 3662 est,

436 3694 587 3742 tanta
616 3682 933 3741 confusione
972 3683 1299 3754 permiscet,
1347 3690 1409 3738 ut
1453 3683 1520 3739 de
1545 3698 1653 3754 qua
1680 3683 1827 3754 loqui
1864 3684 2013 3752 velit,

434 3776 661 3850 intelligi
696 3776 915 3832 omnino
956 3789 1064 3831 non
1109 3774 1298 3845 possit.
1360 3773 1513 3843 Quod
1540 3790 1883 3846 summopere
1904 3775 2019 3832 ubi-

435 3884 542 3939 que
562 3866 862 3924 cavendum
882 3873 988 3933 est,
1012 3882 1081 3923 ne
1101 3866 1406 3923 divinorum
1430 3868 1720 3923 verborum
1750 3869 1883 3925 ordo
1905 3886 2019 3925 mu-

434 3967 600 4024 tetur,
629 3966 687 4014 et
718 3957 789 4014 de
831 3958 1099 4029 scriptura
1139 3957 1386 4013 veritatis
1419 3957 1759 4030 labyrinthus
1804 3968 2015 4015 texatur

434 4046 661 4103 erroris.
753 4074 765 4084 -

503 4138 592 4194 Vl.
631 4135 769 4193 illud
815 4138 981 4192 etiam
1028 4138 1461 4209 responsorium,
1512 4140 1656 4209 quod
1702 4141 1757 4196 in
1809 4143 2013 4198 eisdem

435 4223 635 4297 vigiliis
668 4225 1012 4292 cantabatur,
1048 4235 1250 4297 quanta
1283 4226 1409 4283 ﬁdei
1445 4230 1739 4286 severitate
1769 4231 2015 4301 rejicien-

435 4316 563 4373 dum
584 4325 692 4385 est,
723 4318 777 4373 in
803 4332 909 4389 quo
944 4318 1021 4373 ait
1049 4333 1222 4376 vanus
1249 4320 1339 4376 ille
1362 4332 1722 4396 praesumptor
1753 4343 1766 4378 :
1809 4325 1888 4380 De
1919 4327 2013 4381 illa

435 4408 641 4464 occulta
675 4408 1005 4465 habitatione
1041 4425 1139 4465 sua
1180 4426 1415 4483 egressus
1438 4423 1515 4469 est
1544 4414 1719 4471 Filius
1759 4415 1880 4485 Dei,
1918 4419 2011 4473 de—

432 4504 632 4560 scendit
676 4506 887 4562 visitare
923 4513 974 4562 et
1013 4506 1287 4563 consolare
1314 4525 1490 4565 omnes
1530 4512 1620 4583 qui
1648 4528 1766 4567 eum
1795 4512 1861 4568 de
1899 4523 2006 4569 toto

435 4595 590 4652 corde
613 4595 1001 4654 desiderabant.
1041 4596 1195 4666 Quod
1215 4613 1339 4654 cum
1365 4614 1678 4656 sermonum
1716 4602 2004 4673 imperitia,

435 4696 545 4742 tum
574 4702 765 4744 sensus
791 4701 1008 4759 quoque
1031 4688 1364 4745 absurditate
1384 4704 1449 4744 ac
1474 4688 1712 4747 falsitate
1736 4699 2003 4763 turpatur.

431 4780 567 4837 Nam
595 4787 650 4838 et
675 4780 943 4838 occultam
971 4780 1096 4837 Filii
1128 4781 1519 4837 habitationem
1547 4797 1756 4839 summa
1783 4784 2006 4843 levitate

428 4858 599 4940 dixit;
628 4881 684 4929 et
710 4887 836 4930 eum
870 4886 1062 4929 omnes
1087 4871 1457 4929 desiderantes
1493 4888 1553 4929 se
1577 4875 1845 4943 visitasse,
1875 4893 2006 4934 con-

429 4964 771 5038 sulatumque
811 4978 933 5022 esse
978 4964 1311 5039 mendaciter
1355 4968 1606 5034 asseruit,
1657 4984 1780 5024 cum
1825 4970 2005 5041 potius

429 5071 526 5114 eos
565 5070 705 5128 quos
749 5055 975 5112 visitare
1007 5055 1257 5127 dignatus
1285 5063 1403 5122 est,
1448 5073 1508 5113 se
1551 5068 1907 5129 agnoscentes
1943 5076 2008 5115 ac

430 5148 803 5206 deﬂabrantes
824 5145 1088 5206 olfecerit.

500 5235 612 5293 VII.
649 5235 1075 5295 Considerentur
1117 5238 1280 5292 etiam
1306 5239 1469 5294 verba
1513 5238 1736 5294 alterius
1781 5256 2007 5310 respon-

432 5324 603 5393 sorii,
646 5325 791 5397 quod
827 5327 980 5401 quasi
1037 5327 1104 5384 de
1154 5327 1413 5400 mysterio
1460 5327 1758 5382 nativitatis
1804 5326 2003 5384 Christi

2124 1893 2334 1933 sacram
2363 1875 2643 1948 Virginem
2664 1876 2759 1931 Dei
2791 1875 2985 1931 Filium
3010 1876 3341 1946 concepisse.
3369 1877 3519 1943 Quod
3543 1891 3712 1945 quan-

2123 1976 2238 2022 tum
2279 1983 2312 2021 a
2340 1966 2464 2023 ﬁdei
2493 1967 2721 2023 veritate
2756 1967 3045 2032 discordet,
3093 1984 3160 2023 ex
3201 1968 3381 2024 verbis
3412 1969 3587 2038 ipsius
3614 1986 3709 2024 an-

2121 2057 2228 2129 geli
2274 2059 2620 2129 perspicuum
2648 2067 2761 2125 est;
2795 2059 2888 2129 qui
2928 2059 3028 2129 ipsi
3059 2057 3269 2130 Virgini
3300 2059 3663 2131 interroganti
3697 2077 3709 2113 :

2124 2149 2401 2217 Quomodo
2424 2150 2514 2220 [iet
2546 2150 2719 2212 istud,
2771 2150 2897 2221 quia
2928 2150 3096 2204 virum
3136 2166 3240 2205 non
3281 2166 3534 2220 cognosco
3556 2152 3582 2203 ?
3610 2149 3717 2204 lie-

2123 2243 2380 2314 Spondit:
2431 2240 2663 2310 Spiritus
2692 2252 2910 2297 sanctus
2943 2243 3268 2313 superveniet
3311 2243 3363 2296 in
3411 2252 3479 2307 te,
3522 2253 3574 2297 et
3614 2244 3717 2298 vir-

2123 2343 2207 2389 tus
2251 2332 2511 2387 Altissimi
2540 2333 2866 2388 obumbrabit
2908 2334 3022 2388 tibi.
3072 2331 3350 2400 Quomodo
3389 2341 3571 2389 autem
3606 2334 3719 2387 vir-

2123 2426 2318 2498 ginalis
2359 2435 2550 2482 uterus
2590 2426 2744 2498 regio
2783 2435 2971 2482 nostra
2997 2427 3173 2497 possit
3201 2426 3459 2496 intelligi,
3498 2442 3631 2481 cum
3663 2434 3717 2482 et

2122 2518 2275 2587 virgo
2319 2517 2408 2572 illa
2443 2517 2589 2573 unici
2632 2516 2755 2571 Filii
2801 2525 2975 2572 mater
3023 2517 3111 2582 sit,
3147 2524 3203 2571 et
3242 2532 3341 2573 nos
3383 2531 3579 2573 omnes
3607 2532 3716 2571 non

2123 2620 2190 2663 ex
2224 2607 2465 2679 virginea
2499 2607 2595 2663 sed
2622 2622 2690 2663 ex
2719 2616 2977 2678 corrupta
3003 2623 3167 2663 carne
3196 2623 3503 2672 nascamur,
3557 2623 3720 2680 pror-

2124 2717 2215 2757 sus
2262 2700 2491 2756 inveniri
2538 2716 2647 2757 non
2698 2709 2893 2772 potest.
2950 2700 3155 2757 Deinde
3206 2699 3350 2772 quod
3395 2715 3524 2755 eum
3575 2700 3718 2756 stola

2122 2796 2366 2851 indutum
2397 2810 2671 2865 purpurea
2717 2811 2905 2851 aurem
2940 2795 3072 2851 dicit
3120 2793 3359 2866 Virginis
3406 2794 3720 2859 introiisse,

2123 2886 2237 2941 sive
2275 2886 2511 2942 humano
2546 2901 2699 2942 more
2744 2886 2890 2942 cultu
2931 2886 3079 2957 regio
3116 2884 3393 2947 indutum,
3441 2885 3565 2941 sive
3612 2885 3719 2939 lm-

2123 2995 2339 3036 mauam
2368 2978 2601 3035 formam
2646 2995 2753 3035 non
2784 2995 2851 3034 ex
2877 2977 3101 3049 Virgine
3127 2978 3462 3048 suscepisse,
3505 2978 3613 3033 sed
3657 2979 3725 3032 de

2064 3132 2090 3152 η
2122 3073 2262 3130 cmlo
2308 3073 2404 3128 Dei
2433 3071 2667 3128 Verbum
2709 3071 2953 3127 attulisse
2984 3071 3292 3142 putaverit,
3334 3083 3571 3137 eamque
3609 3078 3725 3123 sto-

2121 3167 2231 3219 lam
2255 3178 2585 3235 purpuream
2615 3162 2939 3234 appellarit,
2973 3160 3329 3230 apertissima:
3359 3159 3726 3230 blasphemia:

2110 3261 2226 3311 .est.
2277 3251 2396 3309 Jam
2445 3268 2574 3309 vero
2630 3269 2728 3324 per
2779 3267 3000 3307 auream
3046 3260 3259 3323 portam
3314 3266 3439 3307 eum
3486 3251 3721 3311 exiissc.

2121 3352 2326 3416 quanta
2352 3343 2593 3398 vanitate
2642 3342 2889 3413 proferre
2919 3357 3084 3397 ausus
3122 3351 3242 3406 est;
3287 3356 3409 3396 cum
3452 3340 3727 3395 nativitas

2121 3435 2325 3491 Christi
2376 3450 2444 3489 ex
2481 3434 2704 3506 Virgine
2746 3449 2855 3490 non
2906 3431 3255 3504 supervacuis
3292 3431 3469 3487 verbis
3526 3431 3727 3485 adum-

2133 3525 2324 3592 brari,
2366 3524 2460 3581 sed
2499 3523 2842 3595 confessione
2878 3523 3107 3593 simplici
3159 3523 3352 3578 debeat
3395 3523 3724 3581 declarari:

2119 3614 2213 3685 qui
2261 3629 2400 3680 non,
2444 3622 2504 3669 ut
2547 3613 2636 3669 ille
2665 3614 2772 3680 ait,
2805 3614 3071 3669 universa:
3103 3612 3324 3669 lubrica:
3352 3614 3582 3678 mundi,
3630 3613 3729 3667 sed

2116 3704 2266 3775 iuxta
2288 3704 2573 3761 veritatem
2605 3705 2972 3777 evangelicum
3012 3704 3294 3761 rationalis
3332 3705 3729 3760 tantummodo

2118 3804 2385 3852 creatura:
2415 3795 2506 3850 lux
2541 3804 2644 3851 est.

2187 3886 2319 3942 Vill.
2358 3885 2518 3941 Aliud
2543 3901 2756 3956 quoque
2785 3886 3189 3957 responsorium
3219 3886 3287 3943 de
3315 3886 3504 3941 verbis
3532 3885 3725 3940 Evan-

2118 3979 2242 4050 gelii
2268 4019 2284 4045 ,
2326 3977 2422 4033 sed
2468 3994 2576 4033 non
2615 3978 2803 4033 ordine
2846 3976 3195 4048 evangeliea,
3246 3976 3390 4045 quod
3427 3974 3557 4044 jam
3613 3977 3730 4029 uti-

2117 4084 2223 4138 que
2259 4078 2565 4125 correctum
2605 4084 2637 4124 a
2675 4077 2856 4124 vestra
2885 4068 3176 4124 dilectione
3201 4066 3470 4138 psallitur,
3522 4066 3726 4122 nescio

2115 4162 2240 4233 quis
2268 4161 2611 4233 composuit,
2646 4162 2833 4218 dicens
2868 4176 2883 4215 :
2934 4160 3180 4215 Tenebra:
3218 4160 3374 4231 facta:
3410 4170 3543 4214 sunt
3595 4159 3729 4213 dum

2117 4252 2498 4323 cruciﬁxissent
2533 4251 2719 4308 Iesum
2759 4252 2968 4317 Judwi;
3015 4261 3063 4305 et
3110 4251 3252 4305 circa
3281 4251 3467 4304 horam
3515 4264 3729 4304 nonam

2115 4343 2423 4400 exclamavit
2468 4342 2626 4398 Iesus
2679 4359 2798 4397 voce
2854 4358 3046 4413 magna
3097 4355 3116 4393 :
3174 4340 3353 4407 Deus,
3404 4339 3561 4395 Deus
3592 4382 3609 4406 ,
3670 4349 3731 4393 ut

2036 4478 2089 4537 Β
2113 4436 2240 4507 quid
2284 4452 2365 4491 me
2409 4434 2771 4507 dereliquisti?
2806 4432 2952 4487 Tunc
2979 4448 3115 4487 unus
3140 4447 3205 4487 ea:
3231 4431 3488 4486 militibus
3525 4430 3731 4485 lancea

2115 4526 2254 4582 latus
2293 4527 2411 4597 ejus
2445 4526 2769 4597 perforavit,
2805 4534 2853 4579 et
2898 4522 3151 4578 inclinato
3176 4522 3346 4592 capite
3378 4521 3569 4575 emisit
3613 4520 3733 4591 spi-

2110 4616 2290 4670 ritum.
2337 4613 2541 4686 Nempe
2587 4613 2837 4669 omnibus
2874 4612 3125 4667 ﬁdelibus
3159 4619 3370 4667 certum
3419 4618 3538 4676 cst,
3573 4609 3735 4679 quod

2111 4703 2362 4761 Salvator
2399 4713 2586 4761 noster
2634 4720 2743 4760 non
2784 4704 2963 4774 aliqua
3011 4702 3212 4758 doloris
3263 4701 3532 4757 violentia
3598 4716 3739 4757 coa-

2108 4804 2250 4861 ctus,
2299 4796 2394 4851 sed
2447 4802 2744 4864 spontanee
2788 4809 2887 4864 pro
2926 4793 3081 4848 nobis
3133 4801 3217 4848 est
3264 4800 3561 4858 mortuus;
3624 4807 3737 4847 nec

2108 4885 2341 4939 animam
2388 4884 2713 4939 necessitate
2767 4882 2981 4949 amisit,
3032 4883 3128 4938 sed
3177 4890 3444 4953 potestate
3502 4885 3734 4952 posuit,

2111 4975 2251 5029 sicut
2299 4975 2413 5045 ipse
2460 4973 2539 5029 ait
2578 4991 2590 5026 :
2633 4971 2802 5026 Nemo
2847 4971 2982 5025 tollit
3027 4988 3060 5025 a
3102 4988 3184 5027 me
3223 4972 3455 5025 animam
3510 4988 3730 5034 meatu.

2107 5064 2198 5118 sed
2227 5081 2317 5135 ego
2352 5080 2487 5134 pono
2524 5080 2639 5118 eam
2669 5080 2701 5116 a
2731 5079 2811 5117 me
2848 5063 2959 5133 ipso
2996 5070 3053 5115 ut
3089 5062 3278 5116 iterum
3318 5076 3543 5114 sumam
3575 5066 3730 5115 eam.

2112 5152 2217 5209 Sed
2258 5156 2357 5210 iste
2398 5154 2693 5225 evangelici
2742 5153 2948 5208 ordinis
2991 5162 3046 5207 et
3086 5152 3212 5207 ﬁdei
3254 5151 3515 5207 veritatis
3564 5154 3737 5222 igna-

2112 5267 2238 5316 rus,
2287 5252 2437 5323 prius
2485 5251 2621 5306 dixit
2668 5249 2854 5306 lancea
2899 5264 2928 5304 a
2975 5247 3238 5312 militibus
3287 5245 3427 5301 latus
3484 5244 3737 5301 Domini

2110 5337 2463 5408 perforatum,
2496 5345 2551 5393 et
2589 5346 2717 5393 tunc
2744 5337 2812 5392 ab
2838 5352 2903 5392 eo
2932 5336 3180 5413 spiritum
3216 5334 3480 5391 emissum
3513 5353 3527 5388 :
3570 5337 3740 5405 quod

1786 5441 2056 5500 BALUZII
2093 5446 2325 5503 NOTAE.

468 5541 530 5617 7:
564 5528 805 5617 Introivit
837 5549 1142 5617 potia-arent
1174 5530 1423 5617 Virginis.
1456 5531 1654 5617 Mutata
1693 5541 1819 5617 sunt
1842 5536 2005 5617 verba

431 5598 587 5684 istius
613 5598 948 5684 responsorii
987 5598 1477 5684 inposteriprihus
1518 5604 1996 5684 editignibusiire-

430 5670 583 5743 viai-ii
613 5670 951 5743 Parisiensis,
978 5671 1068 5724 ubi
1090 5670 1172 5743 sic
1195 5673 1352 5728 hodie
1377 5673 1606 5743 legitur:
1637 5672 1911 5728 Descendit
1933 5674 1997 5730 de
2042 5722 2051 5729 η

430 5741 569 5794 caziis
608 5742 793 5794 missus
842 5741 903 5793 ab
938 5757 1057 5793 arce
1107 5739 1303 5807 Patris,
1346 5739 1573 5796 introivit
1615 5759 1709 5812 per
1751 5744 1998 5814 virginem

2111 5551 2330 5594 matrem
2360 5542 2412 5594 in
2444 5541 2711 5611 regionem
2746 5553 3000 5607 nostram,
3030 5540 3244 5595 indutus
3274 5548 3463 5611 statam
3497 5554 3744 5609 purpu-

2106 5627 2267 5674 ream,
2302 5606 2526 5684 et_e.r_ivit
2547 5628 2642 5682 per
2673 5611 2907 5684 clausam
2929 5622 3155 5684 portam,
3182 5610 3274 5664 lux
3298 5617 3345 5663 et
3376 5606 3566 5663 decus
3600 5606 3742 5665 lini--

2107 5697 2265 5734 versat
2294 5679 2509 5750 {ebriae
2538 5679 2739 5735 mandi.
2929 5679 2940 5684 ’
3752 5694 3755 5695 ⁷
