4010 6184
332 382 435 443 333

1473 390 1601 447 LIB.
1643 393 1730 449 DE
1768 394 2117 451 CORRECT.
2160 396 2531 455 ANTIPHON.

3497 413 3604 471 334

330 494 551 553 omnino
598 510 868 566 paganum
922 507 1038 565 est,
1095 499 1373 559 Christum
1424 520 1532 560 non
1583 506 1915 577 benignitate
1943 510 1994 569 Α
2022 518 2111 564 tur
2151 526 2260 581 qua
2290 513 2505 567 cautela
2559 512 2957 571 levissimorum
3006 515 3284 574 hominum
3331 527 3612 600 διεθείω-

331 586 560 657 propria:
610 586 935 653 voluntatis,
985 590 1081 646 sed
1126 592 1179 647 vi
1228 593 1433 650 doloris
1482 605 1757 650 mortuum
1812 598 1925 667 Opi-

330 680 477 744 nari;
527 695 654 735 cum
697 695 730 735 e
762 683 1038 737 contrario
1067 684 1124 739 in
1155 685 1451 756 Evangelia
1482 687 1752 743 referatur
1779 688 1924 757 quod

328 766 590 824 Dominus
636 784 771 824 voce
815 786 1008 843 magna
1036 773 1393 839 clamaverit:
1428 774 1613 843 Pater,
1650 779 1707 833 in
1736 796 1924 834 manus

327 869 445 913 tuas
486 860 794 914 commendo
820 862 1064 930 spiritum
1107 880 1279 918 meum
1292 882 1312 930 ;
1353 876 1402 919 et
1439 866 1549 921 Ittec
1594 867 1791 933 dicens,
1836 886 1927 923 er»-

325 952 563 1023 spiravit.
611 950 785 1018 Quam
827 960 1059 1007 mortem
1113 953 1317 1011 Christi
1353 957 1407 1010 in
1460 966 1672 1013 tantum
1723 958 1924 1016 milites

324 1043 417 1112 qui
445 1041 674 1096 aderant
711 1039 964 1111 admirati
1007 1051 1159 1106 sunt,
1211 1054 1272 1100 ut
1317 1049 1574 1104 continuo
1605 1048 1774 1105 Deum
1805 1051 1923 1122 glo-

323 1133 604 1198 rilieasse,
655 1148 887 1205 eumque
934 1135 1030 1190 Dei
1080 1136 1279 1194 Filium
1328 1141 1563 1198 confessi
1613 1157 1735 1199 esse
1784 1145 1925 1201 refe-

330 1232 570 1290 rantur,
644 1239 708 1280 ae
772 1234 959 1295 postea
1021 1226 1221 1285 Iudaeis
1282 1234 1594 1303 petentibus
1652 1235 1921 1292 latronum

319 1331 489 1371 crura
514 1357 529 1382 ,
561 1316 655 1386 qui
680 1332 803 1371 cum
833 1332 899 1373 eo
926 1317 1147 1376 fuerant
1174 1324 1452 1393 cruciﬁxi,
1502 1326 1708 1384 Pilatus
1747 1329 1920 1401 frangi

317 1407 675 1471 concesserit,
706 1406 833 1464 Jesu
868 1416 1053 1465 autem
1075 1410 1189 1480 jam
1216 1417 1414 1472 mortui
1443 1434 1551 1474 non
1581 1436 1744 1476 crura
1784 1438 1920 1477 cou-

316 1494 492 1551 fracta
513 1537 529 1563 ,
563 1499 659 1553 sed
686 1498 875 1554 militis
903 1498 1091 1556 lancea
1122 1504 1265 1561 latus
1294 1519 1617 1566 narraretur
1643 1521 1916 1583 apertum,

314 1599 450 1650 non,
481 1595 540 1639 ut
566 1586 667 1641 iste
697 1587 946 1656 imperite
970 1592 1215 1661 protulit,
1247 1595 1609 1665 perforatum.

389 1712 481 1768 1X.
521 1713 641 1770 Jam
674 1730 806 1772 vero
850 1729 1051 1788 quanta
1090 1723 1182 1778 illa
1217 1733 1345 1780 sunt
1391 1730 1688 1797 vaticinia,
1740 1740 1800 1787 ut
1842 1736 1918 1789 ita

312 1804 525 1861 dictum
568 1808 669 1875 sit,
719 1809 854 1865 falsa
896 1813 949 1867 in
997 1819 1358 1885 responsoriis
1391 1830 1447 1876 et
1493 1824 1906 1897 antiphonariis,

309 1914 441 1969 qua:
470 1905 627 1973 quasi
654 1919 721 1960 ex
750 1922 885 1963 voce
931 1910 1145 1967 Domini
1185 1918 1629 1987 pronuntiantur,
1681 1938 1805 1977 eum
1851 1925 1906 1980 in

309 1990 483 2046 nullis
511 1991 709 2050 divinis
736 1995 1034 2069 Scripturis
1055 2005 1416 2073 reperiantur.
1458 2008 1530 2065 Ut
1554 2019 1637 2067 est
1661 2031 1674 2065 :
1711 2012 1911 2069 Octava

305 2082 522 2138 decima
562 2085 650 2141 die
692 2087 881 2144 decimi
919 2095 1113 2148 mensis
1155 2095 1469 2166 jejunabitis
1493 2142 1508 2166 ,
1558 2102 1689 2157 dicit
1727 2104 1912 2160 Domi-

304 2191 418 2231 nus
446 2217 461 2242 ,
512 2186 561 2231 et
616 2181 821 2235 mittam
874 2184 1014 2238 vobis
1071 2184 1402 2245 Salvatorem
1454 2202 1503 2246 et
1554 2205 1913 2266 propugnato—

304 2283 429 2323 rem
469 2286 564 2340 pro
606 2273 750 2328 vobis
775 2315 788 2340 ,
840 2277 932 2346 qui
976 2295 1063 2332 vos
1113 2283 1379 2351 prwcedat
1422 2293 1472 2339 et
1516 2287 1818 2365 introducat
1856 2292 1911 2346 in

298 2367 512 2413 terram
559 2379 720 2433 quam
755 2366 944 2435 juravi
995 2372 1236 2439 patribus
1292 2376 1498 2430 vestris.
1549 2377 1617 2434 Et
1663 2380 1907 2441 iterum:

297 2446 581 2505 Coronam
611 2452 795 2523 gloria:
842 2473 1033 2526 ponam
1078 2477 1238 2531 super
1262 2474 1419 2534 caput
1449 2467 1595 2536 ejus,
1641 2470 1767 2525 dicit
1808 2472 1912 2527 Do-

292 2540 513 2605 minus,
548 2552 596 2596 et
622 2544 841 2600 induam
870 2546 1022 2603 illum
1066 2551 1257 2607 stolam
1285 2557 1600 2626 candidam,
1633 2564 1758 2633 quia
1796 2581 1909 2620 ser-

294 2631 456 2685 vavit
502 2634 760 2690 mandata
790 2653 906 2692 utea
932 2681 947 2703 ,
993 2648 1041 2695 et
1086 2654 1302 2715 propter
1338 2663 1526 2703 nomen
1569 2667 1741 2707 meum
1779 2656 1911 2726 επα-

294 2738 403 2777 sus
458 2732 536 2778 est
580 2730 797 2797 sanguis
844 2732 959 2801 ejus
1010 2734 1073 2789 in
1121 2744 1284 2792 terra.
1335 2738 1404 2794 Et
1444 2741 1686 2799 iterum:
1726 2745 1910 2805 Sancti

297 2817 459 2881 estis,
490 2817 619 2872 dicit
642 2819 923 2891 Dominus,
955 2826 1319 2898 multiplicabo
1351 2848 1629 2891 numerum
1658 2847 1907 2910 vestrum,

297 2914 373 2960 ut
400 2908 559 2962 oretis
598 2926 692 2979 pro
720 2913 910 2983 papula
948 2932 1062 2971 meo
1096 2920 1154 2973 in
1196 2919 1311 2975 loco
1351 2924 1472 2979 isto.
1514 2925 1583 2981 Et
1611 2929 1779 2985 multa
1808 2908 1910 2986 hu;

293 2993 547 3065 jusmodi
590 2998 880 3058 ridiculosa
910 3012 966 3059 et
1014 3006 1324 3065 fantastica.
1375 3012 1616 3080 Quorum
1658 3015 1909 3076 invento-

297 3087 463 3142 ribus
491 3104 792 3161 congruere
834 3097 968 3151 mihi
1020 3100 1278 3157 videntur
1326 3104 1446 3173 illa,
1487 3122 1609 3178 quae
1645 3110 1908 3170 Dominus

299 3191 411 3247 per
437 3178 776 3237 Ezei-hielem
814 3187 1135 3257 prophetam
1165 3193 1426 3251 adversus
1469 3196 1643 3256 falsos
1660 3204 1901 3273 prophe-

304 3277 397 3323 tas
441 3269 697 3341 loquitur,
743 3275 932 3333 dicens
981 3293 998 3332 :
1056 3279 1147 3336 γω
1196 3287 1461 3357 prophetis
1507 3269 1897 3363 insipientibus,

296 3360 401 3427 qui
445 3371 734 3430 sequuntur
775 3366 1018 3434 spiritum
1060 3388 1217 3428 suum
1245 3416 1260 3442 ,
1314 3386 1364 3431 et
1405 3380 1537 3434 nihil
1587 3360 1780 3438 vident.
1832 3360 1901 3442 Et

298 3460 433 3524 post
478 3469 649 3524 pauca
698 3473 712 3512 :
768 3457 951 3515 Vident
990 3481 1121 3521 nova
1172 3477 1222 3522 et
1268 3470 1505 3527 divinant
1541 3476 1893 3545 mendacium,

301 3543 539 3600 dicentes
584 3560 605 3599 :
656 3548 744 3603 Ait
781 3549 1062 3619 Dominus,
1095 3572 1214 3611 cum
1255 3557 1515 3618 Dominus
1560 3581 1664 3619 non
1697 3568 1897 3623 miserit

303 3652 419 3703 eos,
464 3648 514 3692 et
536 3655 991 3710 perseuerauerunt
1030 3649 1344 3719 confirmare
1377 3671 1687 3713 sermonem.
1740 3659 1895 3715 Nun-

300 3729 438 3787 quid
481 3747 587 3783 non
627 3733 881 3787 visionem
918 3752 1121 3793 cassam
1153 3741 1391 3810 ridistis,
1428 3755 1477 3800 et
1515 3748 1891 3807 divinationem

300 3816 607 3873 mendacem
638 3818 799 3874 locuti
826 3825 992 3878 estis?
1015 3826 1083 3880 Et
1111 3828 1306 3899 dicitis,
1336 3833 1423 3888 Ait
1452 3835 1731 3905 Dominus,
1774 3859 1896 3896 cum

301 3921 399 3973 ego
450 3923 556 3961 non
600 3910 701 3963 sim
736 3911 960 3968 locutus.
1012 3914 1297 3989 Propterea
1325 3924 1436 3979 hcce
1473 3926 1599 3981 dicit
1637 3929 1892 3987 Dominus

302 3996 448 4051 Deus
472 4011 492 4049 :
522 3997 662 4065 Quia
683 4001 846 4058 locuti
870 4008 993 4061 estis
1022 4024 1186 4073 uana,
1220 4021 1267 4066 et
1294 4013 1504 4070 dixistis
1534 4020 1889 4087 mendacium,

300 4086 420 4140 ideo
465 4104 582 4143 ecce
627 4106 721 4161 ego
761 4093 832 4147 ad
883 4112 1002 4161 vos,
1047 4098 1122 4151 ait
1170 4099 1431 4159 Dominus
1471 4106 1631 4161 Deus.
1671 4109 1743 4163 Et
1791 4086 1892 4166 erit

303 4190 494 4231 manus
525 4195 641 4233 mea
664 4198 823 4252 super
840 4186 1143 4256 prophetas,
1179 4191 1271 4261 qui
1297 4192 1470 4248 vident
1500 4213 1654 4263 rana,
1679 4208 1725 4253 et
1753 4200 1889 4255 divi-

302 4274 432 4319 nant
462 4269 812 4326 mendacium.
858 4274 925 4330 In
950 4278 1173 4334 concilio
1211 4284 1393 4355 populi
1429 4289 1532 4341 mei
1572 4305 1674 4344 non
1712 4302 1885 4358 erunt,

301 4363 352 4408 et
376 4356 432 4412 in
456 4359 717 4429 scriptura
744 4363 932 4421 domus
968 4367 1141 4424 Israel
1180 4387 1284 4427 non
1312 4373 1623 4444 scribentur,
1660 4396 1751 4434 nec
1785 4356 1890 4435 ter;

301 4461 419 4500 rans
445 4446 620 4505 Israel
640 4451 1020 4523 ingredientur.

368 4584 443 4640 Χ.
480 4584 589 4643 Sed
614 4588 731 4646 haec
771 4599 826 4646 et
870 4594 1089 4663 similia,
1118 4612 1348 4668 quorum
1380 4602 1434 4657 in
1479 4604 1704 4675 pmfato
1749 4584 1887 4667 libro

297 4674 514 4733 infinita
559 4690 678 4735 erat
707 4683 863 4753 copia
888 4726 902 4751 ,
932 4687 1059 4756 quia
1090 4688 1368 4760 indignum
1411 4674 1495 4750 est
1527 4699 1765 4755 scribere
1787 4742 1800 4766 ,
1832 4711 1887 4758 et

299 4774 495 4824 vestra:
520 4771 821 4840 prudentiae
859 4773 1200 4835 fastidiosum
1230 4782 1435 4847 audire,
1480 4786 1692 4844 facilius
1719 4793 1885 4848 collo~

300 4857 514 4926 quendo
542 4868 595 4915 et
630 4860 859 4919 fideliter
888 4870 1274 4936 pertractanda
1322 4874 1603 4941 dijxdicari
1634 4891 1878 4949 possunt.

300 4943 454 5003 Nunc
482 4960 727 5020 superest
754 4962 815 5009 ut
839 4972 1120 5014 sacrorum
1149 4969 1351 5017 statuta
1378 4979 1672 5035 canonum,
1698 4971 1885 5028 catho—

296 5039 635 5114 licorumque
664 5047 885 5105 Patrum
928 5054 1259 5121 sententias,
1306 5056 1447 5112 sicut
1478 5061 1725 5129 superius
1761 5081 1887 5135 pro-

299 5131 572 5202 misimus,
602 5153 1000 5210 exsequamur;
1032 5153 1093 5199 ut
1119 5160 1184 5201 ex
1212 5146 1297 5204 his
1322 5151 1606 5221 perspicue
1644 5154 1885 5214 declare-

2032 601 2206 657 tiones
2241 602 2475 658 vitandae
2523 603 2673 668 sint,
2707 618 2829 673 qua:
2875 604 3021 660 nulla
3070 607 3298 663 veritate
3340 612 3607 681 subnixae,

2028 692 2172 747 nulla
2202 694 2413 748 ratione
2446 703 2673 759 ornatrn,
2697 698 3042 767 ,contemptui
3067 706 3272 768 patent.

2096 783 2188 838 XI.
2228 795 2253 824 α
2286 784 2345 838 In
2386 785 2616 840 concilio
2660 784 2920 845 Africano
2965 788 3087 844 talis
3131 793 3448 852 constitutio
3488 814 3612 869 pm-

2027 875 2261 946 mulgata
2292 884 2377 931 est
2405 896 2418 928 :
2459 894 2475 927 ι
2516 876 2587 932 Ut
2612 891 2803 945 preces
2823 886 2880 934 et
2910 880 3208 947 orationes,
3235 885 3340 941 nisi
3369 888 3613 957 probata;

2026 964 2228 1020 fuerint
2256 966 2311 1021 in
2342 966 2596 1034 concilio,
2624 982 2731 1023 non
2765 968 3044 1036 dicantur;
3087 985 3187 1027 nec
3210 973 3390 1045 aliqua
3421 993 3486 1033 ex
3526 980 3612 1036 his

2025 1058 2247 1115 omnino
2288 1067 2579 1116 cantentur
2611 1061 2668 1115 in
2712 1060 2989 1128 Ecclesia,
3025 1063 3129 1119 nisi
3155 1079 3279 1136 quae
3319 1083 3351 1122 a
3378 1071 3612 1139 pruden-

2026 1150 2254 1207 tioribus
2281 1160 2513 1208 traetata
2542 1159 2594 1208 et
2632 1154 2982 1225 comprobata
3025 1156 3082 1212 in
3124 1159 3330 1228 synodo
3364 1160 3608 1230 fuerint;

2026 1257 2096 1296 ne
2125 1240 2263 1298 forte
2289 1244 2495 1315 aliquid
2522 1251 2715 1300 contra
2744 1244 2906 1302 ﬁdem
2930 1286 2947 1311 ,
2986 1247 3073 1302 vel
3098 1263 3196 1319 per
3222 1249 3608 1322 ignorantiam,

2022 1332 2110 1387 vel
2154 1348 2253 1404 per
2302 1335 2575 1402 studium,
2626 1336 2699 1391 sit
2732 1338 3117 1408 compositum.
3150 1360 3169 1393 ι
3219 1341 3323 1398 Ubi
3371 1345 3612 1404 breviter

2024 1423 2499 1489 considerandum,
2531 1425 2676 1495 quod
2708 1442 2816 1482 non
2844 1428 3019 1484 solum
3042 1446 3107 1485 ea
3135 1447 3258 1502 qum
3284 1436 3466 1492 studio
3487 1452 3610 1508 per-

2023 1513 2183 1579 ﬁdiae,
2232 1514 2328 1570 sed
2354 1514 2641 1570 etiaman
2682 1533 2805 1587 quae
2846 1518 2873 1557 ιι
2919 1519 3263 1591 simplicitate
3289 1524 3610 1597 ignorantiae

2022 1609 2211 1658 contra
2239 1601 2364 1658 ﬁdei
2389 1603 2628 1675 regulam
2652 1608 2948 1676 composita
2972 1608 3195 1679 fuerint,
3218 1616 3339 1683 pari
3362 1619 3607 1676 animad-

2022 1694 2272 1750 versione
2298 1695 2675 1767 repudiantur.

2092 1783 2205 1840 ΧΠ.
2260 1785 2457 1844 Beatus
2516 1787 2877 1862 Hieronymus
2922 1793 3252 1865 (Comment.
3300 1800 3357 1857 in
3402 1820 3519 1877 cap.
3572 1824 3607 1862 ν

1937 1879 1984 1938 Β
2016 1873 2186 1944 Epist.
2217 1874 2288 1928 ad
2316 1874 2537 1949 Ephes.)
2590 1893 2715 1934 cum
2757 1893 3055 1951 exponeret
3092 1900 3424 1962 przeceptum
3454 1873 3603 1968 Apo-

2011 1965 2156 2031 stoli,
2199 1966 2291 2021 ubi
2321 1968 2397 2021 ait
2428 1984 2443 2021 :
2475 1968 2776 2042 Implcmini
2804 1972 3011 2045 Spiritu
3042 1977 3308 2052 loquentes
3333 1965 3608 2047 vobismet-

2010 2058 2213 2128 ipsisin
2236 2059 2456 2129 psalmis
2481 2070 2533 2116 et
2556 2062 2764 2132 hymnis
2789 2074 2839 2120 et
2862 2070 3085 2126 canticis
3106 2075 3454 2145 spiritalibus,
3480 2099 3606 2139 ειη.

2010 2160 2177 2206 tantes
2211 2163 2259 2206 et
2297 2152 2580 2224 psallentes
2604 2157 2659 2211 in
2689 2158 2935 2216 cordibus
2964 2167 3149 2221 uestris
3178 2166 3410 2229 Domino
3430 2213 3446 2238 ,
3493 2190 3603 2232 non

2013 2242 2179 2296 tacuit
2204 2245 2349 2313 quoi
2381 2245 2434 2299 in
2463 2249 2777 2306 cantoribus
2804 2252 3062 2312 Ecclesiae
3090 2261 3598 2330 reprehendendum

2012 2333 2245 2389 videbat.
2297 2353 2318 2387 ι
2345 2335 2554 2394 Cancro
2591 2339 2788 2411 igitur,
2816 2343 2914 2411 ait,
2946 2354 3005 2402 et
3028 2348 3260 2419 psallere
3290 2361 3350 2410 et
3380 2355 3603 2419 laudare

2010 2424 2297 2482 Dominum
2344 2431 2519 2502 magis
2563 2432 2747 2488 animo
2792 2450 2960 2507 quam
2985 2454 3120 2497 voce
3156 2444 3435 2503 debemus.
3486 2449 3602 2509 Hoc

2010 2525 2096 2572 est
2122 2517 2320 2591 quippe
2365 2521 2509 2591 quod
2536 2522 2736 2580 dicitur
2762 2544 2776 2580 :
2806 2523 3092 2587 Cantantes
3131 2542 3184 2589 et
3224 2538 3511 2609 psallens:
3543 2544 3601 2600 in

2011 2607 2256 2663 cordibus
2284 2613 2470 2666 uestris
2490 2612 2739 2670 Domino.
2763 2615 3004 2676 Audiam
3038 2623 3156 2681 hate
3185 2607 3596 2701 adolescentuli,

2012 2701 2236 2758 audiant
2257 2703 2313 2759 bi
2337 2705 2532 2776 quibus
2560 2709 2824 2777 psallendi
2853 2712 2908 2769 in
2946 2714 3193 2775 Ecclesia
3225 2721 3462 2782 olllcium
3490 2739 3595 2794 est,

2009 2790 2124 2849 Deo
2149 2808 2256 2850 non
2298 2810 2455 2865 voce,
2484 2800 2579 2856 sed
2602 2802 2766 2860 corde
2792 2809 3155 2880 cantandum;
3183 2829 3288 2872 nec
3314 2816 3372 2872 in
3396 2790 3598 2890 tropa);

2011 2881 2205 2939 dorum
2255 2886 2472 2943 modum
2513 2899 2699 2963 guttur
2740 2904 2798 2967 et
2843 2897 3031 2959 fauces
3056 2903 3199 2962 dulci
3236 2881 3597 2970 medicamine

2011 2973 2347 3037 collinienda:
2382 2989 2626 3056 sunt,‘ut
2667 2985 2724 3043 in
2762 2986 3004 3049 Ecclesia
3051 2995 3342 3056 theatrales
3372 3003 3596 3060 moduli

2011 3064 2302 3123 audiantur
2343 3077 2400 3124 et
2441 3073 2683 3141 cantica;
2734 3078 2834 3135 sed
2877 3080 2932 3135 in
2977 3083 3195 3154 timore,
3220 3088 3277 3145 in
3320 3106 3504 3162 opere,
3538 3095 3593 3151 iu

2010 3157 2240 3214 scientia
2286 3158 2713 3234 Scripturarum.
2750 3168 3007 3237 Quamvis
3034 3177 3109 3234 sit
3143 3157 3375 3252 aliquis,
3402 3194 3465 3242 ut
3489 3157 3592 3245 vso.
3633 3237 3643 3247 .

1931 3234 1975 3297 C
2009 3245 2123 3302 lent
2141 3247 2219 3302 illi
2248 3251 2541 3321 appellare,
2571 3234 2995 3331 cacopltonos,si
3019 3267 3163 3327 bona

2007 3338 2105 3406 rit,
2131 3338 2308 3397 dulcis
2347 3346 2490 3415 apud
2514 3346 2686 3407 Deum
2711 3364 2905 3412 cantor
2931 3368 3036 3416 est.
3062 3358 3159 3418 Sic
3191 3338 3377 3424 cantet

2004 3428 2226 3498 Christi,
2261 3441 2447 3493 utnon
2470 3455 2571 3495 vox
2601 3447 2870 3515 canentis,
2890 3450 2986 3507 sed
3010 3456 3175 3511 verba
3198 3459 3453 3526 placeant
3471 3481 3594 3537 qua:

2000 3520 2286 3626 leguntur;
2319 3535 2380 3582 ut
2407 3530 2628 3601 spiritus
2654 3536 2828 3595 malus
2845 3541 2939 3610 qui
2961 3553 3082 3600 erat
3109 3547 3166 3603 in
3196 3520 3379 3619 Saule,
3408 3520 3592 3626 ejicia-

2002 3618 2089 3666 tur
2112 3613 2182 3669 ab
2205 3615 2290 3671 his
2315 3619 2407 3687 qui
2428 3621 2497 3677 ab
2523 3637 2589 3678 eo
2616 3625 2868 3687 similiter
2896 3634 3260 3707 possidentur,
3287 3650 3344 3697 et
3364 3613 3478 3700 non
3502 3647 3587 3700 iu-

2001 3706 2319 3763 troducatur
2359 3711 2416 3766 in
2442 3728 2538 3770 eos
2576 3717 2670 3787 qui
2710 3721 2777 3777 de
2813 3722 2975 3781 domo
3013 3726 3107 3783 Dei
3151 3744 3369 3789 scenam
3398 3733 3581 3793 fecere

1998 3796 2340 3866 populorum.
2379 3820 2400 3855 ι
2451 3803 2511 3860 In
2538 3807 2737 3877 quibus
2761 3813 2944 3870 verbis
2989 3832 3318 3889 magnopere
3346 3839 3581 3894 permu-

1999 3886 2128 3942 dum
2163 3897 2267 3957 est,
2313 3895 2460 3962 quod
2489 3910 2585 3953 eos
2610 3901 2704 3969 qui
2748 3902 2803 3957 in
2846 3920 3053 3964 morem
3088 3886 3379 3978 psallentis
3407 3917 3579 3976 David

1998 3992 2122 4033 cum
2152 3981 2349 4037 timore
2378 3992 2435 4040 et
2459 3989 2729 4058 gravitate
2757 3994 2988 4063 spiritali
3018 4013 3240 4070 canunt,
3285 4007 3576 4080 malignum
3610 4041 3619 4051 ι

1997 4066 2249 4137 spiritum
2274 4073 2442 4129 etiam
2472 4077 2543 4133 ab
2586 4078 2926 4142 auditoribus
2961 4088 3075 4145 suis
3101 4066 3393 4154 excludere

1998 4158 2316 4230 conﬁrmat;
2362 4178 2457 4222 eos
2482 4184 2614 4225 vero
2635 4172 2726 4241 qui
2752 4174 3110 4238 theatralibus
3136 4186 3288 4243 souis
3310 4196 3366 4245 et
3386 4158 3582 4248 «sceni-

1998 4248 2079 4303 cis
2112 4252 2572 4316 modulationibus
2594 4302 2610 4329 ,
2653 4271 2709 4320 et
2757 4271 3007 4336 quamvis
3045 4273 3101 4328 in
3148 4276 3347 4336 divinis
3374 4285 3577 4351 verbis,

1998 4342 2147 4399 vocis
2194 4345 2477 4407 dulcedine
2521 4353 2973 4428 intemperantius
3018 4367 3357 4431 delectantur
3381 4416 3398 4443 ,
3453 4342 3578 4435 eum

1998 4446 2105 4487 non
2135 4435 2310 4492 solum
2332 4439 2402 4495 ab
2427 4441 2553 4498 aliis
2572 4460 2681 4501 non
2708 4450 3014 4522 excludere,
3043 4460 3161 4525 sed,
3189 4465 3331 4530 quod
3360 4435 3446 4523 est
3473 4479 3584 4525 ter-

1998 4523 2172 4591 ribile,
2203 4527 2259 4582 in
2304 4530 2510 4601 seipsos
2556 4535 2900 4598 introducere
2929 4523 3180 4604 testatur.
3206 4523 3382 4611 Unde
3424 4566 3481 4613 et
3508 4523 3580 4614 in

1998 4615 2104 4671 alio
2128 4616 2248 4674 loco
2270 4619 2413 4676 idem
2437 4622 2628 4681 doctor
2655 4643 2777 4684 cum
2803 4638 3129 4692 sententiam
3158 4638 3310 4700 Isaia:
3338 4643 3492 4716 (Cap.
3526 4650 3579 4719 l)

1996 4720 2313 4779 exponeret,
2342 4711 2522 4788 Iniqui
2553 4729 2676 4774 sunt
2714 4732 2874 4780 cretus
2910 4729 3093 4795 vestri,
3141 4733 3221 4788 sit
3265 4751 3279 4789 :
3338 4711 3577 4796 iomnis

1995 4812 2293 4859 conventus
2344 4806 2436 4874 qui
2482 4823 2591 4863 non
2640 4810 2798 4869 oll‘ert
2846 4816 3055 4876 hostias
3104 4824 3413 4896 spiritales,
3472 4845 3575 4887 nco

1996 4888 2147 4984 audit
2168 4892 2318 4984 illud
2356 4899 2500 4966 quod
2525 4899 2580 4955 in
2606 4902 3057 4979 quinquagesimo
3094 4888 3302 4983 psalmo
3337 4888 3576 4984 canitur,

1992 4976 2327 5067 Sacri/icium
2373 4985 2482 5041 Deo
2535 4976 2768 5061 Spiritus
2812 4976 3223 5071 contribulium,
3250 5023 3344 5062 cor
3373 5010 3575 5063 contri-

1987 5054 2101 5124 tum
2134 5081 2184 5127 et
2231 5054 2737 5140 Itumiliatum'Deus
2766 5102 2873 5144 non
2911 5089 3161 5164 despicit,
3194 5054 3575 5157 abominabilis

1990 5161 2101 5218 Deo
2120 5171 2225 5219 est.
2262 5184 2281 5217 ι
2317 5165 2467 5223 Mens
2493 5184 2626 5244 ergo
2664 5173 2854 5247 libera,
2887 5180 2941 5237 id
2965 5161 3070 5252 est,
3102 5188 3354 5245 sensibus
3379 5204 3575 5260 corpo-

1655 5267 1927 5328 BALUle
1968 5272 2200 5334 ΝΟΤᾹΞ.

367 5350 393 5417 ξι
422 5337 493 5417 In
509 5342 754 5417 _c_oncilio
783 5345 1054 5416 Africano.
1104 5350 1294 5408 Exstat
1333 5353 1423 5412 hic
1464 5369 1639 5413 canon
1667 5360 1723 5415 in
1752 5375 1883 5417 con-

293 5407 421 5489 cilia
457 5407 735 5489 Afrigano,
764 5407 883 5489 cap.
914 5417 1001 5482 70,
1031 5431 1084 5475 et
1111 5423 1163 5476 in
1212 5407 1420 5481 Codice
1450 5407 1730 5484 (2556;qu
1756 5407 1882 5489 "EE-

292 5476 473 5568 clesize
516 5476 927 5568 ari-ipsoquin.
973 5476 1116 5568 ips._
1144 5476 1882 5568 δεςῖῆιῖιιὸδῖᾱιῖἑᾜὶξρτέιῖε

292 5555 378 5637 est
405 5548 570 5637 paulo
601 5553 1276 5637 abheditioneﬁgobardi.
1314 5548 1585 5622 ss’c'éiiiiﬁ
1606 5548 1714 5627 illic
1731 5548 1876 5637 iiii:

293 5623 385 5710 tur
407 5636 430 5701 ε.
454 5618 711 5710 t‘Plaeuit
750 5627 914 5710 etiam
944 5618 1079 5710 .ho‘c',
1111 5640 1193 5710 ιιιΔ
1214 5618 1424 5710 preces,

294 5687 501 5771 f‘uerint
530 5692 585 5746 in
628 5697 878 5761 concilio,
913 5700 1026 5771 sive
1052 5687 1424 5771 praefationes;
1450 5687 1564 5763 si've
1606 5687 1882 5770 eamme}:

294 5756 562 5827 dationes,
596 5779 692 5819 seu
723 5756 916 5823 manus
944 5756 1440 5841 impositiones,‘ab
1462 5782 1712 5838 omnibus
1742 5787 1880 5841 celc~

1984 5370 2231 5476 urentur,
2254 5391 2357 5434 nec
2398 5380 2518 5437 aliae
2537 5384 2758 5476 omnin
2784 5393 2971 5476 contra
3004 5386 3163 5476 ﬁdem
3183 5394 3571 5476 pmferamur,

1984 5440 2081 5565 3ξά
2120 5459 2455 5568 αιυκευοᾳυο
2497 5468 2528 5507 a
2573 5440 3571 5536 prudentioribus"fuerim-thollecze:
3606 5540 3609 5545 _

2022 5527 2140 5568 ican
2170 5532 2253 5568 ur.

2022 5527 2253 5571 reantur.

2059 5583 2086 5623 δ
2114 5584 2478 5679 Simplicitate.
2523 5594 2579 5647 ln
2617 5597 3570 5679 ξῃεψυξειςὶρῳ.μθςίωζ-ἐηριαείιαιεε

1984 5667 2083 5722 pro
2120 5658 2236 5739 quo
2258 5658 2538 5739 hlassonus
2568 5664 2736 5718 edidit
2776 5658 3145 5729 imbecillitate.
3184 5658 3568 5739 N655};

1984 5726 2260 5794 posuimus
2285 5730 2635 5801 simplicitate,
2667 5744 2726 5789 ut
2750 5751 2837 5793 res
2865 5726 3142 5810 postulare
3162 5726 3461 5809 videbatur:
