3962 6180
433 382 543 440 35B

1395 383 1453 438 S.
1492 379 1840 440 AGOBARDI
1875 380 2181 438 EPlSCOPl
2221 381 2708 441 LEGDUNENSIS

3604 394 3708 447 333

438 505 513 558 ris
562 517 671 558 non
715 500 1090 566 succumbens,
1125 501 1198 555 ita
1246 502 1499 557 resistere
1539 502 1699 557 debet
1745 491 1897 557 vanze
1953 517 2017 556 ac
2047 504 2093 563 Α
2121 515 2282 569 quam
2335 516 2421 556 res
2457 517 2577 572 qua:
2624 502 2856 566 canitur,
2914 502 3128 573 poenale
3179 503 3312 558 dicit
3359 517 3482 560 esse
3526 523 3712 577 ρρεαι-

433 593 608 646 noxiae
644 591 988 646 delectationi
1034 591 1269 658 aurium,
1318 592 1459 648 sicut
1487 602 1543 648 et
1573 593 2020 649 delectationibus

434 699 687 739 sensuum
739 660 1086 752 ceterorum,
1132 686 1283 741 visus
1326 685 1600 752 videlicet,
1656 694 1713 742 et
1767 685 2017 751 oliactus,

432 784 655 846 gustus,
699 784 754 832 et
791 784 1000 843 tactus;
1051 792 1283 849 quorum
1312 777 1811 849 perturbationibus
1840 777 2019 832 anima

432 878 827 939 praegravatur,
858 879 916 926 et
959 871 1189 941 capitur.
1224 869 1497 938 Quantum
1525 872 1757 941 denique
1785 871 2023 925 oblecta-

434 961 613 1016 tiones
657 961 869 1015 aurium
911 961 1169 1015 virtutem
1224 961 1422 1016 mentis
1464 969 1749 1025 enervent,
1791 965 2024 1013 testatur

432 1053 691 1124 praefatus
713 1055 924 1119 doctor,
962 1054 1055 1123 qui
1093 1053 1172 1106 ait
1218 1069 1231 1106 :
1288 1069 1308 1103 ι
1338 1052 1575 1107 Auditus
1601 1051 1756 1106 vario
1786 1065 2025 1121 organo-

437 1160 555 1198 rum
589 1153 783 1209 cantu,
814 1152 870 1199 et
903 1158 1097 1198 vocum
1140 1141 1527 1198 inilexionihus
1572 1142 1850 1207 delinitur,
1886 1151 1940 1197 et
1967 1142 2022 1197 in

432 1239 675 1293 carmine
715 1246 998 1310 poetarum
1042 1245 1099 1291 et
1140 1238 1569 1304 comoediarum,
1621 1239 2025 1308 mimorumque

433 1329 859 1394 urbanitatibus,
886 1335 944 1383 et
973 1328 1233 1398 strophis,
1261 1336 1317 1385 et
1341 1329 1606 1401 quidquid
1630 1345 1731 1401 per
1757 1346 1919 1386 aures
1948 1330 2026 1385 in-

433 1419 636 1475 troiem
660 1419 973 1474 virilitatem
998 1419 1198 1475 mentis
1226 1419 1525 1476 eil’eminat.
1560 1441 1580 1475 ι
1680 1492 1683 1495 _

500 1509 636 1565 lilii.
680 1509 788 1567 Sed
816 1518 873 1566 et
917 1510 1111 1566 beatus
1143 1518 1353 1583 martyr
1376 1511 1684 1583 Cyprianus
1723 1511 1919 1585 (Serm.
1961 1514 2026 1567 de

432 1602 543 1657 zelo
565 1613 612 1656 et
641 1601 824 1672 livore)
854 1602 1019 1659 simili
1046 1603 1208 1658 modo
1235 1602 1386 1669 dicit,
1418 1618 1697 1673 exponens
1720 1604 1852 1660 illud
1877 1603 2023 1675 Apo-

431 1695 577 1761 stoli,
626 1695 975 1749 Adversarius
1022 1703 1194 1749 vester
1233 1694 1479 1751 diabolus
1520 1705 1771 1768 tauquam
1810 1695 1889 1750 leo
1936 1713 2026 1750 ru-

430 1788 599 1858 giens,
628 1786 815 1841 circuit
834 1802 1072 1858 quiet-eus
1090 1802 1243 1857 quem
1270 1786 1500 1841 devoret.
1529 1786 1619 1842 Ait
1644 1802 1777 1857 ergo
1807 1805 1820 1840 :
1860 1805 1878 1837 ι
1906 1785 2026 1842 Cir-

2125 600 2256 655 tum,
2288 591 2362 645 ita
2392 600 2452 645 ut
2481 592 2672 647 melius
2698 592 2770 647 sit
2797 608 2901 646 non
2927 593 3117 648 audire
3151 604 3458 651 cantantem
3478 638 3495 664 ,
3528 601 3714 671 utique

2122 681 2178 735 in
2202 688 2369 736 cantu
2418 690 2474 736 et
2503 683 2651 737 sonis
2678 697 2816 753 quos
2857 683 3038 738 divina
3077 684 3291 754 eloquia
3337 687 3613 758 animant,
3652 708 3717 749 ac

2122 772 2434 837 viviﬁcant;
2489 782 2550 827 ut
2596 774 2709 828 vita
2759 781 3019 829 cantuum
3071 788 3135 829 ac
3180 789 3437 832 sonorum
3487 780 3542 835 in
3592 797 3717 838 sen-

2125 864 2309 919 tentiis
2349 865 2420 919 sit
2470 864 2777 919 divinorum
2817 864 3178 934 eloquiorum.
3226 864 3530 935 Caeterum,
3571 873 3614 927 si
3660 874 3716 927 in

2124 951 2316 1007 diebus
2366 953 2482 1008 suis
2525 953 2770 1008 audisset
2817 952 3032 1022 aliquos
3083 967 3191 1007 non
3240 954 3306 1009 de
3358 956 3557 1015 divinis
3602 960 3713 1015 clo‘

2123 1050 2302 1118 quiis,
2342 1052 2436 1106 sed
2485 1051 2549 1107 de
2597 1051 2848 1106 humanis
2893 1052 3367 1109 adinventionibus
3411 1064 3709 1120 cantantes,

2127 1143 2367 1213 nunquid
2426 1159 2533 1198 non
2580 1152 2853 1199 mortuum
2883 1151 2939 1198 et
2976 1144 3097 1199 sine
3137 1144 3246 1199 vita
3285 1145 3450 1200 talem
3497 1155 3715 1201 cantant

2116 1233 2428 1303 iudicaret?
3720 1234 3729 1241 “

2200 1326 2317 1382 XV.
2355 1329 2557 1384 Verum
2585 1329 2713 1399 quia
2742 1340 2767 1369 ι
2799 1326 3047 1399 Gregorii
3083 1327 3327 1398 praesulis
3356 1344 3551 1384 nomen
3584 1330 3716 1383 titu-

2127 1417 2211 1473 lus
2234 1416 2447 1489 prazi‘ati
2478 1414 2642 1472 libelli
2671 1417 2977 1488 praetendit,
2993 1424 3049 1473 et
3068 1417 3197 1473 hinc
3225 1418 3478 1488 opinione
3506 1431 3718 1491 sumpta

2126 1517 2322 1578 putant
2358 1522 2484 1562 eum
2513 1507 2733 1578 quidam
2765 1523 2795 1561 a
2832 1507 2992 1563 beato
3020 1506 3281 1578 Gregorio
3306 1508 3552 1565 Romano
3578 1527 3718 1581 pon-

2128 1600 2272 1655 tiiice
2299 1611 2353 1655 et
2378 1598 2746 1655 illustrissimo
2776 1599 2997 1654 doctore
3022 1600 3416 1669 compositum;
3441 1600 3722 1657 videamus

2128 1690 2272 1759 quod
2318 1697 2537 1745 sanctus
2566 1689 2655 1744 ille
2680 1690 2767 1744 vir
2806 1690 2874 1745 de
2908 1698 3072 1744 cantu
3101 1689 3474 1747 ecclesiastico
3502 1693 3724 1748 ordina-

2128 1782 2287 1846 verit,
2331 1780 2415 1836 vel
2461 1781 2591 1852 quid
2635 1781 2754 1853 ejus
2797 1788 3040 1852 tempore
3074 1782 3316 1838 Romana
3342 1783 3585 1840 Ecclesia
3627 1785 3723 1839 de-

430 1880 545 1934 cuit
589 1879 678 1934 ille
706 1894 807 1934 nos
834 1876 1095 1948 singulos,
1127 1885 1184 1933 et
1213 1885 1469 1949 tanquam
1498 1878 1673 1934 hostis
1699 1878 1911 1933 clausos
1931 1878 2029 1933 ob-
2056 1881 2103 1941 B
2131 1874 2382 1929 cantarit.
2429 1872 2522 1927 Ait
2546 1872 2709 1943 igitur
2737 1873 2793 1927 in
2821 1872 3065 1929 Decretis
3090 1874 3203 1929 suis
3242 1874 3383 1946 (Lib.
3420 1892 3496 1941 ιν,
3527 1877 3721 1933 indici.

431 1971 647 2037 sidens,
681 1983 866 2025 muros
894 1968 1179 2038 explorat,
1212 1977 1269 2023 et
1293 1975 1468 2024 tentat
1489 1983 1557 2023 an
1590 1968 1664 2025 sit
1684 1984 1813 2039 pars
1839 1968 2021 2039 aliqua

433 2062 801 2118 membrorum
848 2060 1030 2117 minus
1073 2059 1285 2116 stabilis
1336 2067 1392 2113 et
1450 2059 1632 2115 minus
1688 2058 1818 2124 ilda,
1868 2057 2023 2127 cujus

433 2155 582 2209 aditu
624 2153 692 2208 ad
728 2152 988 2208 interiora
1022 2158 1359 2224 penetretur.
1406 2150 1577 2207 Oﬂ‘ert
1615 2150 1789 2207 oculis
1820 2149 2025 2206 formas

435 2244 610 2300 illices
635 2249 693 2298 et
720 2241 912 2299 faciles
936 2241 1264 2311 voluptates,
1293 2248 1356 2295 ut
1377 2240 1494 2297 visu
1525 2241 1769 2297 destruat
1797 2240 2024 2296 castita-

425 2343 565 2389 tem.
582 2334 761 2390 Aunes
785 2347 888 2405 per
905 2346 1162 2389 canoram
1194 2332 1457 2387 musicam
1474 2339 1669 2397 tcntat,
1687 2340 1745 2386 ut
1772 2330 1890 2386 soni
1907 2330 2026 2385 dul-

431 2430 601 2486 cioris
615 2430 801 2485 auditu
819 2428 995 2485 solvat
1018 2436 1072 2483 et
1097 2426 1305 2483 molliat
1320 2427 1692 2483 Christianum
1709 2427 1971 2499 vigorem.
1999 2446 2018 2479 ι

505 2521 647 2577 XIV.
690 2519 845 2589 Quod
887 2528 944 2574 et
978 2519 1174 2575 beatus
1206 2518 1542 2590 Augustinus
1570 2518 1637 2573 ad
1667 2517 2027 2574 tentationem

433 2611 636 2667 diaboli
676 2610 984 2680 intelligens
1008 2610 1284 2681 pertinere
1302 2651 1316 2675 ,
1348 2610 1402 2664 in
1429 2609 1584 2665 libris
1613 2607 2025 2665 Confessionum

433 2717 655 2758 suarum
680 2700 823 2773 (Lib.
852 2718 909 2768 ι,
939 2715 1061 2771 cap.
1094 2702 1187 2772 55)
1210 2700 1323 2756 Deo
1358 2701 1562 2772 gratias
1593 2699 1764 2754 refert
1792 2700 1934 2769 quod
1958 2700 2027 2755 ab

434 2793 537 2850 hoc
558 2793 693 2847 vitio
716 2792 981 2848 liberatus
1010 2792 1103 2848 sit.
1139 2809 1160 2843 ι
1190 2791 1531 2863 Voluptates,
1576 2791 1773 2862 inquit,
1812 2792 2026 2846 aurium

433 2883 686 2939 tenacius
712 2895 801 2939 me
831 2881 1275 2952 implicaverant,
1318 2889 1374 2937 et
1413 2881 1879 2952 subjugaverant;
1932 2882 2029 2935 sed

434 2975 792 3032 resolvisti‘et
815 2973 1061 3030 liberasti
1091 2989 1199 3030 me.
1246 2973 1399 3029 Nunc
1422 2974 1484 3029 in
1518 2974 1667 3029 sonis
1689 3014 1704 3040 ,
1744 2988 1880 3044 quos
1907 2973 2027 3028 ani-

435 3074 589 3124 mant
628 3066 846 3139 Eloquia
895 3072 985 3122 tua
1012 3107 1028 3133 ,
1077 3082 1201 3122 cum
1249 3066 1407 3123 suavi
1458 3073 1515 3124 et
1556 3065 1851 3121 artificiosa
1899 3079 2031 3121 voce

433 3164 773 3223 cantantur,
830 3154 1007 3212 fateor
1057 3155 1453 3226 aliquantulum
1505 3156 1830 3226 acquiesco,
1902 3155 2029 3210 dum

2128 1967 2217 2032 i5,
2265 1966 2424 2036 epist.
2463 1964 2556 2038 44)
2594 1984 2605 2019 :
2651 1983 2670 2015 ι
2704 1964 2763 2020 in
2794 1973 2980 2021 sancta
3023 1967 3125 2022 hac
3165 1967 3409 2024 Romana
3453 1968 3722 2035 Ecclesia,

2126 2057 2214 2113 cui
2265 2058 2445 2114 divina
2494 2057 2837 2127 dispensatio.
2873 2072 3109 2129 praeesse
3145 2074 3233 2115 me
3276 2060 3465 2126 voluit,
3513 2061 3724 2116 dudum

2126 2147 2460 2203 consuetudo
2493 2157 2578 2204 est
2606 2148 2759 2203 valde
2791 2148 3238 2219 reprehensibilis
3264 2159 3473 2215 exorta,
3512 2160 3573 2207 ut
3601 2154 3727 2223 qui-

2125 2240 2250 2295 dam
2280 2241 2347 2295 ad
2376 2240 2517 2295 sacri
2548 2239 2736 2295 altaris
2763 2241 3124 2296 ministerium
3148 2251 3402 2298 cantores
3425 2242 3723 2313 eligantur.

2127 2342 2181 2390 et
2210 2334 2264 2388 in
2290 2333 2608 2389 diaconatus
2631 2333 2825 2388 ordine
2852 2333 3134 2389 constituti
3174 2333 3531 2389 modulationi
3569 2335 3729 2390 vocis

2126 2409 2444 2489 inserviant,
2467 2439 2603 2494 quos
2626 2424 2695 2477 ad
2721 2423 3127 2493 praedicationis
3153 2423 3387 2479 cilicium
3416 2424 3724 2495 eleemosy-

2129 2529 2430 2585 uarumque
2455 2515 2695 2571 studium
2722 2530 2916 2570 vacare
2939 2516 3298 2586 congruebat.
3329 2516 3481 2572 Unde
3522 2515 3581 2570 iit
3607 2516 3729 2587 ple-

2129 2620 2391 2675 rumque,
2436 2613 2499 2661 ut
2543 2605 2612 2661 ad
2656 2621 2873 2661 sacrum
2909 2606 3305 2670 ministerium,
3353 2607 3481 2661 dum
3514 2606 3725 2661 blanda

2128 2712 2233 2751 vox
2276 2695 2578 2766 quieritur,
2630 2697 2799 2766 quairi
2843 2712 3083 2769 congrua
3129 2698 3241 2751 vita
3290 2698 3615 2769 negligatur,
3667 2709 3734 2753 et

2129 2797 2321 2845 cantor
2345 2788 2593 2845 minister
2622 2789 2836 2845 Domini
2869 2791 3111 2847 moribus
3141 2791 3418 2856 stimulet,
3465 2807 3590 2846 cum
3625 2807 3735 2861 po-

2128 2878 2315 2949 pulum
2343 2879 2568 2935 vocibus
2595 2878 2844 2935 delectat.
2888 2880 3005 2949 Qua
3045 2881 3113 2936 de
3143 2897 3201 2937 re
3221 2883 3473 2952 praesenti
3501 2883 3733 2938 decreto

2130 2970 2404 3026 constituo
2426 3011 2440 3036 ,
2479 2978 2540 3025 ut
2566 2970 2620 3024 in
2647 2971 2776 3027 sede
2804 2971 2906 3026 hac
2933 2972 3075 3027 sacri
3103 2971 3291 3027 altaris
3332 2972 3562 3028 ministri
3591 2989 3734 3029 can-

2132 3068 2251 3115 tare
2289 3075 2397 3114 non
2442 3059 2712 3123 debeant,
2766 3060 3049 3131 solumque
3095 3060 3419 3131 evangelicae
3470 3061 3735 3120 lectionis

2134 3151 2370 3208 cilicium
2417 3151 2561 3206 inter
2603 3152 2889 3206 missarum
2918 3152 3180 3207 solemnia
3219 3152 3534 3219 exsolvant;
3571 3154 3732 3223 psal-

433 3245 567 3316 ipsis
617 3245 824 3300 sanctis
862 3244 1025 3300 dictis
1062 3244 1378 3317 religiosius
1420 3254 1478 3301 et
1524 3245 1803 3301 ardentius
1852 3245 2029 3301 sentio
2056 3239 2100 3303 C
2133 3258 2251 3299 mos
2278 3258 2409 3298 vero
2436 3257 2501 3297 ac
2527 3241 2763 3312 reliquas
2788 3242 3049 3298 lectiones
3081 3259 3278 3299 censeo
3311 3258 3410 3314 per
3437 3243 3736 3299 subdiaco-

434 3337 641 3393 moveri
686 3336 902 3392 animos
934 3343 1154 3392 nostros
1200 3337 1256 3392 in
1304 3336 1577 3392 ﬂammam
1625 3337 1862 3408 pietatis,
1903 3352 2027 3392 cum

433 3428 507 3482 ita
547 3433 859 3494 cantantur,
903 3441 1066 3497 quam
1110 3427 1162 3482 si
1210 3442 1320 3483 non
1364 3427 1442 3483 ita
1486 3435 1860 3483 cantarentur.
1899 3448 1918 3481 ι
1963 3429 2032 3483 Et

434 3533 625 3574 rursus
656 3525 783 3589 post
817 3515 1000 3587 aliqua
1030 3517 1098 3572 de
1125 3516 1360 3573 utilitate
1396 3515 1661 3588 psallendi
1686 3518 1751 3573 in
1784 3517 2028 3572 Ecclesia

436 3609 731 3665 discretam
778 3607 1063 3681 proferens
1105 3609 1471 3675 sententiam,
1524 3610 1657 3666 dicit
1702 3628 1717 3664 :
1783 3628 1802 3661 ι
1837 3610 2029 3667 Tutius

439 3699 662 3768 quidem
694 3699 830 3755 mihi
855 3699 1074 3756 videtur
1099 3698 1243 3772 quod
1273 3700 1341 3756 de
1380 3699 1750 3777 Alexandrino
1773 3701 2028 3773 episcopo

435 3793 740 3850 Athanasio
769 3807 914 3864 sape
959 3793 1092 3849 mihi
1119 3792 1325 3849 dictum
1351 3793 1723 3861 commemini,
1748 3794 1875 3864 quia
1914 3802 2026 3849 tam

438 3884 652 3940 medico
675 3882 819 3940 ﬂexu
845 3883 997 3941 vocis
1021 3882 1255 3941 faciebat
1281 3897 1478 3940 sonare
1503 3883 1763 3940 lectorem
1782 3884 1985 3955 psalmi
2009 3926 2023 3952 ,

437 3982 497 4028 ut
522 3975 895 4046 pronuntianti
920 3974 1150 4031 Viciuior
1173 3983 1318 4032 esset
1340 3991 1502 4047 quam
1531 3976 1770 4032 canenti.
1794 3974 2027 4032 Verum-

439 4074 620 4121 tamen
647 4080 772 4121 cum
801 4065 1124 4121 reminiscor
1150 4065 1422 4139 lacrymas
1444 4082 1617 4133 meas,
1653 4081 1789 4139 quas
1818 4066 1929 4122 fudi
1960 4069 2027 4123 ad

437 4152 637 4211 cautius
678 4154 938 4212 Emlesia:
965 4163 1071 4211 tute
1099 4157 1154 4211 in
1180 4157 1497 4228 primordiis
1532 4168 1865 4229 recuperata:
1901 4159 2027 4214 fidei

440 4262 597 4312 usae,
623 4254 682 4301 et
698 4261 846 4301 nunc
874 4246 992 4316 ipso
1013 4261 1378 4313 commoveor,
1401 4263 1508 4302 non
1537 4257 1726 4313 cantu,
1750 4247 1845 4303 sed
1866 4249 2028 4303 rebus

438 4353 559 4408 qua:
587 4344 899 4403 captantur,
944 4352 1069 4393 cum
1117 4337 1321 4408 liquida
1358 4353 1491 4394 voce
1539 4347 1594 4393 et
1625 4338 2027 4393 convenientis-

438 4433 579 4486 sima
605 4429 974 4487 modulatione
995 4436 1302 4497 cantantur,
1328 4446 1523 4503 magna
1546 4430 1782 4486 instituti
1820 4429 2024 4484 utilita-

436 4534 550 4579 tem
590 4538 783 4580 rursus
825 4538 1128 4596 coguosco;
1160 4524 1443 4597 magisque
1472 4524 1730 4590 adducor,
1764 4538 1871 4578 non
1901 4523 2025 4592 qui-

439 4617 561 4673 dem
588 4594 1042 4674 irretractabilem
1068 4594 1396 4673 sententiam
1435 4616 1738 4689 proferens,
1769 4616 2025 4672 cantandi
2053 4594 2106 4653 Ι)

438 4708 890 4763 οοηὲιιειιιάἱιιθπι
920 4709 1221 4779 approbare
1263 4708 1318 4764 in
1364 4707 1606 4764 Ecclesia
1625 4749 1640 4774 ,
1674 4716 1732 4762 ut
1758 4722 1857 4778 per
1882 4707 2028 4763 ohle‘

435 4806 711 4853 ctamenta
740 4798 955 4867 aurium
989 4798 1258 4853 inilrmior
1286 4799 1500 4854 animus
1524 4798 1578 4852 in
1606 4796 1858 4852 allectum
1906 4797 2024 4868 pie-

437 4886 566 4942 tatis
596 4893 865 4958 assurgat.
897 4885 1103 4941 Tamen
1152 4879 1276 4940 cum
1317 4885 1452 4940 mihi
1484 4885 1684 4941 accidit
1716 4893 1777 4941 ut
1803 4901 1889 4942 me
1915 4901 2029 4941 am-

436 4977 577 5047 plius
604 4985 797 5033 cantus
823 4992 989 5049 quam
1016 4991 1107 5033 res
1130 4991 1251 5048 quae
1273 4977 1490 5033 canitur
1512 4986 1728 5034 moveat
1750 5018 1764 5044 ,
1799 4977 2028 5050 poenali-

437 5080 522 5126 ter
545 5087 633 5128 me
657 5084 887 5142 peccare
907 5068 1194 5137 conﬁteor,
1216 5079 1270 5126 et
1300 5078 1429 5127 tunc
1458 5070 1673 5127 mallem
1697 5086 1807 5127 non
1838 5071 2025 5127 audire

437 5168 771 5216 cantantem.
812 5179 831 5213 ι
867 5159 1009 5215 Ecce
1041 5160 1128 5215 vir
1156 5161 1554 5227 sanctissimus,
1586 5170 1749 5232 atquc
1773 5162 2027 5217 doctissi-

438 5266 578 5318 mus,
602 5261 658 5308 et
685 5254 949 5325 approbat
992 5253 1300 5310 institutum
1329 5255 1583 5310 cantandi
1628 5264 1851 5326 propter
1872 5252 2026 5309 infir-

440 5357 557 5399 mos
580 5384 599 5410 ,
632 5358 770 5413 quos
816 5345 871 5401 in
902 5344 1156 5402 allectum
1188 5343 1409 5417 pietatis
1438 5344 1569 5401 facit
1603 5357 1920 5415 assurgere;
1968 5352 2023 5399 et

442 5439 623 5488 tamen
649 5448 771 5489 cum
817 5436 1017 5492 accidit
1041 5443 1103 5492 ut
1129 5435 1250 5510 plus
1283 5443 1497 5491 moveat
1534 5435 1772 5490 animum
1805 5442 2020 5501 cantus,

2131 3349 2254 3401 nos,
2284 3333 2365 3389 vel
2410 3334 2456 3389 si
2502 3334 2804 3390 necessitas
2841 3335 3043 3406 exigit,
3092 3351 3191 3406 per
3228 3334 3467 3390 minores
3499 3332 3734 3389 ordines

2130 3425 2398 3483 exhiberi.
2428 3424 2486 3482 Si
2515 3427 2636 3497 quis
2663 3434 2845 3481 autem
2874 3435 3061 3482 contra
3093 3427 3197 3482 hoc
3225 3426 3503 3482 decretum
3535 3440 3731 3481 meum

2130 3517 2316 3574 venire
2366 3518 2676 3582 tentaverit,
2732 3518 3021 3574 anathema
3073 3518 3163 3573 sit.
3212 3518 3282 3572 Et
3327 3516 3739 3587 responderunt

2131 3625 2345 3676 omnes,
2383 3609 2685 3665 Anathema
2714 3609 2805 3664 sit.
2847 3629 2865 3663 ι
2905 3609 3046 3665 Ecce
3067 3609 3151 3663 vir
3177 3608 3508 3680 apostolicus
3535 3624 3734 3678 repre-

2130 3702 2317 3758 hendit
2380 3701 2827 3757 consuetudinem
2860 3742 2875 3768 ,
2926 3718 3036 3772 qua
3091 3701 3410 3757 diaconibus
3465 3702 3732 3755 cantandi

2128 3790 2363 3848 ollicium
2412 3790 2813 3863 injungebatur,
2855 3804 2957 3848 nec
2996 3792 3051 3847 in
3095 3792 3176 3847 eis
3220 3791 3474 3847 blandam
3504 3805 3733 3853 vocem,

2130 3882 2227 3939 sed
2250 3897 2544 3954 congruam
2573 3882 2744 3937 vitam
2773 3883 2905 3938 dicit
2933 3897 3054 3939 esse
3088 3882 3502 3954 requirendam;
3535 3881 3736 3936 stimu-

2131 3974 2339 4046 larique
2382 3973 2553 4029 Deum
2601 3972 2790 4030 talium
2834 3975 3209 4030 ministrorum
3238 3974 3478 4030 moribus
3505 3974 3731 4035 asserit,

2129 4065 2343 4125 etiamsi
2373 4064 2631 4135 populum
2675 4066 2901 4121 vocibus
2945 4066 3237 4121 delectent.
3284 4066 3551 4120 Damnata
3588 4079 3732 4120 vero

2132 4156 2229 4211 tali
2252 4155 2643 4211 consuetudine
2660 4196 2676 4221 ,
2717 4155 2958 4227 psalmos
2980 4173 3045 4213 ac
3072 4156 3309 4227 reliquas
3336 4156 3598 4212 lectiones
3622 4172 3733 4225 per

2130 4246 2488 4302 subdiaconos
2526 4245 2612 4301 vel
2655 4261 2756 4316 per
2800 4246 3042 4303 minores
3086 4248 3305 4304 ordines
3333 4261 3522 4303 censet
3566 4247 3732 4301 exhi-

2129 4336 2278 4401 beri;
2311 4335 2427 4391 solo
2469 4334 2720 4392 videlicet
2762 4337 3091 4409 evangelicae
3129 4336 3376 4393 lectionis
3401 4336 3579 4391 cilicio
3604 4335 3731 4390 dia-

2131 4431 2358 4486 conibus
2384 4430 2647 4501 delegato.
2680 4431 2760 4486 Ex
2786 4432 2983 4502 quibus
3003 4433 3291 4503 perspicue
3315 4432 3733 4487 demonstratur

2128 4523 2368 4594 psalmos
2395 4531 2524 4580 tunc
2566 4525 2622 4580 in
2663 4524 2907 4582 Ecclesia
2952 4526 3232 4583 decantari
3281 4526 3527 4589 solitum,
3574 4526 3731 4581 unde

2132 4616 2427 4672 maximam
2466 4626 2678 4689 partem
2707 4619 3015 4676 divinorum
3044 4620 3346 4676 ciliciorum
3374 4620 3537 4674 etiam
3575 4634 3732 4675 nunc

2133 4718 2350 4767 constat
2387 4726 2509 4768 esse
2539 4713 2894 4783 compositam
2912 4755 2927 4780 ,
2955 4722 3013 4768 et
3039 4729 3145 4769 non
3172 4712 3425 4785 figmenta
3458 4725 3732 4783 quorum-

2132 4799 2265 4855 libet
2286 4800 2597 4867 hominum,
2624 4816 2745 4871 qua:
2778 4818 2809 4856 a
2840 4811 2991 4857 tanto
3017 4802 3108 4857 illo
3134 4802 3250 4857 viro
3286 4817 3392 4856 non
3422 4815 3544 4856 esse
3569 4815 3733 4854 com-

2131 4893 2328 4963 posita,
2370 4909 2531 4949 nemo
2570 4894 2675 4948 nisi
2706 4893 2795 4963 qui
2822 4894 3204 4949 sincerissima:
3238 4896 3355 4960 ejus
3385 4891 3507 4947 iidei
3536 4900 3593 4946 et
3623 4906 3732 4946 ex-

2135 4983 2529 5039 cellentissime
2549 4983 2869 5040 eruditionis
2892 4984 3116 5056 ignarus
3140 4992 3244 5050 est,
3272 4984 3501 5039 dubitat.

2206 5075 2341 5131 XVI.
2382 5075 2552 5147 igitur
2596 5077 2719 5147 quia
2767 5086 3081 5132 sanctorum
3128 5077 3349 5132 Patrum
3386 5075 3545 5131 dictis
3587 5074 3727 5129 satis

2131 5174 2409 5222 ostensum
2436 5176 2521 5222 est
2556 5177 2813 5237 quantum
2849 5168 3099 5222 humanae
3139 5167 3384 5222 levitates
3410 5174 3464 5220 et
3492 5163 3726 5219 menda-

2132 5257 2216 5311 cia
2271 5257 2977 5330 devitanda,quantumque
3026 5258 3332 5314 divinorum
3381 5256 3725 5326 eloquiorum

2131 5346 2335 5401 veritas
2362 5361 2428 5401 ac
2454 5347 2739 5402 sinceritas
2773 5348 3145 5417 amplectenda
3178 5351 3266 5414 sit,
3302 5348 3433 5403 libet
3458 5361 3628 5418 pauca
3650 5359 3728 5400 ex

2133 5435 2313 5491 verbis
2358 5435 2509 5491 beati
2546 5436 2806 5508 martyris
2842 5438 3093 5508 Cypriani
3134 5439 3480 5502 subnectere,
3522 5434 3731 5507 quibus

1708 5554 1739 5605 .‘
1814 5547 2087 5604 BALUZII
2127 5549 2356 5605 ΝΟΤᾹΞ.

510 5667 538 5696 ι
565 5654 805 5728 (ςτέροτῆ
833 5672 1020 5728 nomen
1040 5660 1242 5716 titulus.
1286 5662 1476 5716 Exstat
1502 5659 1646 5715 enim
1678 5659 1821 5728 inter
1844 5656 2018 5728 Opera

443 5725 612 5799 sancti
640 5725 886 5799 Gregorii
933 5742 1084 5799 papae
1125 5730 1701 5799 Antiphonariusisive
1732 5725 2019 5799 Gradualis

431 5798 570 5851 liber
595 5792 875 5847 ordinatus
903 5792 1295 5863 pericireulut'u
1344 5800 1489 5853 anni.
1528 5798 1729 5853 Verum
1780 5798 1922 5853 hunc
1954 5798 2017 5852 li-

2127 5661 2285 5737 brum
2322 5677 2429 5718 non
2460 5678 2580 5737 esse
2621 5664 2871 5737 Gregorii
2914 5667 3192 5723 contendit
3230 5666 3570 5737 Agobardus.
3604 5663 3732 5719 Nisi

2124 5731 2168 5784 si
2216 5746 2405 5813 revera
2448 5733 2695 5807 Gregorii
2734 5731 2880 5803 crat,
2916 5739 3009 5793 sed
3049 5731 3337 5807 corruptus
3370 5745 3548 5792 tractu
3580 5743 3730 5791 tem-

2121 5815 2287 5870 poris.
