3962 6180
281 369 389 425 557

1417 366 1542 422 LIB.
1588 366 1675 422 DE
1711 363 2054 421 CORRECT.
2085 356 2465 423 ANTIPHON.

3462 370 3570 425 358

281 480 612 541 ostendatur
637 494 744 549 qua
776 476 1044 550 gravitate.
1080 484 1137 533 et
1180 478 1446 534 modestia
1492 480 1673 535 divina
1706 477 1877 533 officia
1906 479 1958 541 Α
1982 475 2219 533 ofﬁcium
2270 478 2575 549 injunctum
2623 484 2729 546 est,
2787 493 2984 552 magna
3042 481 3259 539 occasio
3309 487 3488 538 stultae
3517 493 3574 538 ct

283 571 609 630 alebranda
630 571 738 625 sint
769 585 785 623 :
819 588 837 620 ‹
874 568 979 634 Sit,
1003 569 1178 638 inquit
1200 568 1397 639 (Serm.
1426 570 1490 623 de
1512 569 1664 624 Orat.
1694 569 1876 641 Dom.)

287 664 572 721 orantibus
597 678 779 718 sermo
800 670 855 717 et
875 663 1119 733 precatio
1154 676 1277 716 cum
1306 661 1608 731 disciplina,
1642 662 1879 731 quietem

286 754 576 810 continens
598 760 654 807 et
689 751 973 824 pudorem.
1000 751 1309 823 Cogitemus
1332 766 1432 806 nos
1452 752 1552 807 sub
1587 760 1879 822 conspectu

287 845 378 900 Dei
407 852 577 900 stare.
608 842 941 898 Placendum
965 850 1049 898 est
1067 842 1265 898 divinis
1286 842 1458 898 oculis
1482 851 1538 897 et
1558 842 1745 897 habitu
1766 858 1885 898 cor-

284 940 455 1010 poris,
490 946 549 994 et
575 938 738 995 nodo
761 938 933 993 vocis.
964 936 1101 992 Nam
1131 944 1192 992 ut
1225 937 1552 1009 impudentis
1573 944 1656 992 est
1678 936 1884 992 clamo-

286 1032 437 1085 ribus
459 1038 727 1098 strepere,
755 1029 830 1084 ita
874 1030 1124 1100 congruit
1151 1029 1459 1084 verecundo
1482 1026 1741 1083 modestis
1761 1041 1886 1097 pre-

283 1126 442 1180 cibus
469 1139 650 1179 orare.
684 1125 753 1179 Et
780 1124 999 1195 quando
1025 1124 1080 1178 in
1108 1139 1273 1179 unum
1306 1139 1430 1178 cum
1466 1123 1725 1178 fratribus
1750 1139 1882 1177 con-

282 1218 560 1282 venimus,
601 1224 657 1270 et
684 1214 954 1271 sacriﬁcia
997 1216 1178 1271 divina
1207 1231 1329 1270 cum
1359 1216 1574 1271 Domini
1607 1217 1886 1273 sacerdote

282 1307 651 1371 celebramus,
682 1307 1022 1362 verecundia:
1050 1316 1107 1362 et
1131 1307 1427 1378 disciplima
1465 1321 1735 1363 memores
1766 1323 1886 1364 esse

283 1395 551 1451 debemus
589 1413 604 1448 :
639 1411 744 1449 non
790 1396 993 1465 passim
1038 1395 1302 1451 ventilare
1344 1411 1536 1466 preces
1562 1403 1774 1451 nostras
1799 1396 1885 1451 in-

283 1487 527 1542 conditis
580 1486 841 1551 vocibus,
887 1501 988 1542 nec
1031 1487 1349 1559 petitionem
1402 1487 1885 1543 commendandam

284 1575 560 1640 modeste,
589 1576 702 1630 Deo
744 1575 1075 1631 tumultuosa
1125 1575 1455 1645 loquacitate
1490 1576 1718 1646 jactare.
1748 1575 1886 1643 Quia

284 1667 437 1721 Deus
458 1682 568 1721 non
596 1668 745 1722 vocis
769 1668 866 1723 sed
887 1667 1067 1723 cordis
1089 1667 1305 1723 auditor
1327 1676 1442 1733 est;
1472 1683 1573 1723 nec
1594 1669 1889 1723 admonen-

1982 569 2159 624 noxiae
2181 568 2556 639 occupationis
2578 567 2841 625 aufertur.
2865 570 2943 625 Ex
2967 571 3164 642 quibus
3190 574 3571 644 quamplurimi

1982 660 2052 716 ab
2078 662 2297 719 ineunte
2321 663 2553 733 pueritia
2574 678 2745 735 usque
2770 665 2839 721 ad
2866 667 3161 725 senectutis
3182 669 3434 725 canitiem
3456 685 3557 724 om-

1982 766 2080 806 nes
2107 752 2224 807 dies
2254 752 2378 807 vitae
2418 768 2529 808 suae
2558 753 2611 808 in
2652 754 2892 823 parando
2918 763 2975 810 et
3001 755 3373 813 conﬁrmando
3407 767 3573 813 cantu

1982 844 2325 914 expendunt;
2354 853 2411 899 et
2442 853 2613 901 totum
2646 853 2859 915 tempus
2903 846 3119 902 utilium
3151 855 3208 903 et
3249 848 3571 921 Spiritalium

1982 932 2305 1000 studiorum,
2334 933 2547 1006 legendi
2582 934 2855 1002 videlicet,
2891 944 2947 991 et
2986 937 3167 994 divina
3204 938 3415 1010 eloquia
3445 956 3572 1011 per-

1982 1024 2296 1090 scrutandi,
2349 1026 2403 1080 in
2449 1026 2755 1081 istiusmodi
2803 1028 3156 1098 occupatione
3206 1037 3571 1096 consumunt;

1984 1115 2235 1184 quodque
2290 1115 2576 1172 animabus
2633 1132 2822 1172 eorum
2876 1119 3066 1189 procul
3114 1119 3277 1176 dubio
3310 1121 3466 1178 valde
3494 1128 3578 1177 est

1986 1206 2232 1273 noxium,
2280 1206 2453 1278 ignari
2485 1208 2606 1263 fidei
2654 1224 2786 1275 sum,
2816 1209 2973 1265 inscii
3011 1209 3416 1281 Scripturarum
3448 1229 3575 1268 san-

1984 1302 2219 1360 ctarum,
2250 1304 2307 1350 et
2335 1294 2532 1350 divina:
2559 1295 2930 1368 intelligentiae
2955 1298 3144 1355 inanes
3173 1315 3238 1354 ac
3265 1302 3443 1367 vacui,
3473 1302 3578 1358 hoc

1984 1388 2157 1443 solum
2189 1388 2291 1443 sibi
2316 1387 2568 1445 sufficere
2595 1398 2819 1460 putant;
2842 1398 2899 1446 et
2924 1392 2993 1447 ob
3020 1392 3144 1459 hoc,
3175 1394 3339 1449 etiam
3364 1398 3574 1452 ventosi

1985 1464 2041 1534 et
2079 1477 2250 1533 inflati
2281 1479 2557 1546 incedunt,
2585 1481 2630 1535 si
2671 1495 2865 1536 sonum
2890 1488 2945 1536 et
2969 1498 3157 1538 vocem
3183 1484 3579 1545 decantationis

1986 1577 2261 1640 utcunque
2288 1570 2591 1637 addiscant,
2620 1578 2676 1626 et
2696 1572 2750 1626 in
2774 1587 3001 1628 numero
3028 1582 3311 1630 cantorum
3334 1575 3576 1646 deputari

1985 1659 2286 1714 videantur.
2319 1659 2523 1727 Quibus
2548 1660 2769 1715 omnino
2791 1659 2963 1733 (dum,
2993 1661 3137 1718 sicut
3153 1662 3347 1721 beatus
3371 1663 3576 1736 Grego-

286 1760 388 1814 dus
410 1766 499 1814 est
532 1758 881 1827 clamoribus,
920 1760 1014 1829 qui
1040 1761 1393 1831 cogitationes
1417 1761 1585 1825 videt,
1621 1760 1887 1828 probante

1994 1749 2102 1805 rius
2126 1764 2291 1819 supra
2321 1749 2416 1813 ait,
2446 1748 2617 1804 Deum
2647 1748 2881 1805 moribus
2928 1750 3227 1817 stimulant,
3263 1770 3382 1811 cum
3408 1772 3577 1828 popa.-

288 1850 524 1904 θωπίηο
559 1859 616 1905 ει
644 1850 858 1905 dicente
891 1868 905 1905 ε
940 1828 1017 1905 Ε,
1061 1828 1224 1905 δεξεηε
1255 1868 1430 1906 omne,
1470 1849 1742 1915 Ecclesiw,
1763 1851 1887 1921 quia
1914 1828 1964 1887 Β
1991 1838 2100 1893 lum
2130 1839 2340 1894 vocibus
2368 1837 2642 1907 oblectent)
2671 1840 3021 1897 metuendum
3065 1849 3152 1897 est
3176 1857 3245 1898 ne
3272 1843 3435 1898 etiam
3463 1843 3579 1916 ipsa

285 1956 381 2008 ego
437 1957 560 1994 sum
610 1952 854 1995 scrutans
908 1956 1057 1995 renes
1099 1951 1147 1995 et
1195 1942 1376 1995 corda.
1418 1939 1587 1996 Sonet
1622 1940 1882 2010 psalmus.

282 2033 615 2089 Convivium
668 2034 909 2088 sobrium
962 2035 1035 2088 sit
1090 2035 1247 2090 nobis
1303 2034 1603 2105 spiritualis
1650 2034 1884 2099 auditio,

284 2124 561 2192 prolectet
596 2139 758 2179 aures
784 2124 1035 2195 religiosa
1066 2123 1333 2180 mulcedo.
1373 2145 1391 2178 ι

361 2214 527 2270 XVII.
570 2215 669 2270 His
692 2230 824 2285 ergo
864 2223 921 2270 et
954 2216 1261 2287 hujusmodi
1298 2218 1518 2274 Patrum
1552 2220 1771 2275 monitis
1800 2221 1886 2275 in-

286 2305 534 2369 fonnati,
568 2315 624 2361 et
652 2323 840 2364 eorum
869 2318 1159 2380 sequentes
1185 2311 1413 2381 vestigia
1441 2328 1579 2384 quos
1613 2314 1681 2368 ad
1707 2314 1889 2371 Domi-

284 2414 420 2453 num
463 2401 814 2469 praecessisse
857 2416 964 2456 non
1001 2402 1346 2475 ambigimus,
1377 2411 1603 2460 cunctas
1633 2404 1890 2461 adiuven-

284 2492 471 2547 tiones
505 2493 788 2547 hominum
833 2494 986 2563 quasi
1014 2494 1313 2564 superfluas
1344 2505 1682 2567 respuentes,
1708 2498 1890 2553 verbis

286 2581 513 2636 Domini
556 2597 678 2652 qua:
725 2583 792 2639 ad
841 2584 1022 2639 omnia
1075 2583 1362 2653 sufficiunt,
1394 2586 1449 2640 in
1493 2583 1611 2655 ejus
1642 2582 1890 2643 laudibus

287 2690 674 2745 personemus,
697 2684 757 2730 ut
779 2692 901 2732 cum
937 2678 1096 2734 beato
1131 2679 1302 2735 David
1337 2680 1519 2736 dicere
1567 2681 1842 2737 valeamus
1871 2700 1884 2736 :

292 2765 364 2818 Et
388 2783 510 2837 qua:
549 2767 617 2821 de
642 2783 802 2821 manu
837 2777 929 2823 tua
959 2770 1271 2840 accepimus,
1302 2770 1541 2826 dedimus
1578 2771 1691 2827 tibi.
1730 2770 1887 2840 Quia,

287 2867 354 2912 nt
399 2860 601 2914 beatus
628 2859 961 2931 Augustinus
986 2862 1084 2929 ait,
1121 2880 1139 2913 ε
1170 2861 1314 2917 Nihil
1339 2862 1451 2919 Deo
1477 2870 1624 2919 recte
1643 2862 1887 2929 oﬁ‘ertur,

291 2951 398 3005 nisi
426 2950 576 3020 quod
611 2952 680 3005 ab
714 2966 779 3005 eo
810 2952 1094 3021 accipitur.
1126 2973 1145 3006 ›
1174 2952 1276 3021 Qui
1308 2961 1363 3009 et
1392 2954 1498 3009 alio
1534 2954 1654 3010 loco
1690 2969 1892 3024 praece-

292 3042 373 3109 pit
395 3042 513 3096 suis
545 3059 559 3095 :
592 3060 611 3092 σ
641 3040 821 3097 Nolite
845 3052 1067 3099 cantare
1090 3044 1195 3098 nisi
1221 3045 1365 3114 quod
1390 3044 1598 3116 legistis
1619 3060 1740 3101 esse
1763 3059 1891 3101 can-

296 3131 542 3186 tandum.
575 3152 595 3184 ›
629 3131 783 3199 Quod
819 3132 1039 3202 quidam
1076 3133 1314 3205 religiosi
1337 3134 1437 3188 viri
1460 3141 1750 3205 sequentes
1770 3134 1891 3190 sub-

286 3220 451 3289 jectis
470 3221 575 3277 sibi
600 3220 859 3277 fratribus
884 3233 1213 3293 praeceptum
1237 3223 1346 3278 tale
1364 3224 1628 3280 dederunt
1665 3243 1677 3279 :
1704 3223 1894 3281 Nullus

293 3321 595 3382 praesumat
628 3316 993 3384 responsoria,
1033 3322 1126 3369 aut
1165 3316 1509 3386 antipbonas,
1553 3333 1675 3388 quae
1719 3318 1895 3375 solent

296 3407 463 3477 aliqui
488 3408 791 3479 composito
815 3424 946 3464 sono
974 3424 1071 3479 pro
1098 3425 1195 3465 suo
1224 3409 1377 3465 libitu
1400 3426 1507 3466 non
1536 3426 1603 3466 ex
1631 3413 1894 3468 canonica

296 3499 583 3571 Scriptura
630 3512 908 3575 assumpta
955 3520 1174 3572 canere,
1222 3506 1277 3560 in
1318 3508 1737 3579 congregatione
1790 3508 1896 3564 ista

298 3595 381 3649 vel
414 3596 669 3651 meditari
713 3597 800 3652 vel
830 3599 1031 3653 dicere.
1063 3598 1289 3669 Oportet
1311 3600 1458 3654 enim
1492 3615 1592 3655 nos
1623 3615 1813 3655 sanam
1842 3609 1898 3655 et

300 3687 605 3757 simplicem
637 3689 990 3760 apostolicam
1026 3697 1082 3745 et
1111 3698 1327 3761 patrum
1357 3699 1670 3746 nostrorum
1694 3690 1893 3746 imitari

299 3782 633 3847 doctrinam,
663 3791 721 3838 et
757 3785 986 3855 gratiam
1031 3783 1291 3850 stabilire,
1324 3799 1420 3839 cor
1446 3799 1736 3854 moresque
1764 3785 1893 3840 sub.

299 3873 433 3927 dere
487 3872 809 3943 disciplinae.
861 3873 937 3928 Ea
987 3873 1150 3942 igitur
1188 3882 1412 3929 cantare
1457 3874 1718 3930 debemus
1751 3891 1894 3945 quae,

300 3966 444 4018 sicut
494 3964 689 4020 beatus
738 3964 1074 4037 Augustinus
1118 3966 1270 4030 dicit,
1325 3966 1398 4020 ita
1438 3966 1641 4036 scripta
1684 3975 1810 4020 sunt
1839 3974 1899 4021 ut

298 4067 616 4114 cantantur.
654 4079 673 4111 ι
701 4058 832 4127 Quae
880 4068 1062 4115 autem
1097 4076 1205 4115 non
1249 4061 1322 4115 ita
1354 4061 1555 4131 scripta
1600 4068 1748 4127 sunt,
1786 4078 1895 4118 non

299 4161 619 4217 cantemus;
662 4152 788 4221 quia
820 4168 920 4207 nec
967 4152 1073 4207 alio
1114 4152 1274 4208 modo
1307 4168 1469 4222 quam
1502 4168 1610 4223 quo
1648 4153 1763 4224 ipse
1792 4155 1895 4209 Do-

299 4241 484 4295 minus
508 4241 673 4312 jussit
711 4257 812 4312 per
838 4244 1132 4315 prephetas
1160 4251 1216 4298 et
1261 4243 1533 4312 apostolos
1560 4258 1690 4300 suos
1718 4245 1895 4299 mani-

300 4332 493 4387 festari
539 4349 605 4388 ea
660 4333 972 4389 hominibus
1022 4335 1242 4390 debent.
1282 4334 1329 4388 Α
1365 4334 1525 4390 nobis
1576 4334 1896 4391 obedientiae

298 4440 467 4493 quam
494 4424 843 4480 victimarum
869 4425 1199 4481 sacrificium
1227 4427 1452 4496 quaerit;
1482 4441 1583 4481 nec
1614 4426 1895 4482 cantilenze

1991 1929 2081 1985 illa
2122 1930 2220 1986 Dei
2265 1931 2636 2002 increpatione
2678 1930 2964 1999 feriantur,
2996 1948 3105 2005 qua
3131 1934 3264 1991 dicit
3295 1953 3309 1990 :
3344 1933 3580 2008 Populus

1989 2020 2076 2075 hic
2099 2020 2252 2077 labiis
2285 2039 2367 2077 me
2411 2023 2657 2089 honorat,
2693 2040 2786 2078 cor
2827 2032 3005 2080 autem
3034 2042 3215 2081 eorum
3261 2026 3412 2100 longe
3439 2040 3524 2086 est.
3548 2049 3581 2085 ιι

1992 2127 2094 2165 me.
2133 2110 2201 2165 Et
2235 2111 2488 2167 iterum:
2519 2111 2689 2183 Aufer
2736 2129 2770 2168 a
2819 2129 2903 2169 me
2951 2114 3233 2172 tumultum
3288 2121 3581 2177 carminum

1991 2210 2221 2270 tuorum,
2249 2211 2298 2257 et
2326 2203 2531 2258 cantica
2548 2203 2678 2274 lyra:
2706 2213 2813 2260 ture
2837 2206 3197 2262 nonaudiam.
3222 2207 3359 2265 Nam
3382 2218 3438 2266 et
3457 2212 3581 2270 bea-

1992 2305 2079 2350 tus
2105 2294 2483 2366 Hieronymus,
2513 2304 2576 2350 ut
2602 2311 2765 2367 supra
2790 2305 3151 2354 memoratum
3174 2308 3284 2367 est,
3308 2301 3374 2356 de
3398 2300 3585 2371 hujus—

1991 2386 2137 2443 modi
2166 2387 2479 2443 bominibus
2519 2387 2807 2444 manifeste
2850 2388 3005 2456 dicit,
3044 2390 3187 2460 quod
3236 2390 3302 2447 de
3339 2391 3580 2451 Ecclesia

1990 2478 2088 2534 Dei
2117 2493 2336 2535 scenam
2363 2478 2592 2535 fecerint
2624 2479 2966 2551 populorum.
2996 2480 3149 2538 Hanc
3178 2482 3322 2538 enim
3353 2498 3584 2555 occupa-

1993 2570 2193 2627 tionem
2229 2568 2555 2640 superfluam
2583 2570 2640 2626 in
2669 2570 2873 2626 eisdem
2904 2572 3077 2629 sacris
3120 2573 3315 2631 ofﬁciis
3341 2574 3586 2633 devitan-

1994 2669 2076 2717 tes
2101 2661 2329 2732 antiqui,
2372 2676 2497 2717 cum
2526 2660 2607 2717 eis
2648 2659 2895 2733 profecto
2941 2670 3251 2736 suppeteret
3284 2680 3353 2735 εξ
3387 2664 3585 2720 divinis

1992 2754 2146 2811 libris
2170 2762 2225 2811 et
2248 2754 2549 2826 multiplex.
2563 2753 2719 2826 copia
2750 2753 3098 2821 laudationis,
3142 2764 3198 2812 et
3231 2756 3427 2829 peritia
3472 2773 3585 2816 mo-

1994 2848 2310 2915 dulationis,
2346 2848 2657 2904 maluerunt
2686 2856 2869 2906 tamen
2898 2848 3095 2905 eadem
3132 2864 3274 2921 stupe
3317 2858 3582 2921 repetere,

1993 2956 2158 3011 quam
2183 2940 2410 2995 inﬁnitis
2432 2946 2486 2993 et
2513 2954 2625 2995 non
2648 2939 2972 2996 necessariis
2998 2939 3342 3011 psallentium
3374 2942 3586 3001 animos

1993 3045 2287 3101 occupare,
2318 3029 2402 3086 vel
2432 3046 2681 3103 gravare.
2700 3080 2703 3081 ν

2067 3141 2209 3197 XIX.
2250 3141 2620 3214 Quapropter,
2669 3141 2966 3198 auxiliante
3023 3142 3120 3199 Dei
3150 3145 3381 3215 -gratia,
3434 3147 3585 3205 omni

1996 3231 2175 3288 studio
2200 3233 2417 3303 pietatis
2441 3232 2751 3291 instandum
2780 3240 2945 3302 atque
2970 3234 3368 3290 observandum
3391 3244 3499 3300 est,
3528 3245 3587 3291 ut

1997 3327 2137 3383 sicut
2157 3326 2226 3381 ad
2250 3325 2577 3383 celebranda
2600 3326 2890 3384 missarum
2919 3327 3183 3386 solemnia
3208 3329 3373 3386 habet
3402 3328 3589 3386 Eccle-

1997 3419 2074 3473 sia
2104 3431 2130 3459 ιι
2153 3418 2378 3474 Librum
2401 3418 2786 3490 Mysteriorum
2809 3416 2915 3475 ﬁde
2933 3419 3221 3488 purissima
3241 3427 3299 3476 et
3320 3421 3588 3477 concinna

1995 3511 2262 3566 brevitate
2309 3510 2599 3583 digestum,
2637 3510 2803 3568 habet
2827 3519 2881 3568 et
2916 3511 3141 3571 Librum
3169 3511 3487 3570 Lectionum
3520 3530 3584 3571 at

1997 3600 2199 3656 divinis
2216 3601 2371 3656 libris
2400 3602 2878 3673 congruaratione
2906 3602 3213 3668 collectum,
3244 3604 3319 3659 ita
3344 3604 3511 3660 etiam
3534 3613 3585 3660 et

1996 3692 2141 3748 Itunc
2174 3691 2397 3747 tertium
2425 3691 2728 3748 Ofﬁcialem
2766 3691 3055 3759 Libellum,
3094 3693 3150 3749 id
3186 3701 3289 3757 est,
3317 3693 3586 3764 Antiphu-

1997 3783 2232 3846 narium,
2262 3782 2563 3837 habeamus
2584 3782 2838 3837 omnibus
2860 3781 3173 3839 1thumauis
3215 3782 3505 3854 figmentis
3533 3794 3591 3841 et

1998 3871 2296 3927 mendaciis
2338 3878 2719 3942 expurgatum,
2751 3878 2809 3926 et
2840 3886 2939 3940 per
2968 3879 3138 3928 totum
3167 3874 3294 3929 anni
3322 3875 3585 3931 circulum

1996 3977 2064 4017 ex
2102 3961 2412 4032 purissimis
2435 3969 2637 4017 sancta:
2661 3960 2961 4031 Scriptura
2987 3963 3169 4020 verbis
3192 3963 3590 4022 sufﬁcientissi-

1998 4069 2083 4108 me
2102 4052 2446 4117 ordinatum;
2473 4052 2730 4123 quatinus
2752 4052 2809 4108 in
2828 4053 3001 4109 sacris
3019 4051 3218 4110 ofﬁciis
3239 4054 3584 4127 peragendis,

1991 4146 2147 4217 juxta
2180 4142 2622 4215 probatissimam
2666 4143 2792 4200 ﬁdei
2831 4143 3097 4216 regulam,
3138 4152 3197 4201 et
3226 4155 3467 4216 paterna:
3492 4163 3588 4204 au—

1997 4237 2265 4294 ctoritatis
2291 4236 2657 4293 venerabilem
2679 4236 3044 4309 disciplinam,
3066 4253 3173 4293 una
3195 4253 3226 4294 a
3246 4240 3402 4297 nobis
3422 4250 3588 4313 atque

1996 4329 2185 4384 eadem
2212 4328 2552 4384 custodiatur
2580 4327 2754 4384 forma
2801 4329 3134 4395 orationum,
3169 4328 3344 4389 forma
3394 4332 3587 4389 lectio-

1996 4435 2145 4484 num,
2169 4432 2227 4477 et
2251 4419 2426 4476 forma
2456 4420 2949 4477 ecclesiasticarum
2973 4420 3434 4491 modulationum;
3464 4441 3588 4496 qua:

300 4514 601 4569 artiﬁcioso
645 4515 847 4580 studio,
894 4516 991 4572 sed
1035 4516 1380 4572 observantia
1424 4517 1806 4574 mandatorum
1842 4526 1896 4574 et
1921 4535 1973 4596 ι)
1999 4527 2030 4566 a
2059 4510 2186 4566 boni
2215 4510 2412 4583 ingenii
2441 4508 2877 4567 adolescentibus
2903 4524 3066 4580 quam
3099 4510 3383 4567 celerrime
3430 4513 3589 4570 imbi—

299 4604 483 4658 cordis
512 4605 779 4659 munditia
806 4604 1129 4661 delectatur.
1163 4625 1182 4657 ι

370 4695 558 4751 XVIII.
602 4695 729 4753 Eme
781 4698 1149 4753 sincerissima
1202 4697 1424 4753 Patrum
1473 4706 1697 4765 statuta,
1744 4700 1892 4754 omni

298 4787 579 4858 diligentia
609 4796 664 4842 et
692 4788 1045 4844 veneratione
1088 4788 1430 4844 observanda
1457 4797 1602 4843 sunt.
1633 4788 1769 4857 Quia
1797 4806 1895 4861 per

302 4879 407 4932 boc
434 4887 490 4932 et
520 4878 645 4933 fidei
671 4879 899 4949 puritas,
927 4895 993 4935 ac
1027 4880 1306 4951 religionis
1331 4880 1615 4951 disciplina
1646 4881 1892 4938 saluber-

304 4970 443 5021 rime
464 4968 791 5035 custoditur,
836 4977 892 5025 et
918 4970 1026 5025 duo
1049 4969 1187 5025 mala
1212 4970 1377 5025 nimis
1405 4970 1592 5040 pietati
1618 4972 1892 5028 contraria

303 5058 511 5113 utiliter
533 5068 889 5125 resecantur;
921 5061 1189 5127 videlicet,
1222 5061 1347 5117 dum
1392 5069 1449 5117 et
1474 5063 1893 5121 vanissimorum

298 5148 583 5205 hominum
636 5153 1008 5223 praesumptio,
1061 5154 1153 5223 qui
1210 5170 1318 5209 non
1372 5154 1550 5209 solum
1597 5155 1800 5227 inepta,
1843 5164 1898 5212 et

301 5241 598 5310 superﬂua,
623 5244 720 5299 sed
749 5246 911 5299 etiam
935 5244 1162 5316 profana
1191 5253 1246 5300 et
1273 5246 1529 5302 haeretica
1555 5247 1611 5301 in
1638 5248 1897 5304 Ecclesiis

297 5332 596 5389 decantare
619 5335 843 5401 audent,
874 5337 1119 5392 funditus
1148 5337 1481 5403 excluditur;
1509 5346 1564 5394 et
1584 5339 1898 5395 adolescen—

363 5421 451 5488 lis,
505 5434 667 5495 atque
720 5427 973 5483 omnibus
1021 5427 1349 5500 generaliter
1390 5429 1585 5500 quibus
1640 5431 1895 5485 cantandi

1998 4602 2130 4669 bila,
2154 4617 2249 4658 eos
2290 4609 2345 4657 et
2371 4602 2568 4657 divinis
2596 4601 2847 4658 laudibus
2873 4602 3222 4657 concinendis
3254 4601 3588 4661 sufﬁcienter

1999 4702 2055 4749 et
2081 4694 2317 4765 graviter
2342 4690 2564 4750 idoneus
2589 4691 2796 4758 reddat,
2823 4701 2879 4749 et
2901 4707 2933 4747 a
2960 4692 3260 4764 potioribus
3283 4710 3348 4749 ac
3371 4695 3587 4765 spirita-

2000 4783 2141 4840 libus
2181 4784 2377 4839 studiis
2404 4799 2513 4840 non
2542 4783 2818 4855 impediat.
2849 4781 2984 4852 Quis
3007 4783 3153 4840 enim
3180 4785 3260 4841 ita
3285 4786 3587 4843 contentio-

2002 4893 2113 4943 sus,
2140 4877 2249 4932 imo
2267 4877 2510 4943 insanus,
2535 4885 2591 4933 et
2613 4878 2680 4933 ab
2700 4878 2848 4934 omni
2868 4877 3111 4936 veritatis
3135 4879 3348 4935 ratione
3364 4884 3586 4937 aversus

2001 4973 2105 5031 est,
2137 4973 2196 5020 ut
2231 4981 2340 5021 non
2369 4964 2474 5022 hoc
2512 4966 2738 5033 rectius,
2767 4976 2824 5024 et
2867 4969 3296 5033 convenientius,
3327 4985 3392 5026 ac
3435 4970 3586 5026 salu-

1997 5057 2149 5112 brius
2193 5055 2427 5111 fateatur
2473 5058 2528 5112 in
2584 5058 2679 5113 Dei
2729 5059 2977 5117 laudibus
3018 5061 3318 5129 decantari,
3348 5063 3493 5132 quod
3518 5078 3584 5123 ex

1997 5151 2195 5207 divinis
2220 5150 2379 5206 dictis
2414 5158 2471 5206 et
2498 5150 2653 5209 libris
2678 5153 2858 5209 videat
2889 5154 3118 5211 ﬁdeliter
3145 5157 3382 5212 assumi?
3406 5161 3585 5228 quati-

1998 5261 2101 5301 nus
2142 5245 2285 5301 sicut
2315 5245 2370 5301 in
2401 5243 2659 5318 Symbolo
2688 5245 2956 5305 catholico
2986 5248 3146 5304 fidem
3193 5258 3433 5309 nostram
3477 5269 3585 5311 non

1998 5337 2201 5391 nostris
2225 5336 2318 5392 sed
2345 5335 2658 5407 apostolicis
2682 5338 2864 5392 verbis
2885 5336 3221 5407 profitemur,
3249 5349 3299 5397 et
3324 5342 3377 5398 in
3402 5341 3589 5400 Domi~

2006 5428 2128 5483 nica
2156 5427 2413 5484 Oratione
2448 5444 2557 5483 non
2586 5428 2786 5483 nostris
2825 5429 2920 5484 sed
2950 5429 3120 5500 ipsius
3148 5431 3357 5488 Domini
3379 5441 3437 5490 et
3465 5433 3588 5490 Sal-

1705 5520 1977 5577 BALUZII
2012 5517 2245 5575 NOTAE.

374 5618 399 5643 ι
434 5604 651 5660 Librum
685 5606 1078 5677 Hysteriornm,
1113 5611 1169 5666 id
1204 5618 1303 5674 est,
1331 5611 1552 5665 Librum
1582 5609 1903 5666 Sacramen-

302 5683 483 5752 ιρι-ψη
511 5694 523 5727 :
548 5678 760 5752 dequo
789 5680 926 5735 libro
953 5697 1115 5752 supra
1140 5681 1374 5735 diximus
1398 5682 1463 5735 ad
1494 5690 1655 5751 caput
1679 5680 1749 5736 30
1779 5681 1901 5736 libri

302 5747 369 5797 de
394 5744 746 5815 Imaginibus.

376 5815 403 5853 ι’
441 5815 703 5870 "unm-nis
744 5820 1021 5889 ﬁgmentis.
1076 5821 1154 5876 Ad
1195 5838 1256 5877 ca
1300 5821 1546 5880 fortassis
1593 5823 1726 5892 ipsa,
1772 5838 1891 5891 quae

2008 5610 2097 5683 hic
2123 5608 2300 5683 culpat
2318 5607 2653 5683 Agebat-dus,
2680 5608 3002 5683 respiciebat
3030 5612 3306 5683 Alcuinus,
3325 5634 3446 5674 cum
3469 5618 3588 5676 inec

2008 5681 2085 5760 ait
2122 5680 2321 5760 fratres
2354 5680 2756 5760 .Lugdunetlses
2799 5681 3062 5760 scriberet
3103 5685 3156 5740 in
3202 5680 3427 5760 epistola
3472 5688 3582 5747 69:

2014 5750 2123 5829 ¢__ln
2172 5749 2556 5829 ecclesiasticis
2593 5749 3093 5829 oﬁiciis_inaudita-s
3134 5749 3331 5827 priscis
3379 5768 3587 5829 tempo-

1998 5821 2147 5880 ribus
2173 5819 2490 5876 traditiones
2527 5820 2690 5877 nolite
2718 5821 2961 5892 diligere.
2992 5844 3010 5877 ι
