3962 6180
275 343 383 397 5-H

1403 340 1528 393 LIB.
1572 335 1950 393 ADVERSUS
1988 334 2422 395 AMALARIUM.

3455 348 3584 404 549.

275 458 554 527 Sequitur
602 455 657 510 in
701 455 892 509 eadem
939 454 1223 523 Scriptura
1259 473 1270 508 :
1306 455 1374 509 Et
1415 456 1643 526 pervenit
1673 455 1880 510 verbum
1909 453 1962 514 Α
1986 453 2082 523 git,
2118 455 2264 512 illius
2287 458 2520 514 forsitan
2543 438 2707 515 error.
2747 469 2830 516 est
2863 462 2954 531 qui
3006 461 3244 534 scripsit.
3293 466 3357 522 Si
3384 478 3565 523 autem

278 551 355 602 ad
388 564 562 618 regem
611 544 825 609 Ninive,
869 555 916 600 et
963 545 1190 598 surrexit
1239 545 1302 599 de
1339 545 1471 600 solio
1497 563 1626 612 suo,
1656 555 1703 600 et
1733 545 1881 615 ejecit

284 637 652 692 vestimentum
685 651 841 688 suum
863 650 896 686 a
924 650 1000 699 se,
1031 643 1078 687 et
1108 633 1324 688 indutus
1353 647 1427 688 est
1458 651 1630 699 sacco,
1674 644 1722 688 et
1750 634 1882 688 sedit

284 732 343 782 in
382 730 579 790 cinere,
620 736 672 782 et
703 725 969 790 clamavit,
999 735 1047 780 et
1075 726 1209 780 dixit
1241 727 1298 780 in
1325 727 1517 780 Ninive
1545 743 1610 781 ea:
1635 743 1724 781 ore
1750 726 1884 795 regis

282 832 334 873 με
369 820 673 891 principum
708 834 847 886 ejus,
876 817 1055 870 dicens
1082 829 1100 866 :
1135 815 1410 881 Homines,
1450 826 1498 870 et
1535 817 1798 886 jumenta,
1837 826 1886 871 et

284 916 459 974 boves,
493 919 544 964 et
570 925 759 980 pecora
786 924 890 961 non
913 915 1118 976 gustent
1137 906 1444 976 quidquam,
1469 923 1562 960 nec
1579 916 1883 977 pascantur,

283 1017 336 1058 et
372 1020 570 1074 nquam
611 1018 718 1056 non
755 1000 952 1054 bibant.
983 999 1054 1052 Et
1096 999 1402 1069 aperiantur
1428 1000 1595 1053 saccis
1629 999 1884 1064 homines,

284 1107 339 1148 et
363 1096 642 1164 jumenta,
683 1100 732 1145 et
784 1090 1008 1144 clament
1037 1089 1108 1143 ad
1150 1087 1320 1143 Deum
1349 1091 1405 1144 in
1453 1090 1759 1159 fortitudine
1789 1103 1807 1140 :
1839 1099 1887 1144 et

287 1194 632 1240 convertatur
662 1183 742 1238 vir
765 1201 798 1237 a
834 1184 916 1237 via
947 1200 1044 1236 sua
1076 1181 1240 1247 mala,
1268 1192 1316 1236 et
1357 1183 1420 1236 ab
1466 1183 1742 1253 iniquitate
1767 1201 1887 1254 quia

287 1290 367 1331 est
392 1280 450 1332 in
476 1275 718 1330 manibus
742 1290 942 1329 eorum.
973 1272 1105 1338 Quis
1127 1274 1222 1327 scit
1245 1271 1290 1326 si
1326 1281 1660 1327 convertatur
1679 1283 1728 1327 et
1748 1275 1891 1344 igua-

288 1380 406 1424 scat
437 1369 602 1429 Deus,
635 1377 684 1420 et
713 1372 1002 1419 revertatur
1027 1381 1059 1417 a
1100 1362 1278 1432 furore
1304 1365 1400 1417 ira:
1432 1380 1560 1427 sure,
1595 1372 1645 1417 et
1676 1380 1778 1417 non
1803 1380 1891 1433 pe-

291 1459 560 1514 ribimus?
586 1457 656 1512 Et
687 1457 811 1510 vidit
857 1455 1001 1510 Deus
1045 1471 1203 1524 opera
1249 1470 1454 1519 eorum,
1500 1455 1626 1524 quia
1660 1455 1891 1509 conversi

291 1562 418 1607 sunt
449 1553 513 1605 de
550 1553 636 1604 via
665 1565 766 1602 sua
795 1547 938 1601 mala
971 1565 989 1602 :
1023 1557 1073 1601 et
1116 1548 1360 1600 misertus
1395 1555 1469 1600 est
1498 1563 1655 1616 super
1687 1545 1892 1600 malitia

291 1659 461 1712 quam
502 1641 708 1695 locutus
747 1640 920 1708 fuerat
949 1648 1005 1691 ut
1035 1638 1226 1707 faceret
1267 1637 1362 1701 eis,
1391 1646 1439 1690 et
1471 1652 1574 1691 non
1603 1637 1745 1706 fecit.
1784 1634 1891 1692 Sed

296 1752 396 1805 per
425 1734 540 1789 ,Ιορὶ
568 1735 884 1803 prophetam
911 1731 1028 1800 ipse
1053 1731 1315 1785 Dominus
1344 1731 1679 1784 demonstrat
1699 1730 1889 1799 quales

1985 558 2054 598 ex
2099 548 2392 617 semetipso
2435 551 2787 620 excogitavit,
2840 552 3006 606 nimia
3059 557 3409 625 praesumptio
3461 568 3565 613 est.

1985 631 2124 700 Quid
2171 651 2402 706 namque
2451 640 2760 710 ingemiscit
2795 644 3089 713 gravatus?
3125 643 3287 701 Certe
3323 661 3394 702 eo
3426 651 3569 718 quod

1986 741 2093 779 non
2132 727 2244 783 vult
2291 729 2534 798 spoliari,
2563 731 2660 786 sed
2715 735 3087 801 supervestiri.
3127 735 3197 790 Et
3219 736 3265 790 si
3291 752 3400 792 non
3453 739 3571 794 vult

1985 818 2208 886 spoliari
2246 822 2570 877 vestimento
2613 822 2852 892 Spiritus
2887 827 3084 893 sancti,
3142 827 3274 898 quid
3315 829 3432 883 vult
3478 845 3574 884 ve-

1984 908 2118 961 stire
2140 923 2304 978 super
2335 909 2597 981 Spiritum
2631 913 2763 969 Dei?
2791 914 2902 970 Sed
2932 917 3190 986 quoniam
3230 918 3586 976 laboriosum.

1985 1005 2070 1051 est
2089 997 2330 1055 refutare
2351 1015 2571 1058 sensum
2593 1002 2731 1072 eius,
2764 1005 2868 1062 hoc
2901 1007 3058 1062 nobis
3081 1008 3288 1064 dixisse
3315 1010 3588 1077 sulllciat,.

1986 1087 2128 1156 quod
2147 1089 2338 1145 (uictor
2358 1093 2656 1149 catholicus
2675 1095 2869 1150 beatus
2907 1096 3245 1167 Augustinus
3271 1099 3374 1156 hoc
3399 1103 3565 1158 vesti-

1989 1188 2234 1236 mentum
2298 1184 2688 1241 mortalitatem
2755 1187 2936 1242 carnis
2993 1203 3117 1244 esse
3177 1190 3348 1256 dicit,
3407 1209 3572 1262 quam

1990 1278 2266 1341 gestamus
2301 1273 2358 1328 in
2387 1274 2491 1330 hoc
2519 1290 2748 1344 corpore
2774 1277 3037 1334 viventes.
3075 1279 3144 1332 Et
3167 1289 3452 1348 propterea
3491 1284 3575 1338 in-

1989 1360 2334 1429 gemiscimus
2369 1365 2599 1434 gravati,
2630 1365 2758 1434 quia
2786 1365 3040 1421 timemus
3065 1382 3164 1436 per
3187 1378 3415 1425 mortem
3439 1379 3576 1428 tem-

1989 1449 2232 1517 poralem
2253 1452 2477 1521 spoliari
2523 1455 2846 1509 vestimento
2873 1456 3057 1511 carnis
3082 1475 3096 1510 :
3127 1465 3200 1521 et,
3229 1458 3274 1513 si
3299 1459 3420 1514 fieri
3452 1477 3576 1531 pos.-

1991 1547 2098 1604 set,
2128 1540 2391 1598 vellemus
2428 1545 2783 1614 supervestiri
2810 1545 3104 1602 immortali
3152 1548 3302 1614 vita;
3349 1566 3459 1605 non
3483 1553 3577 1608 de-

1991 1632 2166 1699 posita
2215 1648 2315 1702 per
2372 1641 2604 1691 mortem
2655 1636 2770 1704 ipsa
2823 1637 3183 1703 mortalitate,
3237 1641 3334 1695 sed
3399 1642 3611 1712 potius.

1994 1722 2251 1792 absorpta
2285 1740 2316 1778 a
2344 1727 2477 1782 vita.

300 1802 613 1895 rogationes
655 1824 784 1878 velit
819 1823 920 1878 sibi
962 1823 1227 1886 exhiberi,
1261 1822 1447 1877 dicens
1476 1841 1487 1875 ε
1520 1818 1894 1876 convertimini
1921 1802 1969 1862 Β
2068 1812 2132 1867 V'.
2161 1813 2301 1868 Dicit
2345 1815 2540 1872 iterum
2577 1817 2883 1876 Amalarius
2909 1821 2968 1876 in
3005 1820 3146 1878 libro
3191 1824 3390 1892 primo.
3433 1827 3589 1896 capi--

297 1917 371 1969 ad
399 1933 480 1969 me
515 1915 570 1968 in
598 1923 707 1968 toto
737 1913 892 1967 corde
938 1922 1125 1976 vestro,
1171 1914 1226 1965 in
1275 1911 1504 1981 jejunio,
1561 1921 1611 1964 et
1651 1913 1801 1980 ﬁetu,
1846 1919 1894 1964 et

297 2007 561 2075 planctu;
606 2014 655 2058 et
689 2004 910 2058 scindite
941 2002 1103 2056 corda
1135 2010 1330 2068 vestra,
1379 2010 1428 2055 et
1460 2018 1564 2054 non
1597 2002 1896 2055 vestimenta

301 2107 475 2150 vestra
495 2113 513 2159 ;
537 2104 587 2148 et
620 2094 977 2148 convertimini
1012 2092 1080 2146 ad
1112 2091 1400 2146 Dominum
1435 2091 1602 2145 Deum
1645 2101 1894 2157 vestrum,

296 2186 426 2255 quia
455 2186 703 2254 benignus
729 2191 778 2236 et
807 2184 1104 2236 misericors
1131 2190 1230 2246 est,
1259 2182 1485 2252 patiens,
1508 2190 1556 2236 et
1587 2180 1784 2237 multus
1808 2181 1900 2235 mi-

299 2276 618 2337 sericordia,
648 2283 696 2328 et
730 2271 1069 2343 deprecabilis
1097 2289 1255 2342 super
1288 2271 1516 2326 malitia.
1558 2272 1691 2326 [llud
1732 2273 1897 2328 etiam

300 2369 453 2436 quod
505 2364 800 2434 subiungit,
847 2371 1132 2434 propterea
1183 2365 1419 2434 septimo
1457 2365 1726 2420 Kalendas
1773 2365 1898 2420 Maii

305 2457 594 2527 legendam
641 2455 925 2510 lectionem
954 2456 1248 2526 Evangelii,
1288 2456 1338 2510 in
1372 2471 1476 2525 qua
1515 2457 1674 2512 datur
1714 2472 1898 2512 exem-

306 2549 461 2619 plum
491 2549 558 2603 de
583 2565 742 2619 pane,
771 2563 896 2614 ovo,
926 2558 980 2603 et
1010 2550 1172 2618 pisce,
1214 2549 1342 2618 quia
1371 2563 1437 2603 eo
1469 2556 1710 2619 tempore
1738 2551 1903 2620 proli:

305 2643 483 2705 ciunt,
515 2648 571 2695 et
599 2656 698 2710 pro
727 2641 831 2694 illis
855 2655 920 2694 eo
954 2649 1197 2710 tempore
1221 2640 1483 2695 Dominus
1527 2641 1901 2710 deprccandus

307 2732 400 2793 sit,
439 2739 500 2783 ut
537 2730 734 2784 nostris
758 2731 944 2785 usibus
972 2738 1378 2796 conserventur,
1409 2732 1533 2801 quis
1572 2747 1680 2787 non
1723 2732 1902 2788 videat

291 2831 518 2890 ,quanto
557 2821 668 2875 risu
695 2820 913 2889 dignum
940 2822 1032 2886 sit,
1061 2836 1128 2877 eo
1155 2823 1301 2892 quod
1332 2837 1609 2892 nunquam
1640 2821 1901 2878 Dominus

308 2929 409 2982 pro
437 2913 521 2966 liis
545 2913 820 2967 orationes
846 2914 1088 2982 publicas
1135 2914 1250 2970 fieri
1273 2912 1530 2982 jusserit;
1563 2930 1686 2970 cum
1712 2931 1744 2971 e
1773 2930 1902 2971 con—

309 3005 484 3058 trario
513 3005 831 3074 praeceperit
859 3019 874 3058 :
917 3005 1092 3060 Nolite
1134 3023 1366 3077 quaerere
1394 3006 1520 3077 quid
1547 3006 1898 3072 manducetis,

1998 1907 2110 1962 tulo
2161 1909 2624 1980 quadragesimo:
2663 1930 2681 1964 ι
2728 1912 2877 1968 Solet
2923 1916 3094 1984 quieti
3139 1915 3303 1972 inter
3329 1917 3615 1989 vulgares.

1996 2007 2201 2068 quanto
2240 2007 2481 2071 tempore
2511 2002 2742 2058 debeant
2775 2006 3086 2061 unctionem
3127 2005 3442 2063 chrismatis
3482 2008 3578 2063 ob—

2001 2103 2226 2144 servare
2255 2090 2310 2144 in
2339 2093 2550 2161 capite,
2597 2100 2659 2146 ut
2700 2107 2808 2148 non
2857 2094 3108 2150 laventur
3155 2096 3248 2165 qui
3310 2098 3609 2166 accipiunt:

1995 2193 2194 2236 manus
2245 2179 2667 2250 impositionem,
2717 2184 2924 2254 absque
2963 2192 3207 2256 tempore
3255 2186 3592 2257 baptisterii-

1999 2270 2206 2337 Quibus
2251 2282 2430 2342 potest
2465 2275 2808 2344 responderi,
2838 2286 3046 2346 quanto
3071 2287 3314 2349 tempore
3358 2296 3583 2351 genera-

1999 2363 2126 2418 liter
2156 2363 2224 2419 ab
2250 2363 2493 2421 Ecclesia
2520 2366 2829 2422 celebratur
2855 2369 3118 2426 adventus
3139 2370 3374 2440 Spiritus
3408 2374 3580 2428 sancti

2001 2467 2164 2522 super
2211 2454 2488 2522 apostolos
2513 2496 2528 2520 ,
2586 2463 2734 2512 tanto
2789 2465 3032 2527 tempore
3081 2460 3386 2518 celebretur
3441 2464 3585 2534 apud

1967 2560 2443 2615 unumquemque
2490 2547 2583 2616 qui
2627 2562 2750 2603 eum
2801 2549 3024 2620 accipit,
3072 2551 3178 2610 hoc
3215 2560 3332 2617 est...
3370 2563 3578 2622 septem

2001 2633 2214 2689 diebus.
2251 2635 2318 2689 Et
2343 2651 2452 2691 non
2501 2637 2791 2694 immerito.
2840 2638 3108 2706 Quoniam
3137 2641 3196 2696 in
3219 2651 3427 2712 septem
3465 2661 3582 2699 tnu-

1995 2727 2224 2783 lieribus
2251 2727 2399 2783 venit
2422 2729 2491 2785 ad
2523 2729 2792 2799 hospitem
2818 2747 3000 2798 suum,
3029 2732 3114 2788 fas
3139 2742 3225 2790 est
3253 2742 3314 2790 ut
3369 2737 3581 2793 unicui-

1999 2832 2104 2887 que
2139 2818 2353 2874 mulieri
2392 2819 2699 2876 convivium
2743 2836 2900 2878 suum
2948 2832 3174 2894 paretur
3219 2841 3318 2896 per
3343 2827 3586 2898 singulos

1999 2909 2116 2965 dies
2145 2929 2158 2962 :
2185 2910 2252 2965 de
2295 2910 2494 2980 quibus
2518 2911 2835 2968 mulieribus
2879 2913 3012 2968 dicit
3047 2913 3214 2970 Isaias
3247 2934 3259 2969 :
3287 2915 3614 2987 Appfelten-~

2002 3000 2129 3054 dent
2169 3010 2363 3073 septem
2387 3002 2630 3058 mulieres
2673 3004 2842 3058 virum
2870 3021 3063 3060 unctui.
3110 3005 3428 3066 Convivimn
3467 3009 3587 3066 illar-

308 3107 404 3149 aut
437 3095 566 3164 quid
602 3095 810 3158 bibatis,
848 3106 896 3150 et
924 3097 1083 3151 nolite
1116 3097 1171 3150 in
1204 3095 1424 3151 sublime
1447 3095 1580 3151 tolli.
1608 3095 1739 3151 Haec
1764 3099 1903 3152 enim
1942 3165 1972 3169 _
2005 3106 2128 3145 Tum
2154 3091 2444 3147 mulierum
2473 3100 2578 3160 est,
2601 3093 2816 3162 quando
2844 3094 2978 3164 ἰρεω
3005 3095 3072 3151 de
3093 3111 3152 3152 se
3177 3096 3380 3154 satiant
3407 3099 3589 3169 hospi-

307 3193 491 3243 omnia
514 3199 691 3260 gentes
718 3191 898 3244 mundi
922 3199 1182 3261 quierunt.
1217 3189 1382 3244 Pater
1410 3200 1584 3244 autem
1610 3198 1778 3244 vester
1805 3190 1902 3244 scit
1931 3165 1975 3228 Ο
2007 3191 2119 3240 tem
2149 3200 2328 3240 suum.
2355 3187 2506 3242 Talia
2535 3189 2785 3244 convivia
2827 3192 3117 3248 exercebat
3151 3191 3401 3250 Christus
3439 3165 3587 3265 apud

308 3283 565 3351 quoniam
605 3282 685 3335 his
720 3281 983 3348 indigetis.
1038 3279 1409 3336 Verumtamen
1443 3282 1661 3353 quaerite
1690 3297 1906 3351 regnum

318 3375 433 3436 Dei,
471 3383 517 3428 et
560 3375 672 3429 Iure
701 3375 879 3428 omnia
934 3373 1255 3443 adjicientur
1299 3375 1460 3428 vobis.
1493 3373 1628 3428 Nam
1671 3375 1774 3430 etsi
1806 3389 1904 3444 pro

314 3466 564 3537 frugibus
585 3474 742 3521 terra:
765 3475 818 3520 et
838 3481 934 3536 pro
957 3466 1322 3520 animantibus
1342 3465 1646 3536 quibusque
1667 3465 1904 3520 orandus

314 3558 488 3618 Deus;
521 3556 762 3624 nunquid
796 3563 852 3608 et
898 3570 995 3625 pro
1037 3555 1278 3624 piscibus
1307 3555 1614 3624 rogationes
1642 3553 1902 3610 facienda:

311 3657 461 3711 sunt,
490 3657 550 3701 ut
580 3655 973 3702 conserventur
997 3654 1220 3717 propter
1245 3647 1378 3701 nos?

385 3739 475 3793 ill.
504 3739 649 3794 Dicit
688 3740 886 3794 iterum
938 3739 1248 3794 Amalarius
1283 3739 1339 3793 in
1394 3737 1538 3794 libro
1583 3740 1777 3810 primo,
1810 3754 1902 3795 ca-

313 3834 490 3902 pitulo
541 3832 806 3887 vicesimo
854 3832 1128 3901 septimo:
1178 3849 1196 3882 r
1247 3831 1382 3884 Eum
1439 3846 1600 3901 quem
1651 3830 1900 3900 superius

315 3933 574 3993 pri-catus
594 3932 679 3978 est
703 3922 947 3993 pontifex
970 3929 1032 3974 ut
1059 3923 1302 3976 mitteret
1329 3921 1594 3990 Spiritum
1633 3928 1900 3983 sanctum,

318 4017 369 4068 in
402 4015 755 4084 sequentibus
793 4013 928 4082 petit
967 4022 1026 4067 ut
1055 4013 1438 4083 suscipientem
1471 4012 1724 4081 dignetur
1777 4025 1906 4064 con-

316 4108 537 4173 signare
589 4105 646 4158 in
677 4104 845 4158 vitam
873 4114 1131 4157 aeternam
1160 4120 1174 4168 ;
1208 4102 1262 4158 id
1289 4112 1396 4166 est,
1444 4101 1693 4157 eumdem
1726 4099 1902 4171 Spiri-

317 4207 432 4248 tum
493 4211 601 4249 non
657 4195 872 4249 amittat
903 4193 1223 4264 suscipiens,
1276 4208 1449 4264 usque
1489 4193 1614 4248 dum
1645 4194 1906 4264 perducat

319 4287 589 4355 hospitem
614 4301 772 4340 suum
801 4285 868 4339 ad
892 4286 1059 4338 vitam
1082 4293 1364 4339 aeternam.
1405 4305 1423 4338 ι
1458 4284 1524 4339 Et
1547 4294 1669 4355 post
1698 4300 1900 4356 pauca:

2005 3277 2266 3333 convivas
2317 3293 2466 3344 suos,
2520 3279 2648 3336 talia
2694 3288 2750 3335 et
2792 3279 3030 3350 Spiritus
3077 3294 3298 3340 sanctus
3348 3295 3585 3344 exercet.

2006 3369 2214 3441 Hospes
2235 3371 2472 3440 Spiritus
2494 3373 2700 3439 sancti,
2714 3388 2869 3428 mens
2894 3383 2984 3430 est
3009 3375 3264 3432 hominis.
3293 3377 3447 3435 Mens
3469 3386 3590 3433 tan-

2006 3465 2312 3535 toamplius
2336 3467 2571 3522 satiatur
2615 3481 2648 3520 a
2673 3468 2862 3539 sagina
2909 3465 3146 3536 Spiritus
3189 3471 3384 3538 sancti,
3421 3487 3590 3542 quan-

2006 3561 2064 3610 to
2095 3556 2274 3612 minus
2313 3556 2480 3612 fuerit
2540 3557 2720 3613 dedita
2769 3559 3083 3614 carnalibus
3119 3560 3586 3620 delectationibus.

2003 3645 2083 3702 Ita
2103 3648 2355 3703 observet
2381 3648 2652 3719 accipiens
2677 3657 2891 3719 tempus
2916 3651 3179 3707 adventus
3197 3651 3434 3720 Spiritus
3460 3668 3588 3709 san-

2006 3742 2102 3804 cti,
2149 3749 2210 3793 ut
2244 3740 2383 3796 solet
2431 3741 2629 3797 chartis
2661 3743 2870 3797 amicus
2893 3741 3042 3796 circa
3089 3745 3318 3798 charum
3346 3745 3598 3800 amicum.

2005 3831 2318 3886 observare.
2335 3830 2560 3897 Quando
2581 3831 2777 3900 aliquis
2795 3833 2996 3888 chartis
3017 3833 3083 3888 ad
3105 3834 3340 3889 amicum
3360 3836 3588 3890 charum
3613 3882 3615 3884 .

2007 3920 2174 3984 venit,
2206 3919 2258 3972 in
2299 3918 2448 3973 nullo
2483 3919 2599 3973 vult
2627 3919 2717 3974 ille
2745 3921 2837 3990 qui
2881 3921 3130 3990 suscipit,
3153 3921 3324 3993 _illum
3353 3923 3592 3980 oﬂ‘ende—

2007 4011 2211 4075 re,.sed
2235 4009 2498 4080 quidquid
2523 4011 2674 4065 novit
2691 4011 2744 4066 ei
2767 4011 3026 4082 placitum
3047 4027 3190 4080 esse,
3215 4014 3320 4070 hoc
3345 4015 3601 4071 excordc

2006 4102 2242 4173 benigno
2287 4101 2340 4156 ei
2396 4101 2634 4157 adhibet.
2665 4102 2743 4157 Ita
2769 4103 3032 4173 quidquid
3054 4107 3384 4177 cognoverit
3421 4108 3596 4164 susci-

2006 4193 2164 4264 piens
2193 4192 2458 4262 Spiritum
2497 4201 2778 4260 sanctum,
2807 4194 3068 4263 placitum
3093 4196 3144 4252 ei
3182 4212 3326 4264 esse,
3365 4199 3470 4254 hoc
3516 4199 3607 4254 illi.

2005 4285 2261 4341 exhibeat
2277 4286 2518 4357 quandiu
2539 4300 2661 4340 cum
2683 4285 2772 4342 illo
2793 4295 2896 4342 est.
2925 4286 2983 4342 Si
3003 4288 3108 4344 hoc
3127 4289 3341 4357 fecerit,
3370 4290 3594 4347 forsitan

325 4399 342 4430 ι
403 4379 536 4434 Sine
583 4381 689 4434 isto
720 4379 998 4450 signaculo
1036 4395 1145 4434 non
1187 4388 1403 4450 oportet
1451 4395 1550 4435 nos
1585 4381 1904 4450 praesentari
2009 4379 2172 4434 citius
2214 4378 2416 4448 poterit
2443 4379 2496 4436 ei
2545 4379 2858 4446 conciliari,
2896 4381 3116 4450 quando
3165 4381 3347 4450 aliqua
3391 4381 3592 4436 oﬂ‘eusa

321 4481 447 4526 ante
477 4473 666 4526 Deum.
697 4472 774 4527 De
803 4487 910 4540 quo
935 4472 1093 4541 quasi
1148 4473 1216 4528 de
1244 4472 1425 4542 aliquo
1472 4473 1796 4528 vestimento
1824 4473 1906 4528 di-
1935 4510 1987 4570 Β
2012 4471 2386 4528 recesseritab
2405 4485 2490 4525 eo.
2523 4469 2752 4537 Quando
2773 4470 3026 4527 Christus
3043 4473 3366 4526 recordatur
3385 4473 3596 4527 unctio—

320 4566 480 4618 ccbat
510 4563 710 4618 Paulus
738 4564 806 4618 ad
839 4563 1150 4620 Corinthios
1179 4582 1192 4618 :
1233 4564 1444 4618 Etenim
1499 4564 1588 4635 qui
1630 4582 1812 4620 sumus
1855 4567 1909 4620 in
1935 4561 1978 4570 ”
2013 4577 2140 4618 netu
2163 4561 2477 4617 chrismatis
2501 4561 2605 4616 sibi
2634 4562 2846 4624 adesse,
2875 4570 3004 4616 tunc
3038 4561 3380 4630 potissimum
3407 4563 3601 4618 recolit

320 4659 421 4711 isto
447 4675 684 4727 corpore,
708 4658 1095 4728 ingemiscimus
1122 4659 1377 4730 gravati;
1407 4675 1467 4712 eo
1492 4661 1632 4730 quod
1667 4660 1910 4715 nolumus

325 4748 571 4816 spoliari,
614 4747 705 4801 sed
747 4751 1116 4818 supervestiri;
1157 4757 1216 4802 ut
1263 4749 1607 4803 absorbeatur
1634 4751 1854 4804 mortale
1878 4769 1910 4804 α

325 4842 450 4891 rita.
488 4837 564 4893 De
591 4854 701 4908 quo
740 4840 1062 4895 vestimento
1087 4841 1252 4904 dicat,
1286 4839 1341 4893 in
1370 4839 1722 4910 sequentibus
1759 4856 1911 4895 mou-

327 4939 462 4982 sirat
497 4949 508 4982 :
549 4928 654 4994 Qui
687 4940 863 4985 autem
889 4931 1092 5001 perficit
1116 4947 1208 4984 nos
1227 4930 1294 5002 '_in
1317 4931 1415 4985 hoc
1436 4931 1607 5000 ipsum
1635 4929 1796 4996 Deus,
1821 4933 1912 5001 qui

327 5021 467 5072 dedit
516 5021 664 5073 nobis
683 5022 868 5089 pignus
895 5019 1144 5090 Spiritus.
1180 5041 1200 5072 ι

395 5109 481 5162 IV'.
540 5108 666 5163 Hinc
691 5108 855 5164 verba
887 5110 1145 5165 Amalarii
1187 5111 1366 5180 qualia
1418 5112 1547 5176 sint,
1599 5113 1776 5168 omnis
1820 5115 1912 5183 qui

327 5217 454 5269 erga
485 5201 861 5256 sinceritatem
885 5199 1011 5257 tldei
1043 5203 1306 5258 sollicitus
1350 5211 1454 5266 est,
1491 5205 1790 5274 diiudicare
1819 5219 1915 5274 po-

331 5301 451 5346 test.
517 5292 722 5346 Tamen
757 5293 862 5347 hoc
908 5293 1052 5362 quod
1099 5292 1378 5364 sulijungit
1423 5294 1610 5350 dicens
1645 5295 1765 5348 :De
1811 5312 1914 5365 quo

330 5381 602 5447 signaculo
630 5383 783 5452 quasi
811 5383 877 5436 de
919 5381 1098 5454 aliqua
1132 5384 1433 5438 vestimento
1477 5385 1682 5438 dicebat
1708 5382 1913 5440 Paulus

330 5471 396 5522 ad
440 5470 742 5526 Corinthios
767 5486 785 5523 :
828 5472 1040 5527 Etenim
1087 5474 1176 5544 qui
1223 5490 1402 5528 sumus
1443 5475 1498 5527 in
1541 5475 1641 5528 ista
1680 5493 1914 5545 corpore,

331 5562 718 5630 ingemiscimus
751 5565 978 5634 gravati,
1006 5580 1065 5617 eo
1093 5565 1230 5633 quod
1271 5563 1514 5618 nolumus
1559 5565 1798 5635 spoliari,
1827 5568 1917 5620 sed

337 5657 697 5724 superrestiri,
737 5666 793 5709 ut
843 5655 1185 5710 absorbeatur
1233 5655 1452 5710 mortale
1480 5676 1512 5710 (ι
1558 5659 1694 5718 vita,
1756 5658 1918 5714 talem

334 5764 552 5804 sensum
597 5749 800 5804 habere
843 5748 1056 5820 qualem
1088 5747 1173 5802 ille
1202 5746 1512 5803 intromittit
1538 5749 1581 5802 si
1615 5750 1810 5807 alicubi
1846 5751 1917 5807 lc-

2011 4655 2210 4710 deberc
2235 4669 2293 4710 se
2319 4667 2441 4709 esse
2460 4653 2562 4708 sub
2584 4652 2866 4722 disciplina
2905 4651 3145 4722 Spiritus
3169 4652 3362 4707 sancti.
3399 4652 3610 4709 Unctio.

2015 4744 2106 4798 illa
2155 4743 2279 4800 ideo
2308 4744 2390 4811 tit,
2422 4751 2483 4798 ut
2509 4743 2751 4798 sciamus
2781 4742 2926 4812 quod
2969 4741 3318 4798 invisibiliter
3343 4751 3602 4813 operetun

2016 4835 2252 4905 Spiritus
2311 4844 2533 4892 sanctus
2583 4835 2637 4890 in
2675 4835 2849 4890 nobis.
2910 4834 3100 4890 Oleum
3144 4835 3283 4891 solet
3330 4833 3596 4890 fessarum

2019 4928 2262 4983 membra
2321 4927 2524 4983 fovere.
2576 4927 2861 4984 Balsamus
2912 4926 3052 4982 solet
3109 4925 3375 4986 redolere.
3434 4924 3598 4982 Fessa

2019 5028 2146 5074 sunt
2170 5017 2412 5073 membra
2435 5019 2629 5072 animae
2647 5024 2864 5080 nostrae,
2889 5017 3106 5088 quando
3133 5017 3360 5088 pmnitet
3380 5030 3441 5071 se
3466 5015 3601 5083 egis-

2023 5126 2081 5164 se
2110 5110 2256 5179 quod
2285 5118 2474 5164 contra
2503 5109 2594 5163 Dei
2641 5109 2976 5164 voluntatem
3001 5117 3086 5172 est
3110 5125 3123 5162 :
3149 5108 3220 5163 ad
3249 5122 3412 5177 quam
3464 5107 3602 5196 solet

2023 5201 2258 5270 Spiritus
2277 5208 2498 5255 sanctus
2520 5200 2726 5264 venire,
2750 5209 2808 5254 et
2831 5200 2882 5254 ei
2905 5207 3206 5253 monstrare
3227 5197 3448 5255 dimissa
3479 5213 3601 5268 pec-

2021 5299 2164 5358 cata,
2189 5291 2303 5346 sive
2327 5291 2667 5346 dimittenda.
2703 5290 2857 5346 Unde
2903 5297 2956 5344 et
2984 5289 3098 5358 ipse
3130 5285 3366 5358 Spiritus
3411 5303 3602 5346 conso-

2025 5383 2166 5438 lator
2187 5383 2405 5438 dicitur.
2446 5401 2464 5434 ι

2095 5473 2221 5528 [iam
2280 5472 2444 5528 verba
2485 5471 2745 5526 Amalarii
2799 5468 3023 5525 confusa
3075 5478 3131 5524 et
3181 5469 3391 5526 inutilia
3440 5486 3602 5525 unus-

2026 5568 2257 5637 quisque
2279 5567 2369 5635 qui
2400 5565 2570 5627 audit,
2598 5564 2776 5617 videat
2798 5563 3068 5631 quomodo
3088 5564 3344 5633 corrigat,
3373 5563 3601 5633 qualiter

2026 5659 2269 5714 derideat
2295 5676 2306 5710 :
2338 5657 2462 5726 quia
2495 5670 2598 5709 non
2621 5653 2888 5710 aidiﬁcant
2933 5653 3116 5721 fidem,
3146 5655 3241 5712 sed
3284 5655 3600 5714 destruunt;

2030 5765 2124 5805 nec
2153 5749 2395 5817 plautaiit
2437 5745 2664 5800 virtutes
2699 5745 2749 5800 in
2800 5745 3070 5802 mentibus
3117 5745 3466 5808 audientium,
3510 5745 3601 5800 sed
