3962 6180
424 330 536 391 ω

1380 284 1444 384 ἐ.
1485 324 1833 383 AGOBARDI
1870 318 2177 378 EPISCOPl
2216 319 2700 377 LUGDUNENSIS

3579 317 3687 373 5M

422 444 701 503 evellant:
745 442 980 500 maxime
1012 442 1103 498 ubi
1132 442 1186 497 in
1243 421 1536 512 postremis
1576 439 1747 496 dicit:
1779 436 2004 504 Quando
2033 432 2163 495 Ain
2208 431 2467 488 cordibus
2525 431 2853 497 auditorum,
2912 433 3077 488 verba
3132 431 3346 487 Domini
3406 432 3587 501 potius
3635 434 3688 486 id

428 536 666 592 Christus
688 533 993 590 recordatur
1017 534 1314 588 unctionem
1348 532 1646 587 chrismatis
1664 531 1762 587 sibi
1800 530 2002 594 adesse,

426 640 551 682 tunc
578 627 907 698 potissimum
946 624 1126 680 recolit
1152 625 1338 681 debere
1370 641 1425 681 se
1456 641 1569 680 esse
1593 626 1689 680 sub
1725 622 2004 695 disciplina

425 716 656 787 Spiritus
673 715 865 772 sancti.

494 807 582 862 Vl.
626 807 761 863 Item
809 807 1117 865 Amalarius
1158 808 1211 863 in
1254 808 1446 864 eodem
1493 807 1766 879 capitulo:
1806 824 1826 857 ι
1884 804 2002 860 Non

421 896 569 953 enim
600 895 807 953 frustra
826 897 1060 969 Spiritus
1104 908 1325 954 sanctus
1349 912 1514 969 super
1541 899 1814 969 apostolos
1858 897 2005 951 venit

422 990 479 1045 in
504 990 595 1046 die
627 988 972 1046 Pentecostes
995 989 1055 1044 in
1087 996 1249 1045 vento
1277 990 1524 1060 etigneis
1557 989 1776 1058 linguis.
1821 985 2005 1042 Voluit

421 1085 618 1141 futura:
946 1084 1322 1139 demonstrare
1379 1082 1511 1154 quid
1552 1090 1816 1152 operatus
1858 1088 2003 1135 esset

420 1174 481 1229 in
527 1172 785 1244 apostolis
829 1186 929 1242 per
972 1173 1265 1228 adventum
1308 1188 1488 1228 suum.
1534 1171 1697 1228 Venit
1748 1173 1803 1227 in
1840 1180 2002 1226 vento

421 1265 750 1331 vehementi,
813 1265 1215 1321 utostenderet
1260 1279 1324 1321 se
1350 1278 1724 1320 .excussurum
1757 1277 1881 1319 esse
1931 1262 2001 1317 ab

420 1356 788 1426 apostolorum
843 1357 1102 1413 cordibus
1151 1370 1369 1412 omnem
1428 1355 1777 1426 cupiditatem
1831 1363 2002 1410 terre-

419 1464 566 1503 nam.
613 1447 770 1503 Sicut
788 1447 932 1503 enim
951 1455 1148 1502 ventus
1177 1446 1468 1502 vehemens
1488 1444 1705 1515 proiicit
1723 1444 1998 1514 pulverem

418 1558 447 1594 a
471 1539 607 1596 facie
624 1548 810 1606 terrae,
839 1539 921 1594 sic
960 1538 1223 1593 adventus
1251 1536 1488 1609 Spiritus
1534 1538 1707 1592 sancti
1758 1550 1791 1591 a
1837 1536 2002 1592 corde

418 1629 654 1689 hominis
702 1627 854 1697 ejicit
909 1641 1126 1683 omnem
1186 1635 1461 1682 terrenam
1504 1627 1879 1696 cupiditatem.
1939 1624 1999 1679 In

420 1723 591 1794 igneis
613 1722 811 1793 linguis
850 1721 1129 1792 apparuit,
1158 1730 1221 1776 ut
1249 1722 1650 1777 demonstraret
1699 1721 1890 1791 quales
1920 1721 1999 1774 fa-

417 1826 607 1871 cturus
636 1822 756 1870 erat
780 1813 990 1885 linguas
1017 1813 1414 1883 apostolorum;
1450 1815 1552 1870 hoc
1581 1821 1665 1869 est
1692 1812 1997 1882 loquentes,

417 1917 466 1961 et
493 1906 659 1977 ignita
677 1905 841 1960 verba
860 1902 1208 1960 iniumlentes
1226 1902 1280 1957 in
1295 1904 1463 1959 corda
1482 1903 1844 1960 credentium.
1870 1902 1998 1958 Haec

417 1999 559 2055 enim
578 1998 742 2053 verba
766 1995 936 2068 ignita
962 2004 1289 2051 consumunt
1312 2004 1536 2068 peccata
1555 2037 1570 2061 ,
1617 2003 1673 2051 et
1697 1995 1999 2051 accendunt

415 2091 579 2147 corda
610 2090 679 2146 ad
708 2102 949 2143 amorem
969 2094 1190 2142 merum
1211 2086 1422 2157 patriae.
1474 2086 1593 2157 ipsa
1619 2094 1705 2141 est
1757 2087 1999 2143 charitas

414 2204 535 2259 quia
568 2186 888 2244 diﬂ‘unditur
921 2186 975 2240 in
1021 2183 1185 2239 corda
1242 2182 1600 2246 credentium,
1651 2187 1708 2235 et
1749 2177 1881 2233 facit
1931 2194 1997 2234 ea

417 2294 581 2334 unum
611 2293 709 2334 cor
734 2290 857 2333 esse
879 2277 948 2331 ad
976 2274 1333 2331 imitationem
1357 2286 1470 2329 sua:
1491 2269 1729 2342 propria.-
1750 2270 2001 2325 substan-

415 2371 535 2436 tiae;
565 2370 670 2425 hoe
705 2376 809 2436 est,
842 2374 902 2423 ut
936 2381 1103 2423 unum
1153 2364 1343 2431 velint,
1363 2364 1507 2420 sicut
1523 2369 1710 2419 sancta
1758 2360 1999 2417 Trinitas

418 2475 585 2515 unum
605 2458 740 2515 vult.
782 2477 801 2511 ι

485 2551 596 2607 γυ.
628 2551 705 2606 De
760 2549 852 2605 his
884 2548 1066 2605 verbis
1094 2548 1352 2603 Amalarii
1378 2546 1713 2619 perpendam
1763 2545 1997 2618 pruden-

415 2656 497 2701 tes
541 2645 671 2717 quid
719 2642 984 2714 iudicent.
1023 2642 1363 2698 Manifestum
1399 2648 1579 2696 tamen
1608 2648 1712 2706 est,
1761 2639 1905 2710 quod
1936 2639 1995 2693 in

414 2752 478 2791 eo
522 2735 663 2806 quod
704 2734 876 2790 dicit:
927 2731 1077 2787 Venit
1104 2732 1160 2786 in
1200 2741 1349 2786 vento
1388 2729 1670 2785 vehementi
1718 2738 1776 2781 ut
1819 2736 1995 2781 osten-

415 2814 557 2882 deret
591 2841 703 2880 sese
739 2839 1081 2879 “cumarum
1105 2838 1215 2876 esse
1254 2821 1319 2875 ab
1349 2818 1705 2891 apostolorum
1751 2817 1996 2872 cordibus

415 2930 618 2970 omnem
648 2913 994 2984 cupiditatem
1046 2921 1335 2975 terrenam,
1377 2908 1738 2977 obiiciendum
1783 2907 1861 2961 illi
1904 2906 1994 2961 sit.

418 3007 474 3061 Si
504 3006 695 3062 cadem
744 3006 876 3060 hora
922 3002 1139 3074 quando
1169 3001 1362 3073 repleti
1392 3008 1519 3056 sunt
1547 2998 1754 3070 Spiritu
1780 3005 1991 3061 sancto,

417 3099 591 3155 adhuc
635 3096 985 3154 discutienda:
1033 3103 1191 3150 erant
1238 3095 1306 3149 ab
1344 3092 1713 3165 apostolorum
1735 3090 1997 3146 cordibus

2105 521 2361 577 fecissent
2386 520 2441 575 in
2472 520 2728 576 cordibus
2770 518 3100 576 Judmorum.
3155 520 3264 576 Sed
3305 520 3429 590 quia
3467 536 3576 575 non
3605 529 3691 576 est

2103 613 2208 668 hoc
2260 627 2396 682 opus
2437 612 2752 669 verborum.
2793 612 2889 666 sed
2942 613 3108 667 divini
3163 612 3366 667 interni
3422 614 3688 676 muneris,

2104 706 2183 761 sic
2238 705 2404 761 debet
2454 705 2693 759 intimari
2744 705 2837 774 qui
2895 706 3055 760 docet
3099 706 3156 759 in
3205 705 3472 760 doctrina.
3521 704 3628 762 Sed
3659 722 3693 761 c

2103 804 2293 851 contra
2349 794 2660 850 Amalarius
2688 795 2889 851 docens
2943 811 3049 849 non
3102 796 3158 849 in
3188 796 3460 862 doctrina,
3485 797 3693 852 sentire

2103 886 2467 956 cognoscitur,
2500 884 2643 953 quod
2697 888 2838 941 sicut
2875 886 3138 951 charitas,
3184 886 3238 940 id
3288 893 3394 951 est,
3451 884 3691 955 Spiritus

2103 985 2339 1043 sanctus,
2371 978 2534 1033 corda
2563 977 2798 1034 fidelium
2837 994 2939 1049 per
2965 979 3197 1050 gratiam
3246 978 3376 1033 facit
3412 994 3579 1033 unum
3605 994 3693 1034 es-

2082 1084 2181 1146 ;e,
2218 1078 2274 1124 et
2330 1085 2500 1124 unum
2560 1070 2718 1136 velle,
2764 1070 2837 1125 ita
2890 1071 2947 1125 in
2989 1079 3174 1126 sancta
3217 1069 3484 1125 Trinitate
3511 1070 3687 1140 gratia

2102 1159 2343 1230 ejusdem
2389 1158 2625 1229 Spiritus
2652 1160 2823 1230 ipsam
2868 1171 3114 1216 sanctam
3154 1160 3474 1215 Trinitatem
3524 1160 3691 1215 faciat

2102 1267 2268 1306 unum
2320 1266 2462 1318 esse,
2514 1260 2571 1307 et
2593 1267 2760 1306 unum
2802 1252 2968 1317 velle,
3022 1252 3165 1306 sicut
3199 1249 3387 1304 Ariani
3421 1248 3687 1321 dogmati-

2102 1357 2231 1397 zare
2260 1341 2525 1397 solebant.

2176 1429 2306 1487 Vlll.
2362 1430 2497 1486 Item
2544 1430 2860 1487 Amalarius
2904 1431 2959 1484 in
3007 1430 3146 1485 libro
3196 1428 3394 1499 primo,
3449 1427 3686 1497 capitulo

2102 1521 2267 1576 tertio
2313 1521 2545 1587 decimo,
2592 1522 2762 1577 dicit:
2800 1538 2819 1573 ι
2874 1520 3135 1576 Dominus
3172 1528 3358 1574 noster
3389 1525 3473 1573 est
3491 1533 3684 1587 agnus,

2100 1610 2196 1680 qui
2246 1610 2539 1680 incipiente
2592 1609 2995 1680 quintadecima
3042 1608 3170 1662 luna
3224 1607 3457 1662 traditus
3482 1616 3598 1669 est;
3630 1615 3690 1659 et

2102 1714 2322 1756 crucem
2355 1699 2603 1755 ascendit
2646 1698 2967 1754 Parasceve.
3010 1697 3271 1769 Sequitur
3311 1697 3687 1767 responsorius

2027 1784 2076 1844 Β
2103 1812 2226 1853 cum
2261 1804 2492 1867 quatuor
2519 1794 2787 1850 versibus.
2823 1792 3073 1863 Nullique
3101 1792 3324 1847 dubium
3355 1792 3485 1861 quin
3517 1790 3682 1845 Chri-

2104 1896 2222 1944 stus
2256 1887 2421 1943 bomo
2455 1902 2519 1941 ex
2549 1894 2784 1957 quatuor
2810 1884 3093 1941 elementis
3126 1883 3467 1939 consisteret.
3517 1880 3685 1935 Natu-

2103 1981 2216 2036 rale
2263 1988 2347 2037 est
2399 1979 2606 2035 homini
2634 1985 2696 2032 ut
2721 1993 2789 2033 ex
2820 1986 2993 2042 terra,
3042 1986 3100 2031 et
3133 1991 3297 2046 aqua,
3333 1983 3390 2030 et
3437 1987 3586 2037 aere,
3627 1982 3685 2027 ct

2101 2073 2227 2143 igne
2249 2070 2534 2126 consistat.
2565 2069 2792 2137 Quando
2829 2075 3079 2122 naturam
3110 2065 3344 2123 hominis
3372 2064 3687 2132 assumpsit,

2102 2163 2219 2218 haec
2239 2168 2471 2232 quatuor
2497 2161 2765 2217 elementa
2798 2159 3111 2229 assumpsit.
3153 2158 3246 2212 Illa
3276 2157 3582 2227 pendebant
3627 2158 3683 2210 in

2101 2267 2263 2308 cruce
2294 2253 2437 2307 inter
2461 2251 2671 2307 medios
2693 2251 2830 2306 duos
2874 2249 3134 2303 latrones.
3172 2246 3328 2303 Unde
3368 2262 3511 2301 unus
3561 2262 3685 2301 ver-

2100 2357 2195 2399 sus
2228 2360 2241 2396 :
2270 2340 2338 2396 In
2362 2341 2534 2396 medio
2562 2341 2790 2395 duorum
2818 2337 3129 2393 animalium
3151 2337 3476 2408 cognosceris
3500 2350 3518 2388 :
3546 2336 3689 2408 quod

2099 2434 2175 2488 ita
2198 2432 2551 2503 Hieronymus
2570 2432 2625 2485 in
2651 2429 2921 2485 Habacuc.

2172 2526 2264 2581 ιχ.
2296 2526 2355 2581 lu
2381 2526 2467 2581 his
2489 2526 2673 2581 verbis
2697 2522 3005 2578 Amalarius
3031 2529 3234 2592 quanta
3264 2520 3553 2592 vagatione
3575 2519 3686 2574 dis-2

2100 2626 2302 2680 currat,
2335 2617 2428 2688 qui
2449 2616 2728 2671 erroribus
2759 2615 2962 2669 insanae
2990 2613 3189 2668 mentis
3209 2612 3410 2668 mederi
3444 2627 3541 2682 per
3561 2612 3686 2667 cha-

2098 2709 2318 2764 ritatem
2380 2707 2514 2773 vult,
2575 2705 2869 2778 prudenter
2923 2705 3238 2776 perpendat.
3285 2703 3540 2759 Homines
3588 2705 3686 2773 qui

2100 2808 2323 2856 cantum
2376 2805 2799 2868 composuerunt
2820 2812 2888 2851 ex
2911 2796 3092 2851 verbis
3137 2795 3563 2865 Scriptor-arum,
3596 2810 3692 2848 ar-

2100 2893 2263 2948 bitrio
2315 2906 2434 2956 suo,
2474 2898 2635 2961 prout
2676 2888 2795 2944 illis
2824 2902 3121 2958 congruum
3176 2888 3352 2941 visum
3396 2894 3498 2950 est,
3536 2884 3688 2939 fece-

2102 2995 2248 3041 runt.
2277 2986 2346 3040 Et
2373 3000 2472 3056 per
2498 2985 2745 3039 diversas
2775 2983 3023 3054 regiones
3058 2982 3290 3037 diversis
3339 2981 3530 3035 modis.
3566 2979 3686 3033 Non

2104 3078 2308 3150 Spiritu
2343 3077 2440 3132 Dei
2487 3077 2616 3142 acti,
2667 3075 2810 3130 sicut
2841 3074 3032 3129 beatus
3064 3072 3256 3128 Petrus
3300 3072 3368 3128 de
3403 3071 3686 3142 prophetis

412 3204 605 3246 omnes
622 3189 948 3260 cupiditates
979 3195 1231 3251 terrenae,
1256 3162 1397 3255 quid
1418 3193 1675 3255 operatus
1714 3183 1769 3237 in
1808 3182 1888 3237 eis
1913 3188 1996 3235 est
2023 3162 2069 3224 C
2100 3182 2155 3228 et
2198 3170 2482 3242 prophetia
2527 3168 2831 3223 futurarum
2886 3182 3069 3222 rerum
3122 3165 3386 3234 loquitur,
3447 3164 3636 3217 dicens
3668 3182 3681 3215 :

416 3295 513 3349 per
564 3287 678 3335 tres
723 3292 892 3333 annos
934 3278 1200 3333 mediator
1239 3276 1335 3331 Dei
1390 3284 1446 3332 et
1492 3272 1793 3339 hominum,
1835 3273 2000 3327 homo

416 3372 667 3428 Christus
680 3369 876 3425 Iesus?
903 3369 970 3425 Et
990 3383 1158 3439 quare
1196 3367 1302 3423 illis
1325 3366 1495 3422 dicit:
1521 3364 1648 3419 Iam
1700 3380 1788 3418 vos
1816 3360 1999 3416 mundi

416 3465 559 3529 estis,
610 3470 821 3534 propter
870 3476 1163 3516 sermonem
1213 3474 1372 3531 quem
1409 3457 1615 3511 locutus
1651 3470 1768 3510 sum
1815 3453 2001 3508 vobis?

420 3559 485 3613 Et
533 3558 737 3613 iterum
774 3572 800 3612 ξ
846 3556 923 3611 Et
960 3573 1051 3611 vos
1078 3554 1263 3609 mundi
1311 3553 1457 3618 estis,
1506 3552 1596 3607 sed
1639 3565 1745 3604 non
1782 3546 2001 3603 omnes?

420 3649 676 3720 Nunquid
702 3664 809 3705 non
840 3656 998 3703 erant
1020 3646 1133 3717 iam
1161 3655 1312 3701 utres
1339 3645 1487 3711 novi,
1517 3642 1695 3715 parati
1737 3649 1793 3697 et
1840 3654 2001 3709 capa-

413 3758 506 3797 ces
552 3741 626 3797 ad
672 3739 1041 3811 recipiendum
1082 3740 1273 3794 vinum
1316 3752 1536 3802 novum,
1588 3736 1642 3792 id
1682 3743 1784 3799 est,
1819 3732 1994 3804 Spiri-

418 3846 528 3890 tum
556 3841 830 3900 sanetum,
880 3832 973 3903 qui
1025 3846 1122 3888 eos
1148 3831 1436 3887 induceret
1468 3830 1523 3885 in
1553 3843 1772 3884 omnem
1799 3826 2001 3880 verita-

418 3928 559 3981 tem?
583 3925 641 3980 lu
682 3940 751 3980 eo
775 3932 955 3979 autem
984 3924 1128 3996 quod
1158 3921 1446 3989 subinfert,
1478 3922 1701 3977 dicens:
1736 3918 1803 3973 In
1834 3917 1999 3989 igneis

418 4019 615 4090 linguis
640 4018 907 4089 apparuit,
929 4024 995 4069 ut
1016 4015 1397 4070 demonstraret
1422 4011 1604 4086 quales
1626 4011 1864 4081 facturus
1889 4015 2001 4062 erat

418 4106 1017 4181 linguas-apostolorum,
1044 4106 1143 4159 hoc
1163 4114 1260 4170 est,
1301 4102 1565 4175 loquentes
1596 4109 1645 4154 et
1675 4100 1845 4169 ignita
1891 4111 2003 4150 ver-

421 4200 484 4253 ba
506 4197 838 4269 infundentes
866 4195 922 4249 in
956 4194 1117 4248 corda
1147 4193 1488 4248 credentium.
1523 4189 1654 4245 Herc
1684 4190 1823 4244 enim
1849 4186 2001 4241 verba

419 4288 584 4358 ignita
609 4294 925 4340 consumunt
956 4292 1169 4355 peccata
1198 4300 1217 4338 :
1253 4281 1370 4338 Non
1406 4282 1540 4338 satis
1583 4279 1815 4336 attendit
1863 4292 2000 4347 quo-

418 4378 583 4435 modo
607 4376 771 4432 dicat.
799 4374 933 4430 Nam
957 4374 1183 4446 apostoli
1198 4374 1523 4445 jamdudum
1542 4373 1755 4429 fuerant
1777 4371 2002 4441 loquen-

418 4479 523 4534 tes,
543 4467 657 4539 iam
685 4470 1136 4541 praedicaverunt,
1173 4469 1287 4541 iam
1317 4469 1485 4524 multa
1510 4476 1567 4523 et
1595 4479 1789 4538 magna
1846 4463 1997 4534 signa

421 4563 695 4630 luserant;
722 4564 797 4619 ita
831 4573 893 4619 ut
927 4564 1172 4620 dicerent
1206 4562 1438 4618 Domino
1470 4579 1489 4617 :
1519 4561 1697 4616 Etiam
1738 4557 2000 4614 dwmonia

418 4655 774 4726 subjiciuntur
788 4655 936 4711 nobis
989 4657 1046 4709 in
1080 4656 1289 4711 nomine
1317 4663 1428 4709 tuo.
1458 4652 1579 4709 Non
1608 4659 1814 4715 autem,
1862 4649 2002 4704 sicut

421 4751 524 4804 iste
554 4749 707 4816 dicit,
730 4751 892 4804 verba
930 4755 1259 4804 consumunt
1282 4753 1536 4816 peccata;
1563 4741 1659 4799 sed
1688 4742 1850 4797 fidem
1894 4741 1999 4794 mi-

420 4846 659 4901 nistrant
682 4884 696 4907 ,
748 4840 905 4895 tidem
934 4837 1229 4902 aediﬁcant,
1264 4849 1388 4906 quae
1417 4833 1700 4888 audientes
1722 4838 1875 4900 aptat
1928 4829 1995 4884 ad

422 4936 650 5009 gratiam
681 4931 952 5002 baptismi,
988 4947 1051 4986 ex
1077 4938 1204 4984 tunc
1235 4936 1289 4984 et
1312 4928 1586 4997 deinceps.
1621 4924 1776 4994 Quod
1816 4932 1997 4980 autem

421 5024 720 5099 subiungit,
777 5021 965 5079 dicens
1014 5021 1159 5093 (mod
1204 5021 1368 5076 verba
1421 5019 1589 5091 ignita
1635 5018 2001 5089 apostolorum

418 5117 723 5175 accendant
757 5114 924 5170 corda
955 5114 1023 5168 ad
1077 5127 1315 5167 amorem
1348 5118 1564 5165 :eternm
1607 5109 1819 5178 patriae.
1875 5108 2002 5178 Ipsa

421 5218 502 5265 est
530 5201 765 5266 charitas
799 5223 918 5280 quis
962 5204 1281 5276 diﬂ'unditur
1323 5203 1377 5256 in
1441 5202 1601 5257 corda
1658 5199 2000 5262 credentium,

421 5312 469 5354 rt
491 5301 616 5371 facit
645 5318 707 5356 ea
728 5316 892 5354 unum
917 5314 1008 5353 cor
1033 5313 1144 5352 esse
1175 5294 1243 5349 ad
1265 5295 1611 5349 imitationem
1636 5307 1747 5346 sua:
1776 5288 2001 5360 propria:

421 5392 760 5460 substantia;
816 5390 915 5446 hoc
957 5399 1055 5457 est,
1116 5398 1170 5443 ut
1220 5404 1383 5442 unum
1420 5386 1593 5452 velint,
1636 5386 1771 5438 sicut
1820 5390 2002 5435 sancta

427 5479 655 5536 Trinitas
692 5497 854 5537 unum
877 5481 984 5535 vult
1013 5497 1029 5535 :
1060 5481 1113 5535 si
1138 5482 1275 5535 bene
1297 5477 1483 5541 sentit,
1516 5477 1716 5531 bonum
1739 5473 1875 5526 bene
1896 5485 2001 5524 non

425 5572 678 5642 loquitur.
706 5571 841 5627 Nam
868 5571 1093 5627 multum
1124 5570 1301 5625 diﬂ‘crt
1335 5568 1479 5624 inter
1508 5565 1673 5620 verba
1702 5560 2004 5632 praedican—

425 5665 579 5729 tium,
604 5671 659 5719 ct
687 5662 997 5719 unctionem
1047 5661 1283 5731 Spiritus
1336 5658 1529 5715 sancti.
1568 5655 1624 5709 Si
1664 5652 1805 5709 eiiim
1837 5648 2001 5705 verba

2105 3262 2230 3319 Non
2249 3262 2389 3317 enim
2412 3259 2673 3315 uoluntate
2700 3261 2935 3312 humana
2969 3256 3137 3311 allata
3160 3266 3236 3310 est
3258 3254 3544 3326 aliquando
3565 3270 3691 3324 pro-

2100 3357 2296 3427 phetia,
2332 3355 2423 3410 sed
2447 3353 2649 3425 Spiritu
2688 3360 2871 3407 sancto
2895 3351 3140 3421 inspirati
3179 3348 3341 3403 locuti
3367 3357 3488 3402 sunt
3517 3346 3696 3401 sancti

2100 3448 2200 3503 Dei
2231 3449 2488 3503 homines.
2530 3447 2598 3501 Et
2620 3448 2741 3502 ideo
2785 3446 2833 3500 si
2874 3447 3038 3500 homo
3064 3444 3156 3498 uni
3185 3442 3527 3512 responsorio
3553 3456 3692 3509 qua-

2101 3547 2224 3594 tuor
2242 3553 2432 3593 versus
2458 3535 2720 3606 adiungit,
2769 3549 2875 3589 non
2909 3544 2993 3587 est
3035 3533 3228 3586 umbra
3253 3528 3480 3597 alicujus
3514 3529 3689 3597 amig-

2101 3629 2285 3695 matis,
2314 3629 2454 3684 sicut
2480 3629 2583 3683 iste
2606 3633 2782 3697 putat,
2822 3632 2879 3679 et
2921 3623 3336 3678 mendacissime
3379 3619 3555 3689 putari
3591 3634 3690 3673 co-

2100 3722 2197 3793 git.
2226 3721 2284 3776 lu
2311 3722 2413 3777 hoc
2442 3728 2620 3774 autem
2648 3725 2830 3771 autem
2857 3713 3000 3785 quod
3025 3713 3176 3776 dicit,
3202 3710 3448 3783 Sequitur
3471 3724 3691 3779 respon-

2099 3815 2273 3867 sorius
2311 3828 2433 3866 cum
2463 3816 2693 3881 quatuor
2717 3806 2968 3862 uersibus.
3023 3803 3277 3874 Nallique
3305 3801 3520 3855 dubium
3560 3800 3693 3869 quin

2058 3900 2079 3923 ‘
2102 3902 2344 3956 Christus
2371 3901 2526 3955 homo
2549 3916 2615 3953 ea:
2645 3907 2876 3970 quatuor
2904 3895 3170 3951 elementis
3220 3893 3539 3947 consisteret.
3572 3890 3696 3944 Na-

2101 3994 2274 4049 turale
2299 4003 2375 4048 est
2400 3992 2600 4047 homini
2626 3999 2682 4045 ut
2710 4006 2776 4045 ex
2798 3998 2958 4054 terra,
2988 3996 3035 4043 et
3057 4004 3217 4059 aqua,
3243 3995 3293 4039 et
3319 4000 3460 4047 aere,
3491 3992 3538 4037 et
3565 3982 3687 4052 igne

2101 4086 2374 4140 consistat.
2425 4082 2650 4149 Quando
2688 4090 2935 4135 naturam
2981 4078 3207 4132 hominis
3234 4075 3536 4145 assumpsit,
3572 4074 3691 4127 Iure

2099 4180 2330 4245 quatuor
2375 4170 2629 4226 elementa
2679 4168 2961 4240 assumpsit
3011 4184 3031 4222 :
3087 4165 3406 4237 opponenda
3451 4170 3537 4218 est
3561 4178 3694 4217 seu—

2101 4264 2272 4319 teutia
2295 4262 2538 4333 Apostoli
2566 4260 2653 4317 his
2678 4259 3016 4316 stultissimis
3044 4266 3099 4313 et
3126 4254 3456 4325 blasphemis
3479 4268 3692 4308 sermo-

2101 4357 2281 4422 nibus,
2332 4372 2438 4427 qua
2485 4353 2656 4410 dicit:
2694 4352 2878 4407 Videte
2918 4368 2981 4406 ne
3015 4350 3132 4421 quis
3183 4364 3269 4403 eos
3323 4344 3549 4414 decipiat
3597 4359 3697 4412 per

2104 4447 2508 4521 philosophiam,
2541 4454 2587 4499 et
2608 4445 2819 4499 inanem
2860 4441 3154 4513 fallaciam,
3193 4435 3477 4491 secundum
3530 4432 3698 4486 tradi-

2025 4512 2080 4575 D
2103 4512 2295 4596 tionem
2308 4512 2607 4601 hominum,
2633 4534 2919 4590 secundum
2946 4530 3199 4587 elementa
3229 4525 3434 4588 mundi,
3485 4531 3532 4577 et
3584 4538 3696 4577 non

2103 4629 2387 4686 secundum
2412 4626 2698 4681 Christum.
2731 4624 2887 4679 Dicat
2907 4619 3215 4677 Amalarius
3240 4614 3514 4687 quomodo
3535 4611 3700 4666 Chri-

2104 4729 2220 4776 stus
2250 4720 2411 4774 homo
2454 4732 2521 4772 ex
2548 4722 2783 4786 quatuor
2820 4711 3103 4769 elementis
3149 4708 3426 4764 consistat.
3482 4702 3694 4773 Nempe

2103 4811 2218 4865 veri
2242 4810 2446 4874 fideles,
2475 4809 2529 4864 id
2555 4818 2668 4873 est,
2720 4804 2997 4868 catholici,
3040 4802 3316 4857 Christum
3359 4798 3435 4852 ita
3478 4804 3694 4859 tenent,

2102 4904 2245 4959 sicut
2262 4919 2385 4959 eum
2398 4902 2589 4957 beatus
2603 4898 2938 4975 Augustinus
2959 4894 3267 4957 conﬁtetur,
3287 4890 3470 4946 dicens
3493 4884 3693 4957 (Serm.

2108 4995 2142 5049 8
2173 4994 2237 5047 de
2256 4992 2494 5063 diversis)
2523 5010 2535 5045 :
2576 5009 2594 5041 ι
2629 4989 3004 5056 Agnoseamus
3033 4984 3303 5057 geminam
3326 4977 3693 5035 substantiam

2110 5084 2339 5149 Christi,
2372 5083 2609 5138 divinam
2634 5080 2862 5144 scilicet,
2887 5093 2993 5148 qua
3014 5075 3241 5146 aequalis
3263 5080 3348 5129 est
3378 5068 3559 5134 Patri;
3586 5069 3695 5121 hu-

2111 5190 2328 5229 manam
2353 5214 2367 5236 ,
2399 5188 2504 5242 qua
2532 5171 2704 5240 maior
2754 5180 2838 5226 est
2862 5177 3038 5239 pater.
3070 5169 3369 5236 Utrumque
3393 5173 3575 5218 autem
3623 5162 3700 5216 si-

2111 5273 2243 5335 mul,
2273 5288 2380 5326 non
2400 5271 2527 5334 duo,
2552 5270 2645 5325 sed
2668 5284 2806 5323 unus
2825 5266 3073 5322 Christus
3098 5282 3111 5330 ;
3137 5281 3205 5319 ne
3238 5264 3311 5318 sit
3329 5259 3699 5331 quateruitas,

2112 5381 2217 5418 non
2244 5363 2459 5417 trinitas
2485 5361 2646 5414 Deus.
2689 5358 2842 5413 Sicut
2868 5358 3014 5412 enim
3058 5371 3197 5411 unus
3226 5362 3311 5409 est
3338 5354 3524 5414 homo,
3572 5349 3700 5403 ani-

2106 5471 2194 5511 ma
2240 5452 2538 5517 rationalis,
2569 5460 2623 5505 et
2647 5465 2808 5515 caro;
2839 5450 2919 5504 sic
2947 5464 3084 5504 unus
3109 5455 3193 5502 est
3244 5443 3514 5502 Christus.
3544 5440 3703 5495 Deus

2106 5556 2159 5602 et
2199 5551 2379 5603 homo.
2408 5545 2483 5599 Ac
2516 5561 2613 5614 per
2635 5544 2760 5609 hoc,
2803 5542 3055 5597 Christus
3097 5548 3180 5594 est
3209 5538 3373 5601 Deus,
3403 5541 3460 5588 et
3506 5531 3698 5585 anima

2109 5639 2408 5702 rationalis,
2434 5644 2488 5689 et
2509 5648 2657 5691 caro.
2691 5656 2710 5687 ι
2743 5634 3019 5689 Christum
3044 5633 3097 5685 in
3120 5630 3207 5684 his
3233 5628 3506 5686 omnibus,
3533 5622 3707 5677 Chri—

425 5725 786 5828 apostolornm
847 5752 1024 5808 facere
1077 5725 1375 5821 potuissent
1425 5746 1566 5816 quod
1617 5744 1719 5799 istc
1771 5740 2005 5798 somniat
2108 5743 2258 5791 stum
2285 5732 2338 5787 in
2363 5730 2590 5802 singulis
2617 5727 2955 5785 conﬁtemur.
2987 5725 3119 5791 Quis
3155 5731 3390 5790 estergo
3419 5729 3702 5786 perqncm
