3962 6180
252 353 373 412 545

1380 353 1510 409 LIB.
1552 353 1921 410 snvnnsus
1957 340 2393 415 AMALARIUM.

3447 369 3553 429 543

256 472 452 525 [παυς
495 475 583 524 est
617 466 886 523 mundus?
932 465 1186 522 Christus
1240 465 1422 532 Jesus,
1455 470 1548 524 sed
1594 470 1647 524 in
1690 468 1863 524 forma
1892 471 1946 531 Α
1969 471 2207 527 medium
2236 472 2468 528 duorum
2495 474 2810 547 animalium
2836 486 3236 550 cognoscentur
3281 482 3552 543 elementa

255 561 387 615 Dei.
418 559 555 627 Quis
577 565 663 613 est
687 558 790 613 sub
818 556 1013 612 Pontio
1038 556 1216 612 Pilato
1253 559 1580 614 cruciﬁxus?
1616 558 1865 614 Christus

258 655 450 720 Iesus,
503 652 600 708 sed
634 651 691 706 in
719 649 896 706 forma
934 651 1099 706 servi.
1129 650 1263 706 ltem
1310 651 1381 706 de
1415 651 1642 723 singulis
1667 651 1866 722 quibus

262 749 433 802 homo
476 750 714 800 constat.
763 743 897 810 Quis
943 758 1055 798 non
1093 751 1179 798 est
1202 744 1494 800 derelictus
1534 745 1589 799 in
1622 743 1866 799 inferno?

260 837 523 893 Christus
557 834 736 900 Iesus,
770 835 866 890 sed
895 835 951 890 in
995 836 1176 889 anima
1211 835 1347 891 sola.
1375 835 1508 903 Quis
1529 844 1866 891 resurrectu-

262 946 382 996 rus,
447 928 631 984 triduo
654 925 829 996 jaeuit
865 927 921 981 in
951 928 1239 997 sepulcro?
1266 927 1519 984 Christus
1559 927 1739 993 Jesus,
1771 928 1864 982 sed

262 1023 323 1076 in
378 1036 550 1076 carne
598 1019 732 1075 sola.
763 1018 1046 1075 Subinlert
1073 1019 1238 1075 etiam
1279 1018 1607 1085 Amalarius,
1637 1021 1861 1075 dicens:

268 1113 541 1169 Naturale
575 1122 652 1168 est
677 1114 903 1178 homini,
952 1122 1009 1167 ut
1053 1122 1310 1179 creterra,
1351 1122 1397 1167 et
1423 1130 1583 1184 aqua,
1625 1122 1675 1166 et
1721 1128 1860 1177 aere,

260 1218 317 1259 et
358 1207 481 1275 igne
504 1206 781 1259 consistat.
830 1203 984 1271 Quod
1024 1204 1310 1258 multuma
1335 1218 1487 1274 pura:
1529 1202 1739 1270 mentis
1787 1203 1867 1257 in-

262 1297 574 1367 telligentia
637 1296 930 1365 discrepat.
999 1295 1115 1350 Hoc
1162 1295 1308 1349 enim
1359 1303 1722 1350 commentum
1784 1304 1865 1350 est

262 1386 752 1456 philosophorum;
785 1385 929 1454 quod
954 1384 1081 1439 licet
1115 1385 1475 1441 ecclesiastici
1516 1386 1769 1441 doctores
1796 1401 1863 1440 ex

264 1489 383 1534 toto
410 1494 521 1532 non
570 1485 854 1542 evacuent,
898 1492 1006 1532 non
1051 1478 1133 1532 eis
1178 1486 1362 1533 tamen
1413 1494 1481 1533 ex
1524 1479 1671 1532 omni
1711 1487 1864 1548 parte

265 1576 596 1632 consonant,
648 1583 750 1623 nec
780 1567 968 1623 dicunt
989 1568 1094 1623 hoc
1122 1568 1373 1631 naturale
1395 1583 1516 1623 esse
1560 1568 1613 1621 in
1639 1567 1863 1622 exordio

264 1658 517 1728 originis.
574 1657 654 1711 De
697 1672 803 1726 qua
853 1672 913 1711 re
972 1673 1118 1712 nunc
1167 1657 1380 1727 longius
1427 1657 1631 1726 aliquid
1681 1658 1862 1711 dicere

265 1750 512 1818 ineptum
538 1756 625 1803 est
655 1765 668 1800 :
704 1747 960 1818 quoniam
1007 1749 1307 1803 auctoritas
1356 1747 1654 1817 Scriptura:
1702 1748 1862 1803 aliter

1968 562 2236 631 pendere?

2041 652 2107 706 Χ.
2137 654 2270 709 Item
2283 654 2590 713 Amalarius
2607 659 2659 713 in
2673 659 2811 715 libro
2825 661 3020 732 primo,
3038 664 3277 733 capitulo
3296 665 3553 724 duodeci-

1968 759 2057 798 mo
2084 762 2096 798 :
2119 762 2138 796 r
2161 743 2217 799 Si
2233 761 2292 800 se
2303 747 2617 814 exinanivit,
2630 749 2785 819 juxta
2797 750 3132 821 Apostolum,
3148 763 3434 826 postquam
3449 757 3556 813 lor-

1967 850 2109 889 mam
2135 837 2277 891 servi
2290 838 2519 908 accepit,
2537 848 2740 908 quanto
2760 842 2934 910 magis
2955 858 3078 898 cum
3095 843 3270 901 factus
3294 854 3379 902 est
3401 847 3552 902 Patri

1967 924 2224 980 obcdiens
2248 942 2419 996 usque
2449 928 2519 982 ad
2544 937 2800 1003 mortem,
2832 939 3062 987 mortem
3084 941 3266 989 autem
3293 937 3547 991 crucis?»

2036 1016 2331 1072 Dicendum
2361 1028 2445 1073 est
2492 1019 2790 1086 Amalario,
2837 1038 2946 1078 non
2987 1024 3067 1079 sic
3101 1025 3286 1081 dicere
3324 1026 3553 1097 Aposto-

1966 1103 2077 1159 lum
2119 1114 2179 1159 ut
2222 1106 2310 1161 ille
2364 1109 2470 1174 ait;
2505 1109 2558 1164 id
2609 1118 2713 1177 est,
2764 1111 3058 1182 Postquam
3117 1114 3355 1170 formam
3406 1119 3553 1173 servi

1968 1198 2198 1268 accepit,
2243 1200 2480 1270 seipsum
2515 1201 2842 1269 exinanivit;
2895 1207 3011 1270 sed,
3057 1209 3396 1279 semetipsum
3440 1210 3555 1265 exi-

1966 1288 2161 1343 nanivit
2207 1288 2431 1357 formam
2468 1294 2601 1346 servi
2631 1295 2933 1364 accipiens:
2965 1294 3019 1349 id
3062 1304 3164 1361 est,
3195 1298 3251 1353 in
3292 1299 3411 1368 ipsa
3462 1316 3555 1357 ao-

1964 1380 2269 1448 eeptatione
2314 1381 2499 1436 formze
2552 1385 2785 1452 servilis,
2829 1395 3018 1442 etnon
3042 1398 3229 1458 postea
3272 1387 3451 1447 factus
3469 1399 3556 1448 est

1964 1471 2220 1525 obediens
2248 1487 2416 1540 usque
2450 1473 2519 1527 ad
2550 1483 2801 1530 mortem.

1970 1562 1971 1565 “
2035 1560 2124 1614 XI.
2164 1563 2305 1617 Dicit
2331 1563 2462 1619 item
2493 1564 2798 1621 Amalarius
2833 1568 2886 1621 in
2921 1567 3060 1623 libro
3100 1569 3288 1637 tertio,
3316 1572 3557 1642 capitulo

1962 1653 2221 1709 vicesimo
2242 1655 2402 1710 tertio
2426 1673 2438 1708 :
2469 1674 2487 1706 ι
2510 1656 2664 1712 Nunc
2681 1656 2751 1713 de
2770 1656 2840 1712 Te
2852 1659 3013 1729 igitur
3032 1660 3319 1716 dicendum
3340 1670 3444 1718 est.
3469 1663 3556 1719 Ab

1964 1744 2117 1799 initio
2157 1747 2420 1801 orationis
2456 1761 2627 1817 usque
2667 1746 2734 1802 ad
2774 1748 2954 1805 locum
2990 1751 3080 1807 ubi
3115 1751 3352 1808 dicitur:
3382 1751 3454 1807 Et
3498 1754 3553 1809 in

268 1839 617 1894 sentiendum
664 1838 1047 1904 demonstrat;
1103 1838 1195 1895 illo
1243 1838 1495 1893 videlicet
1563 1839 1683 1894 loco
1705 1880 1719 1905 ,
1767 1839 1860 1894 ubi
1890 1829 1937 1888 B
1962 1834 2243 1890 electorum
2271 1846 2482 1892 tuorum
2503 1839 2692 1909 jubeas
2720 1856 2872 1911 grege
2912 1844 3211 1909 numerari,
3248 1844 3559 1900 celebratur

267 1928 895 2000 omnipotens-Greater
931 1929 1187 1994 hominis,
1229 1930 1435 1984 homini
1483 1945 1645 2000 quem
1686 1932 1751 1985 de
1800 1930 1862 1984 li-

268 2040 356 2078 mo
401 2030 569 2077 terra:
620 2021 984 2083 formaverat,
1037 2021 1178 2093 (vel,
1230 2023 1372 2078 sicut
1424 2022 1530 2077 alia
1578 2023 1862 2079 translatio

268 2115 454 2178 habet,
513 2112 583 2167 de
627 2111 867 2184 pulvere)
928 2113 1049 2167 ait:
1085 2110 1267 2167 Pulvis
1314 2130 1386 2176 es,
1431 2122 1479 2168 et
1504 2114 1561 2168 in
1599 2114 1863 2184 pulverem

266 2207 543 2261 reverteris
584 2219 604 2257 :
659 2206 804 2275 quod
858 2221 966 2260 non
1008 2214 1238 2276 possunt
1286 2206 1467 2261 facere
1520 2221 1690 2277 aqua,
1744 2222 1859 2273 aer,

267 2297 431 2367 ignis,
494 2298 594 2351 sed
639 2311 743 2351 nec
786 2298 964 2351 anima
1014 2312 1177 2366 quam
1219 2296 1444 2353 Creator
1477 2298 1764 2368 inspiravit
1805 2298 1861 2352 in

265 2389 465 2444 faciem
515 2388 726 2443 homini
774 2387 1008 2444 formato
1030 2389 1097 2443 de
1137 2388 1360 2459 pulvere
1402 2389 1538 2444 :sed
1581 2389 1656 2443 ita
1694 2387 1755 2443 ﬁt
1803 2396 1863 2443 ut

265 2483 374 2536 alio
429 2482 555 2536 loco
608 2481 889 2552 Scriptura
943 2481 1203 2551 loquitur,
1264 2481 1503 2537 dicens:
1553 2480 1865 2536 Revertatur

262 2569 437 2639 paleis
468 2571 529 2623 in
577 2578 771 2623 terram
802 2586 953 2623 suam
986 2570 1124 2624 unde
1155 2578 1267 2624 erat
1308 2584 1327 2622 :
1356 2579 1405 2624 et
1443 2570 1657 2640 spiritus
1688 2569 1863 2624 redeat

263 2658 337 2712 ad
380 2658 558 2713 Deum
611 2660 702 2729 qui
755 2659 900 2713 dedit
950 2658 1123 2714 illum.
1197 2659 1255 2716 Si
1303 2670 1482 2716 autem
1534 2660 1603 2716 de
1645 2661 1864 2717 homine

266 2750 514 2818 quolibet
574 2750 741 2804 nimis
770 2749 975 2805 insulse
1026 2751 1227 2806 dicitur
1273 2753 1417 2822 quod
1464 2766 1531 2806 ex
1577 2752 1863 2807 elementis

266 2841 598 2896 naturaliter
632 2841 909 2905 subsistat,
942 2851 1145 2912 quanto
1182 2844 1357 2915 magis
1387 2844 1453 2899 de
1486 2843 1705 2899 Christo
1750 2843 1862 2899 Do-

268 2933 447 2998 mino,
484 2931 644 3001 cujus
670 2948 802 2988 caro
841 2934 1043 2989 nullam
1074 2936 1239 2989 habet
1263 2936 1550 3004 originem,
1579 2934 1690 2991 nisi
1732 2950 1862 3007 ope-

270 3028 542 3082 rationem
570 3027 751 3082 Patris
795 3034 851 3082 et
886 3026 1008 3082 Filii
1037 3035 1093 3082 et
1121 3027 1357 3097 Spiritus
1381 3029 1578 3094 sancti,
1601 3040 1657 3084 et
1680 3044 1862 3084 susce-

265 3119 508 3186 ptionem
558 3120 728 3175 satius
775 3120 974 3174 Verbi?
1012 3120 1249 3176 Verbum
1299 3122 1444 3176 enim
1495 3138 1622 3177 caro
1652 3121 1856 3177 factum

266 3220 351 3265 est
394 3219 458 3265 ut
514 3212 791 3267 habitaret
817 3213 870 3267 in
926 3213 1102 3269 nobis.
1143 3214 1297 3269 Sicut
1319 3230 1451 3286 ergo
1497 3216 1627 3270 dicit
1664 3217 1859 3271 beatus

262 3302 622 3370 Augustinus,
662 3301 913 3358 Christus
942 3311 1026 3359 est
1075 3304 1237 3369 Deus,
1277 3313 1332 3360 et
1376 3305 1578 3371 anima,
1604 3314 1660 3360 et
1687 3321 1857 3362 caro:

264 3394 362 3447 sed
412 3391 558 3447 Deus
593 3408 701 3459 non
730 3402 816 3449 est
853 3411 920 3449 ex
950 3395 1254 3461 elementis,
1286 3404 1487 3465 "neque
1516 3396 1716 3450 anima.
1752 3397 1861 3451 Ve-

266 3485 405 3539 ritas
427 3493 611 3540 autem
644 3487 845 3553 carnis,
875 3488 940 3543 de
972 3503 1200 3558 corpore
1235 3498 1464 3560 sumpta.
1487 3499 1572 3545 est
1595 3490 1856 3562 Virginis,

263 3577 381 3631 sine
431 3576 544 3632 ullo
565 3592 733 3648 opere
758 3579 996 3634 humano
1020 3579 1103 3635 vel
1130 3580 1394 3651 angelico,
1447 3582 1543 3637 sed
1568 3598 1754 3654 opere,
1800 3592 1863 3639 ut

264 3669 473 3722 dictum
496 3677 603 3735 est,
642 3676 852 3723 tantum
884 3670 1084 3725 divino.
1120 3670 1273 3738 Quod
1319 3680 1499 3728 autem
1540 3673 1674 3729 dicit
1693 3673 1859 3728 Ama-

266 3760 459 3824 larius,
489 3759 719 3826 Quando
748 3759 988 3817 Christus
1020 3772 1265 3817 naturam
1286 3764 1511 3820 hominis
1554 3767 1859 3837 assumpsit,

264 3855 375 3906 haec
394 3854 902 3924 quatuorelementa
945 3858 1259 3928 assumpsit:
1293 3860 1730 3928 respondendum
1775 3868 1860 3915 est

264 3944 363 4007 illi,
402 3943 550 4013 quod
584 3960 693 3999 non
729 3954 884 4001 erant
936 3947 1247 4003 redimenda
1277 3949 1542 4003 elementa
1594 3966 1624 4004 a
1679 3959 1852 4007 morte

265 4036 501 4103 peccati,
559 4036 701 4091 sicut
745 4038 909 4092 homo
955 4038 1047 4108 qui
1076 4053 1177 4107 per
1217 4040 1719 4109 praevaricationem
1758 4042 1858 4097 sub

264 4127 479 4182 diabolo
528 4130 775 4200 captivus
829 4133 1131 4188 tenebatur.
1186 4134 1481 4189 Erraverat
1522 4136 1667 4190 enim
1718 4137 1858 4191 sicut

263 4217 382 4271 ovis
436 4232 557 4287 quae
582 4220 751 4287 periit
780 4237 793 4273 :
832 4230 1056 4292 propter
1082 4239 1242 4293 quem
1276 4226 1425 4279 venit
1448 4234 1634 4296 pastor
1658 4227 1853 4292 bonus,

267 4320 327 4364 ut
351 4320 625 4381 quaereret
649 4321 706 4368 et
739 4314 1029 4383 inveniret,
1055 4324 1111 4372 et
1140 4318 1422 4373 reduceret
1447 4320 1515 4373 ad
1561 4335 1854 4390 supernam

266 4403 553 4471 patriam;
604 4405 697 4460 ubi
758 4406 876 4461 sine
932 4408 1405 4464 administratione
1461 4411 1855 4467 elementorum

1963 1925 2290 1980 sacriﬁcium
2317 1927 2633 1995 electorum,
2663 1930 2755 1998 qui
2777 1946 2886 1984 non
2912 1931 3114 1987 habent
3140 1933 3196 1987 in
3220 1948 3388 1988 carne
3410 1933 3555 2004 quod

1962 2024 2042 2078 eis
2072 2033 2356 2093 repugnet,
2386 2039 2561 2094 neque
2598 2026 2654 2079 in
2693 2026 3025 2082 conscientia
3063 2028 3206 2096 quod
3243 2028 3552 2083 conturbet.

1964 2113 2116 2170 Sicut
2150 2115 2292 2169 enim
2331 2114 2438 2170 duo
2468 2115 2659 2170 altaria
2693 2124 2852 2171 erant
2890 2117 2944 2171 in
2980 2116 3327 2173 tabernaculo
3360 2117 3554 2187 Moysi,

1962 2207 2078 2262 sive
2110 2206 2163 2261 in
2193 2206 2391 2277 templo
2429 2206 2757 2274 Salomonis,
2790 2224 2959 2263 unum
2989 2210 3380 2281 thymiamatis,
3412 2208 3554 2264 alte-

1963 2311 2083 2350 rum
2117 2297 2417 2353 holocausti
2444 2312 2458 2351 :
2487 2297 2563 2352 ita
2604 2305 2731 2352 sunt
2766 2297 2872 2353 duo
2906 2297 3177 2354 sacriﬁcia
3210 2308 3414 2357 sanctae
3448 2298 3556 2354 Ec-

1962 2386 2157 2442 clesiae.
2183 2406 2202 2439 ι
2242 2387 2312 2443 Et
2352 2395 2474 2458 post
2511 2404 2685 2458 pauca
2705 2431 2720 2454 ,
2767 2389 2965 2444 iterum
3010 2390 3245 2460 capitulo
3295 2388 3555 2445 vicesimo

1962 2486 2156 2547 quarto
2185 2477 2473 2543 subinfert,
2513 2478 2700 2534 dicens
2725 2493 2740 2532 :
2770 2495 2788 2529 ι
2809 2479 3091 2535 lmmolato
3131 2481 3317 2551 priore
3346 2476 3555 2535 sacriﬁ-

1962 2567 2049 2622 cio
2065 2566 2210 2637 quod
2221 2573 2435 2622 constat
2462 2567 2799 2623 orationibus
2820 2568 3209 2639 perlectorum,
3236 2579 3292 2625 et
3317 2575 3400 2625 est
3429 2580 3556 2622 con-

1955 2654 2203 2724 junctum
2224 2654 2493 2711 sacriﬁcio
2519 2655 2856 2726 angelorum,
2885 2658 3229 2716 descenditur
3248 2660 3316 2715 ad
3338 2662 3557 2720 univer-

1963 2747 2074 2803 sale
2095 2746 2447 2813 sacriﬁcium,
2476 2747 2900 2803 immolationem
2928 2749 3136 2805 scilicet
3153 2748 3380 2817 Christi,
3406 2755 3552 2823 quod

1961 2839 2265 2895 celebratur
2292 2847 2417 2894 ante
2450 2836 2618 2894 Nobis
2638 2855 2842 2910 quoque
2862 2840 3240 2910 peccatoribus.
3274 2861 3293 2894 ι
3336 2842 3404 2897 Ει
3430 2853 3555 2913 post

1960 2931 2180 3000 paulum
2223 2931 2502 3002 subiungit
2534 2950 2546 2985 :
2578 2951 2596 2982 ι
2623 2932 2891 2999 Quoniam
2939 2948 3045 2988 una
3086 2933 3264 2989 hostia
3301 2935 3553 2993 Christus

1961 3019 2139 3076 oblata
2164 3027 2247 3075 est
2266 3036 2367 3089 pro
2380 3021 2548 3091 justis
2568 3031 2624 3076 et
2651 3021 2888 3091 injustis.
2915 3041 2933 3075 ι

2033 3111 2143 3167 ΧΠ.
2184 3112 2386 3168 Contra
2409 3114 2526 3170 haec
2551 3116 2715 3170 verba
2742 3116 3006 3172 Amalarii
3029 3117 3251 3175 confusa
3281 3128 3336 3177 et
3364 3122 3555 3178 turbu-

1885 3179 1931 3242 (ἶ
1961 3203 2138 3259 lentos
2162 3220 2353 3260 sensus
2378 3207 2813 3276 respondendum
2851 3217 2955 3273 est,
2997 3211 3143 3278 quod
3167 3226 3268 3267 nec
3304 3211 3557 3283 Pelagius

1962 3312 2062 3352 nec
2087 3296 2373 3354 Caelestius
2404 3300 2521 3354 ausi
2553 3310 2678 3356 sunt
2708 3310 2815 3356 tam
2851 3302 3216 3360 irreverenter
3252 3320 3404 3362 suam
3434 3309 3550 3365 hae-

1960 3388 2125 3443 resim
2176 3389 2496 3458 praedicare.
2557 3391 2693 3446 Nam
2739 3392 2815 3447 illi
2870 3394 3286 3463 possibilitatem
3340 3407 3549 3454 tantum

1959 3480 2295 3546 astruebant,
2323 3481 2552 3538 dicendo
2578 3498 2739 3552 posse
2767 3498 2888 3540 esse
2913 3486 3189 3542 hominem
3215 3487 3333 3542 sine
3357 3503 3549 3558 pecca-

1960 3579 2016 3625 to
2043 3572 2090 3626 si
2118 3571 2249 3627 velit
2276 3587 2290 3626 :
2319 3588 2427 3627 non
2456 3582 2639 3629 tamen
2661 3575 2936 3631 audebant
2962 3576 3168 3642 dicere,
3201 3592 3260 3632 se
3287 3578 3404 3634 sine
3425 3595 3553 3650 pec-

1961 3671 2081 3719 cato
2098 3679 2238 3719 esse.
2265 3663 2573 3721 Amalarius
2597 3674 2779 3722 autem
2800 3667 2969 3723 multo
2989 3668 3141 3739 pejus
3163 3670 3346 3726 dicere
3365 3673 3547 3739 audet,

1960 3756 2051 3826 qui
2096 3757 2291 3811 asserit
2329 3758 2514 3826 plures
2551 3774 2672 3814 esse
2707 3760 2799 3828 qui
2840 3776 2942 3815 nec
2979 3761 3034 3815 in
3082 3777 3310 3832 corpore
3349 3764 3554 3821 habent

1959 3845 2103 3913 quod
2124 3853 2403 3914 repugnet,
2429 3862 2528 3901 nec
2547 3847 2603 3900 in
2624 3848 2954 3903 conscientia
2977 3850 3119 3920 quod
3143 3854 3447 3908 conturbet.
3482 3854 3550 3910 Et

1959 3933 2086 3988 licet
2111 3931 2265 4004 pejus
2300 3935 2404 3989 iste
2442 3951 2607 4005 quam
2644 3937 2741 4003 illi,
2774 3945 2956 3995 tamen
2994 3941 3052 3997 in
3100 3958 3387 4001 commune
3418 3962 3549 4002 con-

1960 4024 2232 4079 tradicunt
2259 4026 2502 4094 apostolo
2521 4025 2736 4094 Joanni,
2765 4030 2964 4087 dicenti
2987 4049 3001 4087 :
3026 4033 3085 4089 Si
3111 4035 3400 4093 dixerimus
3424 4041 3548 4111 quia

1956 4123 2225 4183 peccatum
2263 4131 2368 4169 non
2396 4116 2666 4185 habemus,
2698 4119 2799 4190 ipsi
2828 4139 2921 4176 nos
2945 4123 3254 4195 decipimus,
3283 4138 3331 4183 et
3358 4131 3548 4185 veritas

1956 4206 2013 4260 in
2042 4206 2189 4261 nobis
2219 4225 2322 4262 non
2349 4216 2444 4263 est.
2495 4209 2563 4264 Et
2592 4213 2837 4282 apostolo
2865 4213 3184 4289 Paulo,'qui
3222 4220 3299 4274 ait
3330 4239 3343 4274 :
3384 4220 3548 4277 Video

1958 4296 2120 4351 aliam
2148 4297 2309 4369 legem
2340 4300 2395 4354 in
2420 4302 2662 4357 membris
2694 4305 2845 4371 meis,
2873 4319 3243 4379 repugnantem
3276 4311 3378 4383 legi
3404 4329 3549 4369 men-

1959 4390 2026 4444 tis
2057 4406 2206 4456 mete,
2236 4400 2284 4444 et
2315 4393 2575 4462 captivum
2612 4411 2695 4448 me
2728 4396 3002 4452 ducentem
3034 4400 3090 4454 in
3124 4400 3289 4471 legem
3325 4406 3543 4473 peccati,

267 4497 635 4590 corporalium
683 4499 847 4562 vivat,
898 4501 1128 4557 fruendo
1171 4503 1283 4558 Deo
1314 4519 1413 4573 per
1460 4506 1709 4560 eumdem
1750 4507 1857 4562 Re—
1883 4530 1937 4590 D
1961 4490 2185 4590 Zf‘fﬂef‘
2207 4481 2263 4590 1;"
2283 4483 2532 4590 ξηξιξτθνὶδ
2555 4486 2706 4590 meis.
2732 4487 2860 4590 .Ubi.
2889 4497 2944 4543 et
2972 4490 3231 4590 turbatus.
3255 4493 3548 4590 subjungit,

265 4583 624 4654 demptorem,
673 4589 816 4643 sicut
853 4591 1115 4661 scriptum
1147 4600 1230 4647 est
1262 4616 1274 4646 ;
1317 4593 1388 4647 Et
1426 4595 1592 4649 simas
1644 4596 1698 4650 in
1736 4613 1857 4651 vero

268 4673 407 4731 Filio
433 4677 549 4747 ejus
590 4679 719 4734 Iesu
745 4680 975 4737 Christo.
1027 4682 1130 4737 Hic
1167 4693 1244 4738 est
1266 4702 1416 4739 verus
1462 4685 1624 4750 Dens,
1663 4696 1712 4741 et
1753 4689 1858 4742 vita

267 4776 480 4821 (eterna.
514 4767 650 4823 Nam
682 4771 749 4825 de
768 4771 1052 4829 elementis
1084 4755 1213 4831 illud
1253 4778 1581 4832 credendum
1611 4787 1697 4833 cst
1716 4780 1858 4850 quod

268 4856 515 4927 princeps
545 4860 913 4928 apostolorum
968 4864 1163 4921 beatus
1205 4865 1401 4921 Petrus
1445 4868 1565 4921 ait:
1608 4868 1858 4922 Adveniet

267 4955 437 4999 autem
486 4947 600 5001 dies
647 4947 865 5003 Domini
904 4960 961 5005 ut
990 4951 1079 5021 fur
1105 4967 1124 5004 :
1163 4955 1216 5008 in
1241 4971 1346 5025 qua
1391 4955 1506 5008 caeli
1549 4956 1857 5026 magnoim-

265 5045 382 5100 pcta
437 5039 717 5103 transient,
744 5039 998 5096 elementa
1046 5059 1163 5097 vero
1200 5044 1373 5098 calore
1404 5044 1688 5100 solventur.
1715 5044 1855 5099 Subn

261 5124 438 5196 jungit
492 5144 713 5199 quoque
766 5130 1077 5187 Amalarius
1125 5152 1136 5187 :
1183 5134 1310 5200 Illa,
1363 5136 1418 5190 id
1479 5144 1564 5191 est
1613 5137 1852 5192 elemen-

268 5224 339 5279 ω,
367 5219 660 5286 pendebant
709 5221 767 5276 in
808 5239 960 5278 cruce
983 5224 1122 5279 inter
1170 5227 1367 5281 medios
1416 5227 1549 5282 duos
1599 5228 1848 5283 latrones.

267 5301 412 5358 Unde
452 5324 590 5362 unus
631 5327 816 5365 versus
835 5326 854 5364 .'
886 5311 954 5366 In
980 5314 1150 5369 medio
1177 5315 1404 5370 duorum
1426 5317 1735 5372 animalium
1766 5335 1853 5372 co-

262 5396 545 5459 gnosceris.
584 5396 727 5464 Quid
771 5398 1117 5457 ridiculosius
1148 5403 1330 5459 dicere
1353 5405 1549 5475 potuit,
1581 5422 1746 5475 quam
1794 5414 1855 5462 ut

265 5498 357 5535 aer
398 5494 456 5539 et
509 5488 651 5558 ignis
697 5489 767 5546 de
810 5507 974 5548 cruce
1028 5494 1347 5563 penderent,
1379 5513 1612 5567 quorum
1658 5506 1851 5553 natura

264 5581 363 5636 cst,
394 5583 454 5629 nt
498 5593 717 5634 sursum
767 5596 958 5638 versus
1001 5584 1282 5639 ferantur?
1331 5586 1397 5640 Et
1447 5588 1724 5659 subiungit
1771 5589 1854 5643 di-

265 5678 407 5731 cens,
446 5673 586 5740 quod
632 5671 709 5726 ita
745 5672 1101 5744 Hieronymus
1120 5676 1186 5729 'in
1232 5676 1505 5731 Ilabacnc.
1543 5679 1658 5743 Dic,
1696 5695 1847 5750 rogo,

265 5758 385 5821 σιειίά
441 5759 812 5835 Hieronymus
853 5775 910 5820 et
948 5765 1237 5822 llabacuc?
1288 5766 1538 5838 Nunquid
1590 5770 1742 5834 dicit,
1792 5770 1847 5823 in

1961 4570 2148 4627 dicens
2169 4589 2182 4625 :
2208 4570 2406 4642 Infelix
2431 4590 2523 4643 ego
2547 4575 2701 4630 homo
2723 4577 2745 4629 .'
2771 4579 2886 4647 quis
2908 4595 2989 4632 me
3013 4578 3252 4635 liberabit
3277 4583 3341 4636 de
3372 4601 3553 4654 corpo-

1949 4677 2017 4715 «τε
2052 4663 2232 4718 mortis
2270 4663 2477 4734 hujus?
2513 4664 2802 4722 Psalmista
2839 4684 3056 4738 quoque
3088 4685 3157 4725 ex
3197 4687 3329 4729 voce
3374 4676 3552 4745 perle-

1962 4762 2197 4821 ctorum,
2221 4756 2315 4825 qui
2338 4757 2518 4813 dicere
2544 4766 2793 4827 possunt,
2826 4757 2971 4815 Sicut
2997 4778 3176 4817 cervus
3196 4763 3459 4820 desiderat
3480 4768 3549 4821 ad

1960 4847 2128 4916 fontes
2150 4864 2429 4919 aquarum,
2455 4849 2529 4903 ita
2554 4849 2819 4906 desiderat
2840 4852 3019 4907 anima
3042 4870 3158 4909 mea
3184 4855 3255 4910 ad
3286 4863 3354 4921 te,
3384 4855 3546 4922 Deus,

1961 4938 2290 5011 subjungens
2316 4942 2428 4995 ait:
2453 4941 2535 4995 Ad
2566 4959 2647 4997 me
2679 4944 2849 5013 ipsum
2878 4945 3056 5000 anima
3087 4963 3202 5001 mea
3237 4947 3547 5002 conturbata

1961 5040 2055 5085 est.
2098 5032 2165 5085 Et
2203 5033 2398 5087 iterum
2423 5050 2436 5084 :
2462 5031 2641 5097 Quare
2664 5035 2829 5089 tristis
2856 5052 2911 5090 es
2944 5037 3123 5091 anima
3144 5053 3281 5103 mea,
3308 5047 3357 5092 et
3384 5054 3549 5109 quare

1960 5124 2239 5179 conturbas
2261 5141 2341 5177 me
2360 5126 2385 5177 ?

2030 5211 2163 5265 Xlll.
2206 5212 2347 5268 Dicit
2368 5214 2545 5270 adhuc
2571 5215 2709 5270 idem
2737 5217 3040 5273 Amalarius
3065 5237 3077 5272 :
3105 5217 3252 5273 Sicut
3280 5222 3419 5275 enim
3439 5222 3544 5277 duo

1959 5301 2153 5358 altaria
2178 5314 2327 5358 erant
2358 5305 2413 5359 in
2436 5305 2774 5361 tabernaculo
2800 5306 2996 5378 Moysi,
3023 5308 3130 5362 sive
3153 5309 3207 5363 in
3228 5309 3418 5380 templo
3449 5311 3549 5368 Sa-

1958 5392 2202 5459 lomonis,
2229 5411 2391 5450 unum
2430 5395 2804 5467 thymiamatis,
2846 5397 3070 5453 alterum
3103 5398 3395 5455 holocausti
3422 5416 3442 5455 :
3470 5404 3548 5457 ita

1954 5495 2075 5540 sunt
2093 5486 2198 5540 duo
2221 5486 2486 5555 sacriﬁcia
2515 5498 2711 5543 sanctae
2735 5486 3009 5544 Ecclesia.
3054 5488 3140 5545 Ad
3165 5505 3285 5561 qua:
3319 5505 3543 5562 respon-

1954 5578 2185 5633 dendum
2217 5587 2304 5633 est
2333 5578 2428 5631 illi.
2478 5578 2717 5634 Ecclesia
2753 5579 3019 5636 catholica
3054 5580 3195 5637 sicut
3231 5598 3339 5638 non
3379 5584 3544 5641 habet

1952 5673 2088 5728 duas
2146 5673 2295 5733 ﬁdes,
2350 5678 2443 5723 aut
2504 5674 2609 5726 duo
2665 5672 3029 5743 baptismata;
3089 5673 3170 5730 sic
3218 5692 3323 5732 non
3374 5679 3542 5733 habet

1951 5766 2056 5821 duo
2090 5763 2302 5829 altaria,
2326 5769 2417 5815 aut
2447 5761 2552 5817 duo
2574 5763 2860 5822 sacriﬁcia.
2901 5765 2978 5823 Ita
3010 5784 3242 5840 namque
3264 5779 3319 5826 et
3348 5772 3544 5826 beatus
