3962 6180
371 378 475 432 347
1331 369 1388 425 S.
1425 368 1776 424 AGOBARDI
1814 361 2119 421 EPISCOPI
2155 364 2646 420 LUGDU‘NENSIS

3536 367 3636 424 ΜΒ

373 491 730 559 Hieronymus
755 485 809 540 in
830 483 1166 554 expositione
1190 483 1344 538 Isaiae
1368 483 1667 552 prephetae,
1698 483 1789 535 ubi
1819 481 1951 535 dici-
1977 476 2030 536 A
2053 487 2137 533 est
2183 480 2528 549 conjunctum
2573 477 2840 532 sacriﬁcio
2874 479 3206 547 angelorum,
3246 488 3302 534 et
3341 488 3518 534 tamen
3559 494 3642 537 est

376 591 496 634 tur:
525 578 591 631 In
625 577 708 630 die
743 574 836 629 illo
874 574 971 628 erit
1004 573 1168 626 altare
1198 572 1410 626 Domini
1441 574 1496 626 in
1531 583 1670 626 terra
1711 570 1948 641 Egypti,

373 671 529 724 docet
552 667 777 721 dicens:
809 664 925 718 «Ita
961 672 1139 717 autem
1168 678 1335 716 unum
1379 663 1550 716 altare
1587 663 1787 716 dicitur
1820 675 1952 729 quo-

373 761 531 816 modo
548 773 656 812 una
683 755 836 823 ﬁdes,
862 765 918 810 et
941 772 1106 810 unum
1136 756 1421 826 baptisma,
1445 763 1499 810 et
1520 771 1619 809 una
1644 754 1902 809 Ecclesia.
1927 772 1946 805 ι

372 853 438 905 lit
479 852 721 904 iterum:
753 849 966 904 «Unum
1006 855 1187 902 autem
1230 847 1401 901 altare
1441 845 1682 916 Egypti,
1726 845 1788 898 ‘id
1837 853 1947 906 est,

372 941 554 996 mundi
590 942 765 1005 istius,
804 938 1032 1004 dicitur;
1065 947 1126 992 ut
1156 946 1348 993 cuncta
1375 937 1590 1001 altaria,
1623 951 1742 1006 qua:
1764 943 1951 989 eontra

371 1035 628 1089 Ecclesia:
660 1033 942 1102 eriguntur
973 1032 1162 1095 altare,
1200 1031 1435 1085 sciamus
1470 1045 1578 1083 non
1619 1043 1739 1083 esse
1773 1027 1952 1082 Domi-

373 1131 446 1183 ni.
477 1150 496 1182 ›
549 1129 747 1182 Audiat
781 1129 943 1181 etiam
971 1127 1075 1180 hoc
1104 1124 1428 1188 Amalarius,
1463 1123 1589 1193 quia
1618 1123 1756 1178 sicut
1786 1137 1951 1175 unum

370 1223 538 1276 altare
577 1219 850 1283 Ecclesiae,
888 1218 962 1270 ita
999 1231 1136 1270 unus
1166 1215 1324 1284 panis
1360 1214 1602 1284 corporis
1639 1213 1860 1278 Christi,
1899 1221 1955 1268 et

371 1328 510 1367 unus
537 1311 676 1365 calix
707 1309 984 1380 sanguinis
1022 1307 1154 1376 ejus.
1197 1308 1288 1362 Sic
1317 1308 1460 1362 enim
1486 1307 1773 1377 Apostolus
1801 1322 1954 1360 acce-

371 1404 450 1471 pit
471 1419 498 1456 a
526 1401 774 1465 Domino,
800 1408 853 1454 et
881 1399 1103 1453 tradidit
1125 1398 1378 1452 Ecclesiae
1403 1412 1417 1450 :
1447 1415 1466 1447 ‹
1489 1396 1750 1462 Quoniam
1773 1397 1955 1450 Domi-

371 1511 468 1547 nus
504 1501 680 1546 noster
709 1491 865 1544 Jesus
905 1488 1162 1553 Christus,
1199 1488 1254 1540 in
1295 1503 1399 1557 qua
1441 1495 1589 1540 nocte
1629 1485 1950 1550 tradebatur,

369 1583 567 1653 accepit
599 1597 808 1652 panem,
841 1588 889 1632 et
917 1579 1114 1648 gratias
1154 1593 1330 1646 agens,
1363 1577 1538 1646 fregit,
1565 1585 1612 1628 et
1641 1576 1812 1628 dixit:
1837 1574 1952 1628 Hoc

366 1684 440 1727 est
470 1689 656 1742 corpus
685 1686 881 1734 meum,
905 1669 1042 1738 quod
1069 1685 1162 1738 pro
1190 1667 1328 1721 vobis
1357 1667 1612 1720 tradetur.
1655 1665 1770 1719 Hoc
1795 1667 1952 1735 facite

366 1767 422 1817 in
439 1778 605 1816 meam
621 1760 1180 1814 commemorationem.
1207 1756 1462 1811 Similiter
1485 1766 1532 1810 et
1550 1756 1782 1819 calicem,
1808 1765 1952 1826 post-

2054 568 2357 623 universale
2373 568 2733 623 etimmolatio
2751 568 2990 622 Christi?
3020 569 3151 636 Quis
3173 571 3377 623 audivit
3402 587 3641 641 unquam

2055 659 2204 713 tale?
2228 658 2334 712 Aut
2357 675 2476 729 qua:
2496 673 2732 727 unquam
2756 659 2979 714 haeresis
3002 661 3055 712 in
3078 669 3187 713 tam
3211 661 3640 718 irrationabilcm

2053 764 2112 802 se
2136 749 2393 804 demersit
2419 749 2830 806 confusionem?

2124 840 2239 893 XV.
2282 840 2568 911 Subjungit
2605 849 2784 896 autem
2829 841 3005 895 adhuc
3043 842 3127 896 bis
3165 844 3366 907 verbis,
3407 845 3637 900 dicens:

2061 950 2079 982 ι
2107 931 2372 996 Quoniam
2409 948 2513 985 una
2541 933 2714 986 hostia
2749 931 2998 987 Christus
3027 932 3208 985 oblata
3234 941 3318 986 est
3353 949 3450 1004 pro
3479 935 3642 1005 justis

2054 1032 2107 1077 et
2133 1021 2366 1090 iujustis.
2397 1043 2415 1074 ι
2459 1021 2574 1076 Νοη
2601 1024 2674 1076 ita
2702 1023 2886 1077 dicunt
2905 1023 3066 1092 primi
3099 1024 3346 1092 apostoli,
3374 1025 3568 1080 Petrus
3587 1037 3644 1081 et

2054 1113 2271 1176 Paulus,
2314 1129 2544 1182 quorum
2572 1114 2758 1183 prior:
2786 1113 3047 1177 Christus,
3080 1114 3174 1178 ait,
3207 1114 3364 1167 semel
3388 1132 3483 1181 pro
3516 1133 3639 1185 pec-

2055 1206 2183 1258 catis
2221 1207 2414 1258 nostris
2452 1216 2688 1259 mortuus
2724 1215 2820 1270 est,
2859 1207 3038 1274 justus
3081 1223 3174 1275 pro
3220 1207 3449 1276 injustts.
3491 1209 3641 1262 Alter

2056 1312 2182 1350 vero
2208 1314 2218 1348 :
2251 1295 2317 1349 Ut
2341 1297 2466 1366 quid
2490 1299 2625 1350 enim
2650 1295 2910 1362 Christus,
2940 1314 3059 1350 cum
3085 1298 3258 1351 adhuc
3283 1299 3478 1367 infiniti
3504 1317 3642 1355 esse—

2055 1403 2192 1449 ntus,
2234 1387 2517 1440 secundum
2564 1397 2766 1457 tempus
2811 1403 2903 1458 pro
2945 1389 3117 1457 impiis
3157 1399 3392 1443 mortuus
3431 1401 3525 1444 est.
3574 1391 3642 1446 Et

2055 1487 2175 1546 post
2202 1493 2373 1547 pauca
2404 1496 2415 1530 :
2449 1477 2709 1542 Quoniam
2743 1481 2787 1532 si
2817 1495 2934 1532 cum
2965 1480 3138 1532 adhuc
3173 1492 3466 1549 peccatores
3503 1500 3642 1537 esse-

2055 1585 2190 1632 mus,
2215 1566 2452 1622 Christus
2467 1587 2567 1638 pro
2593 1570 2735 1623 nobis
2757 1580 2996 1623 mortuus
3021 1581 3097 1624 est
3119 1588 3138 1634 ;
3167 1572 3329 1625 multo
3353 1573 3512 1642 igitur
3531 1591 3643 1628 ma-

2055 1659 2131 1728 gis
2153 1659 2432 1727 justiﬁcati
2463 1677 2598 1713 nunc
2626 1661 2681 1714 in
2708 1661 2962 1730 sanguine
2984 1661 3166 1730 ipsius,
3199 1661 3330 1714 salvi
3355 1663 3550 1718 erimus
3572 1666 3638 1718 ab

2055 1751 2134 1802 ira
2163 1767 2255 1820 per
2275 1751 2461 1820 ipsum.
2502 1751 2560 1805 Si
2595 1752 2730 1805 enim
2761 1769 2878 1804 cum
2908 1753 3106 1806 inimici
3133 1770 3382 1819 essemus,
3409 1760 3643 1810 reconci-

363 1870 520 1923 quam
553 1853 789 1917 coenavit,
820 1852 1036 1904 dicens:
1062 1850 1164 1904 Hic
1185 1850 1324 1904 calix
1364 1867 1552 1904 novum
1585 1859 1947 1904 testamentum

2054 1838 2166 1892 (inti
2198 1857 2376 1893 sumus
2405 1841 2513 1894 Deo
2542 1858 2633 1910 per
2658 1852 2874 1895 mortem
2913 1841 3042 1896 Filii
3083 1845 3219 1913 ejus,
3262 1846 3426 1899 multo
3471 1851 3640 1917 magis

365 1955 438 1999 est
455 1947 508 1998 in
523 1961 632 1997 meo
652 1945 925 2013 sanguine.
949 1941 1065 1994 Hoc
1089 1942 1246 2012 facite
1260 1941 1660 2011 quotiescunque
1676 1943 1879 1995 sumitis
1898 1945 1951 1995 in

364 2052 531 2089 meam
547 2034 1104 2088 commemorationem.
1137 2033 1288 2088 Unde
1304 2039 1358 2087 et
1373 2032 1616 2086 Ecclesia
1634 2048 1699 2086 ex
1715 2034 1953 2088 traditio-

309 2127 331 2180 /
365 2140 432 2178 ne
445 2125 810 2194 apostolorum
826 2125 910 2177 his
923 2124 1101 2178 verbis
1115 2139 1443 2178 consecrans
1472 2125 1786 2192 mysterium
1809 2125 1950 2178 sacri

363 2215 608 2286 corporis
637 2223 693 2270 et
723 2215 998 2283 sanguinis
1036 2214 1268 2279 Domini,
1304 2213 1653 2282 designanter
1691 2216 1823 2270 dicit
1855 2216 1955 2270 Do-

363 2305 569 2358 minum
585 2305 784 2358 dixisse
809 2303 1062 2374 apostolis
1079 2317 1092 2355 :
1108 2302 1336 2372 Accipite
1363 2312 1411 2354 et
1437 2302 1747 2358 manducate
1771 2321 1835 2358 ea:
1856 2305 1953 2359 hoc

361 2412 557 2450 omnes.
577 2395 692 2449 Hoc
705 2405 778 2450 est
794 2397 928 2449 enim
945 2413 1132 2466 corpus
1145 2411 1333 2449 meum.
1364 2393 1535 2448 Simili
1551 2396 1704 2449 modo
1716 2404 1763 2449 et
1775 2408 1953 2466 postea

361 2503 517 2556 quam
533 2495 788 2540 ccenatum
802 2496 897 2550 est,
913 2487 1171 2555 accipiens
1183 2487 1377 2539 ethunc
1389 2483 1700 2552 praeclarum
1714 2485 1948 2540 calicem.

362 2577 620 2632 Attendat
634 2578 805 2632 ﬁdelis
819 2578 1048 2647 quisque
1065 2578 1190 2646 quid
1207 2585 1289 2632 est
1311 2573 1452 2646 quod
1472 2575 1604 2629 dicit
1622 2577 1778 2631 hunc.
1799 2578 1954 2632 Vide-

363 2669 488 2722 licet
513 2669 636 2736 quia
666 2667 804 2722 calix
829 2682 990 2737 quem
1007 2667 1261 2722 sacerdos
1289 2669 1704 2733 Sacriﬁcat,non
1719 2667 1952 2721 estalius

363 2759 464 2814 nisi
484 2760 596 2829 ipse
617 2774 778 2828 quem
801 2759 1057 2814 Dominus
1084 2760 1340 2828 apostolis
1369 2761 1609 2815 tradidit.
1641 2759 1792 2815 Sicut
1823 2776 1952 2831 ergo

363 2849 430 2903 de
456 2850 719 2919 sanguine
737 2889 752 2914 ,
790 2851 870 2904 sic
894 2865 1107 2918 quoque
1130 2851 1197 2904 de
1222 2867 1448 2921 corpore
1471 2853 1812 2907 sentiendum
1844 2861 1946 2907 est.

437 2939 575 2992 XIV.
624 2938 828 2993 Deinde
873 2939 1149 3010 subjungit
1183 2939 1513 3008 Amalarius,
1549 2942 1775 2997 dicens:
1805 2960 1823 2992 ι
1848 2941 1952 2996 Im-

367 3028 564 3082 molato
607 3029 789 3097 priore
830 3030 1100 3085 sacriﬁcio
1124 3072 1138 3096 ,
1181 3033 1324 3101 quod
1364 3041 1576 3088 constat
1614 3033 1949 3088 orationibus

362 3127 692 3184 sanctorum,
725 3128 780 3174 et
814 3128 899 3175 est
933 3119 1276 3187 coniunctum
1311 3123 1580 3178 sacriﬁcio
1607 3123 1940 3190 angelorum,

365 3211 709 3265 descenditur
745 3211 813 3264 ad
849 3211 1152 3264 universale
1186 3213 1527 3268 sacriﬁcium.
1552 3233 1570 3266 ι
1612 3212 1740 3268 Haec
1778 3215 1943 3268 verba

367 3300 624 3354 Amalarii
657 3317 762 3354 non
803 3309 1102 3355 consonant
1134 3302 1432 3377 sinceritati
1468 3304 1766 3359 catholicas.
1811 3303 1945 3358 Cum

365 3392 510 3445 enim
538 3392 669 3446 dicit
702 3392 874 3461 priore
909 3392 1192 3460 sacriﬁcio,
1218 3394 1456 3448 ostendit
1483 3410 1541 3449 se
1568 3395 1711 3449 aliud
1738 3394 1947 3449 sacriﬁ—

364 3483 506 3535 cium
543 3495 752 3551 sapere,
790 3482 932 3550 quod
967 3483 1039 3536 sit
1067 3483 1353 3552 posterius.
1393 3484 1528 3539 Cum
1562 3500 1692 3539 vero
1725 3484 1947 3553 subjun-

365 3573 458 3640 git,
501 3573 639 3643 quod
671 3580 871 3626 constat
896 3573 1218 3632 orationibus
1258 3575 1628 3644 perfectorum,
1655 3585 1703 3630 et
1728 3585 1801 3629 est
1824 3593 1948 3629 con-

360 3667 605 3734 junctum
635 3665 896 3733 sacrificio
922 3665 1259 3735 angelorum;
1297 3668 1491 3720 mirum
1521 3669 1565 3720 si
1597 3667 1681 3721 vel
1711 3668 1825 3736 ipse
1863 3668 1947 3721 in-

367 3754 559 3824 telligit
586 3754 714 3823 quid
740 3753 1008 3824 loquatur.
1058 3754 1190 3809 Nam
1219 3757 1486 3824 quomodo
1507 3766 1717 3811 constat
1740 3756 1947 3811 sacriﬁ-

369 3844 512 3898 cium
548 3845 882 3899 orationibus
911 3844 1318 3915 pcrl‘ectorum?
1358 3846 1608 3917 Nunquid
1640 3849 1782 3902 aliud
1819 3865 1947 3904 con-

364 3942 471 3988 stat
497 3935 834 4004 orationibus
852 3937 1240 4004 peccatorum?
1279 3937 1347 3991 Et
1379 3938 1426 3991 si
1454 3939 1778 3993 sacriﬁcium
1805 3941 1946 4008 quod

365 4032 573 4077 constat
600 4024 931 4078 orationibus
962 4024 1346 4094 perfectornm,
1379 4024 1722 4093 conjunetum
1751 4037 1833 4082 est
1859 4044 1948 4082 sa-

363 4105 568 4170 crilicio
593 4116 926 4186 angelorum,
956 4117 1098 4187 quod
1144 4126 1357 4172 constat
1395 4119 1727 4172 orationibus
1753 4135 1946 4188 pecca-

367 4219 563 4273 torum,
593 4208 832 4278 nunquid
856 4208 1198 4278 conjungitur
1223 4209 1488 4264 sacriﬁcio
1517 4211 1901 4264 daemoniorum
1925 4212 1948 4264 ?

371 4297 575 4352 Deinde
606 4298 768 4352 infert
795 4298 979 4354 dicens
1004 4318 1016 4353 :
1042 4299 1386 4353 Descenditur
1422 4301 1490 4354 ad
1529 4301 1818 4357 universale
1851 4319 1942 4357 sa-

363 4392 619 4461 criﬁcium
647 4435 661 4458 ,
711 4393 1119 4449 immolationem
1163 4397 1356 4450 scilicet
1407 4395 1624 4451 Christi.
1673 4397 1811 4464 Quid
1860 4407 1944 4452 est

364 4485 506 4552 quod
526 4483 804 4553 loquitur?
846 4485 998 4583 Unde
1023 4486 1407 4542 descenditur?
1443 4488 1511 4542 Et
1531 4503 1639 4558 quo
1663 4489 1942 4544 descendi-
1966 4525 2018 4583 Β

368 4578 491 4629 tur?
524 4576 722 4646 Aperte
749 4577 879 4631 dicit
905 4595 917 4629 :
942 4576 1288 4632 Descenditur
1314 4581 1384 4632 ad
1422 4579 1712 4634 universale
1743 4580 1943 4648 sacri/i-

363 4669 521 4719 rium.
566 4666 624 4720 Si
653 4667 998 4721 descenditur
1037 4669 1104 4722 ad
1129 4670 1448 4734 universale,
1488 4671 1542 4724 id
1577 4679 1681 4736 est,
1716 4671 1942 4726 catholi-

364 4772 485 4809 cum
534 4755 699 4825 (quod
718 4757 863 4810 enim
889 4756 1078 4811 Latine
1099 4758 1293 4812 dicitur
1315 4760 1641 4824 universale,
1667 4759 1770 4814 boc
1793 4759 1941 4814 Cra:-

363 4861 425 4898 ce
441 4844 811 4913 catholicum),
828 4845 1175 4898 descenditur
1204 4862 1332 4916 ergo
1356 4849 1421 4902 de
1447 4863 1553 4902 non
1580 4847 1846 4902 catholico
1873 4850 1941 4902 ad

363 4933 710 4997 catholicum,
741 4932 1162 4988 immolationem
1191 4936 1396 4991 scilicet
1422 4937 1640 4992 Christi.
1672 4936 1729 4992 Si
1756 4946 1939 5006 poste-

365 5026 476 5080 rius
506 5024 853 5090 sacriﬁcium,
885 5025 1058 5094 ipsum
1089 5034 1171 5080 est
1200 5027 1524 5092 universale,
1561 5036 1616 5082 et
1645 5029 1941 5084 immolatio

363 5115 583 5169 Christi.
613 5115 757 5184 Ergo
793 5116 942 5184 prius
977 5117 1321 5184 sacriﬁcium,
1363 5135 1463 5174 nec
1501 5119 1802 5175 universale
1834 5129 1939 5186 est,

366 5221 464 5260 nec
485 5205 780 5262 immolatio
802 5207 1023 5263 Christi.
1063 5209 1130 5262 Et
1157 5211 1426 5278 quomodo
1451 5212 1722 5266 constabit
1739 5211 1944 5266 oratio—

366 5297 522 5352 nibus
571 5297 931 5366 perlecturum
960 5341 974 5367 ,
1023 5307 1078 5355 et
1129 5301 1236 5356 erit
1280 5303 1624 5371 conjunctum
1676 5303 1941 5359 sacriﬁcio

365 5389 699 5457 angelorum,
723 5391 769 5445 si
794 5407 901 5446 non
933 5402 1016 5448 est
1041 5381 1342 5448 universale
1371 5401 1425 5446 et
1460 5391 1756 5446 immolatio
1785 5390 1940 5447 Chri-

365 5480 474 5533 sti?
511 5481 628 5546 Dic,
653 5497 804 5554 ergo,
831 5486 990 5554 quale
1029 5485 1355 5541 sacriﬁcium
1391 5495 1474 5540 est
1512 5485 1722 5550 melius,
1759 5494 1937 5540 utrum

365 5571 492 5626 illud
519 5572 688 5640 prius,
717 5586 971 5631 constans
1005 5577 1338 5632 orationibus
1377 5575 1762 5646 perfecturum,
1793 5578 1940 5646 quod

366 5671 546 5715 tamen
573 5678 677 5717 non
705 5672 788 5718 est
809 5664 1130 5732 universale,
1155 5682 1254 5721 nec
1277 5666 1569 5720 immolatio
1589 5666 1788 5720 Christi
1811 5667 1832 5718 ?
1856 5667 1936 5721 An

366 5755 656 5826 posterius,
685 5757 824 5825 quod
852 5766 1062 5813 constat
1085 5761 1416 5816 orationibus
1441 5769 1809 5830 peccatorum,
1842 5778 1938 5818 nec

2054 1931 2374 1984 reconciliati
2411 1931 2540 1986 salvi
2577 1935 2771 1987 erimus
2819 1935 2873 1988 in
2910 1935 3014 1987 vita
3054 1935 3236 2005 ipsius.
3278 1937 3345 1991 Et
3379 1939 3641 1995 Dominus

2053 2019 2105 2072 in
2136 2021 2426 2090 Evangelio
2457 2040 2468 2074 :
2499 2022 2619 2075 Non
2644 2024 2755 2076 veni
2784 2041 2968 2077 vocare
2985 2026 3182 2094 justas,
3220 2027 3313 2079 sed
3342 2040 3641 2097 peccatores

2051 2111 2106 2162 in
2129 2114 2502 2180 pauitantiam.
2534 2113 2667 2167 Nam
2695 2117 2797 2169 etsi
2821 2124 2944 2169 ante
2965 2118 3271 2184 passionem
3289 2120 3500 2173 Domini
3525 2120 3643 2175 fue—

2054 2211 2178 2256 runt
2196 2203 2343 2257 multi
2360 2204 2526 2271 justi;
2559 2206 2644 2260 illa
2663 2207 2764 2261 ﬁde
2782 2208 2973 2262 salvati
2999 2219 3143 2276 sunt,
3168 2227 3272 2280 qua
3296 2213 3646 2269 crediderunt

2053 2294 2324 2348 Christum
2355 2298 2674 2352 moriturum
2708 2314 2807 2368 pro
2839 2299 3052 2367 iniustis
3085 2311 3141 2356 et
3180 2304 3380 2371 impiis,
3416 2309 3480 2359 et
3521 2305 3642 2375 ipsa

2054 2383 2187 2439 ﬁdes
2221 2385 2468 2441 liberavit
2497 2405 2591 2443 eos
2611 2389 2679 2443 ab
2708 2390 2968 2457 injustitia
2998 2400 3054 2445 et
3079 2393 3372 2461 impietate.

2126 2478 2262 2533 XVI.
2315 2479 2456 2533 Dicit
2485 2481 2678 2535 iterum
2706 2482 3010 2538 Amalarius
3052 2486 3108 2538 in
3134 2495 3325 2554 quarto
3359 2487 3517 2552 libro,
3548 2504 3643 2544 ca—

2052 2569 2222 2638 pitulo
2258 2580 2491 2639 quarto:
2523 2591 2540 2622 (
2566 2573 2661 2628 Est
2695 2575 2948 2631 sacerdos
2986 2577 3039 2630 in
3074 2586 3240 2642 terra,
3279 2580 3364 2633 cui
3400 2582 3641 2650 quotidie

2053 2676 2273 2715 necesse
2299 2671 2380 2715 est
2406 2678 2504 2731 pro
2531 2679 2590 2718 se
2613 2673 2666 2718 et
2690 2681 2789 2734 pro
2817 2667 3010 2736 populo
3034 2667 3128 2721 Dei
3153 2668 3502 2724 intercedere.
3541 2671 3642 2726 Est

2053 2751 2303 2805 sacerdos
2337 2752 2392 2805 in
2435 2752 2592 2818 coelo,
2635 2755 2718 2808 cui
2757 2772 2863 2809 non
2903 2764 2988 2810 est
3021 2773 3243 2814 necesse
3283 2760 3639 2826 intercedere,

2053 2841 2145 2895 sed
2171 2849 2348 2895 tamen
2378 2842 2511 2908 vult,
2539 2854 2594 2897 et
2615 2845 2918 2914 interpellat
2941 2848 3182 2915 quotidie
3207 2864 3307 2918 pro
3327 2849 3501 2905 nobis.
3539 2851 3645 2906 Sa-

2052 2940 2244 2993 eerdos
2267 2935 2464 3005 quiest
2488 2937 2543 2990 in
2570 2944 2734 3001 terra,
2764 2955 2870 2992 non
2900 2939 3014 2993 vult
3043 2956 3218 3010 neque
3244 2951 3422 3011 potest
3455 2945 3640 3000 dicere

2052 3029 2194 3097 quod
2223 3029 2426 3096 absque
2461 3037 2683 3096 peccato
2708 3029 2798 3093 sit,
2829 3030 3038 3084 dicente
3067 3031 3271 3087 Joanne
3305 3051 3316 3086 :
3356 3033 3414 3088 Si
3443 3036 3644 3090 dixeri-

2051 3137 2168 3172 mus
2192 3120 2439 3189 quoniam
2470 3129 2739 3188 peccatum
2769 3136 2871 3173 non
2900 3121 3166 3184 habemus,
3200 3140 3293 3176 nos
3317 3125 3456 3193 ipsos
3483 3127 3642 3179 sedu-

2052 3213 2238 3274 cimus,
2266 3220 2312 3263 et
2342 3211 2528 3263 veritas
2556 3211 2610 3262 in
2632 3210 2777 3263 nobis
2799 3227 2902 3264 non
2927 3222 3022 3265 est.
3063 3212 3163 3278 Qui
3187 3224 3366 3268 tamen
3389 3218 3641 3285 quamvis

2049 3303 2120 3355 sit
2147 3307 2421 3370 peccator,
2461 3316 2567 3354 non
2593 3300 2752 3355 debet
2782 3316 2812 3353 a
2839 3303 3167 3358 conscientia
3193 3319 3288 3358 sua
3313 3306 3550 3360 morderi
3579 3317 3642 3361 ut

2049 3399 2258 3446 tantum
2297 3391 2368 3445 sit
2400 3399 2670 3460 peccator,
2703 3399 2965 3460 quantum
2997 3393 3193 3448 inultos
3219 3388 3494 3464 wgnoscit
3514 3412 3638 3450 esse

2048 3483 2102 3536 in
2129 3483 2324 3553 populo
2349 3492 2526 3537 terrm.
2553 3503 2570 3535 ι

2119 3575 2278 3628 XVII.
2321 3574 2378 3627 In
2402 3574 2485 3628 his
2501 3573 2679 3629 verbis
2699 3573 2955 3629 Amalarii
2981 3579 3129 3647 vagis
3154 3586 3207 3631 ct
3233 3577 3556 3643 furibundis,
3582 3593 3642 3635 et

2048 3664 2195 3718 omni
2221 3664 2564 3731 despectione
2583 3662 2800 3732 'dignis,
2847 3665 2935 3718 illa
2980 3668 3214 3735 pessima
3258 3678 3384 3723 sunt
3430 3670 3634 3738 quibus

2047 3756 2125 3810 ait
2149 3771 2161 3808 :
2189 3755 2292 3820 Qui
2320 3765 2494 3808 tamen
2523 3754 2600 3825 (id
2628 3764 2730 3820 est,
2760 3758 3054 3830 sacerdos),
3081 3762 3317 3829 quamvis
3348 3763 3415 3814 sit
3446 3775 3638 3830 pecca-

2048 3857 2148 3911 tor,
2174 3863 2278 3900 non
2306 3845 2450 3898 debet
2478 3862 2510 3899 a
2540 3849 2856 3902 conscientia
2875 3866 2973 3902 sua
2995 3851 3244 3914 morderi,
3269 3860 3324 3903 ut
3345 3861 3550 3906 tantum
3567 3856 3642 3907 sit

2046 3946 2307 4006 peccator,
2353 3943 2607 4006 quantum
2650 3935 2840 3991 multos
2885 3941 3147 4008 cognoscit
3199 3957 3307 3994 esse
3351 3941 3407 3994 in
3445 3940 3642 4010 populo

2049 4037 2222 4080 teme.
2263 4024 2388 4079 Ilaec
2407 4024 2572 4077 verba
2596 4040 2703 4078 non
2727 4034 2935 4081 tantum
2961 4029 3170 4082 inutilia
3199 4036 3353 4094 sunt;
3381 4030 3474 4083 sed
3503 4030 3638 4083 mul-

2047 4129 2160 4173 tum
2191 4120 2372 4183 noxia,
2414 4127 2470 4171 et
2507 4120 2721 4175 veritati
2755 4121 3049 4175 contraria.
3091 4122 3365 4176 Catholica
3399 4139 3640 4192 namque

2048 4209 2181 4264 ﬁdes
2216 4211 2295 4264 sic
2324 4226 2381 4265 se
2411 4213 2592 4277 habet,
2629 4219 2690 4265 ut
2719 4209 2918 4264 nullius
2951 4210 3138 4264 credat
3169 4211 3434 4280 acceptari
3462 4228 3492 4265 a
3521 4212 3638 4265 Deo

2047 4302 2372 4356 sacriﬁcium
2414 4303 2497 4358 vel
2541 4303 2865 4367 orationem,
2902 4303 3008 4357 nisi
3045 4304 3160 4372 ejus
3197 4303 3286 4370 qui
3318 4304 3640 4371 cognoverit

2046 4393 2387 4463 iniquitatem
2417 4411 2602 4460 suam;
2634 4395 2774 4449 sicut
2799 4394 3082 4450 manifeste
3108 4396 3440 4450 demonstrat
3460 4396 3639 4450 David

2047 4483 2100 4537 in
2131 4485 2377 4540 oratione
2414 4485 2747 4554 pmnitentia:
2793 4500 2922 4550 suae,
2971 4486 3157 4539 dicens
3189 4505 3199 4539 :
3235 4484 3470 4555 Amplius
3513 4483 3638 4538 lava

2047 4591 2130 4628 me
2157 4574 2220 4628 ab
2247 4576 2520 4646 iniquitate
2556 4593 2694 4641 mea,
2734 4586 2782 4630 et
2828 4595 2860 4630 a
2890 4587 3100 4646 peccato
3141 4594 3253 4630 meo
3289 4577 3482 4629 munda
3524 4593 3634 4629 me.

2051 4664 2311 4730 Quoniam
2335 4666 2661 4736 iniquitatem
2683 4651 2968 4736 meaniego
2997 4683 3269 4736 cognosco,
3293 4675 3340 4719 et
3362 4675 3636 4735 peccatum

2047 4772 2218 4809 meum
2239 4766 2419 4810 contra
2451 4775 2530 4811 me
2551 4766 2624 4811 est
2650 4759 2868 4828 sempe'r.
2913 4757 2990 4813 Ac
3025 4757 3070 4812 si
3101 4758 3305 4811 diceret
3330 4775 3341 4809 :
3367 4756 3490 4810 Ideo
3518 4770 3637 4809 me-

2049 4861 2172 4900 rear
2215 4846 2599 4918 indulgentiam
2645 4857 2810 4912 tuam,
2855 4849 2981 4918 quia
3031 4848 3256 4917 cognovi
3289 4847 3635 4914 iniquitatem

2047 4950 2242 4988 meam.
2290 4936 2422 4990 Nam
2453 4937 2499 4991 si
2536 4953 2635 5007 ego
2664 4954 2772 4991 non
2800 4954 3088 5007 agnovere,
3127 4947 3181 4991 tu
3217 4953 3324 4992 non
3359 4923 3631 5006 ignosces.

2047 5025 2138 5080 Sic
2165 5037 2219 5082 et
2246 5029 2504 5084 Dominus
2527 5044 2625 5100 per
2651 5031 2868 5101 Moysen
2895 5032 3154 5100 prmeipit,
3180 5031 3362 5085 dicens
3391 5048 3404 5083 :
3430 5027 3489 5083 Si
3510 5048 3636 5099 pec-

2045 5119 2234 5172 caverit
2263 5121 2518 5190 princeps,
2553 5132 2600 5174 et
2628 5120 2805 5190 fecerit
2839 5138 3000 5174 unum
3036 5139 3062 5175 e
3092 5121 3330 5191 pluribus
3360 5136 3452 5189 per
3482 5121 3635 5189 igno-

2045 5212 2271 5264 rantiam
2298 5212 2435 5283 quod
2473 5211 2687 5265 Domini
2709 5211 2816 5282 lege
2836 5213 3157 5282 prohibetur,
3189 5222 3236 5265 et
3263 5221 3456 5281 postea.
3474 5212 3636 5263 intel-

2043 5299 2224 5354 lexerit
2260 5312 2527 5370 peccatum
2566 5319 2739 5368 suum,
2778 5304 2964 5371 offerat
3007 5303 3232 5357 hostiam
3277 5301 3518 5355 Domino.
3561 5301 3636 5356 Et

2045 5400 2162 5459 post
2188 5407 2356 5461 pauca
2381 5408 2396 5445 :
2421 5392 2642 5463 Rogabit
2678 5411 2771 5463 pro
2809 5411 2868 5447 eo
2907 5393 3170 5459 sacerdos,
3202 5402 3250 5446 et
3283 5409 3376 5462 pro
3413 5401 3633 5462 peccato

2041 5483 2177 5552 ejus,
2203 5501 2264 5537 ac
2291 5484 2580 5537 dimittetur
2612 5485 2677 5536 ei.
2719 5485 2786 5538 Et
2815 5486 3010 5540 iterum
3040 5503 3053 5539 :
3079 5485 3270 5538 Anima
3307 5483 3351 5537 si
3382 5498 3634 5552 peccare-

2042 5577 2106 5628 rit
2137 5593 2226 5647 per
2255 5577 2627 5646 ignorantiam,
2660 5577 2936 5647 feceritque
2963 5595 3124 5632 unum
3151 5594 3215 5632 ea:
3241 5578 3321 5631 his
3358 5590 3475 5646 qua:
3520 5574 3635 5627 Do-

2043 5668 2170 5719 mini
2191 5666 2298 5736 lege
2320 5666 2675 5734 prohibentur,
2698 5679 2745 5721 et
2768 5669 2964 5738 peccati
2991 5685 3076 5722 rea
3099 5667 3409 5721 intellexerit
3439 5665 3635 5733 iniquis

2043 5770 2195 5813 latent
2222 5776 2391 5823 sumn,
2421 5760 2603 5829 offerat
2628 5762 2836 5815 arietem
2869 5760 3260 5815 immaculatum
3294 5759 3356 5814 de
3380 5757 3626 5829 gregibus
