4010 6184
272 337 377 395 549

1763 320 2093 378 CARMlNA.

3430 315 3537 373 350

270 453 553 519 sacerdoti,
569 451 732 522 juxta
762 463 1061 503 mensuram
1089 446 1588 513 a’stimationemque
1616 439 1850 510 peccati:
1880 456 1931 508 Α
1954 453 2127 510 usque
2155 438 2281 493 dum
2310 436 2603 492 invdlvitur
2634 434 2775 490 calix
2801 432 2870 489 de
2897 432 3114 490 sudario
3140 431 3370 499 diaconi,
3416 432 3541 489 vice

269 547 362 618 qui
392 542 557 599 orabit
584 558 679 613 pro
710 557 770 595 eo
795 538 933 611 quod
973 538 1206 592 nesciam
1231 534 1445 605 fecerit;
1481 542 1529 586 et
1567 531 1856 584 dimittetur

272 639 320 690 ei
341 635 430 707 qui
455 649 549 706 per
572 646 806 685 errorem
832 627 1049 699 deliquit
1073 628 1130 680 in
1148 625 1395 679 Domino.
1437 621 1691 677 Salomon
1719 634 1854 689 quo-

274 742 379 798 que
400 727 455 780 in
474 722 815 780 dedicatione
846 717 1029 788 templi
1057 731 1222 772 orans
1246 714 1379 769 dicit
1403 731 1416 766 :
1443 710 1501 766 Si
1528 711 1645 779 quis
1674 724 1860 778 cogno-

276 817 402 872 rerit
443 813 655 885 plagam
702 809 874 864 cordis
908 807 1014 872 sui,
1066 814 1113 860 et
1152 801 1439 859 extenderit
1492 815 1678 855 manus
1732 813 1857 852 suas

274 911 328 962 in
357 907 514 962 domo
535 905 659 968 hac,
698 911 757 957 tu
796 900 1042 955 exaudies
1070 897 1126 951 in
1154 895 1267 949 loco
1294 891 1630 948 habitationis
1659 899 1781 952 tute,
1810 897 1859 941 et

276 994 711 1070 repropitiaberis.
748 990 1054 1061 Perpendat
1075 986 1312 1056 prudens
1333 982 1528 1046 ﬁdelis,
1551 994 1717 1051 quam
1738 993 1864 1033 con-

274 1068 504 1143 trarium
554 1086 626 1140 sit
669 1082 886 1138 veritati
928 1080 1121 1134 divina:
1164 1074 1451 1131 consilium
1501 1068 1780 1134 Amalarii,
1807 1074 1863 1123 et

274 1189 533 1251 quantum
559 1182 822 1247 congruat
846 1171 1083 1229 suasioni
1112 1167 1332 1225 diaboli.

342 1271 529 1327 XVII].
567 1270 628 1325 ln
650 1269 791 1323 libro
811 1274 1027 1337 quarto,
1049 1263 1289 1333 capitulo
1315 1261 1529 1326 ultimo,
1553 1259 1682 1315 dicit
1701 1256 1866 1312 Ama-
1885 1299 1893 1313 ..

276 1362 446 1417 larius
477 1380 490 1416 :
528 1379 547 1411 ‹
572 1358 893 1429 Nuperrime
920 1362 1281 1411 monstratum
1315 1361 1401 1407 est
1429 1352 1581 1416 mihi,
1618 1356 1675 1404 ut
1710 1355 1861 1418 puto,

275 1454 345 1508 ab
374 1468 441 1508 eo
466 1451 557 1522 qui
587 1451 731 1521 quod
751 1450 942 1520 aperit,
968 1462 1129 1504 nemo
1152 1445 1378 1511 claudit,
1409 1444 1538 1514 quid
1566 1440 1863 1496 rationabi-

275 1542 401 1599 liter
441 1543 615 1613 possit
643 1541 748 1597 dici
779 1540 847 1595 de
876 1554 1104 1609 corpore
1133 1536 1349 1594 Domini
1378 1535 1558 1605 posito
1594 1534 1653 1587 in
1685 1530 1863 1595 altari,

277 1643 333 1688 et
360 1633 430 1688 de
460 1632 627 1687 calice
655 1647 721 1686 ex
755 1631 925 1685 latere
956 1627 1093 1696 ejus,
1134 1627 1283 1683 salvo
1325 1623 1639 1697 magisterio
1679 1635 1866 1675 eorum

278 1725 369 1794 qui
402 1724 539 1779 alias
576 1730 633 1778 et
658 1722 850 1777 melius
874 1721 1004 1774 mihi
1033 1720 1220 1774 volunt
1252 1717 1485 1788 aperire,
1516 1712 1786 1785 quomodo
1813 1716 1868 1763 et

1954 529 2174 599 Joseph,
2203 529 2296 599 qui
2326 527 2549 582 involvit
2568 540 2766 596 corpus
2790 524 3005 581 Domini
3026 524 3273 592 sindone,
3300 530 3355 579 et
3378 523 3541 579 suda-

1956 624 2057 676 rio.
2081 641 2100 673 ›
2148 620 2217 673 Ει
2252 625 2374 688 post
2397 632 2570 688 pauca
2597 634 2611 670 :
2640 634 2660 667 ‹
2679 615 2842 670 Panis
2864 623 3124 671 extensus
3150 628 3313 685 super
3347 612 3538 677 altare,

1956 726 2153 781 corpus
2186 710 2390 764 domini
2440 715 2707 763 monstrat
2749 715 3032 762 extensum
3076 707 3132 760 in
3171 720 3353 772 cruce,
3395 705 3542 779 quod

1956 816 2056 856 nos
2073 798 2476 854 manducamus.
2504 798 2702 852 Vinum
2726 803 2784 853 et
2811 811 2951 867 aqua
2976 797 3030 850 in
3057 796 3252 861 calice,
3269 801 3545 850 monStrat

1959 900 2319 956 sacramenta,
2341 905 2462 960 qua:
2486 890 2552 945 de
2577 888 2743 943 latere
2766 888 2970 944 Christi
2990 888 3045 942 in
3066 901 3228 942 cruce
3246 885 3542 951 ﬂuxerunt,

1960 983 2014 1037 id
2040 991 2146 1047 est,
2174 981 2486 1051 sanguinem
2510 986 2565 1034 et
2592 992 2807 1048 aquam,
2833 979 3030 1050 quibus
3056 992 3157 1033 nos
3181 983 3337 1049 potat
3361 974 3546 1032 Domi-

1960 1088 2063 1127 nus
2081 1079 2283 1127 noster.
2309 1090 2328 1124 ι

2030 1163 2171 1217 XIX.
2221 1162 2304 1217 Ad
2333 1163 2451 1217 haec
2476 1161 2644 1217 verba
2667 1161 2927 1216 Amalarii
2954 1160 3391 1231 respondendum
3419 1165 3503 1216 est
3527 1177 3545 1215 :

1963 1254 2023 1311 Si
2042 1262 2196 1325 putat
2223 1254 2291 1308 ab
2317 1267 2384 1308 eo
2413 1252 2517 1308 sibi
2540 1252 2969 1308 demonstratum
2995 1254 3091 1323 qui
3110 1253 3284 1322 aperit
3303 1257 3359 1306 et
3381 1264 3545 1306 nemo

1964 1346 2182 1410 claudit,
2216 1346 2305 1400 cui
2343 1342 2637 1414 subiungit,
2675 1344 2861 1400 dicens
2890 1361 2903 1397 :
2932 1342 3092 1398 Salvo
3128 1342 3431 1413 magisterio
3460 1357 3552 1397 eo-

1964 1456 2082 1495 rum
2114 1440 2203 1511 qui
2229 1437 2364 1493 alias
2383 1447 2430 1491 et
2453 1435 2641 1491 melius
2666 1437 2794 1490 mihi
2823 1436 3002 1491 volunt
3026 1437 3230 1507 aperire
3250 1437 3277 1490 2
3321 1435 3425 1491 Ubi
3449 1435 3552 1490 ite-

1966 1550 2089 1590 rum
2141 1541 2296 1604 putat
2351 1531 2596 1586 invenire
2639 1531 2732 1599 qui
2773 1529 2968 1585 melius
3005 1528 3083 1582 illi
3122 1527 3316 1597 possit.
3338 1526 3552 1597 aperire

1966 1642 2129 1699 quam
2156 1626 2436 1690 Dominus,
2465 1623 2557 1693 qui
2584 1622 2778 1691 aperit,
2811 1629 2865 1675 et
2896 1634 3054 1675 nemo
3089 1618 3330 1674 claudit?
3372 1615 3553 1682 Quare

1969 1733 2077 1771 non
2110 1722 2194 1771 est
2222 1712 2536 1769 recordatus
2559 1710 2882 1782 evangelicae
2903 1710 3201 1774 sententiae,
3231 1723 3351 1778 quae
3378 1705 3549 1761 dicit:

279 1830 451 1885 ίιυεπθ
487 1814 644 1869 “me?
684 1813 838 1883 Panis
878 1811 1159 1881 Ροηθηάιιε
1188 1810 1258 1864 Sit
1298 1809 1353 1863 in
1395 1806 1575 1870 altari,
1623 1811 1681 1859 ει
1726 1800 1869 1857 calix
1896 1810 1945 1869 B
1974 1810 2058 1864 Ne
2098 1809 2346 1864 vocemini
2382 1804 2641 1877 magistri,
2679 1806 2806 1876 quia
2840 1803 3087 1875 magister
3111 1811 3277 1857 uester
3315 1815 3449 1854 unus
3475 1808 3551 1854 est

272 1905 433 1975 juxta
475 1918 621 1958 eum.
669 1901 877 1967 Altare,
914 1915 1048 1955 crux
1076 1897 1279 1954 Christi
1307 1902 1409 1960 est,
1445 1895 1514 1950 ab
1543 1908 1609 1949 eo
1631 1892 1751 1948 loco
1777 1888 1869 1943 ubi

277 1996 545 2067 scriptum
589 2003 673 2050 est
713 1995 771 2049 in
809 2006 1058 2049 canone:
1090 1987 1239 2047 Unde
1280 1997 1330 2043 et
1368 2001 1620 2041 memores
1666 1997 1870 2046 sumus,

1972 1900 2231 1957 Christus.

292 2090 3540 2141 _____________________________.______..__.__.____.____———-

1202 2229 1292 2308 S.
1374 2215 1998 2306 AGOBARDI
2075 2206 2653 2292 CARMINA.

1052 2516 1093 2571 ι.

453 2625 479 2653 α
520 2608 860 2680 Epitaphium
914 2602 1094 2660 Caroli
1123 2603 1306 2675 Magni
1353 2601 1705 2672 imperatoris.

275 2707 467 2766 Aurea
513 2701 776 2757 caelorum
827 2704 1109 2767 postquam
1155 2695 1222 2749 de
1254 2694 1476 2764 Virgine
1523 2690 1772 2747 Christus

280 2797 613 2864 Sumpserat
658 2797 783 2858 apta
825 2788 929 2842 sibi
959 2786 1143 2841 mundi
1170 2800 1269 2854 pro
1295 2784 1523 2838 crimine
1542 2782 1807 2849 membra,

280 2885 410 2941 1am
457 2883 702 2938 decimus
724 2885 951 2948 quartus
976 2883 1100 2947 post
1129 2877 1334 2931 centies
1360 2883 1484 2930 octo
1511 2874 1728 2929 volabat

284 2978 502 3038 Annus,
529 2971 799 3042 ﬂuctivagi
842 2968 1041 3025 meruit
1066 2983 1167 3037 per
1205 2967 1413 3022 fervida
1439 2965 1562 3022 caeli

284 3064 542 3124 Etherei
584 3062 829 3127 Carolus,
876 3059 1214 3115 Francorum
1247 3058 1418 3129 gloria
1464 3056 1658 3127 gentis,

287 3159 539 3229 Equora
563 3155 816 3220 transire,
838 3160 894 3209 et
919 3152 1189 3223 placidum
1219 3149 1611 3219 comprendere
1631 3153 1878 3216 portum.

287 3252 397 3319 Qui
433 3249 719 3318 deciesque
743 3253 935 3317 quater
970 3259 1085 3315 per
1107 3257 1202 3299 sex
1229 3242 1459 3298 feliciter
1488 3255 1659 3295 annos

1978 2506 2047 2561 Et
2069 2503 2273 2561 Christi
2308 2500 2539 2575 subeunt
2565 2496 2871 2552 veneranda
2892 2493 3107 2565 templa,

1978 2596 2218 2652 Cernunt
2255 2602 2313 2645 ut
2341 2600 2451 2653 tua,
2475 2585 2745 2658 Cypriane
2766 2592 2995 2653 martyr,

1977 2686 2233 2744 Servaret
2261 2681 2468 2737 loculus
2498 2677 2777 2750 neglectus
2820 2689 2964 2730 ossa.

1978 2777 2116 2834 Tum
2142 2789 2272 2830 vero
2298 2771 2468 2826 nimio
2497 2769 2685 2825 dolore
2719 2766 2872 2832 moti,

1977 2870 2045 2925 Et
2082 2880 2277 2937 magno
2311 2862 2517 2934 gemitu
2579 2858 2763 2929 polum
2800 2856 3095 2921 intuentes,

1977 2965 2217 3020 Poscunt
2264 2958 2527 3014 auxilium
2552 2954 2649 3010 Dei
2678 2953 2954 3023 perennis,

1978 3056 2087 3113 Pro
2114 3070 2220 3126 quo
2248 3057 2438 3107 sancte
2468 3047 2567 3102 tibi
2597 3052 2763 3117 caput
2800 3045 3037 3100 recisum
3070 3049 3173 3098 est.

1978 3148 2048 3204 Et
2094 3161 2220 3202 mox
2258 3141 2555 3213 poplitibus
2594 3138 2867 3209 precando
2902 3135 3082 3200 ﬂexis,

1979 3239 2232 3297 Pandunt
2254 3235 2667 3303 sarcophagum,
2697 3230 3021 3298 studentque
3043 3239 3231 3282 sacros

290 3344 528 3413 Sceptra
548 3348 739 3397 tenens
762 3338 938 3407 regni,
972 3346 1025 3392 et
1047 3351 1214 3407 regno
1267 3351 1361 3391 rex
1386 3350 1547 3403 regna
1576 3330 1883 3404 reiungens,
1913 3340 1958 3403 ρ
1988 3332 2153 3387 Artus
2179 3329 2447 3397 stringere
2476 3323 2654 3378 linteis
2683 3320 2907 3393 paratis,

290 3434 479 3489 Febru
511 3431 766 3500 migravit
811 3430 1002 3501 quinto
1022 3429 1124 3497 arii
1174 3443 1242 3482 ex
1274 3428 1406 3482 orbe
1446 3424 1737 3489 Kalendas,

295 3528 657 3599 Septuaginta
698 3539 867 3580 senex
904 3525 1031 3578 vitae
1059 3524 1151 3596 qui
1180 3522 1440 3577 terminat
1460 3535 1651 3575 annos.

295 3620 641 3688 Quapropter
676 3616 881 3688 ﬂagito,
901 3615 1155 3685 precibus
1190 3614 1234 3670 si
1265 3613 1497 3668 ﬂecteris
1530 3612 1674 3677 ullis,

297 3708 513 3778 Quique
551 3708 713 3778 huius
742 3705 938 3775 relegis
966 3720 1158 3760 versus
1185 3704 1581 3774 epigrammata
1604 3701 1797 3766 lector,

299 3797 625 3855 Astriferam
637 3795 816 3853 Caroli
845 3802 1046 3861 teneat,
1090 3795 1196 3860 dic,
1219 3793 1443 3863 spiritus
1465 3805 1668 3847 arcem.

1089 3904 1151 3958 ιι.
1255 3888 1268 3905 ’

303 4023 329 4060 ιι
382 4018 459 4073 De
484 4017 830 4073 translatione
857 4014 1211 4085 reliquiarum
1237 4017 1563 4085 sanctorum_
1589 4016 1889 4085 marjyrum

375 4088 651 4161 Cypriani,
674 4087 903 4158 Sperati,
925 4074 978 4138 et
1011 4079 1360 4135 Pantaleonis
1383 4079 1452 4133 ad
1478 4078 1659 4132 urbem
1685 4074 1895 4145 Lugdu-

378 4174 611 4213 nensem.
1205 4201 1208 4203 λ

306 4251 509 4305 ﬂector
530 4246 850 4318 magniﬁcus
892 4245 1121 4315 piusque
1155 4241 1432 4312 princeps,

306 4343 569 4412 Augusto,
584 4337 812 4394 Carolus
858 4336 1052 4391 decore
1080 4332 1248 4388 fultus
1263 4372 1278 4395 ,

310 4435 599 4502 Sceptrum
653 4428 834 4485 nobile
862 4426 1193 4481 Francorum
1220 4423 1464 4494 regebat,

313 4521 600 4593 Subiectos
626 4518 853 4595 populos
884 4518 973 4588 pie
998 4516 1324 4587 gubernans.

314 4614 508 4669 Lectos
558 4625 775 4680 aequora
805 4608 1044 4679 iusserat
1071 4621 1257 4662 secare

316 4706 526 4776 Aciam
556 4705 790 4775 propitio
845 4704 947 4759 sibi
992 4710 1231 4764 tonante,

320 4797 442 4852 Post
462 4796 661 4852 multos
708 4793 889 4849 nimiae
923 4793 1024 4847 viae
1050 4790 1287 4856 labores,

322 4889 566 4960 Ingressu
614 4888 801 4944 reduci
842 4887 1015 4942 salum
1037 4892 1308 4955 petentes,

322 4980 593 5035 Intrarunt
627 4978 859 5050 Libycos
886 4984 1107 5047 repente
1144 4977 1282 5032 ﬁnes
1314 4992 1328 5029 :

321 5073 436 5137 Qua
468 5070 744 5142 Carthago
771 5070 924 5141 gravi
952 5067 1142 5138 iacens
1171 5068 1327 5123 ruina

324 5162 493 5218 Deilet
516 5163 821 5233 praeteritae
853 5161 1017 5216 decus
1060 5158 1322 5228 iuventae.

326 5256 424 5311 llic
445 5256 573 5311 dum
597 5255 850 5311 basilicas
880 5255 990 5309 Deo
1005 5252 1214 5308 dicatas

1986 3422 2448 3489 Committuntque
2500 3431 2659 3473 sacro
2699 3429 2897 3483 corpus
2920 3410 3130 3469 locello.

1988 3512 2201 3584 Sperati
2228 3523 2443 3581 quoque
2502 3507 2760 3578 martyris
2808 3504 2976 3569 beati,

1986 3603 2097 3658 Nec
2131 3616 2240 3656 non
2264 3598 2611 3657 Pantaleonis
2663 3612 2789 3652 ossa
2823 3596 3021 3664 raptim

1988 3690 2208 3750 Tollunt
2232 3698 2427 3747 cuncta
2447 3687 2630 3753 simul,
2667 3686 2940 3756 ligantque
2964 3683 3177 3755 pannis.

1987 3783 2369 3843 Conscendunt
2398 3779 2603 3834 celeres
2629 3786 2802 3832 ratem
2826 3785 3097 3846 paratam,

1988 3874 2099 3930 Nec
2127 3874 2255 3929 saevi
2309 3877 2559 3924 metuunt
2582 3867 2787 3937 pericla
2808 3867 2978 3935 ponti.

1990 3964 2239 4036 Egressis
2275 3961 2467 4017 Arelas
2495 3959 2675 4029 opima
2704 3965 2865 4027 portu

1991 4055 2242 4113 Occurrit
2261 4052 2493 4125 placido,
2524 4051 2756 4120 sinuque
2792 4048 2916 4105 lato

1992 4149 2190 4204 Fessos
2214 4146 2439 4216 excipit,
2463 4159 2527 4199 ac
2553 4143 2700 4197 fovet
2745 4142 2997 4213 benigne.

1996 4241 2122 4297 Haec
2165 4255 2294 4295 mox
2330 4253 2455 4294 cum
2476 4235 2647 4291 audiit
2672 4234 2909 4305 optimus
2930 4232 3210 4298 sacerdos,

1995 4332 2240 4403 Lugduni
2294 4329 2559 4401 placidam
2618 4336 2811 4384 tenens
2838 4325 3176 4389 cathedram,

1997 4422 2322 4479 Sanctorum
2367 4417 2570 4474 eximio
2619 4417 2801 4473 calore
2829 4416 3084 4486 ﬂagrans,

1998 4511 2392 4579 lntendensque
2416 4507 2588 4562 sacris
2621 4506 2823 4575 ubique
2859 4504 3047 4567 rebus,

2001 4600 2280 4657 Ledradus
2308 4597 2581 4668 specimen
2620 4594 2893 4663 decusque
2921 4591 3075 4656 cieri,

1925 4704 1978 4761 1)
2003 4692 2154 4756 Orat,
2184 4690 2444 4761 postulat,
2476 4688 2839 4756 impetratque
2878 4682 3096 4753 raptim,

2009 4786 2079 4841 Ut
2105 4782 2449 4838 sanctissima
2487 4785 2787 4849 martyrum
2804 4776 3021 4847 piorum

2005 4874 2219 4932 Nostris
2256 4872 2527 4927 moenibus
2560 4884 2684 4927 ossa
2706 4868 3090 4931 conderentur,

2009 4965 2254 5038 Lugduni
2278 4965 2344 5017 ad
2367 4962 2635 5031 placidam
2689 4958 2913 5014 Joannis
2947 4971 3123 5021 aram,

2009 5058 2112 5127 Qui
2159 5056 2433 5112 Christum
2461 5054 2634 5109 vitrea
2659 5051 2858 5122 rigavit
2890 5049 3053 5106 unda.

2007 5150 2120 5204 lllic
2166 5164 2292 5202 cum
2326 5146 2489 5200 sociis
2521 5145 2729 5198 honore
2761 5141 2911 5196 claro

2017 5241 2264 5305 Florens,
2292 5236 2477 5292 inclite
2501 5233 2772 5305 Cypriane
2803 5229 3027 5286 dormis.

1715 5357 1986 5416 BALUle
2024 5350 2255 5409 NOTAE.

2012 5472 2191 5522 exstat
2214 5463 2268 5517 in
2298 5459 2677 5533 Martyrolpgio
2699 5454 2906 5533 Adonis
2925 5448 3267 5533 Viennensis,
3288 5446 3428 5533 unde
3442 5441 3600 5533 edita

2013 5515 2267 5591 estinter
2288 5515 2495 5602 Elegia.
2538 5515 2646 5602 Sed
2690 5525 3022 5602 posteriores
3051 5529 3294 5602 quatuor
3308 5526 3369 5602 et
3405 5515 3598 5602 viginti

2013 5589 2224 5669 versus,
2247 5603 2340 5673 qui
2368 5589 2425 5658 ἰῖι
2450 5589 2818 5673 superioribus
2841 5589 3169 5673 editionihus
3209 5589 3600 5673 desiderabant

2015 5656 2131 5740 id};
2144 5656 2873 5743 supplevimus'ex_cditione
2897 5663 3144 5743 Pameiii,
3173 5662 3263 5743 qui
3288 5659 3407 5743 illos
3432 5656 3603 5716 edidit

2014 5732 2155 5803 inter
2182 5732 2566 5814 l’rolegomena
2596 5740 2828 5809 Operam
2859 5735 3032 5793 sancti
3055 5732 3328 5806 Cypriani.

364 5552 373 5562 _
400 5494 427 5522 ι
456 5482 798 5562 Epitaphium
820 5478 1016 5562 Caroli.
1044 5477 1180 5562 liuic
1207 5474 1565 5562 carmininps
1595 5472 1807 5562 titulum
1838 5469 1913 5551 ie-

330 5540 519 5617 cimus;
562 5540 732 5607 secuti
778 5550 1155 5605 auctoritatem
1205 5540 1904 5617 Chronici‘Novaliciensis,

335 5623 388 5675 in
411 5615 516 5692 quo
559 5623 829 5692 reperitur
879 5622 1180 5675 insertum:
1210 5615 1701 5692 cuius__etiam_npe
1728 5624 1912 5692 corre-

336 5682 511 5747 xinius
542 5682 724 5750 errata
749 5708 867 5762 qua:
891 5682 1300 5762 irrepseruntin
1321 5686 1553 5762 editione
1585 5682 1835 5762 Massoni.

407 5764 434 5803 δ
484 5763 563 5819 De
619 5752 1276 5819 translatione-Historia
1330 5756 1488 5827 huius
1547 5752 1910 5809 translationis
