3986 6174
405 358 510 416 5.79

1474 345 1850 405 ECINHARDI
1890 346 2181 403 ABBATIS
2219 344 2539 401 ANNALES

3579 349 3680 405 360

404 491 508 547 que
547 488 648 529 nec
677 472 744 526 ab
785 468 1011 525 historia
1058 466 1342 547 scribenda
1392 472 1697 547 temperare
1747 463 1995 547 debuisse
2024 469 2073 527 Α
2100 472 2248 544 certa
2278 462 2588 547 conjectura
2608 459 2883 547 ducimur)
2916 459 3106 547 abillo
3162 460 3319 547 hernae
3356 460 3683 547 .Latiqitatis

2100 534 2328 587 nimium
2381 530 2629 587 studioso
2685 530 2969 584 immutata
3023 546 3162 585 esse.
3216 530 3369 597 Quod
3402 538 3464 585 ut
3489 531 3686 589 clarius

2094 604 2338 675 prodeat,
2373 618 2546 672 pauca
2576 600 2825 670 exempla
2852 601 2934 655 vel
2968 616 3076 655 uno
3104 615 3248 654 anno
3283 602 3381 655 787
3398 599 3687 675 desumpta

404 533 705 601 credendus
753 543 858 601 sit.
914 548 1093 592 tamen
1148 537 1201 591 in
1249 535 1533 589 annalibus
1588 549 1727 588 anno
1779 533 1883 589 806
1920 535 1991 589 de

403 615 709 683 eclipsibus,
742 610 897 683 anuis
920 608 1047 683 Δ825
1075 615 1131 683 et
1157 606 1261 663 8ὶὸ
1293 606 1360 660 de
1410 605 1586 683 puella
1624 604 1990 659 Commercia—

404 677 549 738 πριιὲί
605 683 780 742 dicta,
834 678 966 749 ipsis
1004 678 1161 731 annis
1213 677 1509 749 composita
1573 684 1985 749 esse__apparet.

406 754 650 821 Dumque
686 744 1132 828 cit-Aca'ljhenum
1164 744 1447 828 scripsisse
1479 762 1545 827 eo
1578 744 1944 828 intelligiiiuts
1973 785 1987 807 ,

403 823 548 891 quod
563 813 725 891 'auno
751 819 846 891 82l
866 819 942 891 _de
967 817 1137 891 glacie
1158 813 1537 891 ﬂuviorumjn
1574 815 1751 891 Gallia_
1769 823 1825 868 et
1856 813 1992 869 Ger-

403 885 607 955 mania,
642 889 836 953 Rheni,
865 885 1112 951 Danubii,
1142 888 1293 941 Albis
1330 902 1393 940 ac
1443 885 1951 956 Sequanielocutns
1974 924 1988 949 ,

403 954 623 1029 adjiciat
652 979 669 1010 ι
706 958 857 1028 cuius
908 958 1163 1029 resolutio
1192 973 1302 1029 non
1343 954 1613 1029 modicum
1642 955 1784 1029 villis
1835 954 1992 1023 juxta

400 1026 579 1086 Rheni
604 1026 803 1084 ﬂuenta
834 1028 1145 1083 constitutis
1172 1027 1426 1079 damnum
1458 1026 1653 1087 intulit,
1697 1045 1714 1076 ι
1755 1026 1857 1078 hoc
1886 1040 1991 1079 non

402 1100 766 1171 Scligenstadi
822 1099 1027 1171 fuisse,
1086 1105 1342 1171 constans
1403 1093 1793 1171 de_Germania
1838 1095 1993 1171 quasi

405 1165 559 1226 trans
587 1172 833 1224 Rhenum
870 1170 975 1222 sita
1000 1181 1180 1221 sermo
1235 1165 1487 1235 (exempli
1516 1166 1708 1231 gratia,
1734 1180 1823 1217 an.
1867 1165 1992 1229 795,

401 1242 530 1307 826)
556 1241 710 1294 nobis
736 1238 1044 1307 persuadet.
1101 1235 1404 1307 Secundam
1458 1235 1825 1307 igitnropcris
1871 1249 1997 1307 par-

402 1304 638 1380 temper
673 1304 915 1380 singulos
944 1321 1133 1380 annos,
1171 1306 1297 1380 dum
1323 1305 1437 1380 ipse
1466 1304 1996 1380 aulteintperatoriae

404 1374 727 1444 adhaireret,
759 1374 813 1432 et
864 1375 1188 1447 Aquisgrani
1250 1374 1636 1447 p_r;ecipue,_ab
1686 1374 1997 1447 Eginhardo

405 1450 759 1515 compositam
800 1444 1224 1515 esse'propono.
1252 1444 1389 1498 llinc
1429 1453 1484 1498 et
1511 1444 1679 1498 altum
1716 1446 1794 1515 de
1824 1444 1994 1499 Adal—

404 1514 563 1575 bardi
590 1529 643 1573 et
693 1517 863 1572 Wala:
908 1514 1165 1571 abbatum
1221 1515 1375 1568 ruina
1403 1514 1550 1584 (nam
1598 1514 1995 1569 restitutionem

405 1588 692 1660 memorat)
727 1588 1018 1660 silentium,
1051 1593 1103 1640 et
1129 1600 1226 1639 cur
1272 1600 1408 1654 opus
1454 1584 1594 1638 ultra
1641 1599 1843 1638 annum
1892 1585 1997 1640 829

403 1676 511 1714 non
536 1655 864 1722 excreverit,
896 1655 1222 1711 declaratur.

478 1730 546 1785 Ut
569 1730 739 1800 igitur
773 1726 960 1800 paucis
1013 1725 1345 1800 sententiam
1394 1738 1574 1777 meam
1631 1724 1700 1778 de
1763 1732 1997 1800 utroque

404 1814 568 1869 opere
591 1794 904 1869 absolvam,
923 1796 1160 1869 Annales
1185 1794 1594 1869 haurissenses,
1619 1809 1792 1869 usque
1810 1794 1993 1869 adan.

402 1864 509 1925 788
534 1871 587 1922 in
616 1866 945 1921 monasterio
973 1865 1147 1921 sancti
1184 1864 1398 1919 Nazarii
1430 1865 1777 1935 compositos,
1804 1865 1993 1919 ultimo

404 1939 588 1993 saeculi
620 1938 801 1993 octavi
832 1937 1095 1991 decennio
1117 1936 1182 1990 ad
1214 1949 1410 2006 manus
1439 1934 1756 2006 Eginhardi,
1812 1937 1994 2006 magni

406 2007 954 2063 Laureshamensium
976 2006 1156 2069 amici,
1185 2004 1489 2067 devenisse,
1521 2012 1577 2057 et
1603 2004 1673 2058 ab
1708 2019 1775 2058 eo
1825 2004 1998 2059 conti-

406 2080 665 2133 uuationc
695 2092 961 2131 annorum
989 2074 1242 2138 788-899,
1276 2073 1492 2144 qualem
1526 2074 1814 2128 Annalium
1854 2074 1997 2129 Lau-

405 2149 726 2203 risseusium
774 2148 990 2201 codices
1031 2146 1313 2209 exhibent,
1356 2146 1601 2209 donatos,
1650 2159 1814 2215 apere
1866 2160 1995 2199 vero

402 2219 472 2271 ad
511 2218 671 2273 ﬁnem
700 2218 979 2287 perducto,
1010 2216 1252 2287 priorem
1280 2215 1445 2287 etiam
1475 2224 1689 2287 partem
1727 2217 1995 2287 monacho

407 2290 665 2352 debitam,
698 2284 863 2357 quam
883 2284 1047 2357 opera
1079 2302 1175 2341 sua
1204 2284 1497 2355 plurimum
1542 2285 1783 2351 indigere
1837 2285 1997 2340 intel-

399 2358 647 2421 lexisset,
676 2356 746 2428 ab
778 2356 1085 2428 Eginhardo
1128 2357 1489 2428 recognitam,
1525 2362 1687 2424 atque
1710 2370 1831 2428 una
1869 2371 1995 2411 cum

403 2426 1037 2496 continuatione'paucis
1061 2426 1244 2496 verbis
1279 2426 1563 2496 immutata
1607 2440 1706 2496 suo
1753 2427 1855 2496 sub
1894 2442 1996 2480 no-

405 2498 550 2551 mine
571 2497 774 2550 editam
792 2493 911 2551 esse
938 2512 1155 2552 censeo.
1179 2493 1313 2561 Quae
1339 2496 1386 2549 si
1416 2494 1505 2550 cui
1545 2495 1724 2549 minus
1774 2495 1995 2564 placue-

404 2568 537 2632 rint,
570 2565 676 2620 alia
707 2581 805 2621 nos
834 2568 1028 2621 docere
1056 2581 1164 2620 non
1193 2565 1563 2635 supersedcat.

476 2637 559 2691 Ad
605 2647 916 2706 temporum
963 2636 1230 2691 rationem
1286 2635 1430 2704 quod
1487 2635 1747 2704 pertinet,
1796 2651 1996 2691 annum

403 2722 561 2763 suum
591 2705 1075 2761 Laureshameusis
1126 2706 1429 2776 monachus
1468 2714 1524 2776 et
1577 2706 1920 2776 Eginhardns
1965 2723 1995 2760 a

406 2776 692 2832 nativitate
729 2776 943 2831 Domini
984 2776 1259 2840 inchoant,
1292 2775 1435 2845 quod
1484 2775 1549 2829 iis
1602 2775 1757 2829 annis
1800 2778 1995 2844 quibus

473 2862 500 2899 r
526 2847 757 2901 hiemem
787 2846 949 2900 etiam
974 2861 1061 2901 res
1085 2854 1252 2915 gesta:
1287 2844 1453 2915 sunt,_
1488 2844 1720 2914 exempli
1788 2847 1991 2914 gratia,

442 2916 533 2975 68.
573 2916 676 2970 776
695 2958 711 2980 ,
744 2916 836 2970 781
863 2956 878 2978 ,
911 2915 1034 2979 785,
1064 2913 1188 2981 787,
1215 2915 1339 2980 800,
1396 2913 1493 2969 801
1522 2955 1535 2979 ,
1560 2913 1696 2979 802,
1730 2916 1867 2981 806,
1891 2917 1994 2971 807

406 2985 564 3040 initio
588 2994 642 3040 et
668 2986 795 3052 line,
823 2985 949 3050 808,
987 2995 1118 3050 etc.,
1171 2993 1324 3040 extra
1377 2985 1768 3040 dubitationem
1813 2987 1990 3053 venit;

404 3054 583 3110 hieme
616 3066 793 3110 tamen
822 3072 920 3126 per
943 3056 1179 3126 quietem
1218 3056 1398 3118 ducta,
1446 3063 1675 3125 uterque
1717 3065 1993 3126 recentem

400 3140 602 3196 annum
618 3125 1351 3196 nonnisipost’verisinitium
1382 3126 1659 3189 inchoare,
1673 3133 1728 3181 et
1748 3125 1990 3181 Natalem

407 3195 621 3269 Domini
659 3208 714 3251 et
745 3195 952 3269 Pascha
995 3212 1148 3269 anno
1179 3196 1434 3269 proxime
1460 3196 1645 3269 elapso
1696 3196 1992 3269 adjuugere

402 3266 652 3336 videtur;
686 3266 831 3336 quod
866 3266 1135 3320 neminem
1176 3266 1232 3320 in
1259 3280 1501 3320 errorem
1542 3267 1739 3321 ducere
1768 3266 1986 3336 potest.

480 3334 786 3389 Editionem
812 3335 885 3388 ita
909 3336 1138 3399 institui,
1199 3342 1260 3389 ut
1303 3351 1437 3404 cum
1485 3336 1704 3404 utrique
1752 3334 1991 3394 Annales

404 3402 531 3457 inde
554 3406 622 3457 ab
653 3419 795 3458 anno
811 3404 908 3458 801
944 3405 1010 3459 ad
1027 3404 1261 3459 litteram
1287 3403 1403 3460 fere
1416 3402 1771 3468 consentiant,
1796 3408 1992 3463 exinde

404 3475 701 3528 secundam
730 3482 938 3528 tantum
959 3475 1274 3541 editionem,
1313 3490 1475 3544 quam
1505 3475 1751 3529 ultimam
1781 3478 1990 3532 auctori

404 3544 677 3616 placuisse
706 3545 977 3616 existimo,
1012 3546 1153 3616 typis
1175 3546 1561 3615 eXprimerem,
1596 3546 1827 3602 diversis
1858 3547 1993 3603 alte-

404 3615 519 3669 rius
548 3614 873 3670 lectionibus
907 3631 1015 3669 non
1036 3614 1215 3670 solum
1246 3614 1496 3679 servatis,
1534 3616 1629 3671 sed
1674 3623 1730 3669 et
1763 3618 1990 3672 uncina-

406 3700 526 3739 rum
553 3700 656 3754 ope
680 3685 852 3739 textui
875 3686 1113 3740 insertis.
1150 3685 1472 3741 Moneudum
1516 3694 1711 3749 reSIat,
1739 3687 1793 3741 in
1822 3703 1993 3743 anno-

404 3755 704 3810 tationibus
758 3770 1025 3809 annorum
1078 3754 1325 3811 801-829
1378 3755 1558 3810 littera
1606 3755 1649 3809 A
1699 3755 1991 3813 Annalium

403 3824 719 3948 ligiul‘iiardi,
746 3824 927 3880 littera
954 3825 995 3879 Β
1020 3826 1310 3881 Annalium
1327 3825 1761 3881 Laurissensium
1778 3829 1993 3884 codices

404 3911 543 3948 Sl‘llll
588 3911 724 3948 cari.

404 3896 724 3963 signiﬁcari.

474 3966 754 4021 Editiones
779 3968 1083 4023 anteriores
1111 3983 1302 4023 omnes
1330 3967 1503 4022 codici
1532 3975 1642 4022 tum
1681 3967 1987 4025 Lauresha-

403 4036 603 4099 mensi,
628 4036 937 4090 Loiseliano
955 4046 1009 4092 et
1038 4038 1267 4092 Baronis
1301 4038 1368 4091 de
1395 4037 1659 4102 Crassier,
1696 4050 1808 4094 tum
1842 4040 1989 4095 Nue-

402 4106 648 4169 nariano,
676 4106 966 4160 cardinalis
1001 4107 1359 4169 d’Armaguac
1402 4116 1459 4161 et
1503 4107 1796 4164 Casselano
1850 4111 1992 4166 inui-

406 4183 627 4238 tuntur;
661 4182 861 4243 praeter
905 4190 1027 4243 qua:
1062 4176 1107 4230 si
1156 4176 1303 4230 nulla
1353 4176 1593 4232 subsidia
1648 4178 1754 4231 alia
1796 4189 1990 4236 nactus

404 4243 970 4315 l’uissem,_scriptores
997 4246 1495 4315 quiposterioribus
1523 4246 1738 4302 smeulis
1765 4251 1990 4306 annales

404 4322 623 4367 nostros
654 4313 707 4366 in
729 4327 891 4367 usum
913 4313 1071 4368 suum
1099 4313 1401 4380 verterunt,
1433 4317 1488 4371 in
1518 4316 1775 4372 auxilium
1790 4332 1988 4376 vocare

404 4381 620 4456 animus
649 4381 769 4456 fuit,
803 4383 1087 4456 sedAmulto
1113 4385 1431 4456 melioribus
1459 4387 1664 4456 potitus
1688 4403 1829 4452 sum,
1864 4406 1987 4444 cum

404 4451 693 4529 ﬁocietatis
726 4453 1021 4529 beneﬁcio
1077 4454 1291 4529 codices
1349 4451 1828 4529 praestantissimos
1891 4475 1987 4529 per

2096 672 2293 729 Sttﬂicia
2304 682 2359 726 nt
2375 717 2388 730 .

2170 762 2269 817 Ubi
2306 762 2525 819 Codices
2559 762 2733 834 legunt
2762 777 2780 815 .'

2168 834 2233 887 Et
2263 842 2391 888 tunc
2425 833 2671 889 rebellati
2729 842 2855 888 sunt

2099 904 2293 958 iterum
2320 904 2585 969 Saxones,

2173 974 2290 1040 Quo
2316 975 2499 1029 audito
2536 991 2565 1028 a
2609 975 2857 1044 supradi-

2097 1053 2185 1099 cto
2212 1044 2320 1099 lilio
2349 1045 2529 1100 domui
2555 1045 2730 1099 Caroli
2773 1061 2859 1099 re-

2102 1115 2207 1186 gis,
2237 1114 2450 1169 obviam
2475 1116 2556 1169 eis
2605 1116 2854 1181 accessit,

2171 1193 2232 1238 ut
2287 1186 2339 1238 in
2398 1186 2703 1240 Benevento
2752 1202 2857 1240 non

2104 1254 2405 1319 introisset,
2437 1264 2491 1309 et
2533 1271 2722 1309 omnes
2767 1272 2861 1310 vo-

2099 1324 2337 1407 luntates
2368 1324 2615 1408 praefati
2676 1326 2860 1408 domui

2100 1396 2245 1520 gegits
2315 1395 2614 1466 adimplere
2677 1397 2861 1467 cupie-

2140 1481 2208 1519 an
2239 1506 2253 1520 .

2140 1475 2253 1531 ant,

2173 1536 2317 1608 unde
2345 1544 2401 1591 et
2446 1537 2679 1608 domnus
2698 1607 2701 1608 ν
2729 1552 2860 1608 apo-

2102 1606 2327 1661 stolicus
2351 1607 2580 1661 multum
2607 1623 2666 1662 se
2694 1606 2862 1662 inter-

2101 1691 2308 1745 ponens
2360 1676 2678 1747 postolando
2731 1678 2861 1733 iam—

2104 1747 2247 1818 dicto
2270 1748 2468 1802 domno
2504 1763 2651 1816 rege.
2681 1747 2748 1802 Et
2776 1749 2859 1818 ip-

2027 1819 2074 1878 B
2101 1831 2160 1871 se
2189 1817 2421 1873 domnus
2444 1831 2539 1871 rex
2582 1817 2861 1878 respondit

2100 1888 2398 1957 apostolico
2413 1888 2512 1944 hoc
2525 1903 2583 1943 se
2596 1888 2853 1954 voluisse,

2167 1958 2494 2028 apostolicus
2551 1974 2681 2014 vero
2729 1975 2855 2014 cum

2095 2028 2437 2098 cognovisset
2475 2029 2541 2083 de
2588 2029 2857 2084 instabili-

2096 2106 2209 2153 tate
2236 2098 2320 2153 vel
2338 2098 2616 2153 mendacia
2644 2116 2868 2164 eorum,-

2096 2169 2278 2223 statim
2309 2185 2471 2240 supra
2512 2170 2705 2225 ducem
2758 2186 2854 2224 eo-

2097 2254 2215 2293 rum
2240 2240 2323 2294 vel
2351 2240 2463 2295 suis
2480 2241 2858 2297 consentaneis

2098 2310 2388 2365 anathema
2417 2312 2615 2381 posuit,

3062 759 3313 817 Curtisius
3339 762 3505 816 edidit
3541 778 3559 814 :

3000 830 3242 886 Saxones
3305 841 3433 887 tunc
3464 893 3471 901 ,
3491 834 3690 890 iterum

2927 902 3277 964 rebellarunt,

3000 974 3117 1045 Quo
3144 974 3347 1045 audito,
3406 976 3690 1045 supradic-

2933 1053 3017 1098 tus
3048 1043 3191 1098 ﬁlius
3210 1043 3590 1113 domuiCaroli
3614 1062 3694 1100 re-

2929 1113 3013 1183 gis
3035 1114 3249 1167 obviam
3278 1113 3375 1168 ivit
3411 1116 3508 1176 eis,

3002 1199 3069 1238 ne
3121 1184 3490 1239 Beneventum
3521 1187 3693 1240 intra-

2933 1261 3050 1319 ret,
3113 1254 3241 1322 quia
3294 1254 3453 1309 vellet
3499 1273 3693 1311 omnes

2934 1323 3241 1379 voluntates
3271 1326 3413 1396 regis
3428 1327 3692 1398 adimple-

2932 1409 3011 1461 re,

3003 1535 3147 1608 unde
3172 1545 3227 1591 et
3258 1538 3486 1592 domnus
3524 1553 3690 1608 apos-

2933 1605 3125 1662 tolicus
3154 1608 3381 1661 multum
3415 1623 3476 1663 sc
3521 1605 3695 1663 inter-

2931 1691 3139 1748 ponens
3200 1679 3473 1747 precando
3538 1680 3663 1733 dom
3680 1711 3693 1719 -

2931 1763 3059 1802 num
3092 1763 3296 1819 regem,
3330 1749 3421 1817 qui
3465 1765 3692 1819 respon—

2932 1818 3009 1872 dit
3030 1832 3088 1872 se
3122 1818 3377 1883 voluisse,

2999 1959 3325 2029 apostolicus
3374 1974 3505 2013 vero
3563 1976 3690 2015 eum

2932 2030 3278 2098 cognovisset
3362 2031 3688 2085 instabilita‘

2930 2108 3041 2154 tem
3071 2100 3308 2154 mandati
3334 2115 3544 2163 eorum,
3580 2113 3693 2155 sta-

2931 2170 3027 2223 tim
3075 2170 3444 2240 supradictum
3497 2172 3689 2226 ducem

2930 2256 3052 2295 cum
3131 2242 3510 2296 consentaneis
3577 2244 3693 2297 suis

2929 2311 3275 2365 anathemate
3302 2311 3470 2365 feriit.

2098 2418 2227 2484 Qum
2256 2435 2377 2473 cum
2410 2419 2483 2473 ita
2519 2420 2648 2483 sint,
2675 2420 2816 2474 hanc
2842 2420 3160 2484 editionem,
3191 2420 3261 2474 ob
3290 2421 3523 2474 nominis
3553 2421 3694 2475 Lau-

2100 2491 2466 2545 rcshamensis
2493 2492 2854 2545 reverentiam
2880 2492 3057 2560 primo
3082 2490 3377 2546 certe'loco
3402 2490 3684 2546 collocau-

2099 2561 2245 2631 dam,
2264 2560 2457 2631 minus
2485 2568 2667 2615 tamen
2696 2576 2884 2631 presse
2909 2569 3127 2616 secutus
3154 2577 3295 2616 sum.

2169 2630 2223 2683 2.
2256 2629 2554 2685 Plurimum
2575 2646 2606 2684 e
2621 2629 2811 2685 contra
2838 2632 3012 2686 Codici
3040 2632 3382 2686 bibliotheca:
3399 2630 3691 2686 Christiane

2098 2701 2296 2771 reginae
2317 2716 2465 2754 num.
2499 2701 2601 2755 617
2628 2702 2841 2771 signato
2872 2701 3218 2756 tribuendum
3243 2712 3382 2765 erat,
3414 2718 3576 2769 quem
3618 2705 3689 2756 ab

2098 2770 2997 2845 excellentissimogdominolibero
3026 2773 3339 2845 baroucgde
3388 2771 3541 2827 Stein
3594 2774 3690 2828 de—

2098 2849 2323 2905 tectum,
2355 2841 2541 2897 Roma:
2567 2841 2621 2896 in
2651 2857 2781 2896 usus
2806 2850 3022 2897 nostros
3049 2843 3207 2896 verti.
3232 2843 3327 2897 Est
3351 2845 3692 2897 membrana-

2096 2925 2247 2975 ceus,
2278 2912 2466 2967 forma;
2488 2928 2649 2982 quam
2682 2912 2869 2982 dicunt
2895 2913 2948 2966 in
2972 2920 3186 2977 octavo,
3215 2914 3395 2968 saiculi
3426 2915 3573 2977 noni,
3624 2925 3688 2968 ut

2096 2991 2326 3052 ectypou
2351 2981 2478 3036 huic
2503 2981 2712 3053 pagina:
2751 2981 3021 3050 adjectum
3076 2991 3330 3048 testatur,
3362 2999 3521 3038 manu
3579 2986 3686 3039 ﬁda

2095 3059 2152 3123 et
2172 3052 2435 3123 diligenti,
2465 3067 2693 3123 quaeque
2722 3067 2849 3107 raro
2877 3068 2909 3106 a
2939 3068 3066 3108 vero
3089 3053 3389 3117 aberraret,
3406 3064 3684 3109 exaratus.

2060 3121 2315 3194 "Excidi’t
2335 3121 2547 3177 initium
2566 3121 2749 3193 operis
2774 3138 2947 3194 usque
2975 3124 3043 3177 ad
3069 3124 3197 3178 anni
3227 3125 3327 3178 777
3358 3140 3542 3179 vocem
3570 3125 3691 3194 pla-

2019 3181 2063 3243 C
2096 3192 2257 3245 citum
2277 3193 2376 3247 hoc
2396 3181 2665 3251 vocabulo.
2692 3202 2806 3247 tum
2830 3181 3014 3248 folium
3041 3210 3205 3247 unum
3229 3210 3373 3249 anno
3426 3195 3549 3259 787,
3570 3181 3582 3194 ’
3605 3196 3687 3248 al-

2095 3270 2274 3334 terum
2305 3264 2462 3319 annis
2482 3263 2735 3327 791-794,
2767 3272 2834 3334 et,
2870 3264 2995 3319 ﬁnis
3045 3264 3335 3318 Annalium
3382 3275 3506 3334 post
3552 3267 3683 3320 anui

2093 3333 2199 3388 815
2215 3348 2405 3390 vocem
2434 3344 2777 3388 recesserunt.
2806 3333 2953 3404 Opus
2985 3334 3198 3404 iudeab
3226 3351 3368 3390 anno
3385 3333 3483 3389 7M
3517 3335 3689 3390 incin-

2094 3404 2259 3472 pisse,
2276 3420 2343 3458 ex
2370 3418 2597 3460 numero
2622 3403 3014 3459 cuilibet’anuo
3041 3403 3252 3472 adjecto
3275 3414 3519 3475 apparet,
3533 3422 3686 3471 cum,

2094 3477 2329 3547 exempli
2357 3475 2551 3546 gratia,
2579 3491 2753 3547 anuus
2779 3475 2883 3547 778
2912 3492 3010 3547 pro
3037 3476 3276 3547 capitulo
3298 3478 3365 3531 57
3406 3486 3689 3547 compute-

2095 3551 2215 3608 tur;
2247 3546 2407 3599 iidem
2436 3546 2649 3599 numeri
2691 3546 2745 3599 in
2790 3546 3067 3600 codicibus
3094 3546 3129 3599 5
3182 3555 3238 3601 ct
3293 3548 3323 3600 7
3367 3558 3682 3601 occurrunt.

2097 3613 2404 3687 Deiorigine
2431 3615 2631 3671 codicis
2662 3616 2793 3670 nihil
2823 3625 3070 3687 constat;
3095 3631 3195 3687 ego
3222 3632 3345 3671 eum
3368 3633 3397 3670 a

2165 3686 2217 3739 5.
2259 3685 2571 3751 Petaviano,
2611 3687 2765 3757 cujus
2799 3685 3003 3756 aliquot
3038 3685 3299 3743 lectiones
3326 3687 3596 3742 Chesuius
3628 3689 3682 3741 in

2095 3756 2340 3826 margine
2382 3757 2636 3811 editionis
2680 3756 2792 3811 Sua:
2832 3758 3129 3826 excerpsit,
3178 3773 3282 3812 non
3324 3758 3489 3811 alium
3534 3773 3681 3821 esse,

2091 3839 2412 3895 persuasum
2454 3827 2589 3883 mihi
2621 3828 2827 3891 habeo;
2879 3843 3005 3881 nam
3045 3843 3235 3883 omnes
3277 3829 3537 3883 lectiones
3578 3828 3685 3883 ilhc

2093 3910 2216 3950 cum
2243 3895 2521 3951 Vaticanis
2558 3898 2968 3952 accuratissime
3012 3898 3380 3963 concordant,
3432 3914 3533 3952 nec
3578 3900 3681 3953 du-

2092 3965 2242 4021 bium
2289 3981 2506 4022 movere
2546 3968 2706 4023 debet
2746 3968 2893 4037 quod
2931 3983 3074 4023 anno
3102 3968 3204 4023 778
3247 3969 3414 4024 ordiri
3461 3969 3681 4035 dicitur,

2092 4051 2217 4107 cum
2249 4037 2437 4091 ultima
2470 4053 2590 4107 qua:
2630 4046 2849 4092 exstant
2889 4039 3018 4093 anni
3060 4040 3417 4107 przecedentis
3445 4041 3607 4093 verba
3653 4058 3681 4093 a

2091 4106 2328 4178 Chesnio
2379 4106 2624 4178 neglecta
2675 4122 2795 4162 esse
2845 4106 3076 4178 possint.
3133 4109 3421 4163 Alexandri
3473 4109 3682 4163 Petavii

2091 4176 2260 4250 libros
2300 4176 2498 4250 magna
2531 4193 2599 4232 ex
2639 4187 2792 4250 parte
2839 4176 2893 4232 in
2927 4178 3221 4235 Christime
3255 4181 3452 4250 reg’.n:e
3475 4180 3683 4250 biblio-

2092 4247 2305 4301 thecam
2331 4247 2593 4302 transisse
2622 4249 2757 4303 satis
2781 4257 3019 4313 constat,
3050 4259 3106 4303 et
3135 4247 3439 4303 codex'til7
3472 4248 3678 4304 Petavii

2052 4318 2310 4388 .nomine
2353 4318 2648 4388 inscriptus
2686 4329 2788 4373 est.
2837 4319 3060 4374 Chesnii
3097 4328 3276 4374 tamen
3316 4329 3562 4388 tempore
3593 4322 3678 4373 17)-

2089 4385 2255 4459 lium,
2303 4388 2443 4457 quod
2484 4385 2598 4459 jam
2642 4403 2731 4443 an.
2764 4389 3003 4445 791-794
3036 4390 3398 4455 desideratur,
3430 4385 3680 4444 nondum

2091 4458 2388 4512 exciderat.

402 4521 832 4597 Germaniamet
856 4522 1063 4597 Italiam
1092 4521 1389 4597 inspicere,
1418 4526 1755 4597 aliorumque
1802 4521 2066 4587 lectio-D
2161 4528 2215 4581 4.
2257 4526 2497 4583 Primum
2545 4529 2835 4585 Annalium
2886 4530 3235 4586 Fuldensium
3286 4539 3566 4587 auctorem
3610 4547 3676 4585 ex

402 4593 562 4668 nibus
586 4594 663 4668 uti
688 4593 821 4668 mihi
841 4595 1150 4668 contigerit.
1170 4593 1448 4668 AEditionis
1472 4597 1637 4668 igitur
1663 4593 1863 4652 nostrae
1880 4599 1991 4654 An-

403 4663 604 4717 nalium
644 4663 1075 4719 Laurissensium
1103 4665 1340 4720 subsidia
1373 4663 1624 4721 fuerunt:

475 4734 528 4808 1ἶ
554 4733 766 4789 Codicis
792 4733 1281 4808 Laureshamensis
1312 4737 1770 4808 t_membranacei
1794 4754 1987 4808 perve-

403 4804 531 4878 tusti
560 4823 579 4855 ι
612 4804 1059 4878 appgraphum,_a
1088 4804 1308 4878 Canisi_o
1340 4805 1512 4878 Lectt.
1574 4804 1812 4878 Antiqqf
1852 4820 1983 4865 tom.

403 4819 531 4859 tusu
560 4823 579 4855 ι
612 4819 1001 4928 apograpnum,
1029 4820 1059 4858 a
1088 4819 1308 4859 uamsro
1340 4819 1512 4860 Leclt.
1574 4819 1795 4878 Anlqu.
1852 4820 1983 4865 tom.

401 4874 488 4937 lll,
513 4874 705 4956 μέ]
733 4889 911 4956 seqq.,
932 4874 1227 4956 vulgatum.
1258 4874 1984 4956 Pcrtingit_tnts_que‘andﬂuctu

399 4942 688 5017 anni_78_8,
734 4942 1142 5017 continuatiOne
1197 4942 1467 5017 annorum
1512 4942 1646 5017 789,
1683 4948 1806 5013 790,
1854 4950 1980 5017 79l,

399 5014 523 5078 792,
548 5013 673 5084 795,
705 5013 970 5080 subjecta,
1000 5028 1161 5084 quam
1193 5030 1338 5081 cum,
1365 5015 1434 5070 ab
1476 5015 1645 5070 altera
1701 5013 1984 5075 continua-1

402 5084 548 5138 tione
575 5083 735 5151 plane
777 5083 1064 5149 diversam,
1110 5085 1164 5137 in
1212 5084 1511 5140 Annalibus
1554 5086 1985 5146 Laureshameu—

399 5156 552 5228 sibus
580 5154 821 5223 reperire
845 5154 1029 5228 liceat,
1063 5155 1152 5228 hic
1188 5164 1397 5209 tantum
1426 5158 1615 5228 ultima
1645 5157 1761 5225 ejus
1794 5163 1981 5228 verba,

399 5225 533 5301 satis
558 5233 833 5301 eprrupta,
866 5224 1171 5301 exhibenda
1195 5235 1322 5301 sunt
1352 5246 1364 5280 :
1394 5248 1412 5279 ι
1442 5225 1548 5301 Sed
1573 5238 1626 5301 et
1656 5224 1709 5283 in
1735 5224 1980 5301 Burgnné

399 5293 484 5347 dia
502 5305 555 5370 et
571 5293 795 5370 Francia
813 5294 1084 5370 pervalida
1098 5295 1216 5350 fuit.
1236 5297 1301 5370 Et
1316 5313 1436 5370 eum
1456 5297 1707 5370 dominus
1725 5293 1984 5370 Pippinus

400 5378 494 5438 rex
528 5364 651 5438 inde
676 5364 944 5436 pergeret,
978 5365 1265 5438 Sarraeeni
1292 5369 1381 5438 qui
1411 5368 1464 5421 in
1492 5368 1750 5438 llispania
1788 5364 1979 5437 'c‘rant,

400 5433 944 5508 existimantes'quod
974 5437 1135 5493 Avari
1166 5433 1355 5493 contra
1386 5453 1567 5507 regem
1592 5433 1978 5508 dimicassent,

397 5503 601 5579 egressi
635 5503 701 5555 de
748 5503 945 5579 ﬁnibus
982 5508 1096 5579 suis
1147 5503 1491 5579 inaliquam
1534 5509 1695 5564 ludite
1749 5503 1977 5579 partem,

394 5570 796 5648 conjungentes
815 5589 873 5627 se
907 5576 1137 5648 invicem
1178 5578 1246 5632 ad
1274 5570 1484 5648 partem
1526 5570 1789 5643 nostram,
1826 5570 1978 5636 multi

399 5643 599 5721 ibidem
641 5641 963 5721 ceciderunt
990 5641 1313 5721 dentraqu'e
1363 5658 1539 5721 parte.
1575 5671 1592 5702 ι
1622 5650 1699 5705 De
1732 5641 1837 5706 ﬁde
1874 5654 1983 5707 edi-

398 5713 607 5783 tinuum
630 5710 839 5783 Cauisii
873 5727 993 5783 cum
1031 5717 1165 5771 alias
1187 5710 1301 5783 jam
1326 5710 1460 5772 satis
1486 5729 1716 5783 constet,
1753 5738 1856 5775 non
1900 5733 1983 5778 cst

398 5780 540 5853 quod
572 5780 853 5845 miremur,
884 5782 1081 5851 stylum
1114 5794 1167 5839 et
1189 5780 1296 5839 alia
1323 5804 1425 5842 non
1454 5806 1623 5858 pauca
1654 5780 1720 5861 (si
1757 5793 1973 5861 quidem

2093 4598 2280 4671 codice
2303 4599 2629 4671 Annalium,
2670 4602 2761 4670 qui
2793 4602 3041 4671 proxime
3065 4601 3132 4654 a'd
3162 4601 3405 4657 codicem
3435 4603 3471 4655 2
3500 4602 3616 4657 sive
3645 4604 3678 4655 5

2092 4669 2396 4733 accederet,
2420 4669 2776 4740 hausisse,“
2794 4669 2867 4726 iis
2888 4688 3008 4740 qua:
3030 4687 3173 4727 anno
3195 4673 3298 4726 792
3321 4682 3379 4726 et
3405 4673 3510 4728 804
3538 4672 3678 4725 refe-

2090 4746 2217 4813 runt
2241 4748 2411 4808 patet.
2446 4739 2580 4794 Cum
2608 4756 2739 4797 vero
2765 4739 2991 4797 consilio
3022 4752 3077 4797 et
3099 4742 3334 4797 dictione
3360 4758 3496 4811 opus
3520 4743 3679 4813 plane

2090 4808 2360 4864 diversum
2396 4824 2426 4863 a
2456 4819 2644 4864 nostro
2670 4812 2901 4867 habendi
2927 4814 3063 4879 sint,
3106 4828 3234 4867 raro
3262 4814 3329 4868 ad
3358 4808 3547 4867 eorum
3576 4828 3675 4866 an-

2087 4880 2397 4934 ctoritatem
2427 4883 2778 4937 recurrimns.

2158 4950 2210 5003 5.
2254 4949 2435 5004 Codex
2472 4951 2811 5008 bibliotheca:
2838 4952 3103 5008 Caesarea:
3126 4954 3583 5018 Vindobouensis,
3623 4956 3675 5009 in

2086 5020 2329 5090 catalogo
2350 5020 2616 5094 historiae
2660 5023 3044 5094 ecclesiasticae
3075 5039 3302 5079 numero
3331 5024 3402 5078 90
3431 5026 3677 5094 signatus

2086 5098 2249 5160 atque
2269 5088 2384 5145 “sub
2411 5088 2572 5165 linem
2607 5093 2787 5147 smculi
2818 5111 2873 5148 rx
2905 5096 3162 5163 scriptus,
3205 5102 3403 5165 prieter
3436 5088 3673 5149 Annales

2085 5169 2302 5236 uestros
2330 5168 2483 5231 gesta
2513 5161 2881 5218 Romanorum
2913 5161 3229 5235 pontiﬁcum
3249 5205 3261 5229 ,
3301 5173 3453 5234 gesta
3486 5182 3671 5236 regum

2086 5230 2421 5302 Francorum
2449 5246 2571 5286 cum
2599 5230 3004 5289 continuatione
3029 5250 3200 5302 usque
3224 5230 3518 5290 adraunum
3550 5230 3667 5294 7M.

2085 5309 2141 5355 et
2182 5300 2587 5375 nonnullaialia
2632 5305 2858 5358 minoris
2900 5300 3159 5360 momenti
3196 5306 3599 5375 complectitur,
3644 5324 3670 5359 a

2087 5373 2354 5445 scriptore
2386 5374 2619 5445 rubricis
2647 5376 2907 5445 appositis
2947 5376 3021 5429 ita
3062 5373 3373 5445 conjuncta,
3406 5386 3465 5429 ut
3493 5379 3672 5433 ecelc-

2085 5443 2360 5515 siasticam
2389 5443 2509 5515 inde
2536 5443 2858 5515 civilemque
2885 5443 3175 5500 historiam
3212 5449 3279 5500 ab
3308 5448 3535 5501 exordio
3568 5448 3674 5501 llo—

2086 5528 2259 5566 mana:
2280 5512 2554 5584 rlicclcsia:
2599 5524 2652 5568 et
2694 5512 2868 5584 gentis
2900 5517 3232 5571 Francorum
3267 5532 3439 5584 usque
3471 5519 3537 5572 ad
3570 5518 3676 5573 L0-

2089 5583 2257 5657 Iharii
2277 5583 2623 5657 imperatoris
2641 5583 2880 5657 tempora
2905 5587 3204 5654 efﬁngeret.
3231 5587 3343 5641 Iloc.
3363 5587 3486 5651 fuit,
3504 5590 3672 5657 quod,

2084 5668 2206 5707 cum
2230 5655 2296 5706 de
2316 5652 2493 5707 Caroli
2520 5652 2957 5721 ntajoris’demus
2982 5652 3131 5711 obitu
3166 5657 3219 5710 in
3251 5658 3355 5712 line
3378 5652 3676 5713 Continua-

2084 5723 2248 5795 tionis
2273 5722 2581 5793 Fredegarii
2605 5728 2716 5795 jam
2748 5727 2973 5780 relatum
3002 5736 3166 5791 esset,
3190 5743 3362 5782 anuus
3385 5729 3674 5782 Annalium

2085 5792 2210 5860 7H,
2258 5809 2368 5863 quo
2408 5796 2509 5849 alia
2558 5792 2619 5851 de
2667 5814 2720 5851 re
2766 5797 2909 5851 nulla
2945 5814 3122 5852 sermo
3156 5809 3257 5864 est,
3298 5800 3673 5866 inmitteretur,
