4010 6184
451 396 552 462 371

903 523 1138 564 ιηηιιιε
1179 523 1571 564 ιισιιδεεδεεε.

442 612 500 659 et
530 602 585 657 in
623 606 813 656 eodem
856 614 999 655 anno
1040 597 1249 654 nullum
1295 599 1317 630 ι
1348 598 1592 654 fecerunt
1639 599 1937 654 exercitum
1974 598 2016 663 ’,

443 695 539 752 sed
580 696 602 727 ⁸
631 702 1073 766 praeparaverunt
1110 708 1168 750 se
1218 702 1449 764 uterque
1475 736 1489 762 ,
1521 692 1911 750 Carlomannus
1950 693 2020 748 ad

440 788 549 845 iter
573 801 752 852 suum,
793 795 849 841 et
895 785 1156 856 Pippinus
1196 785 1470 855 quomodo
1508 799 1826 857 germanum
1862 799 2019 841 suum

441 875 741 933 honoriﬁce
769 875 1059 933 direxisset
1088 888 1209 929 eum
1243 874 1574 929 muneribus.

1156 963 1471 1021 DCCXLVI.

508 1053 666 1112 Tunc
709 1056 1103 1112 Carlomannus
1153 1054 1378 1110 Romam
1419 1054 1679 1124 perrexit,
1723 1054 1909 1123 ibique
1958 1070 2022 1110 se

440 1146 679 1204 totondit
702 1145 752 1213 ⁸,
798 1153 857 1201 et
904 1145 964 1200 in
1011 1143 1286 1214 Serapte'
1336 1154 1526 1201 monte
1562 1144 1584 1175 ⁸
1627 1145 2018 1201 monasterium

442 1236 752 1294 aediﬁcavit
796 1236 855 1291 in
902 1235 1109 1290 honore
1159 1234 1183 1265 ⁷
1235 1234 1411 1289 sancti
1454 1232 1706 1290 Silvestri
1750 1234 1772 1265 ³
1808 1246 1861 1287 ι.
1914 1234 2020 1289 lbi-

439 1343 547 1401 que
598 1325 818 1399 aliquod
861 1334 1076 1395 tempus
1135 1338 1347 1380 moram
1399 1322 1630 1390 faciens,
1661 1332 1719 1379 et
1766 1323 1893 1380 inde
1947 1323 2019 1381 ad

438 1425 690 1474 sanctum
727 1414 1078 1471 Benedictum
1114 1413 1171 1469 in
1216 1412 1475 1468 Casinum
1531 1412 1554 1444 '
1601 1412 1631 1453 ιι
1676 1429 1849 1486 usque
1895 1429 2019 1485 per-

438 1507 609 1576 venit,
645 1516 705 1565 et
720 1506 796 1562 ibi
825 1505 1126 1561 monachus
1173 1501 1396 1560 effectus
1421 1510 1526 1560 est.

1860 1794 1885 1827 Ι

1051 1927 1391 1987 DCCXLVII.

508 2025 664 2085 Grifo
691 2027 741 2058 “’
788 2024 983 2097 fugivit
1023 2024 1065 2055 “
1092 2023 1148 2077 in
1196 2021 1495 2077 Saxoniam
1526 2024 1590 2089 ",
1648 2031 1704 2079 et
1761 2023 2020 2095 Pippmus

439 2122 546 2176 iter
588 2118 796 2173 faciens
845 2130 945 2188 per
996 2114 1287 2185 Toringam
1315 2113 1379 2181 “,
1410 2113 1467 2169 in
1490 2112 1783 2170 Saxoniam
1828 2116 2020 2172 introi-

435 2212 515 2265 vit
548 2223 718 2280 usque
752 2206 821 2261 ad
845 2205 1065 2261 ﬂuvium
1086 2203 1320 2260 Missaha
1351 2203 1415 2271 “,
1468 2204 1523 2259 in
1552 2204 1671 2262 loco
1696 2206 1789 2276 qui
1820 2206 2020 2262 dicitur

438 2299 769 2373 Scahaningi
793 2300 837 2332 ³⁸
857 2315 873 2366 ;
897 2307 953 2355 et
986 2296 1138 2353 Grifo
1175 2296 1456 2353 collectam
1486 2296 1526 2329 “
1551 2295 1680 2354 fecit
1706 2299 1869 2353 una"
1894 2315 2018 2355 cum

437 2394 747 2451 Saxonibus
773 2406 938 2463 supra
972 2390 1195 2446 ﬂuvium
1235 2388 1445 2446 Obacro
1474 2388 1543 2457 "',
1572 2389 1624 2445 in
1667 2389 1788 2446 loco
1823 2391 1916 2461 qui
1941 2392 2021 2455 di-

440 2492 587 2547 citur
623 2488 663 2521 “
690 2486 916 2545 Orbaim
946 2486 1017 2541 “.

1081 3030 1441 3090 DCCXLVII].

508 3126 659 3185 Grifo
677 3126 722 3158 “
771 3124 843 3181 de
887 3122 1126 3179 Saxonia
1144 3123 1191 3153 "
1219 3123 1325 3179 iter
1348 3136 1635 3194 peragens,
1666 3120 1923 3194 fugiendo
1954 3124 2011 3178 in

1540 395 1917 454 EGINIIARDI
1953 395 2248 453 ABBATIS
2284 396 2605 454 ANNALES

1998 544 2001 547 ·
2042 518 2093 577 Λ

3586 408 3694 462 57?.

2631 526 2866 567 ANNALES
2900 522 3204 569 ECLVIIAIDI.

2119 600 2445 670 perﬁcienda
2484 611 2540 659 et
2569 603 2676 659 iter
2723 603 2865 659 illius
2902 604 3298 675 disponendum
3326 637 3398 648 ——
3438 624 3565 666 nam
3588 611 3695 670 Ro-

2118 706 2264 747 mam
2301 692 2572 764 proﬁcisci
2610 701 2879 750 statuerat
2922 724 2995 735 —
3035 702 3090 749 et
3137 694 3398 766 Pippinus
3444 702 3699 769 vacabat,

2117 782 2253 838 dans
2272 798 2514 854 operam,
2539 793 2599 839 ut
2622 783 2791 840 frater
2814 785 2831 816 ί
2863 784 3159 841 honorifice
3189 801 3255 841 ac
3299 787 3555 845 decenter
3577 790 3691 859 illo,

2117 886 2225 942 quo
2244 874 2604 941 desiderabat,
2627 876 2954 944 perveniret.
3002 935 3005 939 _

2755 964 3067 1021 DCCXL“.

2188 1054 2589 1137 Karlomannus
2614 1055 2840 1111 Romam
2862 1057 3161 1129 profectus,
3185 1058 3405 1115 dimissa
3428 1061 3695 1119 saeculari

2118 1142 2291 1214 gloria
2338 1143 2582 1198 habitum
2631 1145 2881 1211 mutavit,
2923 1160 2978 1200 et
3029 1145 3084 1199 in
3142 1155 3326 1201 monte
3368 1146 3581 1204 Soracti
3609 1154 3631 1182 '
3664 1165 3693 1193 ι

2118 1233 2507 1288 monasterium
2549 1234 2604 1288 in
2651 1234 2911 1290 honorem
2940 1236 3113 1291 sancti
3162 1234 3409 1292 Silvestri
3439 1238 3694 1297 aediﬁca-

2117 1324 2216 1391 vit,
2247 1325 2339 1381 ubi
2360 1326 2629 1395 quondam
2681 1334 2922 1397 tempore
2954 1328 3371 1399 persecutionis,
3407 1345 3546 1401 quae
3591 1333 3698 1389 sub

2118 1413 2474 1471 Constantino
2503 1415 2831 1486 imperatore
2859 1417 2879 1448 ³
2904 1415 3048 1472 facta
3098 1425 3203 1483 est,
3230 1428 3451 1475 sanctus
3490 1419 3697 1478 Silves-

2119 1514 2206 1562 ter
2228 1505 2453 1563 latuisse
2490 1506 2684 1563 fertur.
2725 1507 2914 1578 Ibique
2949 1508 3263 1580 aliquandiu
3302 1523 3695 1580 commoratus,

2118 1597 2329 1652 meliori
2369 1598 2594 1653 consilio
2621 1599 2725 1654 hoc
2752 1599 2869 1654 loco
2898 1597 3139 1663 dimisso,
3188 1602 3257 1656 ad
3307 1606 3692 1661 monasterium

2120 1687 2292 1742 sancti
2340 1686 2615 1743 Benedicti
2649 1687 2706 1745 in
2758 1686 2978 1744 Samnio
3016 1690 3293 1761 provincia
3341 1691 3490 1747 iuxta
3541 1692 3695 1750 Casi-

2120 1791 2249 1829 num
2271 1774 2293 1805 ⁸
2320 1775 2349 1815 b
2397 1783 2635 1831 castrum
2664 1776 2685 1808 '
2726 1777 3080 1833 constitutum
3106 1778 3217 1833 Deo
3241 1781 3545 1838 serviturus
3594 1768 3687 1839 ve:-

2044 1866 2092 1925 B
2120 1864 2219 1932 nit,
2244 1864 2427 1935 ibique
2453 1866 2828 1921 monachicum
2856 1866 3101 1923 habitum
3128 1870 3381 1940 suscepit.

2180 2012 2185 2019 ι
2734 1957 3069 2017 DCCXLVII.

2189 2047 2384 2104 Frater
2410 2047 2756 2105 Karlomanni
2783 2058 2839 2103 et
2882 2047 3113 2120 Pippini,
3159 2052 3376 2108 nomine
3410 2053 3615 2127 Gripho
3644 2060 3692 2123 ‘.

2118 2137 2344 2210 Pippino
2378 2139 2535 2194 fratri
2564 2155 2662 2194 suo
2688 2139 2959 2195 subiectus
2979 2155 3099 2195 esse
3127 2142 3334 2207 nolens,
3360 2160 3693 2216 quamquam

2119 2229 2219 2282 sub
2261 2228 2353 2283 illo
2378 2228 2674 2284 honoriﬁce
2697 2229 2921 2295 viveret,
2953 2229 3176 2286 collecta
3208 2248 3370 2289 manu
3416 2235 3473 2289 in
3512 2234 3692 2293 Saxo-

2119 2319 2265 2374 niam
2295 2317 2555 2389 profugit,
2585 2318 2922 2389 collectoque
2959 2319 3234 2376 Saxonum
3263 2325 3501 2381 exercitu
3531 2342 3696 2397 super

2116 2408 2337 2466 ﬂuvium
2361 2410 2571 2468 Ovacra
2596 2411 2616 2442 "
2648 2411 2700 2466 in
2734 2412 2852 2466 loco
2881 2413 2971 2482 qui
3001 2414 3195 2470 dicitur
3217 2412 3436 2487 Orheim
3459 2418 3479 2449 ⁸
3510 2429 3532 2457 ο
3560 2435 3696 2476 con-

2117 2504 2299 2559 sedit:
2330 2510 2385 2560 et
2427 2502 2686 2573 Pippinus
2716 2503 2736 2534 ⁹
2774 2519 2897 2558 cum
2945 2504 3190 2560 exercitu
3218 2505 3555 2564 Francorum
3592 2525 3696 2580 per

2118 2593 2470 2663 Thuringiam
2500 2594 2541 2624 ‘°
2574 2592 2869 2663 profectus,
2894 2602 3083 2650 contra
3100 2594 3294 2650 fratris
3333 2597 3486 2655 dolos
3514 2598 3693 2656 Saxo-

2116 2683 2263 2738 niam
2309 2684 2585 2754 ingressus
2610 2693 2714 2751 est,
2748 2685 3099 2756 conseditque
3125 2702 3286 2758 super
3316 2688 3537 2745 fluvium
3564 2691 3697 2748 Mis-

2115 2777 2245 2832 saha
2278 2778 2315 2808 “
2348 2778 2400 2831 in
2430 2776 2548 2833 loco
2578 2778 2670 2851 qui
2697 2786 2920 2833 vocatur
2943 2779 3238 2851 Skahningi
3268 2782 3311 2812 "
3333 2780 3385 2835 (ι.
3421 2781 3698 2838 Proelium

2117 2878 2296 2923 tamen
2318 2884 2427 2924 non
2468 2879 2550 2924 est
2584 2870 2726 2925 inter
2752 2885 2847 2926 eos
2879 2871 2922 2902 ¹⁸
2950 2873 3325 2939 commissum,
3350 2875 3445 2931 sed
3473 2890 3541 2930 ex
3569 2876 3695 2946 pla-

2116 2958 2224 3013 cito
2256 2958 2621 3014 discesserunt

2718 3048 3079 3107 DCCXLVII].

2183 3137 2392 3208 Gripho
2421 3137 2695 3194 Saxonum
2725 3137 2851 3194 ﬁdei
2896 3138 3161 3207 diﬁidens,
3189 3142 3489 3200 Baioariam
3513 3146 3695 3214 petiit,

434 3219 737 3277 Baioariam
772 3217 819 3251 ⁸⁸
854 3233 1026 3287 usque
1072 3218 1339 3289 pervenit,
1377 3218 1556 3288 ipsum
1609 3216 1864 3272 ducatum
1909 3217 2010 3273 sibi
2037 3214 2083 3277 C
2113 3236 2169 3283 et
2199 3229 2391 3298 copiis,
2422 3244 2565 3299 quae
2613 3229 2679 3285 de
2704 3228 2934 3285 Francia
2978 3230 3046 3285 ad
3096 3246 3218 3286 eum
3247 3232 3293 3265 ί*
3322 3234 3696 3301 conﬂuebant,

435 3312 765 3383 subiugavit,
820 3310 1123 3366 Hiltrudcm
1145 3309 1193 3341 “
1237 3326 1360 3366 cum
1412 3309 1692 3366 Tassilone
1718 3311 1765 3343 "
1789 3312 2012 3381 conqui-

435 3403 582 3459 sivit.
615 3400 865 3473 Swidger
908 3399 959 3432 "
993 3400 1060 3455 ad
1089 3415 1215 3455 eum
1243 3400 1391 3455 venit
1416 3400 1470 3455 in
1518 3399 1721 3456 solacio
1751 3401 1794 3432 "
1822 3415 2012 3471 supra-

2117 3318 2579 3389 ipsumducatum
2628 3319 2683 3374 in
2708 3320 3098 3391 suam-redegit
3133 3330 3477 3393 potestatem,
3510 3326 3699 3382 Tassi-

2113 3410 2292 3466 lonem
2326 3410 2369 3442 ¹⁸
2413 3418 2469 3465 et
2520 3409 2819 3465 Hiltrudem
2872 3411 2916 3443 ¹⁶
2972 3413 3027 3467 in
3076 3413 3402 3471 deditionem
3451 3419 3695 3489 accepit,

432 3500 567 3557 dicti
608 3498 868 3555 Grifonis.
901 3495 1046 3552 Haec
1071 3496 1117 3529 ³⁸
1159 3495 1384 3552 audiens
1423 3494 1701 3567 Pippinus,
1736 3496 1842 3552 iter
1884 3492 2012 3551 illuc
2113 3499 2476 3571 Switbgerum
2506 3501 2547 3533 ³⁷
2574 3500 2644 3555 ad
2670 3501 2930 3557 auxilium
2961 3503 3065 3559 sibi
3098 3503 3141 3536 "
3168 3505 3481 3562 venientem
3501 3523 3698 3563 susce-

433 3589 700 3661 arripiens
748 3603 873 3644 cum
916 3587 1163 3643 exemita
1210 3601 1329 3653 suo,
1378 3602 1542 3657 supra
1597 3588 1906 3643 nominatos
1964 3586 2008 3618 ²⁹

432 3689 577 3737 totos
609 3680 716 3737 sibi
753 3674 1105 3750 subiugavit;
1151 3675 1431 3734 Grifonem
1460 3693 1647 3735 secum
1692 3679 1918 3735 adduxit
1939 3679 2007 3746 ³ο,

822 3787 1214 3846 VARIANTES
1251 3785 1653 3847 LECTIONES.
1730 3778 1733 3781 ’

509 3884 526 3916 ¹
555 3882 760 3939 nullum
800 3881 939 3935 deest
964 3880 1015 3935 l.
1120 3880 1143 3912 ’
1169 3878 1417 3936 fecerunt
1440 3881 1640 3937 bellum
1670 3881 1756 3937 l5.
1832 3881 1853 3914 ³
1875 3892 1931 3939 et
1956 3884 2009 3938 1.

438 3953 463 3985 ⁵
487 3954 662 4009 tendit
715 3952 767 4006 1.
796 3951 1031 4023 totuntlit
1064 3950 1116 4005 7.
1177 3950 1244 4005 14
1430 3951 1451 3983 ⁸
1479 3962 1696 4023 sat-apte
1750 3953 1801 4023 77
1827 3953 1883 4009 ι),
1939 3954 2013 4009 εί-

433 4024 573 4094 rapti
594 4023 647 4079 9.
679 4021 881 4146 serafti
912 4020 997 4076 l5.
1021 4029 1235 4076 soracte
1262 4021 1295 4077 9
1315 4022 1369 4076 Ι).
1395 4024 1594 4078 soracti
1606 4020 1709 4076 ⁷12.
1785 4022 1809 4056 ⁸
1832 4032 2013 4078 monte

432 4093 576 4148 deest
607 4093 657 4146 1.
745 4093 765 4125 ⁷
816 4105 1055 4146 ιοιιονεω
1082 4091 1135 4145 5.
1168 4092 1221 4147 9.
1328 4091 1351 4123 ⁸
1387 4092 1637 4150 sylvestri
1666 4093 1715 4147 1.
1801 4092 1823 4125 ⁹
1844 4095 2013 4150 cassi-

470 4110 576 4148 eest
607 4110 657 4146 ι.
750 4110 761 4125 '
796 4110 1055 4146 honorem
1082 4110 1135 4145 ὓ.
1168 4110 1221 4147 υ.
1328 4110 1351 4123 ³
1387 4110 1637 4149 εγινθδιτι
1666 4110 1715 4147 ι.
1802 4110 1822 4125 ’
1844 4110 2013 4149 (2385!-

438 4107 576 4148 aeest
607 4107 657 4146 ι.
746 4107 761 4125 τ
796 4107 1055 4146 honorem
1082 4107 1135 4145 a.
1168 4107 1221 4147 υ.
1328 4107 1351 4123 ⁵
1387 4107 1637 4163 sylvestrt
1666 4107 1715 4147 ι.
1801 4107 1823 4125 ’
1844 4109 2013 4150 cassu-

438 4178 568 4218 num
616 4162 668 4215 7.
697 4162 751 4218 8.
802 4161 855 4216 9.
909 4161 941 4216 9
998 4162 1052 4215 b.
1102 4161 1188 4216 12.
1241 4170 1376 4215 certe
1414 4162 1671 4218 editorum
1717 4163 1862 4227 vitio,
1909 4181 2013 4217 non

435 4233 712 4296 codicum;
761 4230 1035 4284 cassinum
1080 4239 1319 4286 montem
1348 4233 1588 4299 perrexit
1612 4230 1697 4285 15.
1777 4233 1819 4264 ¹⁰
1861 4233 2015 4302 griﬂ‘o

438 4298 717 4332 ...κηριριξ
764 4300 805 4332 11
839 4299 1010 4332 fnnlll
1071 4300 1101 4332 ⁶¹1
1154 4302 1185 4332 Ω
1232 4300 1265 4332 ο
1320 4300 1383 4332 l0
1437 4301 1503 4332 ιιι(
1601 4302 1644 4332 ﬂ
1674 4302 1891 4332 οηνηιιιὲα
1925 4302 1984 4332 ιι

764 4300 780 4331 ι
1352 4298 1361 4299 ί
1846 4298 1887 4312 ’⁷

433 4298 816 4452 ῗῖηἱξιῖξῖιξὲξηεὶ
838 4299 1039 4450 ῗῖδᾷίέῖ
1068 4300 2011 4452 ξ’ἀῇἐέτέιῗέεέιῗφ.¹ἰρὲς³ἒιξὲ¹ιζέι³ηιίὲς

442 4438 490 4471 ⁸⁵
525 4438 736 4496 misalia
778 4440 830 4494 1.
873 4438 1145 4495 missacha
1166 4440 1217 4495 5.
1244 4438 1570 4497 mesahal5.
1649 4442 1694 4474 ⁸⁸
1737 4438 2014 4549 séabani§i

442 4510 462 4549 I
523 4510 836 4549 caphaninai
878 4509 911 4549 Β
968 4509 1317 4549 smhahnninai
1363 4511 1394 4549 ’1
1446 4513 1478 4549 Ω
1536 4512 1571 4549 ο
1622 4513 1877 4549 conuincam
1924 4512 1948 4549 4

438 4510 490 4584 1,.
523 4510 840 4584 sachaningi
877 4509 930 4565 5.
967 4509 1415 4584 schahaningij.
1445 4513 1497 4584 8.
1536 4512 1590 4584 9.
1622 4512 1948 4584 scaniggeii

440 4529 490 4565 'I.
523 4529 782 4567 sacnamn
877 4529 930 4565 θ.
967 4529 1320 4581 scnananmgt
1372 4529 1415 4565 Ι.
1445 4529 1497 4567 δ.
1536 4529 1590 4567 υ.
1622 4529 1772 4568 scant
1814 4529 1832 4584 ε

440 4579 486 4612 ⁸⁸
505 4580 731 4637 collecta
768 4529 1027 4652 Empta.
1104 4581 1144 4612 "
1169 4579 1299 4636 facit
1324 4581 1375 4652 1.
1454 4582 1497 4615 ⁸⁸
1514 4583 1753 4638 obmlom

439 4666 506 4707 ro
533 4652 587 4708 9.
617 4652 818 4708 obacra
855 4650 907 4706 9‘
934 4650 989 4707 b.
1048 4664 1246 4707 ovacro
1286 4650 1373 4707 15.
1476 4651 1519 4684 ”
1538 4653 1630 4709 aui
1652 4651 1851 4709 dicitur
1875 4652 2016 4707 deest

437 4721 527 4779 15.
601 4722 648 4753 ⁸⁸
674 4721 865 4776 ordum
890 4720 943 4776 9.
988 4721 1230 4776 orchaim
1284 4722 1369 4775 M.
1444 4723 1491 4754 ἰ
1539 4720 1707 4777 Grill‘o
1744 4730 1924 4776 autem
1951 4724 2017 4778 de

438 4791 662 4848 saxonla
690 4791 1020 4862 fugienslS.
1078 4792 1141 4862 _“
1172 4793 1227 4845 in
1249 4792 1472 4862 saxonia
1492 4791 1545 4846 5.
1589 4792 1667 4862 ξ’
1704 4792 2017 4862 baguariam

437 4861 495 4917 5.
551 4863 608 4919 8.
663 4859 1010 4929 baugauriam
1075 4859 1129 4914 7.
1181 4860 1512 4915 vaiobariam
1580 4860 1665 4915 M.
1719 4859 2015 4916 ba'wariam

444 4931 529 4987 12.
662 4929 1049 5001 ξδίὴίὶῐιιδυάθη
1078 4930 1141 5001 1.
1182 4929 1475 5001 hiltrudam
1515 4931 1597 4986 15.
1728 4932 1776 4964 ⁸⁸
1816 4932 2014 5001 thessi-

439 5000 566 5058 lone
587 5001 637 5057 1.
667 4999 959 5071 hiltrudem
986 4999 1178 5071 civitas
1216 4999 1444 5071 silonem
1469 5001 1793 5071 conquisivit
1817 5013 1873 5057 et
1899 5002 2014 5055 lan-

440 5072 613 5143 fridus
638 5071 704 5126 ad
723 5085 846 5143 eum
877 5069 1070 5143 14.14
1100 5070 1153 5143 ιλ.
1230 5070 1276 5143 “_
1300 5086 1485 5143 _conq.
1520 5069 1829 5143 lantfridus
1862 5071 1930 5126 ad
1960 5072 2009 5126 1.

439 5142 765 5229 leundas?
779 5137 1482 5229 rt."easeasedese
1504 5141 1593 5229 1?;
1608 5141 2015 5229 ,ευυίειξθτρςξο

441 5212 661 5282 quidam
709 5213 859 5267 venit
911 5209 1276 5264 atl'solatium
1324 5211 1631 5291 supradicto
1676 5212 1892 5283 gritl‘oni
1924 5209 2010 5267 15.

441 5284 486 5315 ⁸⁷
510 5283 709 5338 salario
738 5282 790 5337 1.
821 5280 1013 5339 solatio
1045 5279 1096 5334 7.
1139 5280 1193 5335 9.
1245 5278 1494 5334 solanum
1531 5280 1614 5334 12.
1735 5282 1781 5313 ’⁸
1817 5281 1929 5338 Hoc
1961 5281 2010 5339 l.

590 5298 709 5338 arto
738 5298 790 5337 ι.
821 5298 1013 5338 80Ιῆυο
1053 5298 1096 5334 l.
1139 5298 1193 5335 υ.
1245 5298 1494 5334 somnum
1531 5298 1614 5334 ιΖ.

444 5352 491 5385 ⁹’
511 5354 823 5410 nominatus
848 5352 1035 5409 tassilo
1054 5350 1158 5410 sibi
1205 5365 1252 5406 s.
1295 5348 1382 5406 u.
1457 5349 1503 5381 ³ο
1523 5350 1746 5406 abduxit
1768 5351 1819 5406 l.
1844 5351 1896 5406 7.
1930 5348 2013 5405 14.

1735 5282 1787 5353 ’δ-
1817 5281 1981 5353 Hoc}
1997 5285 2050 5353 ,ἶ

2110 3592 2210 3664 pit.
2263 3591 2408 3662 Haec
2458 3608 2581 3648 cum
2623 3592 2692 3649 ad
2724 3592 3011 3664 Pippinum
3055 3596 3259 3665 perlata
3289 3595 3537 3662 fuissent,
3563 3612 3699 3654 cum

2111 3684 2349 3739 maximo
2378 3684 2420 3716 ¹⁹
2451 3684 2692 3740 exercitu
2725 3683 3031 3740 Baioariam
3061 3687 3104 3718 ²⁶
3134 3686 3408 3757 profectus
3441 3696 3543 3754 est,
3580 3686 3697 3743 fra-

2112 3784 2359 3847 tremque
2396 3791 2554 3831 suum
2600 3774 2933 3847 Griphonem
2967 3792 3089 3832 cum
3137 3779 3391 3834 omnibus
3427 3779 3516 3848 qui
3563 3795 3696 3834 cum

2112 3869 2231 3940 ipso
2254 3871 2297 3901 "
2332 3868 2419 3924 vel
2460 3868 2527 3923 ad
2556 3868 2735 3939 ipsum
2774 3870 2819 3900 ⁸⁸
2845 3879 3107 3925 venerant
3127 3870 3325 3940 coepit,
3352 3869 3695 3926 Tassilonem

2113 3959 2168 4014 in
2206 3961 2459 4016 ducatum
2491 3960 2754 4025 restituit,
2785 3960 3114 4029 domumque
3154 3975 3428 4026 reversus,
3455 3960 3697 4030 Gripbo—

2113 4063 2236 4103 nem
2271 4064 2421 4104 more
2447 4049 2646 4105 ducum
2675 4049 2721 4080 “
2751 4049 3035 4104 duodecim
3063 4049 3410 4105 comitatibus
3448 4048 3496 4080 “
3518 4050 3691 4105 dona-

2114 4140 2208 4193 vit.
2234 4138 2341 4194 Sed
2380 4139 2469 4195 ille
2498 4139 2591 4194 tali
2616 4138 2879 4195 beneﬂcio
2916 4146 3200 4195 contentus
3230 4157 3336 4197 non
3377 4150 3517 4207 erat,
3561 4157 3697 4197 nam

2506 4280 2899 4337 VARIANTES
2939 4279 3341 4337 LECTIONES.

2189 4373 2206 4403 ¹
2230 4371 2399 4428 frater
2423 4387 2555 4427 suus
2585 4371 2637 4425 7.
2666 4372 2743 4426 5?
2781 4372 2801 4402 '
2842 4378 3053 4426 soracte
3080 4369 3133 4425 7.
3209 4370 3231 4402 ³
3258 4371 3398 4425 deest
3422 4370 3454 4423 7
3527 4370 3551 4400 ⁸
3574 4385 3699 4424 cas-

2116 4442 2294 4498 sinum
2321 4442 2375 4497 2.
2406 4444 2460 4499 5.
2489 4441 2543 4497 4.
2572 4442 2625 4496 5.
2651 4443 2704 4496 6.
2733 4441 2880 4496 Inter
2900 4457 3077 4496 omnes
3112 4439 3474 4497 Casinensium
3516 4456 3698 4493 rerum

1924 4510 2009 4567 I2.
2115 4514 2328 4584 peritos,
2378 4511 2767 4566 celeberrimum
2817 4528 3004 4565 nomen
3031 4528 3135 4567 non
3164 4511 3265 4566 nisi
3312 4527 3417 4564 uno
3461 4510 3696 4575 sscribi,

1890 4583 2016 4636 bar-
2040 4559 2093 4619 D
2118 4591 2339 4636 constat.
2435 4583 2456 4614 ⁸
2493 4583 2771 4636 Cassinam
2798 4597 2980 4636 arcem
3012 4581 3064 4636 7.
3139 4583 3161 4614 ⁸
3194 4584 3267 4636 ita
3312 4580 3397 4633 hic
3443 4591 3491 4633 et
3543 4580 3696 4635 dein-

1857 4598 2016 4636 3081‘-

2118 4580 2339 4636 }:onstat.
2435 4583 2456 4614 ⁸
2493 4583 2771 4638 Cassinam
2798 4597 2980 4636 arcem
3012 4581 3064 4637 7.
3139 4583 3161 4614 ⁸
3194 4584 3267 4636 ita
3312 4580 3397 4633 hic
3443 4591 3491 4633 et
3543 4580 3697 4635 dein-

2116 4668 2234 4722 ceps
2264 4652 2290 4705 1
2345 4650 2531 4723 reliqui
2570 4652 2729 4722 grifo.
2802 4653 3014 4723 {super
3049 4651 3211 4723 ﬂuvio
3242 4651 3441 4723 obacro
3460 4651 3512 4723 7.
3536 4651 3697 4723 ρετιζὶ

2118 4719 2371 4794 ειίδιιρνα,
2395 4719 2607 4793 ex'ccplb
2628 4724 2766 4794 quod
2797 4721 2830 4776 5
2852 4719 3051 4794 oti—acra
3079 4721 3235 4794 legat.
3283 4720 3332 4794 _'
3361 4720 3608 4794 horheim
3637 4719 3692 4794 '1.

2117 4790 2139 4822 ’
2170 4807 2219 4847 c.
2251 4787 2465 4861 pipinus
2490 4787 2670 4846 autem
2718 4808 2839 4848 cum
2879 4790 2932 4845 7.
3010 4793 3053 4824 ¹⁶
3101 4787 3387 4861 turingiam
3432 4789 3504 4861 52
3531 4788 3597 4861 4.
3637 4787 3691 4843 7.

2120 4861 2187 4932 “7
2219 4859 2513 4916 niissaham
2571 4860 2623 4914 7.
2701 4863 2743 4894 “
2768 4862 3047 4932 scahningi
3084 4861 3139 4916 4.
3183 4859 3600 4932 5.75ka‘chningi
3635 4861 3691 4912 6.

2117 4931 2409 5002 schaninge
2433 4931 2485 5002 7.
2536 4932 2609 5002 _V"
2635 4947 2741 4987 non
2769 4942 2852 4986 est
2873 4929 3050 4986 tamen
3074 4933 3330 5002 interr-os
3354 4929 3405 4983 6.
3440 4930 3580 5002 inter
3600 4944 3698 5002 eos

2117 5016 2221 5056 non
2243 5011 2326 5057 est
2348 4998 2419 5057 Ξῖ
2455 5001 2507 5055 5.
2534 5000 2586 5053 7.
2621 5002 2684 5054 ιδ.
2715 5003 2781 5056 ad
2802 5017 2926 5056 eum
2953 5002 3019 5055 de
3040 5001 3269 5056 Francia
3298 5000 3350 5052 7.
3429 5000 3474 5030 “
3497 4998 3695 5053 thassi-

2117 5071 2294 5126 Ionem
2322 5070 2376 5125 5.
2453 5072 2496 5102 ¹⁶
2526 5071 2825 5126 hildrudem
2849 5069 2899 5124 5.
2920 5071 3259 5126 hiltthrudim
3277 5069 3344 5141 7.
3408 5069 3450 5101 "
3479 5067 3694 5141 υἱῆες·

2116 5156 2235 5199 rum
2297 5141 2328 5195 1
2383 5141 2669 5195 swikerum
2691 5141 2745 5195 5.
2850 5141 2892 5171 ¹⁸
2942 5142 3044 5196 sibi
3095 5142 3148 5196 in
3204 5139 3462 5194 auxilmm
3518 5139 3553 5192 5
3586 5139 3690 5191 i7.

2121 5211 2162 5243 ¹⁹
2206 5226 2407 5282 magno
2433 5212 2486 5265 5.
2597 5213 2653 5282 ’ξ
2706 5212 2760 5266 in
2804 5210 3111 5282 baioariam
3140 5209 3197 5282 7A.
3268 5211 3483 5282 “ﬁcum
3528 5221 3607 5282 eo
3635 5208 3691 5260 7.

2117 5282 2164 5404 1'
2200 5277 2375 5406 igsugn
2407 5296 2473 5336 eo
2515 5297 2570 5335 v.
2624 5280 2676 5335 7.
2773 5281 2820 5312 "
2875 5283 3130 5337 ducatum
3168 5279 3220 5335 5.
3321 5278 3370 5309 “
3407 5277 3697 5333 comitibus

1968 5432 2196 5517 κοτε.

514 5566 541 5593 ι
580 5551 966 5609 Monasterium
1012 5552 1120 5609 San
1164 5551 1410 5608 Silvestro
1460 5550 1512 5606 in
1561 5558 1744 5605 monte
1798 5547 2009 5605 Soracti

443 5638 606 5693 quem
644 5623 871 5678 Romani
906 5634 1081 5678 monte
1133 5622 1314 5678 Oreste
1341 5629 1556 5686 vocant,
1604 5619 1869 5689 hodieque
1916 5636 2011 5676 ex-

447 5703 852 5817 ειίῖξ’δδλιιιειιιιὶιι
887 5761 940 5816 in
968 5763 1142 5819 sancti
1176 5760 1517 5818 Carlomanni
1554 5760 1813 5817 honorem
1852 5760 1903 5815 in
1926 5774 2009 5816 ec-

2116 5550 2343 5619 picturis
2388 5552 2444 5605 et
2496 5563 2658 5618 opere
2711 5547 2923 5619 musivo
2973 5547 3336 5619 Splendidam,
3390 5560 3533 5619 anno
3554 5544 3698 5619 {823

2114 5616 2387 5745 integrum
2416 5627 2473 5674 et
2498 5616 2747 5690 religiose
2773 5634 2804 5673 a
2842 5616 3094 5674 Patribus
3115 5626 3389 5672 servatum
3418 5616 3620 5672 inveni.

2188 5703 2209 5727 ε
2268 5704 2354 5742 mn
2405 5688 2571 5743 0mm
2618 5689 2686 5745 ad
2736 5688 3005 5745 Obacrum
3046 5703 3207 5745 suora
3254 5686 3620 5745 Guellcrhvtul

2188 5703 2209 5727 (ἶ

2268 5704 2354 5742 mn
2405 5688 2571 5743 Orum
2603 5686 2686 5745 'ad
2736 5688 3005 5745 Obacrum
3046 5703 3207 5745 suora
3254 5686 3687 5745 Guellerhvtum.

2182 5759 2209 5799 ει
2245 5758 2603 5839 δεῄοεηὶῃςεη
2661 5759 2728 5816 ad
2778 5758 3007 5831 rivulum
3062 5756 3316 5824 Meissrm,
3379 5756 3435 5814 in
3490 5756 3692 5813 ducatu

449 5831 616 5890 desia
665 5832 974 5889 monasterii
1035 5830 1229 5891 Montis
1279 5831 1459 5889 Casini
1524 5840 1892 5899 exstructum,
1941 5846 2006 5889 ac
2111 5829 2525 5919 Brunsvicensi.
