3986 6174
356 293 458 351 377

842 395 1079 435 ANNALES
1114 392 1424 434 ECINHARDI.
1566 427 1573 435 .

349 453 645 509 Berthrada
664 452 681 482 ⁷
714 452 900 521 regina
921 452 977 504 in
990 449 1194 505 Vienna
1209 449 1427 504 civitate
1442 450 1723 515 remansit,
1743 449 1927 519 prius-

351 558 507 615 quam
536 558 637 598 rex
659 545 726 597 de
744 540 895 595 Italia
924 548 1291 595 reverteretur
1302 537 1451 595 febre
1462 547 1760 610 correptus,
1782 539 1925 593 diem

349 635 510 701 obiit;
539 633 697 690 cuius
720 645 918 702 corpus
930 630 1076 685 iussu
1103 630 1247 701 regis
1267 629 1333 684 ad
1348 629 1737 685 monasterium
1752 627 1926 682 sancti

348 710 644 789 Denedicti,
676 723 733 777 in
756 736 863 792 quo
892 720 1271 776 monachicum
1301 720 1544 775 habitum
1592 726 1923 791 susceperat,

348 820 579 876 relatum
611 824 716 872 est.

514 900 523 907 ‘
1001 881 1266 938 DCCLVI.

306 1032 309 1035 λ
416 976 714 1033 Ileistulfus
752 990 846 1029 rex
886 973 1396 1042 Langobardorum,
1423 987 1749 1041 quamquam
1785 985 1927 1025 anno

348 1069 625 1139 superiore
653 1069 673 1098 ‘
700 1066 918 1123 obsides
945 1063 1197 1124 dedisset,
1231 1072 1287 1119 et
1313 1065 1378 1119 de
1406 1064 1677 1119 reddenda
1706 1072 1927 1119 sanctae

346 1161 623 1216 Romanae
651 1157 915 1214 ecclesiae
939 1156 1150 1212 iustitia
1174 1156 1194 1188 ³
1222 1164 1332 1211 tam
1369 1170 1427 1211 se
1457 1171 1616 1226 quam
1640 1156 1927 1225 optimates

346 1267 472 1307 suos
501 1247 851 1304 iureiurando
883 1246 1290 1310 obstrinxisset,
1319 1244 1451 1299 nihil
1491 1245 1559 1300 de
1594 1245 1876 1314 promissis
1903 1246 1925 1276 ⁸

344 1355 506 1409 opere
542 1337 849 1407 complevit.
887 1336 1118 1406 Propter
1154 1336 1258 1390 hoc
1298 1334 1555 1405 Pippinus
1592 1351 1688 1390 rex
1728 1335 1926 1390 iterum

346 1444 466 1484 cum
493 1427 738 1483 exercitu
762 1425 973 1480 Italiam
1002 1425 1257 1488 intravit,
1289 1432 1344 1478 et
1380 1423 1703 1478 Heistulfum
1739 1424 1794 1478 in
1828 1423 1930 1478 Pa-

344 1519 432 1590 pia
462 1516 684 1573 civitate
713 1531 773 1571 se
807 1514 1167 1569 includentem
1199 1514 1431 1579 obsedit,
1469 1522 1523 1568 et
1552 1513 1833 1568 obsidione
1860 1513 1927 1568 ad

344 1610 715 1679 impletionem
756 1607 1148 1678 promissorum
1186 1594 1407 1660 suorum
1442 1604 1698 1676 c0npulit.
1730 1604 1928 1660 Reddi-

344 1709 563 1768 tamque
611 1696 713 1752 sibi
759 1697 1072 1751 Ravennam
1117 1704 1173 1750 et
1220 1694 1557 1767 Pentapolim
1606 1704 1663 1751 et
1709 1711 1926 1751 omnem
1952 1717 1999 1777 B

341 1789 710 1845 Exarcbatum
739 1788 805 1843 ad
832 1786 1142 1842 Ravennam
1177 1787 1533 1857 pertinentem
1574 1788 1641 1842 ad
1679 1795 1926 1842 sanctum

341 1880 564 1936 Petrum
607 1879 856 1943 tradidit;
905 1887 1067 1947 atque
1107 1878 1193 1933 bis
1234 1878 1255 1910 ⁸
1303 1879 1567 1948 peractis,
1608 1879 1661 1933 in
1700 1878 1928 1934 Galliam

343 1984 599 2026 reversus
648 1977 732 2024 est
759 1972 802 2022 ⁸.
860 1967 1155 2023 Heistulfus
1197 1976 1377 2023 autem
1418 1977 1541 2039 post
1567 1968 1924 2024 abscessum'

343 2062 481 2125 eius,
514 2075 641 2115 cum
667 2058 1041 2123 meditaretur,
1071 2057 1339 2126 quomodo
1380 2072 1477 2113 sua
1518 2057 1784 2128 promissa
1821 2071 1928 2110 non

344 2162 452 2207 tam
485 2151 769 2221 impleret,
798 2164 961 2220 quam
988 2149 1169 2204 dolose
1198 2163 1261 2204 ea
1287 2164 1426 2219 quae
1469 2147 1688 2220 impleta
1713 2146 1930 2202 fuerant

342 2249 709 2306 conmutaret,
741 2241 795 2294 in
826 2240 1114 2295 venatione
1142 2239 1208 2294 de
1234 2253 1374 2309 equo
1401 2254 1499 2294 suo
1550 2254 1679 2293 casu
1705 2238 1726 2270 ⁸
1751 2238 1929 2309 prola-

341 2349 472 2404 psus
494 2340 609 2398 est;
634 2341 797 2403 atque
825 2346 891 2386 ex
931 2332 1034 2387 hoc
1071 2331 1408 2402 aegritudine
1442 2338 1753 2397 contracta,
1786 2330 1929 2384 intra

340 2437 549 2492 paucos
590 2421 706 2477 dies
743 2420 957 2475 vivendi
993 2418 1284 2475 terminum
1315 2417 1336 2449 ’
1379 2418 1529 2473 fecit.
1560 2415 1658 2471 Cui
1712 2417 1926 2473 Deside-

343 2512 479 2581 rius,
497 2512 594 2582 qui
622 2525 804 2567 comes
818 2510 1014 2566 stabuli
1033 2510 1150 2566 eius
1164 2516 1298 2574 erat,
1323 2508 1583 2565 successit
1602 2508 1656 2563 in
1681 2522 1902 2579 regnum
1917 2544 1933 2563 .

409 2691 807 2749 Constantinus
829 2617 1289 2762 imperggglgigit
1308 2687 1536 2759 Pippino
1557 2687 1669 2761 regi
1692 2687 1860 2743 multa
1886 2688 1928 2719 ⁷⁸

343 2788 598 2849 munera,
633 2783 776 2837 inter
800 2797 941 2853 quae
976 2790 1032 2837 et
1057 2796 1317 2853 organum
1348 2780 1427 2847 “;
1456 2795 1594 2850 quae
1622 2780 1689 2835 ad
1718 2795 1840 2835 eum
1873 2780 1929 2835 in

344 2875 663 2946 Conpendio
687 2874 810 2929 villa
831 2880 1217 2944 pervenerunt,
1245 2871 1339 2926 ubi
1365 2880 1492 2927 tunc
1521 2872 1701 2944 populi
1727 2873 1810 2927 sui
1832 2887 1927 2945 ge-

343 2966 590 3021 neralem
630 2974 952 3020 conventum
990 2965 1197 3020 habuit.
1230 2963 1361 3019 Illuc
1396 2972 1451 3019 et
1489 2963 1698 3020 Tassilo
1734 2965 1777 2995 “
1817 2964 1927 3020 dux

342 3055 722 3111 Baioariorum
759 3070 882 3109 cum
911 3054 1237 3125 primoribus
1269 3054 1446 3124 gentis
1487 3070 1616 3110 suae
1655 3055 1834 3122 venit,
1872 3063 1929 3110 et
1954 3071 1999 3134 ο

341 3160 496 3203 more
521 3144 794 3200 Francico
824 3144 867 3175 ⁸³
897 3144 951 3198 in
981 3160 1171 3199 manus
1203 3146 1344 3216 regis
1375 3144 1430 3199 in
1456 3146 1781 3202 vassaticum
1808 3162 1927 3202 ma-

344 3236 502 3293 nibus
537 3236 655 3292 suis
685 3235 727 3266 "
763 3235 1108 3305 semetipsum
1137 3236 1562 3303 commendavit,
1596 3236 1930 3293 ﬁdelitatem-

342 3343 444 3397 que
474 3336 588 3381 tam
626 3325 743 3396 ipso
775 3325 885 3395 regi
922 3323 1149 3395 Pippino
1174 3341 1335 3394 quam
1371 3325 1495 3382 ﬁliis
1534 3328 1652 3382 eius
1684 3326 1845 3383 Karlo
1873 3337 1930 3384 et

344 3408 714 3477 Karlomanno
738 3420 1083 3475 iureiurando
1104 3436 1266 3490 supra
1298 3420 1342 3452 “’
1371 3437 1564 3492 corpus
1592 3421 1763 3477 sancti
1795 3420 1926 3476 Dio-

343 3513 463 3568 nisii
499 3511 788 3583 promisit;
818 3517 874 3564 et
899 3510 942 3540 ¹⁶
975 3526 1080 3565 non
1109 3509 1283 3565 solum
1313 3511 1407 3577 ibi,
1442 3510 1536 3567 sed
1568 3511 1609 3543 "
1639 3512 1803 3565 etiam
1836 3525 1927 3565 su-

339 3621 434 3676 per
470 3618 679 3674 corpus
720 3603 894 3659 sancti
937 3602 1150 3657 Martini
1193 3611 1249 3658 et
1272 3604 1444 3659 sancti
1473 3603 1726 3660 Germani
1766 3602 1927 3659 simili

341 3702 706 3759 sacramento,
737 3692 896 3747 ﬁdem
922 3708 979 3748 se
1009 3693 1302 3764 praedictis
1330 3694 1564 3750 dominis
1594 3695 1707 3751 suis
1738 3695 1780 3727 ⁷⁸
1814 3695 1928 3750 die-

338 3786 439 3841 bus
464 3786 616 3840 vitae
643 3799 771 3839 suae
800 3792 1139 3839 servaturum
1159 3826 1172 3850 ,
1214 3793 1297 3841 est
1334 3786 1625 3857 pollicitus.
1665 3785 1928 3843 Similiter

340 3888 393 3935 ει
420 3880 463 3912 ι’
493 3893 690 3936 omnes
714 3877 981 3947 primores
1011 3891 1076 3931 ac
1104 3877 1341 3932 maiores
1382 3886 1509 3932 natu
1538 3877 1769 3932 Baioarii
1789 3920 1803 3944 ,
1832 3879 1925 3949 qui

336 3987 458 4026 cum
501 3984 572 4025 eo
612 3969 667 4023 in
696 3968 1056 4040 praesentiam
1088 3968 1230 4041 regis
1268 3976 1628 4040 pervenerant
1664 3969 1732 4035 ὀ,
1766 3968 1925 4026 ﬁdem

336 4077 395 4118 se
424 4060 540 4134 regi
577 4069 633 4116 et
672 4060 795 4115 filiis
823 4060 866 4092 "
895 4060 1010 4116 eius
1050 4068 1392 4127 servaturos,
1430 4060 1482 4117 in
1522 4060 1814 4131 praedictis
1838 4077 1925 4116 ve-

338 4149 676 4208 nerabilibus
704 4149 836 4207 locis
861 4151 1246 4220 promiserunt.

729 4659 1114 4720 VARIANTES
1156 4663 1555 4724 LECTIONES.

406 4780 422 4809 ¹
449 4779 752 4852 pcrhtrada
780 4778 833 4852 5.
862 4779 1190 4852 berchtrada
1216 4779 1268 4835 6.
1297 4779 1551 4852 bertrada
1585 4780 1636 4835 7.
1713 4783 1733 4811 ’
1764 4797 1923 4852 supe-

335 4847 465 4928 riori
484 4849 540 4928 5..
589 4926 595 4928 Α
619 4848 724 4928 ’_et
747 4848 1174 4928 ad_red_denc_lu_m
1197 4865 1261 4905 ea
1287 4865 1425 4928 quae
1441 4847 1923 4928 Romanae_eeéle-

335 4917 448 4990 sine
478 4917 783 4973 abstulerat
803 4918 873 4990 7.;
929 4921 952 4951 ⁸
996 4920 1131 4990 nihil
1160 4917 1548 4990 promissorum
1579 4921 1630 4975 7.
1726 4921 1747 4953 ⁸
1771 4922 1838 4976 iis
1865 4922 1919 4975 7.

339 4984 360 5016 ‘
396 4996 482 5042 est
558 5002 811 5044 reversus
848 4988 902 5043 2.
1000 4989 1020 5019 '
1084 4984 1367 5046 abéessum
1417 4990 1467 5043 1.
1614 4990 1637 5022 ⁸
1679 4990 1820 5045 deest
1862 4991 1916 5046 6.

336 5054 575 5130 ’_ﬁgem_
604 5058 657 5112 7.
740 5059 781 5091 ¹⁶
822 5058 1009 5130 multa
1044 5060 1184 5114 deest
1221 5060 1286 5125 2;
1326 5076 1379 5130 p.
1436 5059 1551 5130 regi
1601 5060 1765 5130 multa
1819 5060 1921 5116 mi-

335 5126 409 5200 sit
427 5126 523 5200 7.“
564 5128 606 5200 ⁷⁸
633 5143 834 5200 organa
861 5128 912 5182 7.
944 5128 1017 5183 3?
1080 5131 1133 5167 »⁸³
1162 5126 1386 5185 ιιιειεδῖιο
1408 5130 1461 5185 5.
1501 5126 1584 5200 Ῐ¹³
1612 5129 1920 5185 francorum

335 5193 392 5270 ξ.
431 5197 533 5270 λδ
561 5199 617 5254 in
657 5193 905 5255 manibus
929 5200 1042 5254 suis
1077 5200 1131 5254 ι.
1227 5201 1271 5232 ⁷⁸
1298 5215 1460 5270 super
1499 5199 1549 5270 7.
1601 5200 1668 5256 3?
1736 5201 1778 5232 “
1808 5200 1915 5256 Sed

337 5266 391 5331 7,
430 5266 503 5322 3?
594 5270 635 5302 ⁷⁷
665 5285 854 5324 verum
908 5271 959 5325 7.
992 5271 1062 5325 5?
1158 5270 1201 5302 ⁷⁸
1237 5266 1378 5325 deest
1409 5270 1461 5325 5.
1492 5269 1546 5325 6.
1624 5270 1666 5301 "
1692 5270 1833 5325 deest
1862 5272 1914 5326 7.

337 5337 384 5367 “
409 5348 778 5409 pervenerunt
813 5339 865 5394 6.
941 5341 982 5371 "
1013 5341 1152 5396 filios
1183 5339 1235 5394 6.

1417 286 1561 344 CUM
1601 274 2189 351 LAURISSENSIBUS
2226 276 2543 335 COLLATI.

1951 372 2002 432 Α

1946 4430 2000 4489 D
2026 4435 2092 4489 lis
2114 4430 2326 4503 semper
2349 4441 2591 4488 maneret
2620 4434 2671 4487 I.

3497 281 3611 341 378

2490 387 2724 426 ANNALES
2752 385 3144 428 LAURISSENSES.

2027 449 2213 511 ceptos
2237 443 2276 507 ⁷,
2305 451 2362 497 et
2403 458 2528 497 eum
2562 450 2901 497 sacramenta
2945 442 3159 496 ﬁrmata
3186 444 3208 474 ²
3253 455 3496 497 reversus
3521 450 3606 498 est

2026 530 2082 584 in
2107 531 2385 585 Frantiam
2423 532 2465 585 ³.
2526 530 2916 587 Carlomaunus
2962 530 3301 585 monachus"
3344 528 3553 587 Vienna
3581 531 3607 561 ⁸

2026 616 2246 676 civitate
2295 622 2561 676 remansit
2618 637 2726 676 una
2782 636 2906 676 cum
2966 619 3336 674 Bertrandane
3393 619 3414 650 ⁶
3464 620 3576 690 regi

2026 724 2131 764 nae
2158 710 2177 741 ⁷
2216 709 2485 777 inﬁrmus,
2523 710 2814 782 languebat
2852 712 2874 743 ⁸
2924 712 3038 766 dies
3075 710 3292 774 multos
3329 718 3385 765 et
3416 712 3551 766 obiit
3581 711 3604 743 ⁹

2026 798 2083 854 in
2123 815 2276 870 μεθ’
2634 869 2877 926 DCCLVI
2907 871 2970 923 ιο.

2096 960 2235 1014 Dum
2255 960 2622 1031 prospexisset
2646 960 2905 1031 Pippinus
2928 975 3049 1027 rex,
3076 960 3145 1016 ab
3165 960 3432 1015 Haistull‘o
3461 961 3605 1016 Lan-

2027 1050 2387 1120 gobardorum
2419 1066 2544 1121 rege
2567 1065 2631 1104 ea
2658 1066 2763 1104 non
2785 1066 2906 1105 esse
2934 1066 3082 1116 vera,
3109 1051 3254 1121 quod
3287 1052 3327 1083 “
3376 1060 3532 1106 antea
3558 1053 3601 1082 "

2028 1141 2355 1210 promiserat
2383 1142 2449 1196 de
2477 1142 2697 1197 iustitiis
2724 1143 2892 1197 sancti
2916 1142 3084 1206 Petri,
3115 1142 3430 1198 iterumiter
3448 1159 3603 1213 pera-

2027 1247 2160 1303 gens
2190 1233 2244 1287 in
2270 1233 2495 1298 Italiam,
2530 1233 2753 1304 Papiam
2782 1233 3017 1299 obsedit,
3048 1233 3379 1302 Haistulfum‘
3423 1234 3600 1288 inclu-

2028 1324 2118 1389 sit,
2140 1323 2311 1394 magis
2346 1325 2625 1394 magisque
2652 1325 2718 1380 de
2747 1325 2966 1380 iustitiis
3020 1326 3194 1380 sancti
3222 1325 3371 1380 Petri
3410 1325 3606 1381 conﬁr-

2027 1415 2197 1471 mavit
2223 1415 2290 1481 ⁷³,
2334 1425 2395 1470 ut
2437 1417 2659 1472 stabiles
2682 1422 3081 1487 permanerent,
3117 1419 3262 1487 quod
3287 1426 3445 1472 antea
3475 1434 3604 1488 pro-

2028 1507 2251 1562 miserat
2274 1507 2341 1573 ”,
2370 1517 2424 1564 et
2449 1509 2667 1579 insuper
2691 1511 3007 1565 Ravennam
3035 1527 3158 1566 cum
3190 1511 3525 1580 Pentapolim
3559 1512 3603 1542 "

2029 1606 2086 1653 et
2112 1599 2264 1653 omni
2282 1599 2553 1654 Exareatu
2588 1600 2630 1631 ⁷⁸
2655 1601 2980 1670 conquisivit
3006 1610 3062 1655 et
3083 1609 3271 1655 sancto
3307 1601 3467 1656 Petro
3494 1609 3607 1655 tra-

2030 1688 2166 1744 didit
2192 1689 2256 1742 ⁷⁷.
2301 1689 2372 1745 Et
2399 1688 2526 1744 dum
2544 1706 2793 1746 reversus
2819 1700 2905 1746 est
2928 1691 3187 1762 Pippinus
3215 1706 3331 1758 rex,
3354 1692 3604 1761 cupiebat

2027 1778 2370 1849 supradictus
2392 1778 2689 1836 Haistull‘us
2713 1780 2756 1811 ⁷⁸
2777 1780 3039 1835 nefandus
3053 1796 3149 1835 rex
3172 1780 3214 1811 "
3233 1781 3447 1836 mentiri
3466 1796 3605 1850 quae

2025 1878 2184 1923 antea
2214 1868 2486 1938 pollicitus
2512 1869 2717 1935 fuerat,
2769 1870 2985 1927 obsides
3011 1872 3232 1942 dulgere
3259 1872 3304 1903 ¹⁰
3337 1884 3385 1938 α,
3424 1888 3605 1928 sacra-

2024 1965 2204 2012 menta
2228 1958 2615 2028 inrumpere“.
2640 1960 2881 2027 Quodam
2905 1961 2992 2017 die
3013 1962 3354 2018 venationem
3376 1962 3523 2026 fecit,
3549 1971 3607 2017 et

2025 2064 2316 2120 percussus
2348 2051 2489 2105 est"
2512 2051 2610 2106 Dei
2633 2051 2853 2117 iudicio,
2882 2053 3053 2108 vitam
3099 2051 3293 2107 ﬁnivit.
3321 2052 3366 2084 ”
3388 2052 3455 2106 Et
3477 2067 3606 2121 quo-

2026 2142 2186 2197 modo
2202 2149 2258 2197 et
2285 2143 2518 2212 qualiter
2545 2144 2742 2200 missus
2757 2153 2843 2201 est
2870 2144 3186 2201 Desiderius
3205 2161 3304 2202 rex
3326 2146 3381 2201 in
3410 2159 3602 2216 regno,

2026 2240 2217 2303 postea
2247 2233 2489 2289 dicamus
2515 2232 2562 2265 "

2671 2570 2959 2628 DCCLVII.

2098 2660 2242 2719 Misit
2257 2661 2643 2718 Constantinus
2665 2663 2958 2732 imperator
2978 2662 3087 2735 regi
3110 2661 3336 2734 Pippino
3351 2679 3470 2720 cum
3486 2664 3608 2720 aliis

2028 2753 2185 2809 donis
2212 2768 2495 2824 organum,
2527 2754 2619 2824 qui
2648 2754 2696 2785 "
2726 2754 2780 2808 in
2806 2753 3093 2810 Franciam
3128 2770 3300 2824 usque
3338 2757 3603 2825 pervenit.

2027 2845 2097 2900 Et
2119 2858 2213 2899 rex
2239 2845 2495 2915 Pippinus
2523 2847 2697 2900 tenuit
2717 2846 2977 2915 placitum
3015 2862 3171 2901 suum
3210 2848 3262 2901 in
3298 2846 3608 2917 Conpendio

2029 2936 2076 2970 “
2099 2952 2221 2992 cum
2242 2936 2490 3001 Francis,
2516 2937 2700 3007 ibique
2721 2936 2929 2994 Tassilo
2950 2939 3117 3005 venit,
3138 2939 3246 2994 dux
3274 2939 3317 2970 ’⁷
3335 2938 3607 2993 Baioario-

2028 3044 2171 3095 rum,
2190 3028 2244 3083 in
2257 3029 2499 3084 vasatico
2512 3029 2558 3061 ’⁸
2586 3044 2645 3084 se
2659 3031 3040 3087 commendans
3062 3047 3159 3102 per
3182 3047 3394 3097 manus,
3422 3048 3608 3087 sacra-

2029 3126 2213 3174 menta
2248 3118 2447 3173 iuravit
2489 3117 2659 3173 multa
2681 3126 2737 3175 et
2786 3120 3223 3187 innumerabilia,
3274 3121 3532 3190 reliquias
3562 3120 3606 3152 "

2027 3217 2339 3269 sanctorum
2396 3218 2696 3281 martyrum
2724 3210 2769 3242 ³ο
2794 3225 2985 3266 manus
3008 3211 3272 3282 inponens
3293 3211 3360 3277 ³⁷,
3398 3221 3453 3266 et
3479 3211 3611 3266 ﬁde-

2028 3302 2232 3358 litatem
2249 3302 2498 3373 promisit
2521 3303 2635 3374 regi
2650 3302 2877 3374 Pippino
2891 3311 2947 3359 et
2968 3303 3296 3374 supradictis
3324 3303 3451 3358 ﬁliis
3465 3303 3605 3366 eius,

2027 3393 2226 3450 domno
2255 3393 2450 3450 Carolo
2474 3402 2531 3450 et
2556 3393 2942 3461 Carlomanno,
2973 3394 3052 3451 sic
3075 3402 3135 3449 ut
3163 3409 3355 3450 vassus
3382 3392 3426 3424 ⁸⁷
3460 3401 3607 3448 recta

2026 3492 2208 3541 mente
2253 3492 2308 3540 et
2344 3483 2501 3539 ﬁrma
2521 3484 2804 3540 devotione
2828 3500 2926 3555 per
2945 3485 3205 3539 iustitiam
3230 3484 3296 3550 ³³,
3329 3483 3469 3538 sicut
3489 3499 3610 3537 vas-

2024 3590 2120 3631 sus
2140 3576 2185 3607 ³⁸
2216 3575 2464 3632 dominos
2489 3592 2616 3633 suos
2646 3577 2694 3609 "
2724 3590 2844 3632 esse
2878 3577 3097 3632 deberet
3118 3577 3168 3630 ιι.
3205 3575 3296 3631 Sic
3321 3575 3610 3630 conﬁrma-

2024 3666 2107 3722 vit
2159 3668 2500 3738 supradictus
2531 3667 2741 3723 Tassilo
2775 3667 2821 3699 “
2848 3681 3010 3736 supra
3053 3681 3250 3736 corpus
3297 3673 3606 3721 sanctorum

2362 3851 2366 3856 '
2417 3780 2807 3837 VARIANTES
2844 3779 3248 3836 LECTIONES.

2099 3873 2115 3904 ⁷
2149 3882 2427 3941 susceptos
2451 3870 2539 3926 15.
2616 3873 2637 3903 ²
2679 3880 3026 3926 sacramento
3049 3871 3098 3923 I.
3149 3878 3487 3941 sacramenta
3518 3868 3607 3923 lir-

2024 3951 2170 3998 mata
2200 3940 2426 3997 haberet
2451 3942 2502 3995 7.
2534 3951 2872 3997 sacramenta
2901 3941 3111 3994 ﬁrmata
3133 3947 3316 3996 essent
3337 3940 3393 3993 9.
3423 3954 3607 3994 sacra-

2024 4014 2225 4067 mentis
2245 4012 2594 4067 conﬁrmatos
2621 4012 2707 4065 15.
2785 4011 2806 4042 ³
2832 4009 3094 4065 franciam
3122 4012 3171 4065 1.
3212 4009 3263 4064 7.
3282 4010 3333 4065 8.
3362 4009 3415 4064 9.
3491 4017 3511 4063 3
3540 4009 3600 4063 (Ζ.

2023 4093 2205 4138 autem
2233 4082 2528 4138 monachus
2558 4083 2609 4136 I.
2640 4082 2692 4135 7.
2726 4080 2748 4113 ⁸
2770 4081 2823 4135 in
2847 4080 3052 4135 Vienna
3082 4083 3127 4135 l.
3204 4081 3224 4111 ⁸
3255 4078 3602 4135 berunadana

2024 4154 2076 4208 I.
2128 4153 2380 4209 bertrada
2427 4154 2480 4208 9.
2518 4152 2805 4208 berhtrade
2830 4151 2912 4205 I5.
2988 4152 3008 4183 ⁷
3041 4153 3225 4221 regina
3254 4151 3371 4205 1.7.
3407 4149 3507 4222 (8.)
3549 4149 3603 4222 9.

2022 4223 2469 4294 'rlanguebatque
2499 4222 2562 4294 7.
2583 4221 2693 4294 l8.)
2729 4222 2792 4294 ρ.
2848 4221 2878 4294 _’
2907 4237 2963 4277 et
2986 4223 3065 4277 sic
3094 4220 3227 4294 obiit
3266 4222 3333 4294 in
3385 4220 3516 4294 pace
3548 4220 3599 4272 7.

2046 4293 2123 4358 8.)
2145 4291 2197 4349 9'.
2277 4292 2320 4324 "
2345 4291 2484 4346 Anni
2499 4292 2601 4346 756
2622 4291 2794 4347 et'757
2823 4292 3009 4347 desunt
3027 4292 3207 4348 incod.
3234 4292 3313 4346 I5.
3391 4292 3432 4323 “
3467 4305 3588 4358 qua!

2062 4404 2077 4418 .
2102 4360 2153 4418 7.
2184 4363 2282 4435 (8.)
2305 4361 2356 4418 9.
2386 4362 2472 4417 I2.
2553 4363 2596 4394 "
2622 4373 2747 4418 ante
2780 4362 2831 4416 I.
2910 4362 2953 4394 "
2992 4363 3353 4427 conﬁrmavit,
3388 4360 3591 4416 instabi-

2067 4450 2092 4487 s
2114 4449 2326 4487 semper
2349 4441 2591 4487 maneret
2620 4434 2671 4487 I.
2750 4432 2963 4487 “antea
2979 4447 3191 4487 semper
3206 4448 3259 4487 ι).
3278 4432 3331 4484 7.
3411 4431 3453 4461 "
3475 4444 3591 4487 pen-

2806 4448 2963 4488 antea
2979 4448 3191 4501 semper
3206 4448 3259 4501 p.
3288 4448 3331 4484 ι.
3411 4448 3453 4501 εξ
3475 4448 3594 4501 pen~

2026 4504 2190 4575 tapoli
2217 4498 2268 4558 1.
2301 4503 2352 4556 7.
2379 4503 2534 4559 9.12.
2617 4504 2658 4535 ¹⁶
2686 4503 2979 4558 exarchatu
3002 4502 3051 4555 I.
3078 4498 3129 4556 7.
3155 4498 3221 4555 9f
3245 4501 3329 4553 l2.
3408 4500 3449 4530 "
3476 4498 3588 4552 red.

2023 4575 2160 4630 didit
2203 4574 2253 4628 I.
2332 4574 2376 4605 “
2418 4573 2704 4628 haistolfus
2743 4572 2796 4626 7.
2896 4573 2938 4603 ¹⁹
2994 4568 3285 4624 nefandusl
3312 4584 3406 4623 rex
3446 4568 3500 4622 ιι.
3549 4567 3591 4619 1.

2023 4643 2069 4715 ⁷⁸
2098 4644 2313 4715 obsides
2353 4642 2687 4715 denegarel.
2741 4641 3132 4715 _“irr1_mipere
3157 4639 3294 4715 j.7._
3316 4639 3396 4715 9._
3443 4638 3488 4668 "
3520 4652 3571 4715 eg

2021 4714 2130 4769 iam
2162 4715 2218 4770 in
2242 4707 2543 4780 5.erasun'1,
2578 4713 2718 4768 deest
2741 4712 2792 4767 7.
2826 4712 2879 4768 9.
2913 4707 3022 4766 12:
3074 4709 3121 4741 ³³
3151 4707 3323 4765 ﬁnivit
3349 4708 3510 4780 vitam
3546 4707 3566 4758 I

2022 4783 2070 4816 “
2097 4786 2339 4857 dicemus
2364 4784 2416 4857 7.
2442 4774 2544 4856 (8.)
2569 4784 2623 4840 9.
2680 4783 2746 4857 f‘
2767 4797 3031 4857 orga_nui_n
3052 4780 3201 4857 quod
3241 4779 3375 4857 I.A_7.
3403 4774 3591 4857 l8?).o.

2023 4869 2164 4927 quae
2203 4855 2290 4927 12.
2328 4924 2342 4927 _
2366 4854 2412 4885 ³⁵
2436 4845 2755 4927 compendio
2803 4845 2862 4927 IT
2879 4853 2936 4927 7.
2974 4845 3224 4927 8.9.12.
3249 4920 3262 4927 _
3298 4845 3587 4927 ’ζιιιεεςῃς

2024 4915 2132 4980 dux
2153 4925 2302 4979 venit
2322 4924 2371 4977 1.
2448 4925 2494 4956 ’⁸
2509 4915 2780 4980 vassatico
2802 4924 2853 4978 7.
2872 4923 2926 4979 9.
3002 4922 3047 4953 "
3073 4920 3300 4990 reliquia
3329 4917 3381 4990 5.
3398 4917 3456 4990 6ἐ
3476 4915 3595 4990 reji-

2028 4995 2173 5061 quiis
2200 4994 2320 5048 1.7.
2341 4992 2441 5064 (8.)
2468 4995 2523 5050 9.
2600 4996 2644 5026 ³ο
2679 4994 2819 5077 deest
2846 4993 2906 5075 5.⁹
2940 5062 2952 5075 .
2974 4984 3316 5073 “imponens
3346 4988 3394 5041 I.
3426 4986 3478 5039 7.
3499 4984 3595 5109 (81).

2028 5063 2082 5109 9-
2159 5064 2204 5096 ³⁸
2240 5063 2477 5109 vasallns
2527 5066 2578 5109 1-
2677 5065 2722 5096 ³³
2785 5073 3044 5109 inmittam
3076 5068 3214 5109 SlClll
3269 5055 3502 5109 vasallus
3583 5095 3595 5107 .

2027 5055 2082 5117 9.
2159 5064 2204 5096 ³⁷
2240 5055 2477 5119 vasallus
2527 5066 2578 5119 1.
2677 5065 2722 5096 ⁸³
2785 5062 3044 5119 iustitiam
3076 5055 3214 5118 sicut
3269 5055 3516 5113 vasallus'
3546 5055 3596 5109 I.

2027 5132 2074 5205 ξε
2104 5133 2453 5205 sicutvassus
2475 5135 2665 5205 excidit
2688 5135 2742 5188 in
2764 5134 2815 5205 7.
2850 5132 2949 5205 (8.)
2981 5133 3033 5188 9.
3092 5130 3157 5205 _”
3193 5127 3411 5205 domino
3426 5141 3523 5205 suo
3544 5126 3595 5179 I.

2028 5203 2080 5274 7.
2108 5202 2206 5274 (8.)
2234 5203 2287 5269 9;
2305 5204 2412 5257 iam
2435 5221 2462 5259 s
2489 5204 2649 5274 ﬁnale
2682 5206 2735 5258 in
2764 5204 2797 5259 5
2823 5195 3052 5274 erasum,
3076 5200 3321 5255 dominos
3347 5195 3600 5274 suosloco

2027 5266 2258 5329 dominis
2276 5266 2392 5328 suis
2408 5266 2510 5329 non
2535 5274 2817 5337 intellecto;
2850 5269 3105 5340 pluralem
3145 5280 3317 5324 tamen
3345 5266 3600 5340 singulari

2029 5360 2243 5398 numero
2264 5344 2534 5415 praeferre
2549 5338 2902 5396 antecedentia
2915 5341 3155 5393 suadent.
3232 5340 3277 5371 ³⁸
3300 5339 3523 5394 thessilo
3546 5338 3596 5391 I.

1853 5430 2057 5487 NOTAE
2068 5472 2082 5487 .

413 5537 439 5597 ξ
478 5508 826 5597 ᾒειίιπιιιειιθ,
854 5524 1124 5597 deserere.

414 5594 444 5632 δ
487 5590 764 5651 Sententia
786 5603 871 5650 est
911 5613 923 5649 :
955 5594 1163 5650 Tassilo
1196 5592 1423 5664 Pippino
1456 5600 1512 5647 et
1541 5590 1665 5648 ﬁliis
1690 5591 1919 5664 ﬁdelita-

346 5672 455 5719 tem
495 5666 774 5734 promisit,
804 5665 879 5720 ita
913 5673 1001 5732 ut,
1032 5663 1481 5735 quemadmodum
1524 5678 1713 5720 vassus
1750 5663 1920 5722 domi-

2026 5524 2112 5594 nis
2136 5526 2249 5580 suis
2277 5540 2397 5581 esse
2426 5526 2665 5586 deberet,
2692 5523 2770 5577 sic
2797 5524 2910 5594 ipse
2939 5539 3131 5594 vassus
3164 5534 3307 5581 recta
3336 5536 3515 5582 mente
3545 5535 3600 5580 et

2025 5593 2179 5719 ﬁrrfm:
2217 5596 2497 5652 devotione
2527 5611 2623 5666 per
2650 5593 2913 5665 justitiam
2946 5595 3025 5668 (ut
3047 5593 3253 5664 justum
3279 5599 3414 5669 erat)
3457 5607 3599 5653 esset

2022 5680 2075 5719 in
2123 5683 2152 5720 ιι
2182 5681 2299 5720 ιιιύ.

2123 5682 2299 5720 ιιιιιιύ.

2411 5807 2544 5820 δ’---
2590 5809 2622 5819 ιν
2658 5802 2711 5819 θ·-
2751 5815 2759 5822 ι
2803 5814 2809 5819 α
