3986 6174
336 297 432 355 591

788 404 1033 464 amnes
1072 422 1470 463 LAUNSSENSES.

333 499 520 571 regina
564 500 845 568 iungentes
899 511 959 551 se
1000 496 1069 551 ad
1100 498 1116 516 ⁸
1166 496 1382 552 Salossa
1430 498 1469 562 ί,
1521 504 1576 551 et
1626 496 1681 550 in
1731 493 1921 549 eodem

335 604 479 645 anno
520 587 759 659 perrexit
807 587 1002 642 domna
1055 586 1217 641 Berta
1250 586 1434 659 regina
1477 602 1578 658 per
1617 585 1922 641 Baioariam

332 680 578 752 partibus
606 677 791 732 ltaliae
822 678 865 732 '.
921 677 989 731 Et
1011 677 1242 734 domnus
1271 678 1498 734 Carolus
1541 693 1638 732 rex
1683 676 1926 732 celebra—

334 773 413 826 vit
456 768 689 824 natalem
738 766 953 822 Domini
1007 767 1063 822 in
1108 765 1437 838 Mogontiam
1482 768 1503 800 ³
1537 767 1813 823 civitatem
1871 776 1928 821 et

334 861 535 931 pascha
558 859 615 912 in
652 855 969 912 H'aristallio
1000 855 1041 909 ⁸.
1077 868 1105 898 ι
1136 857 1204 911 Ει
1253 857 1541 913 inmutavit
1570 872 1630 912 se
1665 870 1927 911 numerus

336 966 602 1006 annorum
633 951 689 1005 in

408 1044 434 1065 “
452 1040 656 1115 [castro
678 1040 826 1110 quod
852 1037 1051 1095 dicitur
1075 1034 1295 1095 Salussa
1323 1039 1356 1095 9
1378 1035 1453 1112 ιλ]

978 1128 1299 1185 DCCLXXI.

407 1226 560 1280 Tunc
581 1224 811 1278 domnus
853 1220 1075 1276 Carolus
1115 1236 1209 1276 rex
1252 1220 1518 1292 synodum
1562 1217 1754 1275 habuit
1790 1220 1811 1252 ⁸
1861 1219 1928 1275 ad

337 1318 687 1378 Valentianas
711 1315 734 1345 ⁸
779 1314 829 1379 ιι,
862 1321 917 1368 et
944 1313 1135 1368 eodem
1166 1328 1310 1369 anno
1354 1312 1747 1368 Carlomannus
1768 1314 1789 1345 "
1832 1328 1928 1367 rex

336 1410 623 1468 defunctus
653 1414 737 1459 est
768 1403 823 1457 in
874 1401 998 1456 villa
1027 1416 1167 1471 quae
1206 1403 1404 1458 dicitur
1450 1398 1859 1458 Sa-lmonciacus
1882 1402 1928 1467 ⁸,

334 1502 476 1573 prid.
504 1497 641 1552 Non.
666 1495 794 1549 Dec.
819 1494 839 1513 ‘
868 1494 1107 1549 Domnus
1132 1509 1227 1549 rex
1249 1493 1476 1550 Carolus
1497 1494 1683 1549 venit’
1710 1493 1778 1549 ad
1798 1492 1931 1549 Cor-

335 1595 601 1649 bdnacum
624 1587 666 1618 ¹⁰
689 1584 895 1649 villam,
918 1583 1102 1654 ibique
1122 1585 1404 1641 venientes
1426 1585 1758 1641 Wilcharius
1777 1586 1818 1616 ¹¹
1847 1600 1931 1640 ar-

335 1681 709 1752 chiepiscopus
723 1687 777 1734 et
787 1673 1050 1731 Folradus
1068 1677 1109 1706 "
1124 1675 1433 1746 capellanus
1446 1692 1568 1733 cum
1589 1677 1710 1731 aliis
1721 1676 1923 1747 episco-

1440 292 1815 354 EGINHARDI
1853 287 2144 348 ABBATIS
2182 285 2502 347 ANNALES

1950 406 2001 465 Δ

3513 286 3618 349 592

2524 410 2763 455 Ακκλιιε
2801 411 3092 454 ΠΩῙΝΒΔΙΏῙ

2027 501 2113 547 est
2136 492 2152 523 ί
2176 492 2413 561 negotio,
2440 489 2682 545 adoratis
2700 488 2866 545 etiam
2895 489 3100 547 Romae
3123 496 3441 545 sanctorum
3481 502 3618 560 apo-

2028 585 2289 641 stolorum
2318 568 2613 647 liminibus,
2642 582 2710 637 ad
2740 580 2880 636 ﬁlios
2904 581 2958 635 in
2997 580 3229 636 Galliam
3251 582 3272 612 ⁸
3303 582 3617 637 revertitur.

2027 673 2221 729 Karlus
2261 680 2443 727 autem
2501 685 2599 726 rex
2652 671 2888 726 natalem
2936 671 3149 727 Domini
3197 670 3523 743 Mogontiaci
3574 672 3596 704 ³

2027 773 2386 835 sanctumque
2408 766 2610 835 pascha
2637 765 2692 820 in
2730 764 2858 819 villa
2886 763 3198 820 Haristallio
3226 765 3544 821 celebravit.

2660 1123 2976 1184 DCCLXXI.

2098 1219 2330 1279 Peracto
2359 1220 2657 1278 secundum
2687 1237 2895 1277 morem
2930 1220 3167 1293 generali
3206 1229 3481 1277 conventu
3527 1237 3626 1277 su:-

2029 1332 2127 1388 per
2152 1316 2374 1371 ﬂuvium
2418 1315 2693 1370 Scaldiam
2730 1314 2752 1346 ⁵
2782 1314 2835 1369 in
2884 1315 3011 1370 villa
3050 1314 3402 1370 Valentianas
3432 1316 3475 1380 ⁸,
3522 1330 3622 1370 rex

2031 1407 2226 1463 Karlus
2255 1406 2321 1462 ad
2349 1406 2697 1463 hiemandum
2726 1404 3110 1477 proﬁciscitur.
3141 1407 3386 1477 Cumque
3417 1408 3489 1463 ibi
3513 1409 3620 1462 ali-

2031 1498 2287 1569 quamdiu
2316 1504 2646 1561 moraretur,
2670 1495 3069 1552 Karlomannus
3100 1496 3269 1552 frater
3295 1513 3347 1551 a.
3372 1498 3425 1553 d.
3455 1498 3490 1552 2
3513 1498 3623 1552 No-

2032 1606 2132 1645 nas
2187 1590 2209 1622 ⁸
2252 1588 2568 1645 Decembris
2613 1587 2848 1643 decessit
2896 1588 2949 1642 in
2997 1587 3124 1643 villa
3175 1587 3545 1644 Salmontiaco
3573 1590 3617 1643 '.

2032 1682 2101 1737 Et
2127 1697 2221 1737 rex
2249 1681 2316 1736 ad
2361 1682 2679 1751 capiendum
2723 1694 2790 1734 ex
2835 1679 3047 1750 integro
3096 1696 3325 1751 regnum
3378 1681 3620 1734 animum

332 1775 420 1845 pis
446 1749 501 1828 et
532 1749 980 1834 sacerdotibus",
997 1768 1253 1823 Warinus
1267 1776 1322 1823 et
1343 1767 1683 1823 Adalhardus
1702 1767 1744 1799 ιθ
1760 1768 1930 1823 comi-
1957 1749 2005 1808 Β
2034 1775 2343 1838 intendens,
2377 1749 2751 1828 carbonacum
2795 1772 2817 1804 ⁸
2854 1749 3037 1826 villam
3085 1749 3233 1827 venit
3277 1771 3321 1826 ’.
3362 1771 3440 1828 lbi
3486 1772 3619 1828 Wil-

336 1874 419 1920 tes
432 1879 557 1919 cum
572 1862 692 1918 aliis
703 1861 1028 1932 primatibus
1057 1859 1149 1929 qui
1184 1857 1403 1913 fuerunt
1427 1857 1774 1913 Carlomanni
1794 1859 1927 1925 ¹⁸·”;

339 1970 478 2010 uxor
517 1969 649 2009 vero
687 1950 1035 2008 Carlomanni
1075 1965 1200 2005 cum
1232 1949 1502 2019 aliquibus
1532 1950 1723 2021 paucis
1760 1949 1931 2006 Fran-

250 2092 255 2095 .
335 2048 416 2103 cis
429 2046 676 2117 partibus
705 2044 893 2099 ltaliae
913 2042 955 2073 “
971 2051 1330 2113 perrexerunt
1347 2041 1412 2095 ‘7.
1431 2041 1499 2096 Et
1527 2040 1841 2112 praeclarus
1868 2055 1934 2096 ac

337 2136 607 2208 gloriosus
634 2135 680 2166 “
706 2132 933 2189 Carolus
947 2132 989 2164 ¹⁹
1008 2147 1099 2185 rex
1129 2130 1425 2186 celebravit
1464 2129 1702 2185 natalem
1718 2131 1930 2185 Domini

339 2228 396 2281 in
424 2226 551 2281 villa
583 2239 723 2295 quae
754 2223 956 2279 dicitur
978 2220 1285 2276 Attiniacus
1313 2221 1358 2252 "
1387 2228 1443 2275 et
1465 2222 1666 2292 pascha
1694 2221 1748 2275 in
1776 2220 1933 2276 Hari-

336 2315 515 2370 stallio
542 2315 588 2346 ἰ
633 2314 761 2369 villa
787 2313 853 2366 “.
900 2311 968 2366 Et
1015 2311 1305 2367 inmutavit
1353 2326 1413 2367 se
1461 2326 1720 2367 numerus
1760 2325 1932 2367 anno-

338 2422 458 2462 rum
497 2407 549 2461 in

407 2498 426 2517 ⁹
461 2495 833 2620 ξὲρυιιυεῳιθ
859 2505 943 2550 est
966 2496 1117 2549 iuxta
1145 2494 1333 2550 urbem
1362 2495 1655 2550 Remorum
1688 2493 1744 2548 in
1777 2494 1927 2551 basi-

411 2582 441 2620 a
539 2567 614 2620 ati
645 2565 874 2620 Remigii
902 2564 1232 2620 confessoris
1258 2565 1291 2620 9
1312 2564 1391 2620 b.l

337 2566 441 2620 lica
464 2564 614 2620 beati
645 2564 874 2636 Remigii
902 2564 1232 2636 confessoris
1258 2565 1291 2620 9
1312 2564 1392 2636 b.]

407 2640 446 2658 "
477 2636 555 2708 [et
578 2634 850 2708 unxerunt
891 2635 1148 2708 domuum
1191 2634 1447 2708 Karolum
1478 2649 1642 2706 super
1666 2649 1725 2708 se
1756 2635 1822 2708 in
1843 2650 1930 2690 re-

336 2704 491 2777 gem;
509 2714 563 2761 et
591 2705 845 2777 ‘ohtinuit
891 2704 1123 2760 feliciter
1155 2704 1709 2777 monarchiam'regni
1755 2705 1927 2760 Fran-

336 2774 544 2833 corum.
576 2775 838 2847 Girberga
858 2791 988 2832 vero
1009 2790 1149 2831 uxor
1181 2774 1318 2848 9b.]

977 2862 1314 2920 DCCLXXll.

408 2960 559 3016 Tunc
578 2958 807 3014 domnus
826 2955 1054 3011 Carolus
1075 2954 1394 3010 mitissimus
1414 2969 1509 3009 rex
1531 2954 1580 2985 "
1611 2953 1861 3010 sinodum
1876 2954 1925 2988 “

339 3050 513 3107 tenuit
538 3049 605 3104 ad
651 3045 1002 3102 Warmatiam
1033 3045 1103 3111 ",
1153 3051 1207 3100 et
1234 3044 1357 3100 inde
1399 3044 1641 3114 perrexit
1676 3045 1926 3116 partibus

340 3141 610 3198 Saxoniae
627 3139 803 3209 prima
818 3137 955 3201 vice,
982 3135 1381 3206 Aeresburgum
1405 3135 1452 3166 ²⁶
1482 3147 1505 3175 ε
1537 3144 1776 3192 castrum
1798 3151 1922 3193 coe-

338 3235 438 3306 pit,
468 3233 535 3289 ad
556 3228 842 3309 Ermensul
869 3229 912 3261 ’⁷
941 3242 1111 3297 usque
1133 3226 1399 3297 pervenit,
1436 3235 1494 3283 et
1531 3228 1707 3299 ipsum
1737 3227 1923 3283 fanum

730 3422 1122 3482 mammas
1161 3422 1563 3507 LECTIONES.

426 3541 443 3573 ¹
474 3537 714 3595 salossen
743 3536 793 3590 1.
837 3534 1022 3591 salona
1064 3533 1117 3590 9.
1166 3533 1373 3589 salussa
1400 3534 1434 3589 9
1479 3533 1531 3587 h.

341 3611 606 3668 salussam
667 3607 752 3661 12.
884 3607 904 3637 ³
964 3606 1016 3659 in
1064 3612 1249 3674 partes
1321 3604 1503 3659 italiae
1561 3605 1613 3658 1.
1690 3604 1777 3658 10.
1835 3605 1920 3659 11.

343 3684 364 3714 ³
392 3678 668 3751 moguntia
700 3677 918 3751 civitate
958 3676 1006 3729 1.
1037 3674 1688 3751 mogunciamcivitatem
1712 3675 1764 3751 7_.
1819 3674 1923 3751 (β.)

343 3744 767 3823 mogunciam9.
793 3747 1092 3823 _magoncia
1135 3744 1354 3823 civitate
1385 3744 1475 3823 10_,
1520 3745 1795 3823 magontia
1832 3744 1920 3823 12'.

340 3831 397 3877 et
435 3814 732 3877 celebravit
777 3814 1007 3874 domnus
1056 3816 1272 3871 carolus
1318 3814 1499 3870 natale
1537 3823 1592 3870 et
1620 3814 1837 3885 pascha
1869 3816 1925 3871 in

341 3890 626 3947 warmatia
656 3889 743 3955 11,
862 3887 884 3918 ‘
915 3886 1212 3942 haristalho
1251 3886 1302 3939 1.
1337 3885 1633 3955 heristallio
1664 3887 1716 3941 7.
1762 3887 1926 3941 hare—

341 3962 519 4017 stallio
545 3960 600 4015 9.
630 3958 926 4015 heristellio
954 3957 1039 4011 12.
1146 3957 1167 3989 ⁸
1196 3956 1442 4027 Egreﬁus
1476 3954 1778 4027 (Egregius)
1823 3956 1931 4011 Ka-

344 4031 493 4087 rolus
517 4046 613 4085 rex
657 4029 907 4084 sinodum
946 4026 1137 4082 habuit
1172 4026 1277 4081 etc.
1320 4028 1494 4097 primq
1541 4026 1695 4097 uerba
1734 4026 1927 4097 codicis

343 4100 395 4156 6.
498 4101 519 4132 ⁸
551 4099 943 4153 valentinianas
968 4098 1016 4151 1.
1063 4095 1434 4151 valaentianas
1464 4095 1515 4150 5.
1542 4096 1843 4153 valentinas
1871 4095 1925 4151 6.

343 4172 362 4203 ⁷
391 4169 771 4225 karlomannus
819 4166 871 4220 6.
918 4167 992 4219 ita
1034 4176 1083 4219 et
1133 4176 1431 4221 constanter
1455 4165 1691 4221 karolus.
1787 4165 1933 4221 “sal-

343 4240 649 4293 muntiacus
690 4237 744 4291 4.
807 4235 1197 4291 salmanciacus
1248 4233 1302 4288 6.
1472 4235 1493 4267 ’
1540 4236 1792 4291 dominus
1843 4252 1934 4291 ca-

347 4308 493 4364 rolus
523 4307 573 4361 1.
603 4308 831 4362 domnus
875 4304 1087 4360 carolus
1130 4320 1227 4360 rex
1253 4304 1307 4359 5.
1338 4305 1394 4360 d.
1427 4322 1473 4359 r.
1518 4304 1738 4361 karolus
1763 4305 1817 4360 6.
1844 4322 1932 4361 ca-

1575 3533 1788 3605 polassa
1833 3536 1918 3589 11.

2033 1866 2247 1921 harium
2276 1863 2587 1933 episcopum
2617 1860 2986 1918 Sedunensem
3012 1863 3055 1894 ¹⁶
3082 1871 3137 1918 et
3153 1862 3443 1917 Folradum
3463 1878 3623 1932 pres.

2032 1957 2267 2011 biterum
2298 1955 2338 1986 ¹¹
2390 1963 2449 2009 et
2501 1953 2637 2008 alios
2700 1952 2885 2023 plures
2908 1953 2951 1984 ¹¹
3001 1953 3330 2016 sacerdotes,
3388 1954 3618 2009 comites

2031 2049 2195 2105 etiam
2224 2057 2383 2118 atque
2410 2047 2671 2117 primates
2716 2045 2762 2076 ¹³
2810 2044 2996 2100 fratris
3017 2046 3121 2110 sui,
3167 2046 3310 2101 inter
3356 2059 3495 2115 quos
3531 2044 3618 2100 vel

2029 2138 2307 2209 praecipui
2334 2138 2376 2169 ιδ
2406 2135 2558 2192 fuere
2596 2134 2855 2191 Warinus
2901 2143 2958 2191 et
3000 2135 3342 2191 Adalhartlus
3373 2137 3419 2168 ¹⁵
3448 2137 3517 2191 ad
3556 2152 3617 2192 se

2029 2228 2308 2283 venientes
2334 2225 2589 2295 suscepit.
2623 2224 2757 2279 Nam
2786 2240 2925 2279 uxor
2946 2225 3062 2280 eius
3091 2232 3145 2280 et
3174 2224 3270 2280 ﬁlii
3315 2241 3437 2281 cum
3480 2241 3614 2296 par-

2031 2327 2084 2375 te
2112 2319 2156 2351 ¹⁶
2176 2317 2495 2389 optimatum
2520 2316 2573 2371 in
2601 2316 2808 2371 Italiam
2843 2318 2882 2348 ¹⁷
2926 2315 3152 2388 profecti
3190 2326 3337 2373 sunt.
3367 2316 3480 2373 Rex
3518 2333 3616 2373 au-

2030 2418 2139 2466 tem
2164 2409 2555 2482 profectionem
2584 2423 2775 2464 eorum
2814 2410 2868 2463 in
2901 2409 3109 2465 Italiam
3154 2411 3308 2481 quasi
3354 2426 3616 2481 superva-

2030 2516 2189 2558 cuam
2214 2501 2484 2568 patienter
2514 2500 2557 2531 ¹⁸
2596 2500 2735 2555 tulit.
2785 2499 3192 2571 Celebravitque
3236 2501 3470 2556 natalem
3507 2501 3601 2559 Do-

2026 2590 2161 2646 mini
2187 2588 2513 2645 Attiniaco"
2541 2598 2594 2644 et
2624 2590 2824 2659 pascha
2851 2590 3160 2646 Haristallio
3191 2592 3256 2644 ".

2652 2871 2988 2929 DCCLXXII.

2097 2961 2303 3018 Romae
2341 2961 2617 3033 Stephano
2649 2978 2789 3033 papa
2826 2962 3104 3024 defuncto.
3148 2963 3453 3021 Hadrianus
3480 2968 3523 2999 ¹¹
3553 2967 3607 3022 in

2024 3054 2345 3125 pontiﬁcatu
2367 3055 2413 3085 "
2435 3054 2718 3109 successit.
2737 3053 2852 3107 Rex
2892 3067 3021 3109 vero
3044 3053 3257 3120 Karlus,
3285 3064 3611 3128 congregato

2026 3143 2168 3215 apud
2212 3144 2578 3200 Wormaeiam
2606 3144 2652 3175 "
2688 3143 2927 3215 generali
2978 3151 3266 3210 conventu,
3317 3144 3610 3201 Saxoniam

2023 3235 2164 3291 bello
2206 3235 2426 3307 adgredi
2457 3234 2671 3298 statuit,
2699 3248 2928 3304 eamque
2955 3234 3073 3288 sine
3119 3248 3273 3289 mora
3313 3234 3609 3307 ingressus.

2028 3328 2172 3385 ferro
2208 3338 2263 3384 et
2296 3328 2405 3399 igni
2432 3336 2626 3384 cuncta
2651 3328 3005 3398 depopulatus
3036 3327 3104 3393 “,
3138 3326 3535 3401 Aeresburgum
3563 3332 3613 3364 ¹⁵

2023 3428 2265 3473 castrum
2307 3418 2505 3489 coepit,
2552 3418 2753 3473 idolum
2777 3419 2822 3449 "
2849 3419 2994 3489 quod
3019 3418 3271 3476 lrminsul
3297 3421 3341 3452 ’τ
3373 3435 3405 3475 a
3434 3420 3613 3477 Saxo-

2025 3512 2183 3567 nibus
2204 3512 2502 3567 vocabatur
2517 3511 2563 3543 ”
2582 3510 2794 3566 evertit.
2826 3510 2884 3566 In
2908 3512 3065 3567 cuius
3090 3512 3461 3570 destructione
3486 3528 3615 3570 cum

2025 3603 2078 3657 in
2109 3603 2296 3658 eodem
2324 3602 2443 3657 loco
2478 3618 2575 3672 per
2617 3603 2855 3658 triduum
2884 3613 3211 3671 moraretur,
3259 3605 3489 3676 contigit
3521 3613 3615 3670 ut.

2025 3702 2245 3766 propter
2267 3694 2579 3749 continuam
2605 3694 2740 3750 caeli
2767 3696 3117 3751 serenitatem
3141 3694 3630 3752 exsiccatis”om~

2025 3787 2185 3842 nibus
2213 3785 2357 3842 illius
2391 3786 2556 3842 loci”
2581 3786 2713 3842 rivis
2748 3802 2812 3843 ac
2857 3786 3115 3855 fontibus,
3145 3804 3286 3861 aqua
3320 3789 3389 3845 ad
3426 3789 3620 3846 hiben-

2426 3922 2816 3980 VARIANTES
2852 3924 3257 3982 LECTIONES.

2032 4025 2046 4055 '
2079 4024 2267 4080 erat7.
2342 4024 2364 4055 ¹
2389 4023 2443 4079 in
2465 4022 2695 4082 Galliam
2731 4026 2798 4081 ad
2821 4026 2962 4082 ﬁlios
3000 4026 3055 4080 4.
3080 4028 3133 4083 5.
3162 4028 3201 4083 i.
3226 4026 3292 4084 G.
3326 4026 3622 4083 revertitur

2030 4109 2080 4149 a.
2112 4093 2262 4170 f._6.‘
2304 4163 2320 4170 _
2343 4093 2365 4125 ⁸
2388 4095 2740 4170 _mogonciaci
2768 4096 2823 4150 2.
2857 4098 3298 4170 rnogonciacgo}.
3334 4096 3392 4170 5ζ
3418 4098 3622 4170 6.ωο-

2065 4164 2265 4236 ontiaci
2292 4163 2345 4236 4.
2386 4164 2441 4219 in
2475 4163 2818 4236 nioguntiaco
2856 4166 2910 4221 7.
2960 4163 3025 4199 "‘
3083 4168 3325 4224 scaldim.
3362 4167 3394 4220 7
3467 4167 3490 4199 ⁸
3522 4184 3624 4223 va-

2052 4234 2269 4308 entiana
2309 4234 2366 4308 7.
2432 4234 2748 4308 valenciana
2793 4237 2847 4292 5.
2877 4236 2932 4303 6,
3026 4237 3060 4308 _‘
3104 4237 3274 4294 frater
3326 4236 3623 4308 adnpridie

2032 4304 2171 4376 Non.
2220 4304 2477 4376 1.Afra_ter
2501 4306 2568 4361 ad
2593 4305 2766 4376 pridie
2795 4347 2809 4361 .
2846 4348 2859 4361 .
2893 4348 2906 4361 .
2937 4308 2991 4362 2.
3012 4305 3188 4362 frater
3211 4309 3278 4363 ad
3304 4307 3366 4363 ll.
3392 4304 3528 4363 Non.
3560 4307 3617 4363 3.

344 4377 492 4460 (olus
534 4391 664 4432 vero
708 4391 805 4460 rex
826 4375 879 4460 7‘.
918 4374 1022 4460 (8;)-
1046 4375 1098 4430 9.
1137 4375 1338 4460 deinde
1373 4391 1469 4431 rex
1508 4375 1994 4460 karolus‘10._et_
2036 4374 2206 4460 frater
2232 4373 2662 4460 advvl.“non._'4.
2698 4375 2869 4459 frater
2895 4378 3069 4460 pridie
3105 4393 3211 4460 non
3243 4419 3256 4431 .
3281 4378 3336 4460 5.
3448 4376 3620 4460 frater

346 4448 576 4503 domnus
602 4461 695 4501 rex
720 4443 1052 4517 karolus_11.
1080 4445 1227 4499 venit
1252 4455 1433 4517 autem
1459 4461 1554 4502 rex
1589 4446 1808 4502 karolus
1838 4448 1925 4503 12.
1954 4454 2008 4515 Ῑ)
2033 4445 2150 4500 eius
2197 4444 2370 4517 pridie
2407 4443 2544 4500 Non.
2576 4444 2646 4511 7;
2701 4462 2795 4501 nos
2841 4443 3004 4517 igitur
3042 4456 3245 4502 mutato
3271 4448 3337 4502 ad
3363 4448 3419 4501 in
3464 4463 3516 4517 a.
3561 4449 3617 4503 d.

346 4517 391 4550 “
422 4518 709 4573 carbonam
752 4517 803 4570 1.
855 4515 1214 4571 corbanacum
1263 4516 1317 4571 4.
1353 4516 1405 4572 9.
1441 4519 1801 4573 carbonacum
1837 4518 1920 4573 10.

345 4589 433 4643 11.
524 4589 565 4620 ¹¹
611 4587 884 4642 vulcarius
926 4585 977 4639 7.
1026 4586 1284 4641 willarius
1318 4587 1370 4643 9.
1418 4586 1503 4641 12.
1535 4587 1813 4643 wilbarius
1836 4589 1924 4643 10.

343 4658 615 4714 wailerius
641 4658 727 4712 11.
803 4658 843 4728 ¹ί¹
866 4655 1143 4728 fuldradus
1163 4657 1213 4711 1.
1242 4657 1549 4728 fulradus6.
1566 4658 1618 4728 7.
1638 4656 1739 4728 (8.)
1761 4657 1815 4713 9.
1836 4659 1922 4714 10.

345 4728 597 4784 folcarius
629 4728 714 4783 12.
790 4727 834 4758 ¹³
857 4727 1124 4784 episcopis
1158 4742 1223 4782 ac
1269 4743 1380 4783 sae.
1413 4727 1464 4782 6.
1543 4726 1586 4759 “
1615 4726 1926 4784 adalhartus

346 4742 597 4784 totcarius
629 4742 714 4783 12.
792 4742 834 4758 ι’
857 4742 888 4781 e
928 4742 1038 4782 isco
1080 4744 1124 4783 IS
1158 4742 1223 4782 ac
1269 4743 1380 4783 sae.
1413 4742 1464 4782 υ.
1543 4742 1586 4759 ι’
1615 4742 1926 4784 aualnartus

346 4800 399 4853 1.
430 4798 715 4868 adalardus
741 4798 793 4868 7.
819 4742 924 4868 (83
958 4797 1011 4868 9.
1041 4744 1131 4850 ᾗ.
1160 4796 1446 4868 adelardus
1470 4796 1557 4868 10.
1636 4796 1678 4827 ⁸⁵
1708 4795 1927 4853 fuerunt

343 4868 519 4924 Caroli
542 4866 716 4936 Magni
749 4867 801 4922 1.
830 4865 837 4868 ⁷
876 4866 919 4898 ⁸⁸
944 4866 1012 4921 ad
1036 4876 1217 4936 partes
1250 4865 1434 4936 italiae
1463 4866 1512 4919 1.
1538 4866 1593 4921 in
1614 4874 1798 4934 partes
1822 4868 1927 4922 ita-

344 4937 447 4994 liae
473 4938 557 4993 10.
591 4934 677 5008 11.
750 4936 789 4968 ιτ
813 4934 1052 5006 perrexit
1080 4938 1131 4991 1.
1164 4934 1216 5008 6.
1247 4935 1309 5008 7._
1329 4935 1429 5008 (8.)
1455 4936 1541 4990 11.
1566 4936 1816 4992 discessit
1837 4938 1924 4993 12.

348 5009 392 5040 ⁸⁸
420 5015 474 5063 et
504 5006 811 5078 praeclarus
836 5013 907 5078 et
936 5021 1133 5078 g.__rex
1180 5006 1230 5078 1.
1263 5006 1527 5078 gloriosus
1579 5020 1710 5062 vero
1744 5023 1840 5063 rex
1870 5010 1924 5064 9.

344 5087 400 5133 et
421 5075 678 5149 gloriosus
701 5092 797 5149 rex
825 5076 910 5149 19.
946 5075 959 5077 ⁷
989 5075 1030 5149 ξ’
1065 5075 1472 5149 carolusﬂdegst
1496 5077 1559 5149 1.
1625 5077 1696 5149 ’ᾗ
1717 5079 1928 5148 atquia-

346 5146 447 5204 cus
472 5148 522 5201 1.
595 5150 639 5180 “
663 5146 957 5203 haristelho
983 5146 1034 5200 1.
1064 5147 1363 5202 haristallio
1393 5147 1444 5200 7.
1521 5148 1566 5178 “
1607 5146 1733 5202 villa
1782 5146 1926 5203 anno

345 5218 543 5273 domini
570 5219 691 5273 772.
718 5219 771 5274 9.
867 5218 912 5249 ³⁸
941 5216 1093 5273 Tunc
1137 5217 1349 5273 carolus
1378 5232 1474 5273 rex
1503 5216 1554 5271 1.
1579 5217 1785 5273 Deinde
1831 5217 1926 5273 ka-

345 5286 491 5371 rolus
521 5288 726 5371 rex__10.
800 5288 847 5320 ”
872 5288 1133 5371 synodum
1165 5287 1214 5341 1.
1245 5288 1299 5341 7.
1415 5287 1620 5371 10:11.
1693 5287 1744 5319 “
1796 5303 1925 5371 vur-

2033 4514 2215 4570 verani
2254 4514 2525 4570 lectionem
2558 4533 2577 4566 ι
2624 4524 2752 4572 ante
2803 4514 2946 4572 diem
2984 4518 3047 4573 11.
3079 4518 3261 4574 Nonas
3304 4516 3622 4573 Decembris

2034 4584 2266 4640 decessit
2294 4604 2313 4637 ι
2342 4576 2628 4641 retinuisse
2647 4586 2928 4642 credimus.
3028 4589 3049 4622 ⁷
3074 4586 3437 4643 salmoneiaco
3464 4588 3518 4642 7.
3546 4588 3619 4642 2?

2034 4655 2104 4710 3?
2159 4654 2474 4710 salmotiaco
2522 4656 2576 4711 5.
2647 4656 2975 4714 salmociaco
3008 4657 3062 4712 6.
3164 4658 3187 4691 ⁸
3234 4657 3618 4714 carboniacum

2033 4724 2088 4779 2.
2161 4724 2352 4780 ’venit
2396 4725 2578 4782 villam
2599 4723 2653 4780 4.
2731 4727 2773 4759 ιο
2818 4728 3105 4785 wlharium
3162 4728 3534 4786 seduciensem
3562 4727 3616 4783 6.

2038 4803 2077 4834 αι
2104 4796 2265 4876 βῆῇ
2294 4803 2358 4876 LA
2424 4804 2467 4876 if
2516 4804 2779 4876 plurimos
2807 4807 2862 4862 5.
2996 4806 3038 4838 ¹³
3084 4807 3345 4876 primatos
3374 4806 3423 4876 1.
3472 4804 3526 4860 2.
3559 4806 3615 4861 3.

2073 4874 2291 4947 rimates
2332 4873 2387 4928 4.
2428 4873 2482 4947 5“.
2518 4873 2683 4947 ’6.7.
2757 4873 3170 4947 “praecipué6.
3243 4875 3617 4947 "adelhartus

2074 4982 2088 4997 .
2158 4943 2209 5015 ¹ξ
2243 4952 2399 5015 patre
2442 4942 2497 4999 5.
2551 4946 2617 5015 7"
2670 4942 2852 5002 autem
2894 4942 3037 5003 hanc
3084 4961 3273 5003 eorum
3308 4944 3618 5015 profectio-

2035 5029 2157 5068 nem
2179 5012 2263 5084 7."
2311 5014 2354 5046 ¹⁸
2378 5014 2719 5084 impatienter
2744 5018 2797 5071 7.
2875 5016 2917 5049 ¹⁹
2951 5016 3006 5072 in
3026 5017 3283 5072 attiniaco
3303 5012 3354 5070 7.
3383 5016 3451 5072 3?
3476 5016 3621 5070 anti-

2032 5084 2191 5139 niaeo
2211 5083 2263 5137 4.
2340 5085 2386 5116 ’θ
2413 5083 2467 5138 in
2490 5084 2791 5141 haristallio
2819 5086 2870 5141 7.
2895 5087 2966 5143 3?
3036 5088 3080 5119 ¹¹
3111 5087 3369 5142 adrianus
3398 5087 3452 5141 3.
3477 5085 3533 5140 ὁ.
3558 5085 3616 5140 5.

2032 5151 2085 5206 6.
2121 5153 2173 5207 7.
2201 5154 2278 5224 ita
2305 5153 2566 5224 deinceps.
2662 5157 2708 5187 "
2733 5156 3104 5224 pontiﬁcatum
3125 5156 3241 5212 3-7.
3318 5156 3615 5212 “worma-

2030 5223 2493 5298 ciamcivitatem
2520 5223 2607 5298 4.‘
2652 5225 2699 5257 ”
2720 5223 2773 5280 d.
2802 5241 2852 5281 c.
2880 5226 2934 5281 ι.
2966 5227 3020 5281 5.
3051 5226 3388 5298 depOpulatis
3417 5235 3617 5298 cuncta

2030 5291 2084 5364 6.
2160 5293 2207 5324 "
2224 5293 2323 5364 Itqc
2342 5295 2450 5347 vice
2470 5294 2729 5364 eresburg
2741 5306 2971 5351 ceterum
2990 5307 3045 5350 ut
3065 5291 3287 5352 in'tcErtu
3310 5297 3360 5351 1.
3434 5296 3484 5328 “
3506 5296 3619 5350 ido-

347 5358 568 5450 in‘atiaip
680 5356 1020 5450 vui-maciam
1031 5358 1082 5413 6.
1121 5359 1461 5450 vtionnatialn
1572 5358 1922 5450 viarmaciam
2027 5361 2247 5450 lupique
2269 5362 2442 5450 7.__"
2470 5356 3063 5450 irminsgl'ansaxg‘nibus
3086 5367 3138 5420 1.
3160 5366 3432 5450 yrminsul
3458 5380 3620 5420 saxo-

346 5426 433 5479 10.
510 5428 554 5459 “
587 5428 874 5483 heresberu
902 5430 926 5482 1

346 5444 433 5479 ru.
510 5444 554 5459 ι·
588 5444 840 5483 neresner
902 5444 953 5482 ι.
991 5444 1375 5499 neresnurgum
1416 5444 1459 5480 ι.

346 5494 435 5549 12.
510 5496 552 5528 "
576 5444 903 5553 ermensili.
936 5498 1353 5555 hermensul10.
1383 5497 1470 5552 12.

940 5468 953 5481 .
989 5429 1375 5499 heresburgum
1405 5426 1459 5480 7.
1489 5427 1541 5483 9.
1588 5426 1921 5483 heresburch
2024 5426 2183 5487 nibus
2210 5433 2263 5486 6.
2336 5432 2387 5463 ’⁸
2412 5442 2637 5488 vocatur
2663 5434 2714 5489 5.
2744 5434 2797 5489 6.

940 5498 1353 5555 hermensul10.
1383 5497 1470 5552 12.
1614 5500 1630 5511 ’
2023 5501 2077 5555 2.
2156 5503 2200 5535 ³⁸
2230 5503 2266 5555 l.
2298 5502 2334 5555 i.
2365 5502 2420 5555 4.

2064 5541 2077 5554 .
2156 5520 2199 5535 ³*
2231 5520 2266 5556 ι.
2298 5520 2334 5556 ι.
2365 5520 2420 5556 4.

2873 5435 2918 5468 ¹⁹
2945 5435 3206 5492 exiccatis
3231 5437 3283 5490 7.
3309 5437 3617 5493 exsiccatus

1856 5588 2085 5646 NOT/E.

413 5695 439 5723 ι
464 5680 603 5741 Infra
625 5679 877 5735 Leodium
912 5695 1076 5736 suum
1100 5691 1201 5739 est.

420 5744 451 5784 δ
487 5748 871 5805 Valenciennes.

2109 5694 2133 5725 ⁸
2153 5686 2434 5758 Stadtberg
2458 5688 2525 5744 ad
2556 5688 2851 5744 Timellam.
