3988 6178
336 303 443 363 593

504 400 509 405 ’
832 410 1069 453 Αιιιιλιεδ
1106 412 1422 453 enimsunt.

328 486 453 542 dum
493 484 729 541 inveniri
769 500 877 541 non
911 496 1115 557 posset.
1151 487 1259 543 Sed
1307 503 1378 543 ne
1417 487 1621 542 diutius
1659 486 1751 542 siti
1789 500 1917 541 con-

1403 279 1547 334 CUM
1584 280 2180 335 LAURISSENSIBUS
2218 271 2510 336 COLLATI

1951 402 1999 459 Α
2469 408 2703 450 ΑΝκΑιιε
2740 412 3136 454 txrnisssxsss.

3494 288 3602 344 394

2022 485 2309 553 destruxit,
2333 496 2388 541 et
2417 504 2607 543 aurum
2632 489 2715 545 vel
2738 501 3018 561 argentum
3046 496 3060 524 ι
3091 535 3105 559 ,
3149 496 3291 565 quod
3317 497 3389 552 ibi
3412 512 3605 569 reppe-

324 576 497 632 l'ectus
541 575 819 632 laboraret
855 579 1150 646 exercitus,
1193 579 1453 635 divinitus
1499 577 1702 632 factum
1739 576 1918 633 credi-
2021 575 2130 630 rit’
2168 575 2411 632 abstulit.
2452 578 2519 633 Et
2560 579 2659 634 fuit
2705 580 2923 637 siccitas
2970 600 3186 656 magna,
3230 586 3303 641 ita
3352 596 3412 642 ut
3463 606 3604 660 aqua

325 677 432 733 tur,
459 674 520 722 ut
548 666 785 736 quadam
828 667 937 735 die,
970 684 1096 725 cum
1122 669 1271 725 iuxta
1297 684 1505 725 morem
1531 678 1777 739 tempore
1804 680 1918 721 me—
2018 667 2276 724 deﬁceret
2297 669 2317 701 ³
2341 670 2396 725 in
2431 672 2744 742 supradicto
2767 673 2904 740 loco,
2944 674 3035 730 ubi
3072 676 3358 735 Ermensul
3381 679 3402 711 ’⁵
3423 682 3603 738 stabat

321 762 534 817 ridiano
558 761 743 817 cuncti
770 762 1151 831 quiescerent,
1180 763 1329 819 iuxta
1357 764 1374 794 ⁸
1402 767 1641 818 montem
1683 760 1775 831 qui
1824 774 1915 815 ca-

316 854 447 909 stris
483 860 610 909 erat
644 853 957 923 contiguus,
984 862 1134 909 tanta
1172 855 1256 910 vis
1282 870 1454 924 aquae
1480 856 1501 885 ²
1529 856 1587 910 in
1628 869 1870 911 concavo
1892 855 1914 888 ³

316 944 600 999 cuiusdam
636 944 898 999 torrentis
922 955 949 985 ι
979 945 1253 1014 eruperit,
1279 953 1339 999 ut
1373 953 1573 1000 cuncto
1600 944 1863 1000 exercitui
1892 944 1913 975 δ

316 1033 608 1091 sufﬁceret.
661 1034 798 1090 Tum
824 1035 846 1066 ⁸
872 1050 989 1099 rex,
1021 1035 1163 1091 idolo
1197 1036 1492 1102 destructo,
1521 1036 1590 1091 ad
1633 1036 1912 1091 Wisuram

314 1123 538 1180 ﬂuvium
562 1127 828 1192 accessit,
858 1127 1041 1198 ibique
1068 1128 1089 1159 ⁸
1114 1144 1145 1183 a
1176 1127 1484 1184 Saxonibus
1509 1129 1797 1185 duodecim
1819 1130 1912 1185 ob-

314 1215 463 1274 sides
505 1218 736 1289 accepit.
781 1220 912 1275 inde
949 1220 1004 1274 in
1043 1220 1332 1276 Franciam
1376 1237 1651 1288 reversus,
1695 1223 1750 1277 in
1784 1222 1909 1277 villa

313 1307 626 1365 ﬂeristallio
649 1310 669 1341 ⁷
697 1316 752 1365 et
781 1310 1015 1366 natalem
1042 1311 1256 1367 Domini
1283 1321 1338 1368 et
1364 1322 1606 1369 sanctam
1638 1314 1909 1384 paschalis

312 1396 441 1455 festi
470 1399 869 1457 solemnitatem
893 1401 915 1434 ⁸
938 1402 1253 1458 celebravit.

928 1854 1288 1912 DCCLXXIII.

377 1942 689 2000 Hadrianus
723 1959 862 2016 papa
894 1960 1019 2001 cum
1063 1946 1411 2003 insolentiam
1453 1950 1720 2007 Desiderii
1762 1954 1904 2024 regis

305 2047 361 2091 et
372 2036 861 2109 Langobardorum
874 2037 896 2069 ⁹
910 2039 1320 2108 oppressionem
1348 2042 1390 2073 ¹⁰
1416 2041 1561 2099 ferre
1581 2044 1622 2075 “
1651 2060 1758 2100 non
1785 2061 1906 2115 pos-

304 2136 415 2192 set,
440 2129 680 2184 decrevit
698 2136 759 2184 ut
785 2130 827 2160 ¹²
851 2128 1175 2200 legationem
1197 2132 1264 2186 ad
1280 2132 1502 2188 Karlum
1531 2150 1713 2206 regem
1737 2135 1906 2193 Fran-

302 2236 499 2277 corum
520 2222 1093 2294 mitteret",eumque
1124 2225 1228 2279 sibi
1253 2226 1296 2257 ιδ
1319 2236 1482 2297 atque
1520 2229 1781 2286 Romanis
1809 2232 1904 2286 ad-

254 2304 257 2305 ⁷
300 2327 501 2367 versus
540 2311 929 2382 Langobardos
957 2331 1116 2385 opem
1145 2317 1290 2374 ferre
1331 2333 1551 2391 rogaret
1581 2324 1644 2376 η.
1672 2324 1740 2379 Et
1777 2326 1901 2396 quia

300 2401 354 2456 id
397 2409 623 2457 terreno
656 2403 853 2458 itinere
878 2420 978 2474 per
997 2404 1209 2461 Italiam
1233 2408 1352 2465 ﬂeri
1380 2426 1486 2465 non
1514 2421 1749 2482 poterat,
1778 2430 1902 2470 eum

295 2507 474 2561 quem
522 2492 749 2547 miserat
799 2494 1067 2566 legatum,
1123 2500 1347 2556 nomine
1396 2501 1655 2569 Petrum,
1699 2504 1902 2564 Romae

298 2596 508 2638 navem
524 2582 568 2613 “
581 2585 953 2642 conscendere
976 2595 1031 2641 et
1050 2586 1342 2645 Massiliam
1366 2606 1538 2662 usque
1568 2592 1606 2625 ιτ
1628 2607 1728 2663 per
1751 2609 1903 2652 mare

296 2674 419 2737 ire,
465 2681 632 2744 atque
671 2677 798 2733 inde
845 2685 1061 2734 terreno
1101 2680 1300 2736 itinere
1340 2683 1394 2736 in
1440 2681 1730 2741 Franciam
1773 2686 1903 2743 fecit

296 2765 612 2832 pervenire.
637 2765 738 2833 Qui
763 2780 889 2822 cum
914 2768 984 2822 ad
1013 2782 1194 2839 regem
1225 2769 1278 2823 in
1303 2770 1597 2829 Theodone
1624 2773 1666 2805 ⁸⁸
1697 2775 1821 2831 villa
1846 2778 1899 2843 ι’,

297 2855 393 2910 ubi
432 2863 564 2911 tunc
602 2857 968 2923 hiemaverat,
1007 2860 1379 2928 pervenisset,
1419 2869 1475 2917 et
1516 2863 1567 2917 ei
1611 2863 1899 2936 legationis

297 2962 437 3003 suae
469 2963 691 3004 causam
733 2950 1067 3020 aperuisset,
1098 2952 1323 3019 eadem,
1362 2970 1467 3026 qua
1512 2967 1770 3024 venerat,
1813 2961 1899 3015 via

295 3039 533 3095 Romam
556 3054 840 3112 regressus
864 3041 906 3073 ¹⁹
935 3049 1037 3097 est.
1063 3042 1180 3098 Rex
1212 3056 1344 3099 vero
1356 3046 1401 3077 ⁸ο
1426 3047 1608 3111 rebus,
1640 3063 1784 3118 quae
1813 3050 1898 3107 in-

295 3141 381 3186 ter
427 3130 701 3188 Romanos
738 3147 802 3188 ac
842 3133 1226 3205 Langobardos
1255 3138 1603 3208 gerebantur,
1648 3141 1895 3213 diligenti

294 3225 840 3300 cura-pertractatis,
884 3225 1088 3282 bellum
1134 3228 1237 3284 sibi
1283 3238 1475 3285 contra
1510 3231 1896 3305 Langobardos

295 3326 403 3382 pro
453 3311 768 3369 defensione
833 3314 1203 3373 Romanorum
1265 3321 1670 3391 suscipiendum
1719 3334 1921 3393 ratus,

295 3417 428 3457 cum
453 3410 570 3458 toto
594 3403 934 3462 Francorum
952 3409 1198 3464 exercitu
1215 3408 1460 3467 Genuam
1485 3414 1532 3446 "
1563 3424 1612 3483 α,
1648 3415 1895 3489 Burgun-

295 3493 424 3549 diae
448 3494 729 3551 civitatem
756 3498 907 3553 iuxta
933 3499 1256 3556 Rhodanum
1293 3503 1453 3560 sitam
1480 3508 1650 3563 venit.
1704 3509 1893 3581 Ibique

294 3583 358 3638 de
386 3582 532 3639 bello
552 3586 899 3655 suscipiendo
922 3588 1249 3657 deliberans,
1267 3594 1452 3663 capias
1481 3611 1618 3665 quas
1647 3612 1831 3654 secum
1846 3601 1892 3631 "

294 3672 663 3728 adduxerat”
678 3676 881 3744 divisit,
898 3686 954 3732 et
964 3693 1130 3734 unam
1155 3690 1363 3751 partem
1383 3699 1506 3740 cum
1523 3686 1833 3744 Bernbardo
1846 3691 1892 3722 “

291 3774 493 3833 patruo
534 3780 635 3822 suo
677 3782 778 3838 per
810 3777 1056 3826 montem
1096 3771 1235 3829 lovis
1258 3773 1285 3814 ἀ
1318 3775 1400 3831 ire
1439 3777 1627 3844 iussit;
1659 3780 1888 3836 alteram

292 3855 415 3924 ipse
459 3856 667 3913 ducens
686 3859 751 3925 ’⁵,
782 3874 882 3930 per
916 3869 1158 3918 montem
1188 3862 1455 3921 Cinisium
1477 3867 1525 3899 “
1555 3867 1764 3924 Italiam
1810 3873 1890 3926 in-

295 3953 445 4003 trare
467 3950 512 3981 "
539 3950 835 4006 contendit.
863 3951 1241 4024 Superatoque
1262 3955 1479 4024 Alpium
1504 3958 1651 4029 iugo,
1668 3962 1890 4018 Deside-

700 4041 1088 4099 VARIANTES
1124 4042 1526 4104 LECTlONES.

378 4130 593 4207 rpropg
634 4141 871 4207 montem
907 4135 959 4207 7.
984 4136 1057 4207 3g?
1128 4137 1149 4168 ²
1176 4151 1440 4207 aquarum
1465 4141 1535 4195 5?
1563 4141 1616 4197 7.
1696 4145 1718 4177 ³
1751 4161 1884 4201 con—

294 4202 530 4256 caviate
561 4202 613 4255 7.
692 4203 713 4233 ⁸
744 4219 795 4259 e.
828 4219 879 4258 c.
924 4204 974 4259 7.
1002 4205 1072 4261 5?
1147 4207 1169 4240 ⁵
1199 4202 1328 4263 tunc
1353 4208 1423 4263 2?
1457 4213 1527 4266 5?
1554 4212 1605 4266 7.
1683 4214 1704 4246 ⁸
1730 4216 1803 4271 ibi
1832 4218 1880 4271 1.

295 4270 648 4356 "baristallig
669 4271 736 4356 7;
799 4275 821 4305 ⁸
862 4284 1110 4356 sanctum
1146 4279 1459 4356 pascha,7._,
1506 4270 1883 4356 37100305311;

294 4340 485 4394 dorum
527 4341 583 4394 4.
616 4341 684 4414 5._
704 4341 754 4397 6.
790 4354 1107 4401 constanter.
1146 4340 1166 4349 ’
1189 4349 1231 4380 ¹⁰
1261 4349 1401 4407 deest
1427 4340 1479 4405 7.
1504 4352 1573 4409 3?
1648 4340 1882 4414 “Uferret

293 4423 398 4464 non
453 4420 639 4479 posset
660 4412 713 4466 2.
794 4414 837 4445 υ
866 4415 1006 4470 deest
1046 4416 1097 4469 7.
1125 4418 1194 4473 '5?
1267 4419 1313 4450 “
1358 4422 1578 4480 mittere
1606 4424 1657 4479 7.
1692 4428 1761 4481 3?
1834 4412 1879 4461 λ

295 4488 349 4534 ιιι
393 4481 499 4535 sibi
543 4481 594 4534 7.
625 4483 698 4537 3?
778 4485 823 4516 ⁸³
857 4484 1031 4541 ferret
1070 4503 1259 4544 mare

295 4503 349 4534 ιιι
393 4503 499 4535 Iun
551 4503 594 4534 ι.
625 4503 696 4537 οι
778 4503 823 4516 ι·
857 4503 1031 4541 terret
1200 4504 1259 4544 re
1301 4503 1455 4547 7.3?
1524 4503 1567 4527 ⁸⁸
1615 4503 1794 4553 navim
1822 4503 1874 4553 7.

293 4548 354 4625 33?
401 4552 686 4625 _"_usque
715 4555 1010 4611 massiliam
1046 4503 1198 4614 diog?
1232 4560 1284 4614 6.
1366 4562 1408 4594 ¹⁸
1429 4563 1663 4622 thedone
1687 4568 1740 4622 5.
1767 4570 1880 4625 the-

294 4618 448 4705 donis
474 4619 524 4675 7.
598 4618 994 4705 1i’reversus_6.
1139 4629 1281 4683 deest
1434 4634 1478 4664 ’ί

290 4704 556 4768 geneuam
593 4693 870 4779 civitatem
913 4698 967 4751 5.
990 4768 1003 4779 .
1044 4699 1246 4779 ruunt)
1286 4700 1416 4769 folio
1446 4693 1641 4779 eieiso,
1667 4693 1881 4779 sequere

293 4759 364 4813 tia
399 4777 561 4831 usque
599 4763 669 4817 ad
702 4781 847 4820 voces
877 4768 1003 4820 anui
1044 4766 1149 4823 775
1178 4759 1377 4825 virtute
1420 4759 1685 4847 compulsi
1700 4759 1878 4833 €557}.

295 4830 470 4902 codice
490 4831 547 4886 2.
577 4835 785 4889 desunt.
888 4836 934 4868 ’⁸
983 4839 1215 4893 duxerat
1238 4838 1292 4893 4.
1397 4842 1443 4874 ³⁸
1492 4845 1786 4902 bemharto
1820 4849 1871 4902 7.

533 4871 547 4885 .
577 4852 785 4889 desunt.
889 4852 934 4868 "
983 4852 1215 4893 auxerat
1238 4852 1292 4893 4.
1397 4852 1443 4874 "
1492 4852 1786 4902 bemharto
1820 4852 1871 4902 7.

295 4863 467 4884 ιυιηνο
496 4863 547 4886 ο.
577 4863 785 4889 acaum.
889 4863 932 4868 ’ν
983 4863 1215 4893 uuxcrat
1238 4863 1292 4893 ιιι.
1398 4863 1443 4874 "
1492 4863 1786 4903 nemnarto
1829 4863 1871 4902 Ι.

294 4898 339 4930 ’⁸
386 4899 528 4956 deest
585 4903 639 4959 5.
716 4905 761 4936 ⁸⁸
790 4907 1055 4978 cynisium
1084 4908 1138 4963 6.
1167 4910 1400 4968 cinisum
1428 4914 1479 4968 7.
1558 4917 1600 4948 ⁸⁷
1633 4917 1774 4973 deest
1819 4919 1872 4973 7.

1301 4470 1577 4547 7.35"};
1615 4470 1794 4553 Ha;th
1822 4499 1874 4553 7.
1903 4470 1957 4529 1)
1982 4474 2155 4574 sancti
2199 4474 2347 4574 Βιθιξί
2375 4487 2469 4528 seu
2522 4470 2726 4574 solatio3
2740 4477 2793 4531 6.
2824 4477 2915 4574 ﬂ”
2945 4479 3366 4574 longibardosl.

2016 767 2070 813 et
2092 758 2219 813 dum
2239 760 2410 816 voluit
2429 763 2501 817 ibi
2523 763 2658 819 duos
2680 775 2774 819 aut
2802 775 2914 821 tres
2934 768 3246 837 praedictus
3290 772 3558 843 gloriosus
3582 776 3602 806 ³

2016 863 2110 905 rex
2138 860 2287 907 stare
2314 853 2467 909 dies“
2504 852 2690 910 fanum
2740 857 2915 927 ipsum
2940 859 3007 912 ad
3044 862 3529 931 perdestruendum
3556 867 3601 931 ",

2013 951 2070 997 et
2095 959 2291 1013 aquam
2321 961 2429 1001 non
2452 946 2748 1016 haberent;
2776 958 2904 1006 tunc
2924 952 3105 1008 subito
3133 954 3313 1009 divina
3343 957 3606 1029 largiente

2013 1034 2189 1104 gratia
2214 1036 2391 1091 media
2419 1037 2524 1101 die,
2551 1046 2748 1095 cuncto
2771 1042 3013 1096 exercitu
3039 1043 3373 1112 quiescente,
3400 1047 3453 1102 in
3469 1064 3603 1118 quo-

2011 1124 2137 1181 dam
2184 1134 2458 1196 torrente,
2509 1133 2763 1189 omnibus
2801 1134 3158 1192 hominibus“
3203 1139 3598 1209 ignorantibus,

2011 1234 2185 1290 aquae
2205 1220 2405 1278 effusae
2425 1233 2551 1281 sunt
2575 1225 2930 1297 largissimae,
2950 1229 3023 1284 ita
3048 1238 3108 1286 ut
3130 1211 3363 1289 cunctus
3395 1236 3604 1291 exerci-

2010 1316 2096 1364 tus
2123 1311 2451 1369 sullicienter
2477 1315 2496 1346 ’
2550 1317 2794 1374 haberet.
2845 1320 2997 1377 Tunc
3040 1338 3203 1392 super
3249 1324 3521 1382 Wisoram
3556 1329 3598 1361 "‘

2010 1399 2232 1457 ﬂuvium
2266 1406 2414 1460 venit
2442 1409 2845 1479 suprascriptus
2866 1428 3109 1483 magnus
3131 1415 3173 1445 “
3202 1430 3299 1471 rex
3336 1418 3377 1449 ¹²
3403 1459 3419 1483 ,
3442 1427 3498 1474 et
3526 1418 3599 1474 ibi

2008 1509 2133 1549 cum
2176 1493 2481 1554 Saxonibus
2527 1500 2785 1570 placitum
2827 1504 3034 1573 habuit,
3065 1517 3120 1563 et
3148 1512 3354 1581 recepit
3382 1514 3600 1571 obsides

2009 1582 2293 1641 duodecim
2320 1588 2387 1654 “,
2410 1598 2466 1644 et
2496 1606 2749 1647 reversus
2775 1603 2861 1650 est
2887 1595 2940 1649 in
2968 1596 3255 1654 Franciam
3284 1601 3327 1632 “
3352 1643 3367 1667 ,
3387 1611 3442 1657 et
3476 1620 3599 1660 cae-

2008 1674 2238 1730 lebravit
2289 1680 2524 1734 natalem
2548 1680 2762 1737 Domini
2791 1685 2845 1739 in
2870 1685 3180 1744 llaristallio
3204 1690 3267 1755 “',
3298 1701 3355 1745 et
3394 1696 3595 1762 pascha

1940 1755 1988 1813 B
2017 1766 2285 1822 similiter.
2300 1769 2378 1837 _Et
2408 1771 2695 1827 inmutavit
2717 1789 2775 1830 se
2797 1792 3055 1833 numerus
3074 1795 3337 1836 annorum
3364 1783 3418 1838 in

2648 1862 2989 1921 DCCLXXIH

2076 1946 2227 2003 Tunc
2273 1948 2504 2006 domnus
2557 1950 2782 2010 Carolus
2813 1955 2856 1986 ¹⁶
2884 1972 2978 2011 rex
3013 1959 3053 1989 ¹⁷
3096 1964 3339 2030 perrexit
3383 1964 3450 2019 ad
3488 1965 3594 2020 bie-

2007 2040 2260 2094 mandum
2287 2040 2399 2096 min
2428 2041 2554 2097 villa
2595 2060 2734 2115 quae
2761 2044 2961 2102 dicitur
2987 2048 3337 2107 Theodone“
3374 2055 3594 2123 villa";

2005 2130 2186 2200 ibique
2212 2132 2436 2190 veniens
2462 2135 2663 2193 missus
2688 2138 2871 2194 domui
2904 2140 3129 2198 Adriani
3169 2146 3475 2214 apostolici.
3500 2164 3596 2205 no-

2006 2225 2151 2281 mine
2179 2225 2394 2293 Petrus,
2422 2244 2520 2299 per
2539 2245 2691 2286 mare
2717 2248 2886 2302 usque
2916 2234 2984 2290 ad
3021 2236 3061 2266 ²¹
3104 2236 3398 2293 Massiliam
3419 2241 3489 2304 ",
3539 2250 3594 2296 et

2004 2316 2129 2372 inde
2155 2324 2371 2375 terreno
2400 2320 2447 2352 ²³
2475 2321 2543 2375 ad
2581 2322 2839 2377 domuum
2862 2325 2906 2356 ”
2937 2324 3189 2382 Carolum
3233 2344 3413 2401 regem
3434 2330 3481 2360 "
3502 2346 3594 2386 uso

2004 2420 2109 2475 que
2135 2408 2181 2439 "
2216 2410 2543 2481 periungens
2565 2413 2610 2444 '7
2641 2413 2918 2470 invitando
2944 2417 3151 2472 scilicet
3176 2422 3593 2489 supranomina-

2004 2508 2121 2554 tum
2150 2501 2443 2570 gloriosum
2474 2503 2518 2534 ⁸⁸
2543 2519 2721 2575 regem
2752 2521 2856 2560 una
2895 2521 3018 2561 cum
3071 2509 3295 2566 Francis
3341 2526 3441 2580 pro
3497 2513 3592 2567 Dei

2004 2591 2227 2646 servitio
2247 2600 2304 2647 et
2325 2592 2529 2651 iustitia
2544 2596 2719 2650 sancti
2746 2595 2889 2651 Petri
2912 2613 3007 2653 seu
3042 2600 3234 2656 solatio
3256 2601 3300 2633 "
3328 2604 3593 2660 ecclesiae

2004 2696 2167 2753 super
2186 2679 2523 2737 Desiderium
2546 2697 2727 2755 regem
2747 2693 2802 2740 et
2828 2685 3210 2759 Langobardos
3226 2691 3289 2745 ³ο.
3315 2692 3380 2747 Et
3403 2692 3523 2748 ideo
3545 2695 3590 2726 “

2002 2773 2276 2829 maritime
2292 2775 2460 2842 venit,
2474 2777 2600 2847 quia
2614 2778 2734 2833 viae
2748 2780 2964 2837 clausae
2984 2781 3202 2839 luerunt
3218 2785 3263 2820 υ
3279 2786 3539 2845 Romanis
3558 2805 3591 2844 ιι

2002 2862 2388 2936 Laugobardis.
2410 2865 2566 2925 Tune
2596 2869 2824 2926 domnus
2840 2887 2905 2927 ac
2923 2874 3234 2943 praecelsus
3255 2875 3480 2933 Carolus
3492 2893 3588 2935 rex

2001 2955 2309 3011 eonsiliavit
2329 2955 2376 2989 ³³
2400 2974 2507 3013 una
2549 2974 2672 3014 cum
2717 2960 2963 3030 Francis,
3014 2965 3142 3033 quid
3183 2975 3465 3039 perageret
3493 2968 3590 3036 ";

2001 3054 2058 3101 et
2077 3054 2294 3118 sumpto,
2311 3048 2608 3117 consilio”,
2626 3059 2684 3105 ut
2706 3050 2780 3106 ita
2794 3052 2841 3084 ³⁸
2858 3053 2996 3108 sicut
3019 3055 3220 3111 missus
3244 3058 3524 3127 apostolici
3541 3060 3585 3091 ³⁷

2390 3183 2786 3242 VARIANTES
2821 3187 3226 3248 LECTIONES.

2070 3277 2318 3361 {aurum
2360 3285 2559 3361 etnarg.
2582 3279 2643 3361 1Ζ
2714 3281 2833 3361 filii
2861 3282 3046 3338 retulit
3076 3285 3127 3339 1.
3198 3287 3260 3361 --³
3287 3303 3481 3361 magna
3533 3302 3589 3346 et

1998 3353 2147 3401 tanta
2175 3348 2320 3417 quod
2340 3348 2599 3404 deﬁceret
2622 3350 2672 3405 l.
2698 3351 2954 3409 deficeret
2974 3365 3033 3410 ut
3056 3371 3174 3417 sup.
3194 3357 3247 3412 5.
3325 3358 3346 3390 ⁸
3370 3348 3586 3415 Ermen-

1996 3418 2086 3495 stil
2130 3418 2181 3495 l.
2222 3419 2531 3495 her_mens_ul
2578 3420 2663 3474 l0.
2720 3424 2763 3495 4'
2781 3424 3049 3495 gloriosus

1994 3487 2137 3560 deest
2162 3489 2210 3543 1.
2246 3559 2277 3560 η
2312 3490 2331 3521 ⁷
2356 3487 2826 3560 perdistruendum
2866 3494 2920 3550 5.
3017 3497 3040 3527 ⁸
3078 3498 3387 3555 hominibus
3439 3502 3581 3556 deest

1994 3556 2046 3611 6.
2122 3559 2143 3590 '
2166 3556 2486 3616 suﬁitienter
2513 3562 2565 3616 6.
2646 3563 2688 3594 ¹⁰
2731 3565 2982 3620 wiseram
3017 3566 3071 3621 9.
3108 3569 3359 3623 wisaram
3390 3572 3477 3624 10.
3507 3573 3581 3626 ita

1992 3628 2252 3700 deinceps.
2289 3701 2302 3707 _
2334 3633 2374 3664 “
2404 3633 2807 3707 stipi-ascriptus
2835 3650 3061 3707 magnus
3086 3637 3227 3691 deest
3250 3640 3302 3692 6.
3387 3642 3426 3670 "
3485 3658 3581 3696 rex

1994 3713 2220 3768 magnus
2281 3701 2334 3754 l.
2411 3704 2455 3733 "
2490 3701 2771 3758 duodecim
2817 3701 2960 3760 dees't
3004 3707 3053 3760 7.
3146 3707 3189 3737 ”
3227 3709 3482 3766 frantiam
3524 3711 3577 3764 5.

1994 3768 2038 3798 ¹⁸
2066 3770 2363 3843 haristalho
2403 3773 2452 3825 l.
2484 3773 2687 3827 domini
2715 3783 2768 3828 et
2793 3777 2995 3843 pascha
3022 3777 3077 3830 in
3106 3777 3404 3833 haristallio
3443 3789 3499 3834 et
3526 3782 3578 3835 in

1992 3841 2235 3894 numeris
2261 3848 2500 3896 mutatus
2526 3849 2610 3897 est
2636 3841 2809 3898 annus
2848 3845 3051 3901 domini
3075 3846 3196 3901 773.
3227 3848 3281 3903 9.
3360 3851 3402 3881 ιθ
3430 3850 3580 3905 Tunc

1991 3922 2085 3961 rex
2151 3909 2371 3966 karolus
2424 3912 2477 3965 6.
2595 3912 2634 3943 ⁸⁷
2703 3914 2922 3969 carolus
2997 3916 3318 3975 mitissimus
3375 3936 3471 3976 rex
3523 3922 3573 3974 7.

1994 3977 2036 4049 fi
2076 3979 2440 4049 hyemandum
2478 3983 2533 4038 1.
2610 3982 2653 4013 ι’
2685 3983 2915 4040 teodone
2944 3984 2997 4039 6.
3074 3987 3118 4018 ²⁰
3149 3988 3275 4044 villa
3332 3991 3473 4045 deest
3520 3992 3571 4045 1.

1988 4047 2033 4078 ’⁸
2081 4047 2149 4104 ad
2204 4049 2344 4105 deest
2384 4053 2434 4109 1.
2492 4049 2544 4104 7.
2650 4054 2695 4084 ¹²
2739 4055 3016 4110 maxiliam
3065 4056 3117 4111 5.
3172 4059 3435 4116 arelatum
3485 4062 3571 4116 11.

1987 4118 2034 4151 ¹³
2071 4118 2195 4175 inde
2231 4136 2354 4176 cum
2392 4122 2543 4178 Reno
2584 4124 2632 4177 l.
2667 4125 2792 4180 inde
2825 4135 3038 4183 terreno
3064 4143 3252 4190 gressu
3306 4134 3358 4186 9.
3412 4133 3446 4186 i.
3488 4133 3573 4187 iti-

1986 4204 2115 4264 nere
2156 4199 2378 4264 terreno
2410 4192 2494 4247 10.
2527 4194 2649 4249 inde
2703 4210 2801 4264 per
2825 4205 3025 4252 terram
3060 4192 3146 4254 11.
3245 4201 3291 4233 ’³
3314 4203 3573 4259 domuum

1984 4261 2198 4343 deest
2276 4263 2323 4343 ξι*
2349 4278 2528 4334 regem
2543 4261 2718 4343 _deest'
2742 4266 2875 4343 l._7.
2909 4268 2993 4343 lt).
3070 4270 3114 4301 “
3136 4287 3308 4343 usque
3345 4274 3485 4328 deest
3519 4276 3568 4328 l.

1983 4331 2035 4414 6.
2112 4333 2155 4364 ’⁷
2182 4331 2568 4414 coniungensl
2574 4375 2588 4399 ,
2605 4338 2923 4414 perveniens
2938 4339 2989 4393 6.
3007 4331 3248 4414 pervenit
3270 4344 3323 4398 9.
3400 4345 3574 4414 “glo-

1983 4404 2186 4476 riosum
2231 4403 2370 4476 deest
2397 4403 2448 4457 6.
2526 4403 2711 4476 "iper
2757 4407 2844 4462 dei
2892 4403 3262 4467 serv'iciumet
3304 4403 3570 4470 iusticiam

3125 3440 3228 3482 eest
3269 3429 3323 3484 6.
3401 3430 3421 3461 ⁸
3468 3433 3584 3488 dies

3447 4485 3494 4523 ³ι
3519 4498 3572 4540 et

1980 4544 2105 4600 inde
2199 4543 2243 4574 ³²
2264 4543 2482 4599 clausae
2524 4547 2746 4601 erant6.
2824 4547 2869 4578 ³⁸
2900 4543 3182 4604 consilium
3216 4551 3336 4608 iniit
3361 4569 3481 4609 cum
3518 4557 3565 4609 l.

1979 4614 2295 4672 consiliatus
2322 4625 2525 4668 estuna
2541 4631 2662 4670 cum
2686 4616 2738 4670 6.
2787 4617 3070 4674 conisilium
3101 4621 3289 4677 habuit
3313 4639 3418 4679 una
3447 4640 3569 4679 cum

1980 4685 2068 4740 10.
2158 4684 2206 4716 ³⁸
2231 4692 2451 4755 peraget
2489 4685 2539 4739 1.
2574 4694 2760 4755 ageret
2786 4685 2839 4740 6.
2917 4687 2964 4718 ³⁵
2998 4691 3223 4746 consilio
3248 4693 3406 4749 iussit
3431 4695 3571 4750 sicut

2019 4797 2033 4809 .
2060 4771 2109 4810 c.
2137 4756 2295 4810 iussit
2326 4767 2385 4810 ut
2412 4755 2553 4811 sicut
2590 4756 2641 4810 7.
2720 4757 2765 4789 "
2814 4758 2891 4812 ita
2948 4758 3091 4815 deest
3121 4762 3207 4820 10.
3285 4764 3328 4796 ³⁷
3356 4765 3574 4820 adriani

1981 4757 2033 4811 1.
2060 4771 2109 4810 c.
2137 4757 2295 4810 iussit
2326 4767 2385 4810 ut
2412 4757 2553 4811 sicut
2590 4757 2641 4810 7.
2720 4757 2765 4789 "
2814 4758 2891 4812 ita
2948 4758 3091 4815 deest
3121 4762 3207 4817 10.
3285 4764 3328 4796 ³⁷
3356 4765 3569 4820 adriani

1978 4826 2314 4953 Bapae.7..9.
2345 4826 2738 4883 missusdomni
2766 4831 3047 4899 apostolici
3079 4818 3289 4890 adriani
3322 4850 3420 4907 per
3448 4850 3569 4890 ver-

2018 4911 2111 4951 um
2147 4912 2318 4953 manus
2339 4906 2462 4953 nost
2494 4896 2547 4951 (ἰ.

2018 4911 2111 4951 um
2147 4896 2318 4966 ipsius
2339 4906 2462 4967 post
2494 4896 2547 4951 (ἰ.

1818 5006 2048 5065 ΝΟΤίΕ.

362 5086 497 5169 {De
533 5095 786 5169 tor-rente
822 5091 926 5169 isto
948 5105 1121 5169 prope
1145 5093 1451 5152 Oideubeke
1494 5112 1690 5169 pagum
1736 5101 1879 5156 haud

238 5200 239 5203 η
291 5158 575 5238 multuma
612 5157 877 5238 Fontibus
902 5157 1450 5238 Li'ppiiedistantem,
1485 5157 1712 5238 quivjam
1758 5170 1880 5227 fons

291 5242 517 5311 resonas
540 5228 635 5282 der
668 5224 980 5311 Bulla:an
994 5224 1175 5311 audit,
1199 5224 1701 5311 chIf‘urs'tenbergii
1728 5224 1878 5311 prin;

291 5299 425 5378 cipis
450 5298 789 5378 Monumenta
813 5300 1151 5378 _Paderborn.
1183 5320 1238 5375 p.
1261 5305 1386 5362 216.
1416 5322 1536 5378 sqq.
1569 5298 1745 5377 cuius
1762 5309 1876 5365 fon-

293 5367 361 5423 tis
397 5377 590 5424 natura
639 5385 761 5424 cum
811 5371 887 5425 ita
932 5367 1247 5449 comparata
1284 5378 1387 5443 sit,
1430 5367 1663 5449 u't-eum'
1694 5380 1871 5449 ipsum

292 5444 584 5516 torrentem
616 5449 856 5516 nostrum
884 5456 1005 5516 esse
1032 5444 1306 5516 ambigere
1334 5464 1441 5503 non
1470 5447 1649 5516 liceat,
1681 5444 1874 5507 Irmin-

399 5525 615 5590 quoque
639 5526 747 5590 non
768 5512 1081 5590 Eresburgi,
1098 5508 1208 5590 sed
1229 5517 1435 5587 aliquot
1464 5508 1724 5590 passuum
1751 5522 1871 5577 mil-

292 5574 433 5637 libus
458 5595 489 5634 a
521 5574 723 5652 Lippiie
762 5574 1298 5642 fontibusvo'rientem
1321 5574 1395 5643 let
1428 5574 1712 5645 meridiem
1749 5574 1873 5647 ver-

293 5660 384 5723 sus
404 5652 714 5723 constitisse
737 5661 902 5723 patet.
931 5655 1067 5710 Hinc
1090 5665 1146 5711 et
1175 5655 1421 5713 lrminsul
1448 5660 1563 5718 sive
1585 5660 1872 5717 Ermeusul

294 5715 475 5777 Irmini
510 5721 623 5778 sive
647 5715 876 5777 Arminii
901 5725 1207 5782 columnam
1247 5727 1429 5798 fuisse,
1454 5715 1508 5787 et
1541 5715 1878 5789 verumera-

658 5812 935 5873 Ps'rnon.
982 5814 1141 5877 CIV.

1981 5098 2348 5176 rianaecladis
2369 5097 3042 5176 locumdocerividemur.
3072 5105 3295 5176 Stguum
3317 5126 3446 5168 vero
3469 5114 3571 5168 im-

1983 5169 2230 5255 mortalis
2257 5168 2440 5255 herois
2463 5176 2518 5223 et
2534 5169 2730 5255 ianum
2755 5174 2815 5255 in
2850 5191 2960 5255 quo
2983 5168 3326 5255 consisteret,
3362 5198 3570 5255 magna:

1982 5240 2154 5324 fuisse
2180 5239 2359 5304 molis,
2387 5240 2460 5294 ita
2490 5241 2663 5324 utnvel
2691 5243 2851 5300 hodie
2867 5239 2993 5324 ejus
3013 5239 3361 5324 {laudameuta
3383 5239 3572 5324 super-

1980 5319 2193 5386 essent,
2234 5326 2302 5367 ex
2351 5311 2771 5386 eo_co|ligitur,
2799 5311 2955 5386 quod
3009 5316 3236 5374 Carolus
3283 5337 3408 5378 cum
3450 5311 3571 5382 'toto

1978 5383 2221 5438 exercitu
2247 5397 2348 5459 suo
2381 5381 2617 5436 triduum
2643 5384 2711 5438 ad
2738 5381 2917 5440 minus
2962 5387 3016 5441 in
3045 5387 3162 5459 ejus
3205 5381 3571 5453 destructione

1978 5453 2331 5521 consumpsit.

2051 5523 2077 5563 δ
2114 5521 2417 5584 Thionville,
2452 5522 2839 5580 Diedcnhofen.

2052 5603 2073 5630 ε
2106 5591 2266 5657 Geni,
2291 5590 2512 5647 Geneve.

2048 5661 2089 5743 ἀ,
2124 5662 2382 5721 Summus
2431 5662 2735 5734 Penninus,
2789 5670 2952 5726 modo
2999 5686 3157 5730 mons
3205 5673 3263 5735 S.
3308 5675 3571 5736 Bernardi

1985 5747 2175 5802 major.

3025 5837 3100 5898 13
