3986 6174
378 352 484 405 397
1436 348 1583 407 CUM
1621 346 2217 405 LAURISSENSIBUS
2259 348 2551 405 COLLATI
3496 358 3634 439 ’598

880 473 1113 513 ANNALES
1152 473 1459 515 BGINHARDI.
1986 465 2037 524 Α
2502 478 2737 519 ΑΝΝΑιΕε
2773 479 3176 521 ιΑυιυεεεΝεεεο

380 564 512 616 tum,
553 551 646 622 qui
695 550 963 605 incendiis
1012 565 1078 606 ac
1121 551 1513 621 direptionibus
1554 563 1749 609 cuncta
1795 553 1957 610 deva—
2058 570 2251 610 norum
2277 555 2291 585 '
2318 570 2451 626 gens
2495 555 2761 626 coepisset
2794 557 3040 612 saeviens
3077 558 3308 614 domos'
3334 557 3640 620 forinsecus

379 653 528 699 stans
554 681 571 706 ,
601 639 970 711 compluribus
1014 639 1180 695 etiam
1211 639 1508 709 Saxonum,
1561 644 1655 713 qui
1702 638 1957 701 resistere
2057 643 2306 699 incendio
2334 659 2603 710 cremare,
2640 654 2908 700 venerunt
2936 647 3004 703 ad
3046 647 3317 718 quandam
3361 650 3640 710 basilicam

378 734 559 793 conati
586 740 735 801 sunt,
778 733 1104 801 interfectis,
1133 748 1258 790 cum
1288 735 1490 809 ingenti
1516 737 1715 808 praeda
1747 751 1956 808 regres-
2056 731 2111 787 in
2142 732 2262 789 loco
2307 733 2399 803 qui
2436 732 2638 789 dicitur
2660 733 2956 791 Fricdislar
2989 736 3009 768 ³
3034 777 3049 805 ,
3089 753 3252 809 quam
3281 748 3505 798 sanctae
3532 759 3644 801 me-

377 837 473 883 m
493 824 514 858 ι
538 830 629 881 αι
649 824 697 881 ί,
2057 824 2262 879 moriae
2304 823 2626 880 Bonefacius
2664 826 2992 883 novissimus
3019 836 3226 901 martyr
3266 833 3607 889 consecravit
3633 876 3645 899 ,

2055 922 2218 984 atque
2262 929 2362 984 per
2404 916 2656 987 spiritum
2715 916 3033 988 prophetiae
3073 919 3095 951 "
3153 922 3455 991 praedixit,
3496 924 3640 994 quod

2055 1021 2332 1076 nunquam
2392 1007 2641 1062 incendio
2668 1008 2689 1038 ⁸
2719 1016 3073 1064 cremaretur.
3120 1009 3428 1082 Coeperunt
3456 1022 3640 1071 autem

2054 1098 2199 1152 idem
2227 1097 2248 1129 ’
2272 1097 2501 1169 praefati
2554 1097 2798 1156 Saxones
2840 1115 2963 1155 cum
3008 1102 3176 1157 nimia
3218 1103 3518 1162 intentione
3545 1108 3641 1163 ad-
3680 1104 3697 1115 “

2056 1202 2243 1243 versus
2287 1189 2513 1243 eandem
2562 1197 2771 1244 certare
2819 1189 3130 1256 basilicam,
3183 1195 3639 1263 quemadmodum

2053 1293 2174 1332 eam
2225 1293 2324 1347 per
2365 1279 2644 1349 quodlibet
2693 1280 2969 1351 ingenium
3016 1281 3173 1350 igni”
3221 1286 3515 1340 cremarel3
3549 1301 3644 1356 po-

2056 1369 2305 1425 tuissent.
2334 1369 2473 1424 Dum
2503 1370 2639 1425 haec
2684 1370 2848 1440 igitur
2873 1370 2893 1401 ⁹
2938 1379 3246 1440 agerentur,
3275 1382 3644 1443 apparuerunt

2055 1459 2376 1529 quibusdam
2419 1458 2735 1533 Christianis
2762 1461 2853 1529 qui
2896 1470 3049 1516 erant
3085 1460 3140 1515 in
3182 1462 3425 1529 castello,
3457 1462 3645 1518 simili-

2057 1565 2140 1611 ter
2164 1557 2206 1588 ¹⁰
2229 1564 2283 1612 et
2307 1556 2628 1627 quibusdam
2658 1556 2883 1626 paganis
2908 1556 2998 1626 qui
3025 1556 3077 1610 in
3103 1556 3221 1625 ipso
3242 1557 3470 1612 aderant
3493 1573 3647 1614 exer-

2057 1650 2167 1705 citu
2187 1690 2202 1715 ,
2230 1647 2336 1704 duo
2367 1645 2588 1703 iuvenes
2631 1648 2685 1701 in
2731 1646 2888 1711 albis,
2922 1647 3014 1717 qui
3045 1648 3217 1717 ipsam
3262 1648 3542 1703 basilicam
3576 1647 3645 1701 ab

2059 1740 2180 1811 igne
2214 1738 2569 1810 protegebant
2597 1738 2661 1803 ”,
2692 1745 2745 1792 et
2770 1744 3058 1807 propterea
3086 1736 3284 1791 ibidem
3310 1753 3419 1793 non
3458 1745 3646 1808 potue-

1990 1813 2037 1872 Β
2067 1836 2193 1883 runt
2215 1843 2388 1897 neque
2410 1827 2638 1883 interius
2662 1841 2837 1896 neque
2859 1826 3097 1881 exterius
3118 1825 3298 1897 ignem
3323 1827 3644 1893 accendere,

2060 1935 2165 1976 nec
2213 1921 2429 1991 aliquod
2469 1920 2727 1975 damnum
2760 1920 2802 1950 ι’
2825 1919 3000 1975 eidem
3030 1919 3076 1951 ’³
3103 1917 3308 1974 inferre
3345 1919 3644 1976 basilicae:

2060 2014 2158 2070 sed
2205 2023 2340 2070 nutu
2387 1996 2606 2069 divinae
2654 2012 2955 2068 maiestatis
2997 2024 3197 2082 pavore
3241 2011 3550 2080 perterriti,
3591 2011 3646 2066 in

2062 2102 2245 2176 fugam
2273 2103 2519 2159 conversi
2547 2111 2702 2166 sunt,
2730 2102 2950 2157 nemine
2975 2108 3356 2171 persequente.
3391 2100 3649 2157 Inventus

1652 2236 1687 2263 χ,
2059 2201 2143 2248 est
2166 2199 2346 2249 autem
2371 2200 2562 2264 postea
2588 2206 2728 2247 unus
2749 2207 2813 2246 ex
2838 2190 3042 2248 eisdem
3069 2188 3373 2245 Saxonibus
3399 2196 3647 2245 mortuus

2060 2285 2209 2339 iuxta
2240 2284 2413 2355 ipsam
2457 2282 2760 2348 basilicam,
2805 2280 3032 2353 genibus
3073 2280 3256 2336 curvis
3285 2279 3515 2335 adclinis
3557 2295 3649 2334 su-

2057 2392 2158 2448 pra
2196 2376 2242 2409 “
2275 2376 2465 2447 pedes,
2507 2376 2716 2432 habens
2757 2376 2936 2447 ignem
2975 2383 3031 2429 et
3080 2373 3222 2444 ligna
3268 2375 3322 2428 in
3374 2372 3647 2438 manibus,

2058 2466 2208 2523 velut
2233 2481 2329 2521 ore
2358 2464 2535 2521 ﬂando
2577 2465 2804 2520 eandem
2831 2464 3111 2520 basilicam
3157 2464 3268 2534 igni
3307 2463 3524 2518 tradere
3552 2478 3648 2517 vo—

2058 2556 2248 2612 luisset
2262 2555 2326 2608 ".
2345 2555 2414 2610 Et
2434 2552 2738 2610 revertente
2760 2554 2959 2609 domno
2977 2552 3225 2609 “Carolo
3248 2567 3372 2624 rege
3393 2567 3424 2607 a
3451 2551 3647 2621 Roma,

2060 2647 2258 2702 iterum
2285 2646 2326 2678 ’⁷
2355 2646 2423 2701 ad
2458 2644 2681 2716 Papiam
2714 2644 2959 2716 pervenit
2989 2645 3051 2710 ’⁸,
3091 2646 3262 2715 ipsam
3295 2644 3336 2727 ’ξ
3371 2644 3649 2700 civitatem

2060 2738 2222 2809 cepit,
2258 2747 2314 2795 et
2339 2736 2678 2793 Desiderium
2724 2750 2904 2806 regem
2932 2752 3055 2791 cum
3096 2736 3267 2792 uxore
3296 2745 3351 2792 et
3397 2735 3530 2802 ﬁlia,
3563 2737 3650 2791 vel

2060 2846 2185 2887 eum
2210 2828 2255 2862 ’θ
2277 2830 2425 2887 omni
2448 2829 2701 2885 thesauro
2721 2828 2841 2885 eius
2864 2827 3052 2899 palatii
3077 2829 3141 2881 “.
3166 2827 3351 2899 Ibique
3373 2810 3650 2885 venientes

2059 2935 2253 2977 omnes
2297 2917 2636 2989 Langobardi
2661 2918 2727 2974 de
2765 2919 2976 2973 cunctis
3006 2918 3054 2948 "
3083 2917 3394 2973 civitatibus
3437 2917 3644 2980 italiae.

2061 3010 2420 3067 subdiderunt
2463 3025 2521 3066 se
2555 3010 2610 3064 in
2647 3009 2887 3065 dominio
2908 3008 2954 3040 "
2977 3008 3157 3064 domni
3201 3008 3422 3080 gloriosi
3468 3006 3650 3064 Caroli

2062 3100 2210 3173 regis
2239 3108 2302 3156 .et
2346 3099 2698 3154 Francorum.
2745 3097 3068 3170 Adalghisus
3103 3098 3149 3129 “
3194 3097 3338 3153 ﬁlius
3381 3095 3650 3152 Desiderii

2064 3191 2226 3262 regis,
2269 3189 2395 3261 fuga
2422 3189 2605 3260 lapsus
2628 3203 2780 3244 mare
2806 3188 2995 3244 introit
3017 3188 3084 3254 ’³,
3116 3195 3171 3243 et
3195 3186 3650 3256 ConstantinOpo-

2061 3281 2154 3336 lim
2188 3280 2445 3351 perrexit.
2477 3278 2629 3335 Tunc
2653 3278 2921 3350 gloriosus
2945 3277 3177 3334 domnus
3201 3277 3247 3310 ’⁸
3270 3274 3495 3332 Carolus
3524 3292 3643 3342 rex,

2060 3374 2176 3444 ipsa
2201 3372 2354 3428 italia
2374 3372 2418 3404 ’⁷
2449 3372 2732 3445 subiugata
2755 3379 2812 3428 et
2838 3372 3109 3437 ordinata,
3137 3371 3382 3427 custodia
3410 3370 3457 3403 ’⁸
3480 3370 3650 3427 Fran-

2058 3481 2247 3521 corum
2274 3465 2330 3519 in
2356 3464 2521 3533 Papia
2549 3464 2768 3520 civitate
2793 3462 3097 3530 dimittens,
3127 3478 3252 3519 cum
3280 3477 3450 3518 uxore
3479 3470 3536 3518 et
3565 3478 3653 3518 re-

2059 3553 2225 3623 liquis
2258 3552 2486 3608 Francis
2514 3551 2627 3608 Deo
2664 3552 2958 3608 adiuvante
2983 3566 3105 3607 cum
3134 3565 3332 3621 magno
3372 3551 3650 3620 triumpho

2060 3644 2349 3701 Franciam
2376 3658 2632 3699 reversus
2660 3652 2762 3699 est.
2791 3643 2859 3699 Et
2885 3645 3011 3700 dum
3035 3643 3080 3675 "
3102 3642 3443 3714 pervenisset
3470 3643 3537 3697 ad
3570 3642 3650 3699 lo-

2061 3752 2186 3791 cum
2213 3735 2258 3767 "‘
2293 3734 2388 3805 qui
2426 3734 2625 3790 dicitur
2668 3734 3011 3804 lugilinhaim
3036 3732 3078 3763 ³¹
3107 3745 3159 3797 ι,
3202 3731 3424 3788 mittens
3452 3731 3498 3763 ³³
3523 3746 3655 3803 qua-

2064 3838 2186 3883 tuor
2210 3827 2255 3860 ’⁸
2279 3840 2464 3883 scaras
2493 3827 2549 3881 in
2579 3825 2894 3891 Saxoniam,
2924 3834 3038 3880 tres
3059 3824 3107 3855 ³⁸
3127 3838 3360 3896 pugnam
3387 3839 3512 3879 cum
3551 3822 3653 3880 δα.

2451 3998 2842 4055 VARIANTES
2878 3998 3281 4056 LECTIONES.

2140 4112 2156 4143 ¹
2206 4126 2470 4168 saxonum
2507 4110 2543 4165 6
2573 4142 2642 4152 —
2690 4110 2777 4165 12.
2874 4112 2893 4141 ’
2933 4111 3124 4167 domos
3171 4110 3314 4166 deest
3360 4110 3413 4166 6.
3510 4112 3654 4167 'fri—

2066 4182 2234 4239 disiar
2277 4181 2328 4236 7.
2368 4182 2455 4236 i2.
2503 4180 2754 4237 fredislar
2800 4182 2853 4252 9.
2900 4180 3172 4237 friedislar
3202 4181 3413 4252 10.11.
3452 4251 3455 4252 ν
3510 4182 3656 4252 ’ρει-

2130 4254 2319 4308 iritum
2344 4252 2656 4323 prophetiae
2673 4252 2812 4307 deest
2827 4251 2880 4306 6.
3001 4252 3022 4283 ⁵
3040 4251 3393 4323 incendi“,
3442 4251 3652 4323 ‘iidem

2108 4314 2124 4377 ζ
2149 4328 2256 4379 etc.
2347 4314 2389 4355 ’τ
2416 4314 2540 4392 igne
2566 4321 2616 4376 7.
2644 4323 2698 4377 9.
2723 4331 2831 4378 etc.
2859 4322 2998 4392 deest
3023 4322 3076 4376 6.
3166 4323 3189 4355 ⁸
3216 4321 3569 4380 conefemare
3598 4314 3652 4376 6.

2068 4394 2088 4427 ³
2113 4394 2309 4475 igitur_
2327 4390 2469 4475 decis}
2511 4390 2564 4447 6.
2644 4393 2686 4424 ⁸ο
2715 4391 2958 4475 simulﬁ:
3057 4393 3098 4424 “
3129 4394 3495 4475 protegebant
3526 4406 3654 4475 pro-

1993 4494 2047 4557 D
2278 4463 2331 4516 7.
2414 4462 2456 4494 ι’
2484 4476 2658 4531 neque
2682 4462 2900 4531 aliquod
2925 4460 3215 4530 dampnum
3240 4460 3312 4515 ϐξ
3372 4462 3418 4494 ι’
3443 4460 3655 4543 hisdem

2112 4573 2125 4587 .
2158 4532 2352 4588 iisdem
2393 4531 2447 4587 9.
2481 4531 2570 4585 10.
2603 4533 2690 4585 11.
2766 4533 2810 4562 ’δ
2857 4545 3021 4599 super
3065 4531 3119 4584 7.
3157 4531 3210 4586 9.
3290 4530 3336 4563 ’⁸
3372 4531 3652 4586 voluisset.

2072 4549 2125 4587 ο.
2158 4549 2352 4588 nauem
2393 4549 2447 4587 υ.
2481 4549 2570 4585 Ἰυο
2603 4549 2690 4585 ‘l‘l.
2766 4549 2810 4562 "
2857 4549 3021 4599 super
3066 4549 3119 4584 ⁷1.
3157 4549 3210 4586 ν.
3290 4549 3336 4563 "
3372 4549 3652 4586 VOIUISSBI.

2072 4603 2373 4659 Revertens
2412 4615 2544 4656 vero
2577 4602 2802 4657 domuos
2847 4597 3062 4654 carolus
3108 4614 3204 4655 rex
3241 4599 3293 4654 7.
3370 4600 3416 4633 “
3457 4600 3657 4655 domno

2071 4673 2214 4728 deest
2261 4671 2315 4726 6.
2394 4672 2435 4703 "
2482 4678 2539 4726 et
2582 4670 2782 4724 iterum
2828 4671 2881 4723 1.
2958 4668 3001 4700 ’⁸
3026 4669 3273 4738 pervenit
3308 4670 3359 4723 1.
3391 4670 3443 4722 7.
3477 4668 3538 4724 9.‘
3564 4669 3653 4723 10.

2070 4743 2117 4775 ι’
2138 4751 2194 4790 et
2222 4743 2392 4790 imam
2418 4741 2469 4790 7.
2497 4741 2552 4790 9.
2627 4740 2671 4772 ’⁸
2701 4739 2811 4790 filia
2833 4746 3039 4790 etcum
3062 4739 3115 4790 1.
3134 4738 3185 4790 7.
3212 4738 3300 4790 10.
3326 4739 3413 4790 11.
3446 4758 3449 4759 ν
3491 4738 3536 4770 ’⁸
3561 4753 3653 4790 na-

2074 4743 2117 4775 "
2138 4751 2194 4798 et
2220 4743 2393 4813 ipsam
2418 4741 2470 4795 7.
2497 4741 2552 4797 9.
2627 4740 2671 4772 ’⁸
2701 4739 2811 4794 filia
2833 4746 2889 4794 et
2916 4752 3039 4803 cum
3062 4739 3115 4793 1.
3134 4738 3413 4794 7.10.11.
3446 4758 3449 4759 ⁷
3491 4738 3536 4770 ’⁸
3555 4753 3657 4863 ⁵η-

2074 4813 2191 4868 latii
2228 4812 2347 4868 eius
2374 4812 2426 4866 1.
2467 4812 2522 4865 7.
2556 4811 2644 4867 10.
2677 4810 2765 4864 11.
2841 4810 2887 4841 ”
2913 4807 2982 4863 de
3008 4809 3089 4864 eis
3117 4809 3221 4863 civ.
3251 4809 3303 4863 1.
3377 4807 3426 4840 ’³
3461 4822 3522 4863 se
3590 4822 3656 4862 o-

2075 4884 2245 4938 minio
2288 4882 2342 4936 5.
2383 4882 2438 4936 6.
2479 4881 2568 4936 10.
2646 4880 2692 4912 ’⁸
2739 4877 3038 4948 adaigulfus
3073 4880 3122 4933 i~.
3173 4878 3444 4948 adalgisus
3475 4877 3530 4932 6.
3566 4877 3656 4948 10.

2078 4953 2348 5024 adalgisus
2383 4966 2515 5007 vero
2543 4953 2574 5005 7
2602 4950 2704 5024 (8.)
2737 4950 2790 5005 9.
2819 4947 2905 5004 11.
2978 4949 3026 4981 ’⁸
3054 4950 3277 5030 intravit
3305 4947 3377 5001 ’l.
3415 4947 3661 5003 introivit

2078 5022 2111 5052 ⁵1
2158 5022 2192 5052 0
2247 5022 2304 5052 ΙΙ
2412 5021 2459 5052 η
2485 5022 2710 5052 ,ΙΛ-ισιηιια
2744 5021 2883 5052 Αηηοο
2907 5019 2941 5052 εξ
3038 5020 3081 5051 17
3113 5018 3259 5052 huius
3296 5017 3396 5052 arth
3439 5031 3463 5052 α
3521 5017 3551 5052 Ἶ
3603 5019 3638 5052 ο

782 5077 1174 5136 VARIANTES
1209 5074 1614 5133 LECTIONEs.
2078 5022 2132 5123 ῗέ
2152 5021 2459 5147 Batiam:
2484 5017 3574 5146 i?'i‘f‘335‘f§§iéfs.316223333556.
3602 5019 3657 5142 32

464 5171 759 5243 {reversus
778 5168 834 5225 6.
901 5170 1045 5243 ’_est.
1073 5168 1317 5243 Karolus‘
1341 5170 1421 5243 ab
1437 5166 1588 5243 italia
1638 5164 1969 5243 regrediens,
2080 5162 2169 5243 10.
2198 5162 2444 5243 custodia
2469 5160 2656 5243 relicta
2694 5160 2781 5243 {.l.
2858 5159 2916 5243 ’ί
2936 5158 3003 5243 Et
3033 5172 3156 5243 curn
3177 5157 3251 5243 .l.
3367 5155 3454 5243 10.
3500 5156 3659 5243 _'°.in

395 5225 786 5298 dedicationem
838 5240 1099 5297 ecclesiae
1144 5241 1323 5311 sancti
1349 5237 1590 5311 ,Nazarii
1637 5225 1904 5311 martyris
1921 5225 1977 5290 et
2080 5232 2257 5311 locum
2285 5231 2344 5311 _6.
2378 5229 2840 5311 i0._ll.__in_loc_9
3171 5225 3545 5311 ingelheiny.
3573 5228 3661 5311 in:

394 5295 802 5368 translationem
845 5295 1090 5381 corporis
1138 5295 1306 5381 ipsius
1345 5310 1397 5364 in
1432 5307 1760 5391 monasterio
1780 5295 1976 5388 'nostro
2080 5302 2358 5428 gilinheim
2385 5301 2437 5356 6.
2468 5299 2759 5374 ingelhaim
2795 5301 2845 5353 7.
2874 5300 2926 5353 9.
2967 5295 3255 5366 ingilheim‘
3278 5296 3366 5379 11.
3441 5295 3487 5329 ’⁸
3516 5297 3665 5352 misit

396 5377 761 5428 Lanmhevm
795 5380 1091 5428 θριειιηνὶι
1121 5422 1134 5428 -
1166 5395 1306 5428 anno
1344 5378 1733 5428 incamanonis
1762 5376 1976 5428 Domum
2123 5415 2137 5428 .
2169 5374 2222 5427 7.
2253 5374 2339 5428 10.
2385 5372 2473 5427 11.
2553 5371 2598 5404 ³³
2628 5378 2859 5428 quatuor
2888 5367 2941 5423 5.
3019 5366 3067 5399 ’³
3108 5382 3388 5423 saxoniam
3431 5380 3661 5428 quarum

396 5367 762 5454 gurgitem!
795 5367 1091 5454 celebravit
1120 5367 1306 5454 ,_'anno
1344 5378 1733 5436 incarnationis
1762 5375 1976 5432 Domini
2169 5374 2352 5454 7._i0;
2385 5372 2473 5427 11.
2529 5367 2605 5454 "'_
2628 5367 2941 5454 quatuoré.
2961 5445 2974 5454 Δ
3108 5367 3388 5454 ξριοηίαω
3431 5380 3661 5439 quarum

400 5437 763 5509 ωαχχιγ.
811 5450 927 5506 Cal.
957 5437 1192 5521 Sept.'7.
2067 5453 2196 5527 “tres
2231 5444 2284 5499 1.
2318 5443 2372 5497 τ.
2417 5437 2719 5499 saxoniain.
2750 5438 2820 5492 At
2850 5438 2925 5493 illi
2959 5445 3073 5494 tres
3113 5437 3165 5493 9.

1915 5553 2147 5611 ΝΟΤᾸΞ.

400 5691 496 5804 dot
514 5674 1046 5805 Di‘ihllntgelbeim‘eniii
1075 5670 1556 5800 palatiyoocazsareo
1584 5666 1657 5729 cl.
1692 5665 2020 5739 Schoepllini
2048 5663 2566 5741 dissertationem_in
2602 5659 3157 5721 Commentationibus
3179 5656 3468 5717 academire
3497 5656 3668 5716 Theo-

469 5764 530 5805 ro
665 5762 854 5805 atate.
941 5788 955 5803 .
1024 5760 1351 5805 .uag.o.

469 5764 530 5805 ro
568 5760 854 5810 Palatinae.
914 5760 955 5805 t.
996 5760 1042 5815 ι,
1076 5760 1197 5819 pag.
1228 5760 1351 5801 ‘ow.
