1994 3089
157 158 213 187 399

966 195 991 224 Α

385 208 499 229 ANNALES
517 206 717 227 LAUMSSENSES.

156 251 272 278 mnibus
291 248 419 280 inierunt,
434 252 461 274 et
475 245 623 273 auxiliante
641 244 753 271 Domino
769 244 886 270 victores
903 250 949 269 cx-

156 299 285 330 titerunt;
299 300 393 331 quarta
407 301 471 321 vero
484 300 561 320 scara
577 300 630 319 non
649 291 744 320 habuit
757 297 886 325 pugnam,
903 289 949 315 sed

155 351 217 370 cum
240 341 339 377 praeda
356 347 451 374 magna
468 338 561 365 inlaesi
575 338 583 352 ¹
600 337 698 364 iterum
723 336 825 362 reversi
840 338 903 362 sunt
917 334 950 360 ad

154 388 273 423 propria.
286 387 319 414 Et
333 383 781 419 caelebravitpracl‘atusgloriosus
792 383 802 397 ¹
817 390 864 409 rex
878 385 951 409 nata-

154 434 207 461 lem
222 433 329 460 Domini
342 433 352 447 ³
367 433 394 459 in
403 431 472 461 villa,
486 437 554 464 quac
572 429 671 456 dicitur
686 428 864 460 Carisiacum,
877 428 951 455 simi-

154 480 249 508 literet
258 480 359 514 pascha
371 479 391 506 ³,
400 478 433 505 Et
444 477 622 504 inmutavitse
634 482 762 502 numerus
775 481 908 500 annorum
923 474 950 500 in

469 522 639 551 DCCLXXV.

191 571 267 599 Tunc
288 571 348 606 pius
367 574 449 604 atque
463 569 472 584 '
497 567 652 603 praeclarus
674 566 788 592 domnus
801 565 811 580 ⁸
838 564 951 592 Carolus

155 625 203 644 rex
221 616 314 643 habuit
331 615 453 642 sinodum
466 613 477 629 ⁷
492 613 519 640 in
531 612 595 639 villa
619 619 688 646 quae
706 610 806 638 dicitur
833 609 915 636 Duria
928 609 949 641 ³,

154 668 182 690 et
204 661 266 688 inde
281 661 331 687 iter
349 666 482 695 peragens
494 658 504 673 ⁹
519 657 642 692 partibus
668 655 813 687 Saxoniae,
829 654 952 690 Sigibur—

155 715 219 741 gum
237 706 258 721 ¹⁰
282 710 401 733 castrum
422 703 510 738 cepit,
530 703 730 736 Aercsburgum
747 701 766 715 ”
793 700 951 727 rcaediflca-

157 752 194 779 vit
207 752 227 767 ¹²
244 759 324 787 super
345 749 481 777 Wisoram
493 748 514 764 ¹³
528 747 637 774 ﬂuvium
656 747 731 774 venit
751 746 777 773 in
792 746 851 772 loco
868 745 888 760 “
905 745 950 780 qui

128 791 131 794 ’
157 798 255 825 dicitur
279 795 443 829 Brunisberg
459 794 494 826 ης
510 797 537 820 et
553 793 573 808 ιθ
595 793 631 819 ibi
653 791 851 826 praeparabant
866 790 951 818 Saxo-

157 850 205 870 nes
217 842 237 857 "
253 841 364 872 bellum,
378 840 497 867 volentes
511 840 596 874 ripam
610 838 757 873 supradicti
771 837 889 864 ﬂuminis
905 836 951 864 de-

157 888 283 919 fendere;
296 881 568 913 auxiliante'Domino
581 888 608 911 et
622 883 735 910 Francis
748 882 950 910 decertantibus

159 934 244 968 fugati
259 933 280 949 ¹⁸
296 932 427 964 Saxones,
446 930 543 958 Franci
559 931 653 957 ambas
672 930 744 964 ripas
758 929 949 960 obtinuerunt,

158 983 185 1006 et
198 978 274 1006 multi
287 977 408 1005 Saxones
421 976 458 1003 ibi
472 975 554 1003 occisi
570 975 671 1002 sunt”.
688 975 763 1002 Tunc
777 975 892 1002 domnus
904 973 953 1002 Ca-

157 1023 233 1051 rolus
247 1030 295 1050 rex
310 1022 433 1049 dividens
452 1021 601 1048 exercitum
615 1028 706 1052 suum,
723 1021 838 1055 sumpsit
859 1027 951 1047 secum

158 1076 227 1104 quos
242 1067 337 1099 voluit,
353 1066 474 1101 perrexit
488 1066 510 1081 '°
525 1073 609 1100 usque
624 1066 775 1093 Obaccrum
789 1066 809 1080 "
829 1059 949 1092 ﬂuvium.

156 1114 196 1142 lbi
218 1119 313 1140 omnes
325 1112 347 1127 "
359 1110 527 1138 Austreleudi
541 1111 564 1126 "
583 1110 703 1138 Saxones
734 1111 875 1138 venientes
891 1118 951 1138 cum

158 1160 290 1187 tlassione
302 1158 335 1190 “,
350 1162 378 1185 et
395 1157 562 1184 dederunt"
582 1157 689 1184 obsides
710 1157 784 1184 iuxta
807 1157 879 1191 quod
897 1157 953 1191 pla-

158 1205 215 1231 cuit
226 1203 259 1236 ἐ,
275 1207 302 1229 et
325 1202 483 1229 iuraverunt
505 1206 687 1233 sacramenta,
711 1201 759 1228 sed
777 1200 871 1228 ﬁdeles
893 1207 953 1228 esse

156 1250 280 1286 partibus
293 1247 440 1283 supradicti
454 1247 544 1274 domui
561 1246 649 1274 Caroli
661 1247 682 1262 ²⁷
695 1247 775 1280 regis.
787 1247 810 1261 ’⁸
823 1246 954 1273 Similiter

158 1296 220 1323 inde
235 1298 389 1322 revertente
402 1292 424 1308 ²⁹
439 1293 492 1319 iam
508 1292 579 1319 dicto
591 1293 734 1319 mitissimo
747 1293 768 1308 ³ο
783 1300 845 1328 rege
859 1293 893 1325 ",
910 1298 953 1318 ve-

152 1347 258 1371 .nerunt
282 1340 406 1376 Angrarii
422 1340 443 1355 "
459 1339 485 1366 in
502 1347 570 1374 pago
584 1339 606 1354 ⁸³
619 1339 664 1373 qui
679 1339 701 1354 ³⁵
713 1339 811 1366 dicitur
834 1338 915 1366 Bucki
930 1337 954 1354 “

158 1397 211 1417 una
227 1396 289 1416 cum
307 1388 433 1415 Brunone
447 1391 474 1413 et
488 1385 600 1419 reliquis
613 1385 788 1419 optimatibus
802 1385 824 1400 ³⁸
840 1392 935 1412 eorum
945 1404 953 1417 ,

158 1441 184 1462 et
200 1434 332 1462 dederunt
347 1432 384 1459 ibi
397 1431 505 1459 obsides
516 1430 537 1446 ³⁷
551 1431 621 1457 sicut
633 1430 777 1457 Austrasii.
790 1430 823 1457 Et
838 1430 899 1457 inde
912 1437 954 1457 re-

353 1476 547 1504 VARIANTES
566 1475 766 1503 LECTIONES.

197 1524 304 1552 'illaesi
329 1524 353 1550 1.
375 1523 400 1549 7.
419 1527 471 1549 etc.
517 1523 526 1537 ’
540 1522 673 1556 gloriosus
683 1521 753 1548 deest
766 1521 792 1548 6.
832 1521 956 1549 'domini

159 1565 186 1587 et
207 1560 307 1595 pascha
326 1559 352 1585 in
371 1558 505 1595 carisiaco
521 1557 582 1584 villa
603 1565 680 1595 anno
701 1556 763 1595 775.
860 1557 870 1571 ⁸
885 1556 955 1595 I_linc

159 1591 220 1622 inde
242 1596 269 1621 in
292 1594 379 1620 codice
398 1593 424 1619 5.
449 1593 580 1627 scriptura
594 1591 844 1627 rkarolusobti’net.
871 1626 882 1627 η
897 1591 907 1607 ⁸
923 1599 955 1620 ac

163 1632 186 1657 1.
226 1630 236 1645 °
256 1630 371 1656 domnus
385 1628 455 1654 deest
474 1625 506 1653 6.‘
521 1635 568 1654 rex
585 1626 700 1654 domnus
720 1625 830 1653 karolus
852 1626 894 1653 15.
908 1635 955 1655 rex

160 1664 270 1692 karolus
280 1663 306 1690 6.
355 1663 364 1678 ⁷
375 1662 506 1697 synodum
526 1662 550 1688 1.
570 1662 595 1688 ϐ.
661 1662 671 1676 ⁸
686 1661 762 1697 duria
781 1661 833 1688 iter
850 1665 912 1697 tunc
927 1670 954 1697 p.

161 1701 186 1727 1.
225 1699 330 1734 'agens
356 1696 399 1723 15.
440 1697 460 1712 ¹⁰
483 1697 663 1747 εὶξὶεδιιτειιῐη
734 1696 777 1723 10.
818 1696 838 1711 ”
864 1696 957 1725 heres-

161 1736 275 1747 I...__..m
299 1733 314 1747 ’1
349 1732 365 1747 ο
405 1732 433 1747 ΙΙ
500 1732 507 1747 1
537 1731 710 1747 -Ληιὶιηῖιυινη
725 1730 742 1747 ιζ
791 1730 813 1746 1³
829 1731 955 1747 ιιγέεη-ιι-νι

161 1730 279 1770 bnrgnm
299 1733 324 1770 7_.
349 1732 375 1759 9.
405 1732 447 1770 11:
500 1730 768 1770 ¹ξ⁵ιιιξθιὶξίῐὶεχιγὶι-ϐ.⁸
791 1730 956 1770 “__}visa_ram

163 1765 263 1796 10.15.
287 1768 415 1799 wiseram
430 1767 457 1794 9.
513 1766 535 1782 ”
558 1767 586 1793 in
603 1766 693 1793 locum
710 1766 735 1792 1.
753 1765 779 1792 6.
804 1766 847 1793 15.
864 1766 898 1793 ad
918 1767 957 1794 lo-

161 1812 222 1831 cum
238 1803 281 1830 10.
300 1803 342 1829 11.
384 1802 405 1817 ¹⁸
419 1802 579 1829 brunisberc
604 1802 647 1829 15.
663 1800 825 1836 brunisburg
843 1801 885 1827 10.
898 1802 958 1829 bru-

163 1840 290 1873 nisburgo
305 1838 347 1864 11.
384 1837 404 1852 "
414 1841 441 1864 et
451 1837 521 1873 deest
535 1836 595 1873 15."
619 1837 639 1873 {7
651 1843 680 1873 se
692 1843 808 1873 saxones
822 1836 856 1863 ad
867 1837 894 1863 b.
912 1837 955 1864 15.

164 1876 184 1890 ³⁸
198 1870 361 1909 fugiéntibus
374 1872 521 1909 saxonibus
538 1871 647 1909 1.0739.
664 1870 747 1909 fugati
761 1875 824 1898 sunt
841 1879 958 1909 saxones

162 1910 187 1936 5.
205 1906 367 1943 vagantibus
393 1907 541 1943 saxonibus
562 1906 588 1943 6.
609 1906 765 1943 fugantibus
780 1914 903 1943 saxones
929 1907 956 1943 8.

162 1941 262 1980 fugatis
272 1943 420 1980 saxouibus
431 1942 474 1980 10.
487 1941 607 1980 fatigatis
615 1941 761 1980 sa'xoaibus
776 1942 819 1969 15.
860 1941 884 1980 "A
892 1942 959 1980 mult

161 1976 236 2014 tiq'ue
246 1986 363 2007 saxones
370 1978 406 2005 ibi
412 1977 576 2014 occisisunt.
591 1977 704 2014 Domino
714 1976 859 2014 adiuvante
871 1976 956 2014 franci

162 2011 279 2041 victores
305 2013 463 2040 extiterunt.
488 2012 584 2039 Amen.
610 2012 647 2038 ita
672 2011 767 2038 desinit
792 2012 874 2039 codex
911 2013 954 2040 15.

965 865 988 894 B

162 2050 184 2065 ὀ
197 2048 509 2083 voluitetperrexit1.7.
519 2047 545 2073 9.
557 2051 611 2083 etc.
645 2047 671 2083 7“
682 2047 828 2083 obacerum
841 2047 866 2074 1.
879 2047 958 2075 aboe-

162 2091 238 2112 crum
258 2086 403 2110 correctum
423 2083 568 2109 abodcrum
585 2082 611 2109 5.
626 2082 771 2109 obaccrum
783 2082 809 2109 6.
828 2082 957 2110 obacrum

162 2120 189 2146 7.
201 2118 285 2145 9.10.
306 2118 349 2143 11.
397 2117 420 2132 "
437 2122 562 2144 auctores
587 2124 718 2144 saxouum
736 2117 876 2144 venientes
895 2125 957 2144 cum

162 2152 335 2180 hassionibus
363 2152 389 2178 1.
407 2152 429 2167 “
445 2151 609 2178 austreleudi
628 2152 767 2179 saxoniam
784 2152 809 2178 7.
832 2159 858 2178 a.
879 2160 958 2179 saxo-

162 2195 226 2215 nnm
252 2188 295 2214 10.
333 2188 424 2214 “cum
443 2186 568 2214 bassione
581 2187 607 2214 5.
626 2194 689 2214 cum
710 2187 822 2214 hasione
850 2188 876 2214 6.
894 2195 956 2214 cum

162 2224 302 2250 mansione
321 2223 347 2250 9.
373 2230 434 2249 cum
456 2221 563 2249 assione
578 2222 621 2248 11.
633 2229 694 2249 cum
709 2222 819 2249 hassion
836 2222 879 2249 10.
893 2230 954 2249 cum
969 2225 995 2254 D

161 2258 352 2286 hnssin0n12.
400 2258 423 2272 “
447 2257 571 2284 hassione
594 2257 725 2284 dederunt
749 2257 775 2284 9.
814 2257 836 2273 ²⁶
855 2257 956 2292 placuit

161 2294 218 2329 regi
233 2293 259 2320 9.
299 2294 321 2309 "
339 2293 422 2320 caroli
436 2292 543 2329 deestI.
581 2292 604 2307 ⁸⁸
620 2292 690 2329 regis
709 2292 835 2329 kiaroliﬁ.
875 2293 897 2308 "
911 2293 953 2319 in-

161 2329 194 2355 de
208 2329 261 2355 iam
276 2332 429 2356 revertento
442 2335 478 2354 m.
503 2328 527 2354 1.
543 2328 705 2355 revertendo
716 2328 742 2354 6.
783 2328 805 2343 '°
831 2328 955 2355 mittissi-

161 2371 206 2391 mo
234 2364 291 2399 regi
303 2363 330 2390 6.
368 2363 389 2378 "
414 2370 450 2399 m.
467 2362 566 2399 domno
583 2370 647 2399 rege
666 2363 692 2399 1.
710 2363 736 2399 7.
763 2363 915 2399 _"_aogarii
928 2363 954 2399 6.

714 148 902 179 EGINHARDI
924 146 1069 174 ABBATIS
1089 144 1180 172 ANNA
1187 144 1249 171 [κε

1742 141 1792 169 400

1255 196 1371 216 ANNALES
1390 196 1544 216 EGINIIARDI.

1303 516 1475 544 DCCLXXV.

1038 565 1104 593 Cum
1126 572 1172 592 rex
1191 565 1217 590 in
1236 563 1299 590 villa
1326 562 1464 589 Carisiaco
1483 562 1627 593 hiemaret,
1654 562 1798 590 consilium

1005 611 1065 637 iniit
1080 630 1087 642 ,
1104 613 1134 636 ut
1151 609 1283 644 perﬁdam
1298 615 1331 635 ac
1346 607 1521 643 foedifragam
1538 607 1674 634 Saxonum
1690 612 1798 642 gentem

1002 656 1071 682 bello
1079 655 1282 690 adgrederetur,
1295 657 1322 680 et
1333 660 1365 680 eo
1375 660 1460 687 usque
1471 659 1613 687 persevera
1619 656 1666 683 ret,
1678 653 1740 679 dum
1754 658 1801 679 aut

1002 700 1066 727 victi
1081 699 1246 727 christianae
1262 698 1386 733 religioni
1401 698 1590 725 subicerentur
1611 698 1630 730 ¹,
1647 702 1691 724 aut
1712 698 1800 724 omni-

1002 753 1037 772 no
1053 745 1223 771 tollerentur.
1236 743 1388 777 Habitoque
1403 742 1473 776 apud
1488 742 1598 769 Duriam
1612 742 1705 769 villam
1716 750 1799 777 gene-

1002 790 1049 817 rali
1067 793 1213 821 conventu,
1223 788 1317 815 Rheno
1330 794 1437 822 quoque
1452 787 1643 820 ‘transmisso,
1658 795 1719 814 cum
1736 788 1800 815 totis

1003 835 1078 869 regni
1087 833 1189 861 viribus
1201 833 1347 860 Saxoniam
1359 833 1448 867 petiit,
1457 837 1483 859 et
1494 833 1582 866 primo
1593 833 1685 859 statim
1698 833 1799 868 impetu

1004 879 1178 914 Sigiburgnm
1193 885 1206 898 ιι
1221 883 1342 905 castrum
1360 878 1379 909 ³,
1398 877 1424 904 in
1449 885 1502 912 quo
1515 877 1525 892 ⁵⁸
1551 877 1689 904 Saxonum
1719 885 1797 912 prae-

1003 926 1101 953 sidium
1123 929 1183 952 erat
1196 925 1217 957 ⁵,
1232 924 1378 960 pugnando
1391 924 1488 958 coepit.
1511 923 1711 959 Aeresbnrgum
1727 924 1799 951 aliud

1003 975 1121 998 castrum
1138 978 1152 997 a
1166 970 1319 997 Saxonibus
1333 969 1500 996 destructum
1528 969 1642 996 munivit
1653 969 1675 1001 θ,
1689 973 1715 995 et
1728 969 1754 996 in
1766 977 1799 996 eo

1003 1016 1170 1043 Francorum
1184 1015 1348 1050 praesidium
1362 1015 1463 1049 posuit.
1473 1014 1537 1042 Inde
1551 1015 1584 1041 ad
1599 1014 1735 1042 Wisuram
1751 1015 1800 1042 ﬂu-

1002 1063 1076 1090 vium
1087 1062 1211 1094 veniens,
1226 1061 1252 1087 in
1266 1068 1299 1088 eo
1314 1061 1373 1088 loco
1382 1060 1609 1095 quiBrunesbcrg
1620 1061 1630 1076 ⁷
1648 1061 1662 1080 b
1676 1065 1798 1093 vocatur,

1003 1110 1194 1143 congregatam
1217 1105 1353 1134 Saxonum
1369 1106 1569 1133 multitudinem
1593 1105 1715 1138 oﬂ'endit,
1730 1114 1800 1141 quae

1003 1162 1065 1181 eum
1091 1153 1208 1181 transitu
1222 1152 1233 1168 ⁸
1251 1151 1370 1179 ﬂuminis
1390 1158 1484 1178 arcere
1499 1152 1660 1179 conabatur.
1675 1151 1729 1179 Sed
1744 1152 1800 1179 fru-

1003 1204 1069 1227 stra.
1081 1199 1183 1226 Namin
1190 1198 1277 1233 prima
1288 1197 1478 1232 congressione
1488 1197 1556 1231 pulsi
1572 1197 1711 1232 fugatique
1726 1202 1800 1229 sunt,

1004 1250 1031 1273 et
1056 1253 1171 1280 magnus
1193 1252 1288 1272 eorum
1305 1251 1436 1271 numerus
1451 1244 1551 1271 ibidem
1567 1244 1727 1272 interfectus
1746 1249 1799 1272 est.

1005 1291 1058 1318 Et’
1075 1298 1120 1318 rex
1137 1311 1143 1322 ,
1163 1297 1244 1317 amne
1270 1290 1396 1321 traiecto,
1424 1297 1485 1316 cum
1503 1293 1581 1324 parte
1604 1290 1742 1317 exercitus
1766 1291 1800 1317 ad

1005 1335 1140 1364 Ovacrum
1154 1335 1174 1351 ¹⁰
1187 1335 1297 1362 ﬂuvium
1311 1334 1460 1367 contendit,
1476 1335 1522 1362 ubi
1541 1335 1565 1362 ei
1591 1335 1668 1363 Hessi
1684 1336 1716 1368 “,
1731 1344 1802 1363 unus

1004 1391 1020 1410 e
1032 1384 1053 1398 "
1071 1382 1236 1417 primoribus
1251 1381 1398 1413 Saxonum,
1414 1389 1475 1408 cum
1496 1382 1623 1409 omnibus
1636 1382 1763 1410 Ostfalais
1779 1383 1801 1398 ”

1005 1434 1162 1459 occurrens,
1182 1431 1209 1454 ct
1235 1427 1345 1454 obsides
1360 1435 1429 1461 quos
1445 1434 1493 1453 rex
1509 1427 1691 1462 imperaverat
1714 1428 1800 1460 dedit,

1006 1478 1035 1501 et
1046 1477 1246 1500 sacramentum
1263 1472 1399 1499 ﬁdelitatis
1421 1472 1528 1499 iuravit.
1545 1473 1607 1500 lnde
1630 1480 1754 1508 regresso
1768 1474 1800 1506 η,

1009 1527 1071 1547 cum
1087 1519 1115 1546 in
1126 1526 1225 1554 pagum
1248 1518 1294 1553 qui
1318 1517 1400 1545 Bucki
1417 1518 1438 1533 ¹⁵
1453 1523 1463 1536 ο
1482 1523 1595 1545 vocatur
1619 1519 1801 1553 pervenisset,

1009 1565 1135 1600 Angrarii
1150 1565 1172 1580 ¹⁸
1183 1572 1245 1592 cum
1256 1564 1312 1591 suis
1327 1564 1492 1598 primoribus
1504 1569 1694 1597 occurrerunt,
1708 1569 1735 1592 et
1746 1566 1801 1592 sic—

1008 1617 1038 1639 ut
1055 1611 1178 1642 0stl‘alai,
1202 1611 1277 1637 iuxta
1296 1610 1367 1644 quod
1382 1610 1403 1626 "’
1423 1610 1616 1645 imperaverat,
1642 1611 1750 1638 obsides
1769 1619 1801 1638 ac

1008 1662 1178 1687 sacramenta
1189 1657 1321 1685 dederunt
1332 1657 1363 1683 η.
1378 1656 1483 1684 interea
1494 1664 1558 1691 pars
1572 1657 1707 1684 exercitus
1721 1665 1800 1692 quam

1009 1704 1044 1731 ad
1056 1703 1194 1730 Wisuram
1215 1702 1328 1734 dimisit,
1353 1702 1380 1729 in
1392 1710 1424 1730 eo
1438 1702 1459 1717 ¹⁹
1473 1702 1533 1730 loco
1555 1702 1600 1737 qui
1616 1702 1738 1730 Hlidbcki
1754 1704 1775 1718 ὀ
1788 1703 1801 1723 d

1008 1753 1122 1777 vocatur
1139 1748 1236 1776 castris
1252 1748 1357 1784 positis,
1384 1748 1491 1775 incaute
1518 1756 1547 1775 se
1562 1749 1665 1784 agendo
1680 1750 1702 1764 ²¹
1717 1749 1803 1777 Saxo-

1009 1802 1074 1821 num
1093 1794 1187 1821 fraude
1214 1794 1398 1821 circumventa
1423 1798 1505 1828 atque
1528 1793 1640 1828 decepta
1659 1798 1711 1821 est.
1735 1794 1801 1822 Nam

1009 1847 1071 1867 cum
1092 1839 1269 1874 pabulatores
1282 1839 1450 1867 Francorum
1470 1840 1543 1867 circa
1564 1847 1663 1867 nonam
1689 1841 1742 1868 diei
1758 1841 1804 1868 ho-

1009 1894 1067 1914 ram
1082 1891 1285 1914 reverterentur
1301 1887 1327 1913 in
1342 1890 1440 1918 castra,
1459 1885 1581 1913 Saxones
1604 1888 1655 1919 eis,
1679 1888 1756 1921 quasi
1775 1894 1803 1915 et

1009 1934 1060 1968 ipsi
1076 1941 1172 1961 eorum
1186 1933 1252 1961 socii
1266 1937 1358 1960 essent
1372 1933 1405 1966 “,
1426 1940 1486 1960 sese
1506 1933 1684 1967 miscuerunt,
1710 1942 1741 1962 ac
1763 1935 1804 1962 sic

1207 1974 1404 2003 VARIANTES
1421 1974 1623 2002 LECTIONES.

1047 2012 1053 2027 ¹
1068 2012 1105 2038 ita
1118 2016 1266 2038 constanter
1274 2010 1376 2037 codices
1390 2010 1468 2037 medii
1480 2011 1537 2037 aevi
1548 2011 1602 2045 fere
1611 2019 1708 2042 omnes,
1721 2012 1803 2039 edito-

1010 2055 1050 2073 res
1065 2046 1208 2078 subiicere,
1217 2046 1353 2078 traiicere,
1367 2051 1415 2072 etc.
1428 2053 1460 2072 ex
1467 2053 1515 2072 suo
1527 2045 1629 2081 ingenio
1642 2053 1802 2081 receperunt.

1009 2083 1019 2097 ¹
1035 2088 1155 2116 renoque
1174 2081 1201 2108 4.
1252 2081 1262 2096 ³
1282 2088 1373 2108 arcem
1384 2080 1409 2107 7.
1456 2080 1465 2095 ⁸
1479 2088 1532 2115 qua
1545 2080 1570 2116 7.
1614 2081 1624 2096 '
1639 2080 1701 2108 erat
1721 2089 1803 2116 prae-

1009 2115 1146 2145 sidium'6.
1207 2116 1217 2131 ⁸
1228 2117 1353 2143 muniunt
1365 2115 1392 2142 4.
1430 2116 1440 2131 "
1455 2115 1622 2143 brunesberc
1631 2116 1659 2142 4.
1669 2115 1804 2145 bruhnes—

1009 2152 1076 2187 berg
1089 2152 1115 2179 5.
1131 2151 1171 2187 7.77
1195 2152 1206 2168 ⁸
1221 2159 1236 2178 a
1252 2151 1368 2187 transitu
1383 2151 1407 2187 7.
1474 2151 1484 2166 ’
1497 2156 1560 2178 tunc
1576 2158 1622 2178 rex
1636 2152 1662 2178 6.
1701 2152 1722 2167 ¹⁶
1738 2161 1804 2180 oua-

1009 2186 1102 2214 cerum
1117 2187 1143 2213 4.
1156 2186 1183 2213 5.
1206 2187 1336 2214 obacrum
1351 2186 1377 2213 6.
1394 2186 1420 2213 7.
1475 2186 1493 2202 ¹¹
1510 2187 1590 2214 hesso
1608 2187 1632 2213 7.
1653 2188 1803 2216 hesuuinus

1008 2222 1057 2249 e4.
1070 2222 1203 2249 esswinus
1217 2229 1232 2248 e
1244 2221 1270 2248 5.
1283 2222 1428 2249 hessumus
1438 2221 1488 2249 e6.
1528 2223 1590 2248 "ex
1602 2221 1628 2248 7.
1643 2223 1679 2250 3?
1718 2223 1739 2238 "
1749 2229 1804 2251 ost-

1007 2257 1068 2284 falis
1079 2257 1112 2283 3?
1126 2256 1150 2283 7.
1175 2256 1278 2284 ostﬂais
1288 2257 1321 2289 5;
1345 2257 1438 2291 reliqui
1459 2262 1610 2284 constanter
1625 2262 1652 2284 ut
1668 2259 1695 2285 in
1717 2263 1800 2286 textu.

1008 2293 1029 2328 ξ*
1046 2300 1170 2320 reversus
1191 2293 1228 2328 7.”
1258 2292 1280 2307 ”
1294 2292 1422 2320 buchi5?
1446 2293 1473 2320 5.
1498 2292 1523 2319 6.
1551 2292 1575 2319 7.
1617 2293 1638 2308 ¹⁶
1653 2294 1758 2328 angarii
1773 2295 1800 2321 4.

1006 2327 1032 2355 5.
1048 2328 1073 2354 6.
1094 2328 1200 2362 ungarii
1213 2327 1239 2354 '5.
1280 2328 1301 2343 ¹⁷
1318 2328 1389 2362 quod
1410 2335 1457 2355 rex
1471 2329 1489 2355 i.
1502 2328 1529 2354 7.
1567 2328 1588 2343 "
1602 2327 1710 2355 obsides
1722 2329 1803 2356 dede-

999 2367 1072 2390 »ruut
1096 2367 1124 2390 et
1148 2367 1316 2390 sacramenta
1337 2363 1495 2391 iuraverunt
1511 2363 1536 2390 7.
1591 2363 1611 2378 "
1625 2364 1696 2390 deest
1720 2364 1748 2390 5.
1774 2364 1800 2391 7.

161 2399 204 2425 11.
244 2397 353 2432 "'bago
366 2398 393 2425 5.
416 2397 516 2431 "quod
532 2398 555 2423 Ι.
583 2398 606 2413 ³⁸
615 2397 714 2424 buckhi
727 2398 750 2423 1.
763 2397 825 2424 buki
838 2397 863 2425 7’.
878 2398 954 2426 boclxi
1006 2399 1029 2414 ¹⁰
1046 2397 1164 2425 hudbeki
1180 2399 1203 2425 1.
1217 2398 1244 2425 2.
1260 2399 1287 2426 3.
1302 2397 1328 2425 4.
1344 2398 1369 2425 7.
1382 2398 1517 2426 hudbechi
1535 2398 1561 2425 5.
1576 2398 1601 2425 6.
1615 2404 1753 2431 utrumque
1770 2408 1802 2426 ea:

160 2434 187 2460 8.
206 2433 313 2461 bachim
328 2433 370 2469 10.
381 2432 553 2469 rboeensitl:
604 2433 626 2448 ³⁸
636 2433 811 2460 obtimatibus
822 2433 847 2460 6.
894 2433 915 2449 ³⁷
927 2434 954 2461 d.
1007 2433 1120 2460 hlidbeki
1135 2438 1287 2469 corruptum
1300 2442 1354 2461 esse
1364 2438 1444 2469 patet.
1484 2434 1505 2449 “
1518 2434 1627 2462 incaute
1638 2442 1721 2469 agens
1733 2434 1760 2461 5.
1775 2434 1801 2462 7.

161 2442 187 2460 δ.
207 2442 313 2461 nactum
328 2442 370 2460 to.
386 2442 494 2459 nocenst
510 2442 553 2458 ιι.
604 2442 626 2448 -υ
636 2442 811 2460 ooumaunus
822 2442 847 2460 υ.
894 2442 913 2449 υ·
927 2442 954 2461 α.
1007 2442 1120 2460 ηιιαυεκι
1135 2442 1287 2469 corruptum
1300 2442 1354 2461 esse

161 2469 269 2496 obsides
281 2468 306 2495 1.
322 2468 349 2495 d.
357 2467 471 2494 obsides
486 2467 520 2494 ibi
537 2467 564 2493 7.
1006 2470 1028 2484 “
1045 2476 1068 2496 s.
1082 2473 1175 2496 essent
1186 2476 1282 2496 eorum
1298 2469 1333 2496 3?

915 2514 1030 2542 ΝΟΤᾸΞ.

197 2566 209 2580 ι
224 2560 395 2596 Sigiburgum
409 2567 459 2587 nec
475 2559 620 2596 Sigebfrg,
635 2566 685 2596 nec
699 2563 727 2596 ut
740 2558 770 2596 Υ.
780 2559 820 2587 Cl.
834 2559 950 2596 Wirgand

162 2593 268 2623 inlibro
283 2593 465 2628 Die'Vorzeit,
480 2593 522 2622 ei}:
545 2593 729 2630 Tnscheitbuch
749 2594 795 2630 {ir
816 2593 901 2628 1824',
922 2603 949 2630 p.

162 2630 276 2671 79.75qq.
293 2631 360 2671 vult,
376 2630 492 2671 Sigburg
504 2638 551 2657 seu
565 2628 685 2671 Segburg
700 2629 732 2656 ad
747 2628 890 2671 Dimelam,
903 2628 951 2657 sed

162 2670 278 2693 castrum
297 2666 353 2700 jam
370 2666 537 2694 destructum
553 2685 560 2697 ,
575 2666 602 2692 in
624 2672 691 2705 rupe
707 2666 820 2699 pnecisa
835 2666 869 2692 ad
885 2673 951 2692 con-

161 2698 381 2744 ﬂuenteslturwn
387 2701 535 2744 (st-Lepus.
553 2700 652 2744 Fossas
662 2700 698 2744 ibi
711 2700 948 2744 antiquas'adhuc

162 2735 293 2769 conspici,
308 2743 341 2763 ex
361 2736 392 2763 D.
410 2736 502 2764 Moller
519 2736 746 2763 commentatione
759 2735 827 2763 Uber
837 2735 931 2763 Ilo/ten
941 2751 947 2756 -

161 2770 253 2804 syberg
263 2769 422 2802 Dortmnnd,
435 2779 480 2798 an.
495 2771 574 2804 1804,
588 2771 678 2799 didici.

198 2804 211 2824 δ
226 2804 318 2841 Prope
330 2805 476 2841 litigarem,
498 2807 530 2834 de
547 2814 601 2841 quo
616 2806 786 2834 Monnmenta
798 2806 948 2834 Paderbor-

162 2839 254 2867 nensia
268 2839 295 2868 et
310 2840 339 2867 D.
357 2840 480 2874 Wigandi
494 2839 709 2868 dissertationem
722 2842 800 2868 modo
812 2841 947 2868 laudatam

160 2875 295 2904 conferas.
315 2876 393 2903 Anno
414 2875 480 2903 1295
495 2877 528 2904 ab
542 2877 639 2904 Ottone
654 2877 780 2912 episcopo
800 2877 949 2905 Paderbor-

1007 2559 1082 2587 nensi
1099 2564 1126 2586 et
1142 2559 1237 2586 Adoll'o
1252 2563 1279 2587 et
1294 2559 1405 2587 Alberto
1415 2559 1560 2586 comitibus
1574 2559 1801 2588 Swalenbereicis

1005 2594 1126 2622 funditus
1136 2602 1262 2622 eversum
1279 2598 1334 2626 est,
1358 2602 1420 2621 cum
1439 2601 1471 2621 eo
1487 2602 1572 2628 usque
1592 2596 1721 2622 abbatum
1734 2594 1802 2623 Cor-

1005 2630 1155 2657 beiensium
1179 2634 1300 2657 castrum
1323 2634 1350 2657 et
1378 2629 1456 2657 sedes
1481 2638 1676 2658 nonuunauam
1692 2630 1799 2658 fuisset.

1004 2665 1081 2694 Mons
1093 2670 1134 2692 est
1153 2664 1411 2701 altustpraaruptus.
1428 2663 1508 2701 fossis
1521 2663 1716 2701 compluribus,
1732 2674 1801 2701 qua-

1003 2709 1062 2728 rum
1077 2700 1211 2728 nonnulla:
1226 2699 1453 2735 Sachsengrdben,
1470 2700 1496 2727 id
1511 2705 1553 2728 est
1567 2700 1647 2729 fossa:
1661 2699 1800 2728 Saxonum

1003 2736 1128 2767 audiunt,
1145 2735 1273 2762 munitus.

1038 2777 1048 2790 ε
1070 2770 1099 2798 In
1112 2778 1166 2805 quo
1188 2770 1331 2806 monswde‘r
1346 2769 1493 2806 Bﬁkkeberg
1507 2774 1534 2797 et
1547 2771 1676 2806 oppidum
1689 2770 1798 2805 princi-

999 2806 1059 2842 pale
1074 2804 1242 2839 Biiékeburg,
1267 2804 1411 2832 Wilbelmo
1424 2807 1522 2832 comite
1540 2804 1592 2834 suo
1603 2806 1674 2841 apud
1686 2804 1797 2835 exteras

1000 2849 1107 2866 mimum
1121 2844 1216 2866 gentes
1231 2840 1416 2866 nobilitatum.

1020 2849 1107 2869 nonne
1121 2844 1216 2869 gentes
1231 2844 1416 2867 nobilitatum.

1000 2849 1107 2877 quoque
1121 2849 1216 2882 3.0111135
1231 2849 1419 2880 nomulatum-._
1572 2876 1577 2881 -

1036 2878 1048 2897 ἀ
1070 2877 1155 2905 Hodie
1170 2875 1297 2908 Lidbarh,
1314 2875 1347 2902 ad
1362 2874 1532 2903 occrdcntcm
1545 2876 1651 2904 Mindat.
