1993 3087
162 169 211 197 ιοι

410 214 528 236 ΔκΝΑιεδ
546 214 690 235 ΕῡιΜΙΑκω
696 226 702 233 .

163 259 326 286 Francorum
359 259 448 283 castra
473 254 588 290 ingressi
615 258 704 285 sunt;
726 253 950 286 dormientesque

163 312 193 331 ac
217 303 394 331 semisomnos
419 300 507 328 adorti
538 300 558 332 ¹,
590 307 644 326 non
667 298 802 326 modicam
826 298 951 325 incautae

162 348 343 378 multitudinis
361 346 472 374 caedem
495 345 593 373 fecisse
610 345 746 372 dicuntur.
771 341 824 371 δ’θά
837 343 951 378 vigilan-

162 397 227 423 tium
239 402 271 422 ac
282 393 398 421 viriliter
420 391 604 419 resistentium
619 390 720 417 virtute
734 388 837 423 repulsi
854 389 877 420 ¹,
906 394 951 414 ca-

159 441 223 468 stris
237 442 425 470 excesserunt,
450 441 477 464 et
489 444 524 464 ex
546 433 626 471 pact'o
647 434 718 470 quod
746 434 817 461 inter
834 441 882 461 eos
897 434 925 460 in
941 433 951 448 ³

159 486 206 513 tali
220 484 385 512 necessitate
398 482 456 510 ﬁeri
463 486 581 518 poterat,
592 481 786 509 discesserunt.
803 479 880 512 Quod
890 486 951 506 cum

159 535 214 570 regi
230 534 326 560 fuisset
342 532 474 564 adlatum,
486 535 586 566 quanta
601 529 688 565 potuit
700 528 841 556 celeritate
855 527 951 555 adcur-

159 588 232 611 rens,
259 578 419 613 fugientium
437 582 512 613 terga
538 577 698 611 insequutus
727 574 748 608 ⁸,
766 581 891 609 magnam
917 581 950 601 ex

159 626 197 654 eis
214 624 363 661 prostravit
379 623 581 651 multitudinem
595 622 625 654 ⁸;
640 626 669 649 et
692 626 748 648 tum
762 621 870 648 demum
884 620 951 648 We-

159 671 317 699 stfalaorum
332 670 342 685 ‘
354 669 494 697 obsidibus
509 668 637 703 acceptis,
665 667 699 695 ad
721 666 895 694 hiemandum
923 666 950 694 in

159 716 275 743 Francia
290 715 299 731 ⁷
315 713 471 742 revertitur.

695 159 767 188 CUM
787 156 1084 187 LAURISSENSIBUS
1104 156 1262 184 COLLATl.

1744 156 1802 184 40‘3-

1238 208 1356 228 ANNALES
1376 209 1416 227 LM
1429 208 1577 228 RISSENSES.

1003 247 1150 274 vertente‘
1176 247 1299 282 praefato
1315 254 1386 281 rege,
1405 246 1508 272 invenit
1531 247 1611 273 aliam
1636 252 1741 281 partem
1764 248 1796 274 de

1003 300 1052 319 suo
1070 292 1191 319 exercitu
1214 299 1295 326 super
1312 290 1422 318 ﬂuvium
1440 291 1555 323 Wisora,
1573 292 1744 319 continentes
1763 293 1799 319 ri,-

1002 345 1064 372 patn
1080 345 1160 372 quam
1179 337 1244 364 iussi
1266 336 1405 364 fuerant’.
1427 336 1549 364 Saxones
1579 344 1640 364 cum
1665 337 1730 372 ipsis
1747 345 1798 372 pu-

1003 392 1083 420 gnam
1105 384 1227 412 fccernnt
1246 384 1273 411 in
1291 383 1359 416 loco,
1377 383 1421 417 qui
1443 384 1542 411 dicitur
1563 383 1684 411 Lidbacb
1707 384 1717 399 ⁸
1731 401 1739 414 .
1768 389 1797 412 et

1002 430 1100 458 Franci
1114 430 1169 458 Deo
1188 430 1295 457 volentc
1308 430 1449 457 victoriam
1472 430 1636 462 habuerunt,
1660 434 1687 458 et
1703 430 1798 465 plures

1003 484 1035 503 ex
1047 476 1112 510 ipsis
1123 477 1133 491 ⁸
1146 475 1268 503 Saxones
1283 475 1293 490 ⁵
1308 475 1476 502 occiderunt.
1492 474 1548 502 lloc
1560 475 1686 502 audiente
1698 475 1798 513 domno

1002 520 1098 548 Carolo
1111 529 1184 556 rege,
1200 521 1298 548 iterum
1313 528 1394 554 super
1410 519 1531 547 Saxones
1545 528 1606 547 cum
1626 520 1747 547 exercitu
1763 520 1799 547 ir—

1002 574 1094 599 ruens,
1109 570 1137 593 et
1150 566 1159 580 ε
1175 573 1228 593 non
1253 566 1385 592 minorem
1402 569 1521 600 stragem
1538 573 1571 593 ex
1598 566 1639 593 eis
1655 566 1664 580 ⁷
1681 565 1756 598 fecit,
1772 569 1800 593 et

1001 612 1130 646 praedam
1145 611 1258 638 multam
1276 610 1439 645 conquisivit
1463 618 1544 646 super
1558 609 1721 638 Westfalaos
1733 610 1756 644 ⁸,
1772 615 1800 638 et

1001 656 1109 684 obsides
1124 656 1274 687 dederunt,
1299 656 1370 683 sicut
1391 660 1418 683 et
1440 656 1487 692 alii
1502 655 1512 671 θ
1540 655 1677 689 Saxones;
1694 660 1721 683 et
1734 660 1799 683 tunc

1001 701 1141 729 obsidibus
1156 701 1176 716 ιο
1190 701 1317 736 receptis,
1341 704 1368 728 et
1390 701 1491 735 praeda
1507 701 1591 728 multa
1606 701 1747 737 adsumpta
1764 701 1797 734 “,

1002 752 1030 775 et
1051 752 1160 782 praeter
1175 752 1217 774 ter
1238 752 1357 783 stragem
1381 747 1518 775 Saxonum
1541 749 1642 776 iactam
1658 749 1691 781 ¹¹,
1704 756 1799 784 supra-

1002 794 1091 821 dictus
1113 794 1228 821 domnus
1243 794 1263 809 ¹³
1281 794 1394 821 Carolus
1412 801 1460 821 rex
1480 794 1515 821 ad
1538 795 1648 829 propria
1672 802 1799 823 reversus

1003 844 1057 872 est,
1072 840 1221 867 auxiliante
1235 840 1361 872 Domino,
1375 839 1401 866 in
1415 839 1568 867 Franciam.
1583 840 1659 868 Tunc
1673 840 1797 872 audiens,

965 889 988 918 Β
1002 886 1074 920 quod
1090 885 1267 920 Hrodgaudus
1284 885 1305 900 "’
1317 885 1511 920 Langobardus
1529 884 1550 901 ¹⁸
1568 885 1704 913 fraudavit
1718 885 1798 913 fidem

959 943 965 949 -
1003 939 1089 964 suam,
1102 934 1130 958 et
1141 930 1232 958 omnia
1243 935 1414 966 sacramenta
1428 938 1568 966 rumpens,
1580 935 1607 958 et
1620 931 1704 959 voluit
1716 931 1737 946 ιθ
1747 930 1799 958 lta-

945 981 954 1002 ἰ
1003 977 1066 1004 liam
1084 976 1227 1009 rebellare,
1248 981 1313 1004 tunc
1333 976 1385 1004 illis
1401 977 1429 1003 in
1444 975 1566 1011 partibus
1588 984 1649 1004 cum
1664 977 1799 1013 aliquibus

459 1190 596 1219 DCCLXX
604 1192 633 1219 Vl
649 1211 656 1219 .

192 1234 261 1270 Regi
280 1235 391 1263 domum
401 1238 547 1265 revertenti
560 1240 711 1271 nuntiatur,
723 1239 951 1275 llruodgaudum‘

158 1279 367 1315 Langobardum
379 1281 400 1314 ³,
415 1290 496 1317 quem
509 1283 566 1318 ipse
586 1284 605 1299 ¹⁰
625 1284 856 1319 Foroiuliensibus
872 1285 891 1301 “
905 1286 954 1313 du-

159 1333 218 1352 cem
232 1326 356 1359 dederat,
372 1327 399 1354 in
411 1327 486 1355 Italia
504 1336 548 1356 res
559 1337 643 1357 novas
656 1330 756 1363 moliri,
773 1335 801 1358 et
818 1331 871 1358 iam
887 1339 953 1359 con-

158 1371 250 1405 plures
267 1373 289 1387 “
307 1373 341 1400 ad
356 1380 417 1400 eum
429 1374 554 1403 civitates
569 1375 710 1404 defecisse.
730 1376 771 1404 Ad
785 1385 852 1412 quos
864 1381 954 1405 motus

158 1419 381 1453 comprimendos
392 1427 452 1447 cum
468 1421 518 1448 sibi
531 1421 712 1449 festinandum
728 1423 869 1456 iudicaret,
884 1427 955 1451 stre-

158 1464 322 1492 nuissimum
333 1473 468 1501 quemque
481 1467 502 1483 ¹³
511 1475 620 1495 suorum
632 1476 723 1496 secum
732 1469 844 1502 ducens,
856 1470 954 1504 raptim

157 1509 264 1536 italiam
274 1510 296 1524 ν’
304 1511 495 1545 proficiscitur,
510 1513 743 1549 llruodgaudoque
752 1515 773 1530 "
785 1515 831 1549 qui
842 1523 954 1550 regnum

1004 1022 1116 1049 Francis
1135 1023 1154 1037 ”
1184 1022 1299 1050 domnus
1317 1022 1430 1050 Carolus
1457 1028 1505 1049 rex
1535 1022 1586 1049 iter
1607 1029 1752 1058 peragens,
1771 1027 1799 1050 et

1003 1067 1166 1095 caelebravit
1189 1067 1307 1095 natalem
1331 1066 1439 1095 Domini
1467 1066 1494 1093 in
1518 1066 1581 1094 villa
1603 1074 1672 1102 quae
1700 1067 1800 1094 dicitur

1002 1112 1167 1140 Scladdistat
1188 1112 1209 1127 "
1228 1118 1251 1139 α.
1273 1112 1307 1139 Et
1336 1112 1480 1139 inmutavit
1504 1119 1533 1140 se
1557 1119 1688 1140 numerus
1711 1120 1796 1141 anno-

1004 1168 1063 1187 rum
1083 1160 1111 1187 in

1303 1194 1486 1222 DCCLXXVI.

1039 1241 1113 1269 Tunc
1129 1242 1245 1269 domnus
1267 1240 1286 1256 ¹⁹
1301 1240 1414 1269 Carolus
1429 1249 1476 1268 rex
1490 1240 1593 1268 ltaliam
1608 1241 1746 1276 ingressus
1755 1246 1796 1268 cst

1003 1287 1126 1321 partibus
1136 1286 1158 1301 ὀ
1174 1285 1390 1313 Foroiulensium
1405 1290 1500 1320 petens
1515 1286 1548 1317 “,
1564 1285 1743 1320 Hrodgaudus
1753 1293 1797 1313 oc-

1004 1332 1077 1360 cisus
1092 1335 1145 1363 est,
1160 1335 1187 1358 et
1209 1331 1381 1365 supradictus
1403 1330 1518 1357 domnus
1532 1330 1553 1345 “
1568 1330 1683 1357 Carolus
1699 1338 1746 1358 rex
1762 1331 1796 1357 ad

1004 1377 1027 1392 "
1042 1376 1195 1403 Tarvisium
1210 1376 1233 1391 “
1244 1376 1380 1403 civitatem
1392 1369 1492 1411 pascba
1501 1375 1677 1408 caclebravit,
1693 1381 1720 1403 et
1734 1384 1797 1411 cap—

1005 1426 1046 1449 tas
1062 1421 1186 1448 civitates
1202 1420 1225 1435 "
1240 1420 1404 1452 Foroiulem,
1427 1419 1598 1447 Taravisium
1621 1420 1644 1436 "
1657 1428 1719 1448 cum
1735 1421 1797 1448 reli-

1004 1466 1066 1501 quis
1084 1466 1240 1494 civitatibus
1256 1472 1325 1500 quae
1338 1466 1359 1481 ²⁷
1373 1465 1548 1492 rebellatae"
1562 1464 1671 1492 fuerant
1686 1475 1692 1492 :
1708 1471 1735 1493 et
1745 1466 1797 1494 dis—

1004 1514 1095 1548 posuit
1112 1521 1159 1541 eas
1170 1521 1266 1541 omnes
1278 1521 1326 1548 per
1340 1513 1468 1544 Francos,
1483 1517 1511 1540 et
1531 1513 1629 1540 iterum
1645 1521 1706 1540 cum
1720 1520 1797 1547 pros-

158 1554 315 1582 adfectabat
331 1556 484 1590 interfecto,
508 1558 663 1586 civitatibus
685 1567 792 1595 quoque
802 1580 809 1592 ,
837 1568 905 1595 quae
919 1560 952 1587 ad
966 1566 988 1596 ρ
1003 1559 1120 1595 peritate
1134 1564 1161 1587 et
1173 1559 1286 1587 victoria
1301 1566 1425 1586 reversus
1445 1562 1487 1586 est
1507 1559 1534 1585 in
1549 1558 1703 1585 Franciam.
1720 1557 1797 1585 Tunc

158 1606 222 1626 eum
257 1599 434 1633 defecerant,
465 1602 523 1629 sine
552 1602 680 1630 dilatione
708 1604 729 1619 ιε
754 1605 888 1640 receptis,
923 1608 951 1632 ct

159 1644 185 1671 in
211 1645 252 1672 eis
280 1645 446 1673 Francorum
475 1647 621 1675 comitibus
654 1644 825 1681 constitutis,
858 1650 951 1677 cadent

159 1697 213 1725 qua
236 1695 349 1718 venerat
373 1692 517 1719 velocitate
533 1693 552 1708 ¹⁷
565 1700 691 1721 reversus
705 1699 755 1722 est.
786 1695 835 1722 Cui
850 1697 895 1723 vix
906 1697 952 1723 Al—

160 1744 206 1770 pes
219 1741 391 1772 transgresso
406 1743 583 1765 occurrerunt
594 1739 625 1771 ‘5,
651 1740 697 1774 qui
714 1741 885 1774 nunciarent,
901 1742 953 1770 Ae-

160 1783 323 1817 resburgum
337 1787 457 1810 castrum
475 1783 495 1798 ¹⁹
507 1791 522 1810 a
536 1783 688 1812 Saxonibus
703 1790 899 1821 expugnatum,
920 1795 953 1814 ac

160 1828 328 1862 praesidium
349 1828 517 1856 Francorum
531 1829 603 1864 quod
616 1830 642 1857 in
662 1838 694 1857 eo
711 1836 839 1865 posuerat
856 1833 951 1868 expul-

160 1880 236 1905 sum;
255 1873 429 1909 Sigilinrgum
449 1874 521 1902 aliud
535 1875 676 1902 castellum
696 1882 878 1912 oppugnatum
893 1879 952 1912 qui-

161 1919 233 1951 dem,
250 1919 309 1951 sed,
327 1927 380 1947 non
391 1924 500 1954 captum
511 1941 517 1953 ,
541 1921 659 1956 co‘quod
671 1921 709 1949 hii
725 1923 770 1956 qui
781 1923 808 1950 in
821 1931 854 1950 eo
869 1931 951 1952 causa

160 1965 290 2000 praesidii
304 1966 326 1980 ¹⁰
342 1965 449 1993 fuerant
460 1967 609 1999 constituti,
625 1967 696 1994 facta
706 1968 847 2002 eruptione
863 1969 954 1996 incau-

161 2015 201 2038 tos
213 2016 296 2045 atque
310 2011 502 2046 obpugnationi
519 2012 636 2039 intentos
650 2011 771 2040 Saxones
788 2020 804 2039 a
821 2016 896 2048 tergo
912 2014 953 2041 in-

160 2061 290 2083 vaserunt
303 2057 324 2072 "
338 2077 345 2089 ,
365 2060 391 2084 et
401 2057 524 2091 plurimis
542 2057 692 2085 interfectis
707 2058 826 2093 reliquos
841 2067 894 2087 non
909 2067 952 2088 so-

161 2101 215 2129 lum
247 2103 474 2137 oppugnationem
494 2103 648 2136 dimittere,
685 2104 733 2131 sed
754 2105 837 2132 etiam
859 2105 953 2141 fugere

161 2149 359 2183 compulerunt,
368 2149 543 2186 palantesque
556 2157 588 2177 ac
598 2150 735 2185 dispersos
746 2151 780 2178 ad
793 2151 916 2187 Lippiam
930 2153 951 2168 ²¹

162 2201 246 2228 usque
259 2194 370 2221 fluvium
384 2195 518 2229 persecuti
535 2199 607 2222 sunt.
629 2195 701 2223 Haec
714 2204 775 2224 cum
790 2198 848 2233 regi
863 2197 952 2225 adlata

356 2273 553 2301 VARIANTES
572 2273 770 2302 LECTIONES.

197 2333 203 2347 '
223 2331 446 2369 dormientesque
479 2333 597 2369 aggressi
614 2332 642 2369 7.Δ
691 2334 701 2348 ¹
721 2336 852 2369 compulsi
873 2336 899 2362 5.
923 2337 949 2363 7.

162 2368 257 2394 ‘exﬁ?
280 2366 306 2393 7.
346 2366 506 2405 finseeutns
516 2366 600 2405 2—7.
625 2367 647 2405 _'
661 2376 696 2396 m.
713 2376 743 2405 p.
756 2366 791 2396 7.‘
810 2377 837 2405 p.
862 2378 895 2398 ex
912 2372 952 2399 eis

161 2410 287 2439 magnam
302 2401 501 2439 multitudinem
517 2402 543 2429 5.
591 2403 602 2418 θ
620 2403 669 2430 hac
681 2401 784 2439 quidem
809 2401 862 2432 i'ice
874 2411 953 2434 west-

162 2438 289 2469 falorum,
311 2437 339 2464 in
354 2438 517 2472 sequentibus
538 2443 625 2465 autem
642 2443 670 2464 ut
688 2437 717 2466 in
739 2444 811 2466 textu
829 2441 951 2468 scribitur

163 2473 186 2499 l.
237 2473 247 2488 ⁷
262 2473 396 2509 franciam
413 2472 449 2509 5.7
470 2473 497 2499 4.
511 2473 537 2500 5.
551 2473 577 2500 6.
595 2473 619 2500 7.
649 2473 667 2509 ‘7
685 2473 893 2509 hyuodgaudum
922 2478 949 2504 5.

163 2508 356 2545 ruodgaudum_
383 2508 430 2545 41...
442 2508 629 2545 brudgaudum
660 2508 890 2545 5._'rodgaudum
923 2512 949 2539 6.

162 2542 321 2578 rotgaudum
340 2543 366 2569 7.
419 2542 429 2556 '
444 2542 668 2577 langobardorum
682 2543 708 2570 2.
726 2544 752 2570 5.
775 2542 813 2560 "°
830 2545 900 2573 deest
924 2547 949 2573 7.

164 2579 182 2615 ‘_‘
196 2578 421 2615 torqviniensibus
435 2578 464 2615 6.
473 2613 488 2615 η
505 2579 526 2594 ¹¹
536 2586 598 2615 cum
612 2579 703 2615 plures
714 2579 740 2606 5.
780 2579 801 2595 ¹²
816 2581 951 2615 quendam

161 2613 186 2651 Li.
200 2613 227 2640 5.
241 2613 267 2640 6.
318 2613 340 2651 "f
354 2621 377 2640 r.
391 2614 419 2640 in
433 2613 535 2651 italiam
550 2614 575 2640 7.
590 2614 625 2651 .7)?
672 2614 698 2651 “‘A
718 2613 951 2651 hyuodgaudoqne

162 2647 187 2686 ᾗ
205 2648 412 2686 ruotgaudoque
430 2648 457 2686 tl».
479 2649 670 2686 ru_dgaudoque
685 2649 711 2676 6.
728 2647 914 2686 rotgaudoque
922 2652 947 2679 7.

164 2682 184 2697 “
195 2682 351 2711 dilatatione
361 2682 389 2711 2.
436 2684 457 2699 ¹⁷
473 2682 616 2711 velocitate
643 2689 754 2712 venerat
768 2682 794 2711 Ι.
813 2682 897 2713 veloci
920 2687 947 2714 2.

164 2718 185 2732 “
196 2724 374 2756 occurrerunt
389 2719 417 2756 ei
432 2719 478 2756 qui
493 2719 519 2746 4.
533 2719 560 2746 5.
574 2719 618 2756 6.“
642 2719 662 2734 "
677 2727 950 2756 arcem—expugna-

162 2756 216 2780 tam
236 2769 271 2773 -—
286 2762 318 2781 ea
333 2754 368 2781 5?
389 2754 415 2780 7.
454 2753 476 2768 ‘°
492 2754 618 2785 praesidii
635 2762 717 2782 causa
732 2756 747 2783 5
759 2771 793 2775 -
807 2756 832 2782 7.
849 2753 856 2756 ’
872 2753 898 2771 ’ἶ
910 2758 950 2785 in-

162 2794 255 2817 vasere
268 2789 295 2816 5.
341 2789 363 2804 ²²
377 2789 468 2824 lipiam
491 2789 515 2815 1.
531 2789 557 2816 5.
581 2789 671 2817 Iibiam
684 2790 709 2817 2.

1005 1605 1116 1632 nuntius
1129 1605 1250 1637 veniens,
1260 1604 1306 1639 qui
1315 1604 1336 1619 "
1347 1603 1445 1631 dixitlo
1457 1603 1579 1631 Saxones
1592 1602 1794 1634 rebellantes",

1004 1655 1031 1679 et
1043 1659 1139 1679 omnes
1149 1650 1257 1679 obsides
1275 1658 1338 1678 suos
1349 1649 1498 1686 dulgtos“,
1511 1653 1539 1677 et
1549 1653 1720 1677 sacramenta
1734 1657 1784 1684 rup

1205 1694 1401 1725 VARIANTES
1418 1694 1621 1723 LECTIONES.

1041 1744 1048 1758 ¹
1070 1742 1230 1770 revertendo
1253 1743 1279 1769 6.
1332 1742 1342 1757 ²
1358 1749 1440 1777 quam
1466 1740 1532 1768 ius'si
1558 1740 1794 1777 fuerantderestt}.

1005 1779 1015 1794 ³
1030 1778 1135 1812 lidpach
1150 1778 1175 1804 l.
1189 1777 1297 1805 liddacb
1319 1777 1345 1804 5.
1362 1775 1477 1812 diddach
1491 1784 1560 1803 corr.
1580 1775 1727 1812 lidbacb_6.
1745 1775 1796 1812 lid-

1004 1814 1056 1840 bad
1068 1810 1097 1839 7.
1113 1813 1203 1840 lidbah
1219 1813 1245 1840 8.
1264 1812 1290 1840 9.
1307 1812 1350 1839 10.
1366 1811 1428 1839 litca
1445 1811 1487 1838 11.
1527 1811 1537 1826 ⁵
1551 1818 1584 1837 ex
1602 1811 1668 1840 ipsis
1678 1810 1747 1837 deest
1769 1810 1793 1836 1.

1003 1848 1030 1875 7.
1045 1848 1088 1875 11.
1128 1849 1138 1864 ⁵
1159 1848 1306 1875 saxonibus
1328 1847 1353 1874 9.
1378 1847 1411 1874 de
1427 1844 1628 1874 saxonibuslf.
1668 1844 1795 1872 °irruens

1004 1887 1031 1910 et
1045 1883 1115 1909 deest
1134 1883 1159 1909 1.
1178 1887 1205 1910 et
1217 1881 1288 1909 deest
1302 1882 1327 1909 7.
1346 1882 1363 1909 9
1399 1882 1408 1897 ⁷
1425 1889 1457 1908 ex
1481 1880 1545 1910 ipsis
1561 1881 1586 1906 1.
1608 1880 1634 1906 7.
1687 1879 1698 1894 ⁸
1713 1884 1795 1907 west-

1004 1888 1031 1910 et
1045 1888 1115 1909 deest
1134 1888 1159 1909 ι.
1178 1888 1205 1910 et
1217 1888 1288 1909 deest
1302 1888 1327 1909 ’1.
1346 1888 1363 1909 υ
1401 1888 1406 1897 ι
1425 1889 1457 1908 ex
1481 1888 1545 1941 ipsus
1561 1888 1586 1906 ι.
1613 1888 1634 1906 ι.
1687 1888 1698 1894 υ
1713 1888 1794 1907 west-

1004 1917 1115 1952 phaleos
1134 1919 1159 1944 1.
1178 1917 1315 1944 westfalos
1338 1916 1364 1952 6.
1402 1916 1454 1952 {et
1479 1915 1517 1942 ili
1534 1915 1595 1952 alii»
1608 1922 1642 1952 ε.-
1657 1914 1682 1952 7.
1707 1914 1733 1942 9.
1774 1915 1794 1930 ¹⁰

1004 1949 1031 1979 et
1041 1960 1102 1979 cum
1114 1952 1174 1979 aliis
1181 1951 1320 1979 obsidibus
1336 1951 1360 1977 l.
1400 1951 1420 1966 “
1435 1955 1571 1984 assumpta
1587 1950 1610 1976 l.
1627 1949 1653 1976 6.
1663 1950 1690 1976 9.
1704 1957 1796 1984 sump-

1005 1992 1032 2014 ta
1045 1987 1070 2013 7.
1121 1987 1141 2002 ¹¹
1155 1992 1181 2014 et
1192 1987 1293 2021 pariter
1306 1990 1394 2020 strage
1407 1984 1517 2021 s.7facta
1540 1985 1564 2011 l.
1579 1985 1605 2011 7.
1622 1988 1649 2011 et
1662 1988 1704 2011 ter
1722 1989 1794 2011 stra-

1004 2023 1063 2058 giae
1074 2019 1205 2058 saxonum
1220 2020 1293 2058 facta
1302 2021 1328 2058 (ἦ.
1342 2019 1374 2047 et
1380 2020 1460 2058 tertio
1476 2019 1547 2047 facta
1555 2024 1650 2058 _strage
1660 2023 1794 2058 saxonum

1005 2054 1048 2084 ῙΙ.
1062 2058 1088 2084 in
1111 2056 1152 2084 10.
1166 2057 1237 2083 deest
1251 2065 1260 2087 ;
1273 2056 1300 2082 in
1313 2056 1345 2091 5.7
1364 2055 1466 2091 syllaba
1485 2059 1527 2091 ter
1543 2055 1630 2091 deest.
1663 2054 1685 2070 ⁸³
1697 2062 1793 2091 supra-

1005 2093 1093 2120 dictus
1117 2093 1233 2119 domnus
1247 2092 1317 2118 deest
1333 2090 1360 2118 6.
1381 2090 1385 2091 ⁷
1400 2090 1422 2106 ³⁸
1432 2090 1605 2126 ruodgandus
1621 2090 1645 2116 1.
1658 2090 1794 2125 rodbgau-

1004 2128 1054 2167 dus
1065 2132 1089 2167 et
1113 2126 1307 2167 rodgaudus
1315 2161 1321 2167 _
1332 2126 1478 2167 rotg_aud_us
1536 2125 1562 2153 9.
1573 2125 1621 2167 1.
1639 2125 1794 2160 rodgaudus

1004 2163 1047 2190 10.
1064 2163 1099 2189 ita
1115 2167 1138 2189 et
1153 2160 1233 2190 infra.
1273 2162 1295 2177 ”
1314 2160 1487 2196 longibardus
1508 2161 1532 2188 1.
1573 2160 1594 2176 ⁸⁸
1606 2168 1734 2195 rumpens
1747 2168 1794 2187 vo-

1004 2198 1053 2225 luit
1075 2199 1100 2224 7.
1117 2198 1143 2224 9.
1184 2197 1203 2213 ¹⁷
1220 2197 1321 2224 francis
1339 2200 1402 2224 tunc
1427 2196 1534 2224 carolus
1549 2196 1574 2222 1.
1617 2196 1637 2211 ¹⁸
1653 2196 1793 2223 scladistat

1003 2234 1028 2260 7.
1042 2233 1067 2260 9.
1077 2232 1252 2260 scladdistath
1263 2232 1289 2259 8.
1302 2232 1437 2259 sclezistat
1448 2232 1476 2258 in
1488 2230 1616 2258 elisatio9
1629 2230 1656 2258 b.
1669 2230 1793 2258 selexeis-

964 2258 991 2287 D
1006 2258 1208 2302 idi’ét’pas'ché
1220 2258 1251 2293 ῐιῖ
1263 2258 1436 2294 Εἰίὶξηὶοῐρ.
1459 2266 1573 2302 domnus
1587 2270 1610 2292 et
1621 2265 1674 2302 qua
1694 2265 1792 2302 similia

1006 2304 1047 2330 hic
1060 2307 1084 2329 et
1096 2300 1154 2330 aliis
1169 2303 1195 2329 in
1207 2302 1271 2328 locis
1284 2302 1376 2328 desunt
1391 2302 1417 2328 6.
1458 2300 1479 2315 "
1490 2301 1604 2327 domnus
1619 2300 1688 2326 deest
1705 2301 1730 2327 1.
1744 2307 1790 2327 rex

1006 2343 1035 2365 ut
1047 2337 1230 2373 praediximus
1241 2337 1273 2363 ad
1286 2337 1394 2373 Papiam
1405 2335 1541 2373 civitatem
1555 2335 1628 2373 venit
1640 2339 1667 2362 et
1679 2336 1728 2373 sub
1738 2334 1791 2373 fes-

1005 2370 1136 2400 tinatione
1164 2373 1191 2399 in
1220 2370 1344 2407 partibus
1374 2370 1596 2407 Foroiulensiumr
1618 2370 1669 2396 iter
1693 2370 1793 2407 direxit

1005 2409 1073 2435 Ann.
1091 2408 1165 2435 Mett.
1182 2408 1210 2435 in
1221 2405 1378 2434 harratt‘one
1392 2407 1424 2433 de
1442 2405 1596 2440 Aercsburgi
1618 2405 1790 2440 oppugnatio-

1005 2451 1036 2469 ne
1058 2443 1127 2470 Ann.
1150 2442 1224 2470 Melt.
1252 2442 1412 2477 Reginorum
1429 2445 1582 2477 sequuntur.
1620 2441 1642 2456 '°
1670 2444 1793 2477 est_per

1004 2482 1096 2511 partes
1118 2477 1168 2505 fori
1185 2477 1242 2506 iulii
1263 2475 1314 2505 iter
1334 2475 1466 2512 peragens
1482 2477 1506 2503 l.
1545 2476 1566 2491 ²¹
1583 2483 1696 2510 pergens
1713 2475 1746 2512 767.
1763 2476 1789 2512 7.

1002 2512 1052 2547 (8.)
1069 2513 1095 2540 9.
1112 2521 1173 2540 cum
1187 2517 1277 2547 partes
1289 2511 1501 2540 foroiuliénsium
1516 2515 1694 2547 peragrasset
1709 2511 1752 2537 l0.
1767 2511 1790 2547 ff

1001 2545 1319 2586 Supra_di_ctus_'_domnus_
1334 2548 1404 2586 deest
1418 2549 1442 2586 l.
1456 2547 1481 2574 6.
1516 2545 1627 2586 ’"_ap’ud
1641 2546 1661 2586 l‘
1766 2545 1790 2586 f‘

1003 2581 1160 2610 taravisium
1174 2582 1216 2609 hic
1229 2588 1252 2609 et
1277 2583 1348 2617 infra
1367 2584 1393 2610 7.
1414 2583 1456 2609 11.
1476 2581 1626 2617 tarvvisium
1640 2581 1664 2617 79
1688 2581 1790 2617 tliarvif

1002 2618 1115 2645 sumit).
1155 2618 1178 2633 “
1192 2618 1278 2652 captis
1302 2616 1411 2645 civitate
1424 2617 1484 2644 foro
1506 2616 1560 2643 iulii
1577 2616 1688 2643 tarvisro
1702 2616 1727 2652 1.
1766 2616 1790 2631 κ

1000 2653 1191 2680 l'oroiulensem
1215 2651 1241 2679 7.
1257 2652 1409 2680 foroiulium
1430 2652 1473 2678 lt).
1512 2652 1533 2666 "
1556 2655 1583 2677 et
1603 2659 1672 2686 quae
1701 2651 1727 2678 5.
1765 2651 1788 2667 "

1002 2688 1165 2715 rebellarant
1185 2688 1208 2714 1.
1227 2688 1373 2715 rebellatae
1388 2690 1465 2714 erant
1477 2687 1503 2713 6.
1541 2686 1564 2701 "
1575 2687 1620 2721 qui
1635 2687 1745 2713 deest'l.
1760 2686 1787 2714 7.

1004 2723 1029 2750 9.
1046 2728 1098 2750 etc.
1137 2723 1158 2738 ³⁰
1170 2723 1243 2749 venit
1256 2727 1283 2749 et
1296 2723 1363 2749 dixit
1375 2723 1400 2749 5.
1439 2721 1460 2736 ³¹
1477 2721 1607 2749 rebellare
1620 2722 1643 2748 1.
1661 2722 1789 2749 rebellas-

1004 2766 1033 2819 ‘s3e
1081 2758 1125 2820 ll‘t).
1140 2757 1281 2820 ibt‘bellatos
1292 2758 1317 2785 6.
1328 2758 1353 2784 9.
1393 2757 1414 2773 ³¹
1425 2757 1530 2792 dulgtos
1542 2757 1643 2785 etdeest
1659 2757 1682 2784 1.
1699 2757 1790 2785 dultos

1024 2813 1030 2819 .
1063 2801 1079 2820 u
1102 2801 1133 2820 os
1165 2811 1172 2818 .

1024 2813 1030 2819 .
1051 2797 1133 2821 tuttos
1146 2797 1172 2820 'J.

917 2837 1031 2865 NOTzE.

197 2892 208 2905 ι
227 2885 386 2914 Srhletsladl
402 2885 428 2911 in
445 2884 555 2911 Alsatia.
