3988 6178
255 297 356 354 405

718 417 970 462 Αεκιιιες
990 417 1388 459 ιλωιιεεεκδεε.

258 516 310 560 ta
337 505 349 536 '
379 511 434 558 et
460 499 860 566 Aercsburgum
903 503 1141 550 castrum
1182 510 1280 564 per
1313 492 1451 547 mala
1496 490 1708 563 ingenia
1733 489 1754 519 ²
1779 496 1835 541 et

253 596 442 668 iniqua
463 592 683 664 placita,
714 589 956 643 Francos
982 585 1175 640 exinde
1198 583 1490 638 suadentes
1519 580 1749 637 exiendo
1775 579 1794 610 ³
1816 594 1830 642 ;

255 691 333 746 sic
363 685 766 752 Acresburgum
791 679 811 709 ⁸
842 694 872 733 a
911 677 1139 731 Francis
1176 675 1494 730 derelictum
1518 714 1532 738 ,
1567 685 1754 727 muros
1781 679 1837 725 et

258 793 421 853 opera
448 777 469 809 ⁸
489 777 878 832 destruxerunt
905 769 946 821 ⁸.
996 768 1124 822 lude
1151 774 1436 837 pergentes
1465 763 1750 818 voluerunt
1771 761 1836 816 de

257 869 532 941 Sigiburgi
583 870 602 901 ⁷
657 867 910 923 similiter
989 865 1206 926 facere,
1261 861 1554 916 auxiliante
1607 858 1837 914 Domino

254 965 483 1020 Francis
531 965 613 1018 eis
649 962 670 993 ⁸
698 961 931 1015 viriliter
975 956 1402 1028 repugnantibus
1443 954 1580 1008 nihil
1610 965 1836 1022 praeva-

256 1057 498 1111 luerunt.
535 1051 697 1126 [Dum
739 1050 886 1106 enim
908 1048 930 1080 ’
957 1063 1055 1118 per
1093 1046 1294 1130 placita
1322 1060 1438 1108 eos,
1470 1044 1559 1113 qui
1592 1042 1733 1096 inl'ra
1761 1041 1838 1110 ip-

259 1162 378 1202 sum
416 1153 654 1200 castrum
679 1139 932 1196 custodes
962 1129 1138 1201 erant,
1169 1134 1413 1190 inludere
1437 1133 1477 1164 ¹⁰
1505 1147 1612 1186 non
1640 1129 1839 1200 potuis-

1356 275 1732 344 EGINHARDI
1773 279 2067 336 ABBATIS
2104 276 2428 336 ANNALES

1862 399 1914 454 Λ

259 1246 402 1301 sent,
418 1237 558 1291 sicut
585 1233 830 1288 fecerunt
853 1230 986 1284 alios
1008 1229 1099 1298 qui
1118 1228 1170 1281 in
1195 1226 1338 1280 aliud
1359 1224 1638 1281 castellum
1664 1223 1705 1253 ιι
1731 1213 1864 1274 [αθ-⁷

263 1335 423 1392 rant,
477 1330 771 1394 coeperunt
820 1334 1027 1391 pugnas
1053 1325 1108 1373 et
1132 1317 1414 1370 machinas
1470 1325 1836 1384 praeparare,

262 1419 505 1488 qualiter.
516 1432 611 1487 per
640 1415 896 1468 virtutem
922 1409 1223 1480 potuissent
1249 1406 1376 1460 illud
1413 1418 1627 1474 capere,
1655 1409 1711 1455 et
1733 1402 1842 1454 Deo

261 1507 492 1570 volente,
528 1502 794 1574 petrarias
827 1501 868 1530 ¹¹
891 1511 918 1539 ει
971 1512 1108 1568 quas
1157 1500 1617 1566 praeparaverunt
1649 1491 1693 1522 ¹³
1721 1490 1843 1559 plus

263 1600 370 1654 illis
390 1597 644 1651 damnum
664 1592 705 1624 ν’
729 1591 992 1655 fecerunt,
1015 1602 1177 1657 quam
1205 1579 1309 1641 illis
1329 1587 1417 1657 qui
1442 1584 1582 1638 infra
1605 1591 1843 1638 castrum

264 1688 592 1744 residebant.
624 1684 759 1739 Cum
786 1682 930 1738 enim
949 1681 1232 1743 vidissent,
1257 1678 1400 1747 quod
1435 1678 1515 1732 eis
1542 1692 1647 1730 non
1676 1673 1840 1746 proﬂ-

3411 269 3512 323 601

2436 402 2670 444 ΑΝΝΑιΕε
2707 399 2992 441 EGINHAIDI
3003 424 3014 436 .

1938 481 2164 536 fuissent
2194 483 2234 546 ί,
2266 486 2535 535 conventu
2565 475 2706 547 apud
2749 471 3113 527 Wormaciam
3153 469 3372 535 habito,
3418 469 3521 524 Sa-

1939 574 2158 630 xoniam
2183 573 2301 628 sine
2335 585 2487 626 mora
2517 567 2709 624 statuit
2736 580 2858 621 cum
2882 563 3124 620 exercitu
3159 576 3281 618 esse
3322 568 3516 631 peten-

1937 667 2063 721 dam
2088 705 2101 729 ,
2133 663 2536 731 contractisque
2562 658 2868 730 ingentibus
2917 655 3086 725 copiis
3115 656 3158 719 ’,
3202 662 3353 710 tanta
3381 653 3524 712 cele-

1939 755 2101 808 ritate
2137 753 2202 808 ad
2232 753 2561 808 destinatum
2589 766 2621 804 a
2659 765 2718 805 se
2760 749 2815 803 in
2848 747 3084 803 Saxonia
3113 747 3133 778 ³
3164 747 3341 802 locum
3395 760 3521 815 per-

1938 844 2105 908 venit,
2131 851 2192 897 ut
2215 857 2404 898 omnes
2423 842 2660 896 hostium
2690 848 2939 905 conatus,
2968 838 3165 907 quibus
3190 838 3241 892 ei
3265 821 3520 893 resistere

1938 935 2204 1005 parabant
2231 934 2274 1001 ⁸,
2314 934 2405 988 illa
2452 932 2799 988 festinatione
2863 936 3232 1000 praeverteret
3278 929 3320 983 '.
3382 927 3522 983 Nam

1940 1026 2008 1080 ad
2033 1025 2237 1080 fontem
2272 1024 2496 1094 Lippiae
2528 1023 2782 1088 veniens,
2822 1021 3123 1076 inmensam
3163 1018 3305 1072 illius
3327 1017 3520 1087 perﬁdi

1939 1117 2122 1188 populi
2151 1116 2553 1171 multitudinem
2579 1114 2728 1169 velut
2765 1114 3013 1170 devotam
3038 1126 3103 1165 ac
3129 1110 3150 1141 ⁸
3199 1109 3516 1180 supplicem,

1939 1216 1996 1261 et
2019 1221 2181 1276 quam
2206 1205 2411 1261 erroris
2437 1205 2518 1259 sui
2545 1204 2850 1274 paeniteret
2877 1203 2898 1233 '
2918 1243 2933 1267 ,
2962 1201 3173 1256 veniam
3204 1207 3518 1270 poscentem

1943 1296 2166 1351 invenit.
2208 1294 2308 1350 Cui
2329 1309 2452 1349 cum
2479 1294 2578 1348 et“
2611 1292 3040 1348 misericorditer
3081 1289 3418 1361 ignovisset,
3463 1295 3524 1342 et

1942 1399 2035 1440 eos
2055 1384 2147 1454 qui
2174 1399 2232 1439 se
2253 1384 2580 1440 christianos
2613 1383 2732 1439 ﬁeri
2758 1383 2894 1437 velle
2920 1381 3318 1444 adﬁrmabant,
3348 1377 3525 1448 bapti-

1943 1477 2056 1530 zari
2105 1475 2360 1540 fecisset,
2412 1476 2553 1530 datis
2597 1482 2654 1530 et
2698 1474 2934 1544 acceptis
2981 1488 3081 1543 pro
3111 1472 3215 1527 ﬁde
3256 1469 3523 1526 servanda

1944 1566 2302 1622 fraudulentis
2345 1566 2644 1621 eorundem
2697 1563 3185 1636 promissionibus,
3247 1560 3526 1615 obsidibus

1945 1671 2161 1726 quoque
2201 1671 2338 1726 quos
2364 1657 2726 1726 imperaverat
2754 1655 3021 1726 receptis,
3065 1651 3412 1719 Aeresburgo
3438 1663 3528 1703 ca-

263 1786 432 1842 ceret,
451 1780 916 1848 praeparaverunt
945 1770 1108 1826 etiam
1136 1738 1303 1822 elidas
1331 1767 1374 1798 ¹⁶
1405 1767 1432 1806 b
1457 1766 1522 1820 ad
1563 1738 1839 1820 debellan—

1945 1754 2060 1801 stro
2083 1745 2226 1813 quod
2255 1746 2491 1800 dirutum
2521 1753 2642 1800 erat
2665 1753 2991 1810 restaurato,
3029 1742 3242 1810 alioque
3263 1738 3521 1794 castelloc

265 1876 392 1928 dum
414 1888 511 1943 per
537 1871 790 1924 virtutem
833 1867 1007 1938 ipsum
1049 1863 1349 1918 castellum.
1381 1860 1486 1915 Sed
1517 1859 1612 1912 Dei
1645 1857 1841 1920 virtus,

1949 1852 2110 1906 super
2135 1837 2379 1907 Lippiam
2405 1846 2716 1894 constructo
2742 1837 2788 1902 ’,
2818 1844 2876 1891 et
2907 1837 2962 1891 in
3013 1843 3244 1904 utroque
3278 1845 3387 1888 non
3413 1845 3529 1887 n.0—

265 1924 655 2019 sicut‘iustum
705 1964 808 2022 est,
853 1924 1138 2025 superavit
1193 1951 1407 2005 illorum
1460 1949 1735 2010 virtutem,
1791 1952 1846 1999 et
1948 1929 2372 2025 βίου-9ης)ίάῖο
2417 1929 2644 1994 relic”,
2683 1929 2797 1998 ipse
2840 1928 2882 1959 ¹⁰
2913 1928 2967 1986 in
2999 1924 3225 1986 Galliam
3255 1938 3527 1987 reversus,

265 2054 495 2126 quadam
539 2051 625 2106 die
687 2019 811 2104 cum
863 2019 1062 2102 bellum
1121 2049 1539 2115 praeparassent
1589 2040 1849 2095 adversus
1952 2021 2005 2074 ίη
2039 2019 2162 2075 "illa
2196 2020 2507 2076 Heristallio
2539 2021 2576 2053 “
2613 2020 2890 2079 hiemavit.

265 2144 592 2203 christianos
623 2140 712 2209 qui
747 2139 799 2192 in
836 2137 952 2207 ipso
1000 2143 1180 2191 castro
1217 2133 1529 2188 residebant
1556 2172 1570 2196 ,
1604 2130 1852 2200 apparuit

267 2234 551 2291 manifeste
605 2229 774 2302 gloria
823 2227 919 2282 Dei
951 2241 1111 2298 supra
1161 2224 1380 2278 domum
1411 2221 1674 2276 ecclesiae
1706 2234 1847 2290 quae

267 2336 353 2385 est
396 2325 534 2382 infra
579 2324 752 2392 ipsum
796 2329 1036 2375 castrum
1070 2319 1138 2384 ¹⁶,
1178 2316 1484 2372 videntibus
1528 2313 1634 2368 illis
1664 2314 1704 2344 "’
1740 2322 1852 2367 tam

269 2418 456 2482 aforis,
503 2429 664 2488 quam
704 2413 868 2467 etiam
903 2411 946 2442 η
983 2416 1038 2465 et
1067 2409 1280 2465 deintus
1307 2449 1321 2472 ,
1355 2423 1422 2462 ex
1470 2405 1667 2476 quibus
1696 2405 1851 2459 multi

270 2516 492 2564 manent
537 2518 707 2573 usque
752 2501 967 2566 adhuc;
1017 2508 1073 2552 et
1125 2499 1309 2555 dicunt
1351 2496 1550 2552 vidisse
1590 2496 1632 2526 ¹⁹
1682 2496 1856 2550 instar

270 2603 502 2657 duorum
530 2607 809 2654 scutorum
858 2592 1040 2648 colore
1084 2591 1252 2647 rubeo
1299 2589 1638 2644 ﬂammantcs
1663 2597 1718 2644 et
1747 2588 1858 2659 agi-

272 2699 448 2748 tantes
498 2702 661 2760 supra
710 2687 880 2757 ipsam
917 2683 1202 2739 ecclesiam
1232 2687 1328 2735 :et
1346 2696 1468 2735 cum
1494 2681 1596 2734 hoc
1642 2679 1855 2750 signum

274 2783 532 2838 vidissent
573 2777 768 2850 pagani
815 2775 907 2846 qui
957 2773 1126 2830 aforis
1169 2780 1344 2838 erant,
1404 2771 1590 2826 statim
1635 2769 1856 2825 confusi

272 2883 418 2940 sunt,
451 2881 508 2928 et
544 2885 739 2941 magno
778 2869 973 2923 timore
1009 2865 1310 2938 perterriti,
1337 2870 1634 2934 coeperunt
1671 2862 1859 2933 iugere

274 2966 342 3020 ad
370 2972 547 3020 castra
564 2963 630 3027 ³ο,
649 2969 703 3016 et
725 2959 901 3015 omnis
925 2957 1212 3011 multitudo
1234 2970 1422 3010 eorum
1449 2955 1501 3007 in
1515 2968 1715 3023 pavore
1727 2967 1860 3006 con-

271 3056 417 3111 cussi
439 3054 617 3124 fugam
643 3050 845 3121 arrepti
867 3051 934 3116 “,
958 3048 1048 3103 alii
1079 3049 1147 3103 ab
1163 3048 1282 3102 aliis
1297 3062 1354 3100 se
1377 3046 1608 3101 invicem
1632 3044 1857 3099 “inter—

273 3143 542 3200 liciebant.
562 3141 664 3208 Qui
693 3140 837 3194 enim
861 3147 1005 3216 retro
1037 3144 1257 3206 propter
1277 3150 1531 3205 pavorem
1557 3134 1791 3204 aliquem
1809 3134 1854 3165 ³³

271 3234 651 3304 respiciebant,
701 3231 1063 3301 infigebant“
1109 3244 1166 3284 se
1213 3228 1413 3284 lanceis
1469 3243 1656 3284 eorum
1684 3269 1698 3294 ,
1764 3229 1858 3298 qui

274 3333 400 3380 ante
427 3323 546 3380 illos
565 3321 842 3394 fugiebant
868 3323 914 3352 ⁸⁵
941 3329 996 3374 et
1015 3322 1068 3374 in
1089 3320 1331 3374 humeris
1353 3320 1669 3390 portabant,
1688 3329 1742 3374 et
1766 3320 1857 3373 alii

667 3411 1060 3466 VARIANTES
1094 3410 1494 3466 LECTIONES.

347 3508 362 3538 ¹
396 3519 650 3574 rumpere
670 3504 724 3574 1.
776 3505 823 3574 _'
856 3502 1056 3574 malum
1082 3502 1358 3574 ingenium
1404 3503 1457 3556 6.
1537 3503 1556 3533 ³
1580 3503 1861 3574 suadendo

275 3576 424 3632 exire
461 3571 539 3629 ab
580 3573 712 3643 ipsis
765 3571 966 3627 francis
1019 3573 1069 3624 1.
1154 3571 1191 3602 ⁷⁸
1248 3573 1648 3643 heresburgo...
1705 3573 1860 3627 dere-

274 3646 403 3700 licto
423 3645 474 3698 7.
555 3644 577 3674 ⁸
606 3642 770 3700 obera
812 3657 1044 3698 saxones
1083 3644 1135 3697 d.
1187 3643 1237 3696 7.
1266 3642 1320 3694 9.
1395 3643 1416 3674 ⁶
1452 3643 1855 3698 destruxerunt.

275 3716 342 3793 Et
367 3714 491 3793 inde
525 3711 676 3793 839.
711 3711 848 3793 (10.)
876 3712 1012 3793 (1.1.)
1073 3714 1129 3793 _7
1156 3711 1522 3793 siﬂgibprg_oﬂi._
1545 3714 1859 3793 _sigisb_urgo

275 3787 326 3838 7.
378 3785 430 3838 8.
460 3784 513 3839 9.
551 3782 638 3838 10.
722 3781 756 3815 ’⁸
787 3781 866 3837 eis
888 3781 1038 3837 deest
1073 3784 1125 3836 7.
1163 3781 1262 3853 (8.)
1291 3782 1344 3837 9.
1370 3781 1469 3837 10.
1503 3781 1628 3837 11.’
1667 3785 1686 3815 ⁹
1721 3781 1858 3838 Duin

275 3855 488 3908 enim...
551 3868 736 3909 servos
788 3868 934 3908 suos.
971 3853 1111 3906 deest
1140 3853 1189 3906 1.
1238 3861 1286 3906 et
1321 3854 1376 3906 in
1405 3868 1531 3907 ann.
1570 3854 1856 3917 Einhardi,

278 3923 440 3977 Fuld.
466 3934 512 3976 et
543 3922 644 3976 Til.
671 3922 811 3976 Hinc
835 3933 1080 3994 apparet,
1109 3933 1272 3994 totum
1312 3923 1446 3976 hanc
1477 3928 1856 3988 narrationem,

274 4010 409 4114 pune
436 4002 701 4063 praeterea
731 3995 785 4046 in
811 3993 1024 4047 diuersis
1075 3993 1338 4046 codicibus
1367 3994 1569 4046 diverso
1599 3997 1712 4050 loco
1743 3996 1857 4050 col-

298 4071 449 4116 ocata
475 4061 685 4118 leaitur.
714 4079 817 4116 non
837 4079 928 4118 pro
949 4063 1172 4118 aenuino
1202 4071 1345 4115 textu
1367 4063 1681 4118 habendam.
1710 4068 1801 4118 sed
1825 4084 1857 4118 a

277 4078 449 4116 iocata
475 4078 685 4129 tegitur,
714 4079 817 4116 non
830 4079 928 4142 pro
949 4079 1172 4132 genuino
1202 4078 1345 4115 textu
1367 4078 1681 4132 navenaam,
1710 4078 1799 4118 sea
1825 4084 1857 4118 a

277 4132 505 4202 quodam
531 4148 704 4184 rerum
725 4141 896 4252 perito
923 4131 1156 4200 exemplo
1183 4147 1300 4196 suo,
1347 4133 1486 4185 unde
1502 4137 1705 4190 codices
1722 4136 1775 4189 5.
1802 4138 1854 4189 6.

277 4203 328 4254 7.
353 4201 407 4255 8.
431 4201 482 4254 9.
509 4200 594 4253 10.
622 4200 705 4253 li.
759 4199 810 4252 2.
837 4201 1251 4268 ﬂuxerunt,post
1272 4218 1467 4254 annum
1485 4203 1605 4268 788,
1631 4206 1684 4258 in
1715 4222 1848 4258 mar-

278 4217 328 4254 'l.
353 4217 407 4255 δ.
431 4217 482 4254 υ.
509 4217 594 4253 ιυ.
622 4217 705 4253 ιι.
725 4217 810 4252 η.
837 4217 1251 4270 μαωενιιηι,ροει
1272 4218 1467 4254 annum
1493 4217 1605 4268 ιδδ,
1631 4222 1684 4258 m
1715 4222 1848 4258 mur-

277 4272 395 4350 gin_e
422 4269 678 4350 adiectam
707 4285 835 4349 esse.
855 4267 922 4321 1η
943 4270 1058 4349 cod.
1171 4269 1282 4323 6.7.
1308 4289 1414 4350 non
1441 4283 1557 4341 post
1571 4275 1855 4350 secundum

277 4339 404 4393 inde
429 4339 519 4392 sed
541 4349 656 4408 post
694 4339 922 4409 primum
951 4339 1201 4392 inseritur
1241 4358 1258 4390 ι
1289 4339 1672 4398 destruxeru'nt
1707 4345 1851 4400 inde.

278 4410 416 4480 Dum
439 4409 626 4480 enim.
658 4447 671 4460 .
699 4447 715 4461 .
742 4447 799 4480 .7.
832 4422 1190 4480 servosgsuos
1236 4423 1542 4480 pergentes.
1605 4415 1733 4470 lnde
1761 4431 1854 4472 vo—

277 4479 547 4552 luerunt,»
581 4478 919 4552 incodicibus
947 4479 1000 4534 8.
1025 4477 1077 4533 9.
1109 4479 1193 4534 10.
1230 4477 1251 4533 1
1259 4480 1314 4552 1.
1340 4477 1432 4535 12.
1463 4494 1583 4552 post.
1605 4484 1855 4541 similiter

277 4548 481 4620 facere,
510 4549 784 4620 utrobique
815 4550 987 4620 minug
1035 4559 1188 4604 recte.
1247 4549 1315 4604 In
1348 4548 1524 4608 codice
1564 4555 1650 4610 15.
1678 4556 1853 4610 omnia

278 4619 435 4672 huius
468 4619 594 4672 anni
615 4618 734 4686 post
763 4627 848 4674 est
871 4619 924 4672 in
949 4618 1234 4676 Franciam
1263 4639 1368 4677 una
1392 4640 1510 4677 cum
1533 4627 1687 4678 annis
1725 4625 1848 4679 777.

279 4688 402 4744 778.
435 4687 554 4742 779.
585 4689 793 4743 desunt.
880 4689 922 4720 ³⁰
955 4690 1231 4746 includere
1261 4691 1312 4745 7.
1410 4694 1448 4723 ¹¹
1476 4695 1638 4747 alium
1663 4697 1852 4750 castel-

275 4759 389 4813 lum
419 4758 469 4812 7.
503 4757 610 4835 alip
654 4758 876 4835 castello
900 4758 994 4835 6_._
1055 4762 1095 4790 “
1116 4763 1405 4835 petrariae
1417 4763 1467 4815 7.
1511 4832 1546 4835 __
1567 4763 1607 4835 ¹Α³
1628 4778 1852 4835 praepa.

277 4835 535 4883 raverant
560 4827 613 4882 6.
691 4827 733 4858 “
758 4829 938 4884 damni
963 4828 1014 4882 6.
1115 4827 1158 4860 ‘5
1186 4831 1353 4884 clidos
1376 4832 1429 4885 7.
1508 4832 1549 4861 ³⁸
1578 4827 1853 4890 basilicam

277 4897 419 4952 infra
449 4898 624 4966 ipsum
646 4905 885 4952 castrum
927 4900 1276 4953 constitutam
1320 4900 1373 4954 6.
1452 4901 1492 4932 ¹⁷
1525 4901 1634 4956 vid.
1663 4905 1850 4962 multis

279 4967 330 5021 6.
358 4967 409 5021 7.
443 4968 496 5022 9.
537 4967 646 5022 vid.
697 4967 907 5022 cunctis
957 4968 1043 5022 10.
1125 4969 1352 5024 18etiam
1392 4971 1531 5026 deest
1567 4976 1619 5028 6.
1701 4976 1740 5007 ⁸⁸
1777 4979 1857 5032 vi-

274 5039 425 5114 disse
451 5053 510 5093 se
539 5038 590 5092 7.
668 5039 712 5069 ²⁰
740 5038 810 5114 ad
843 5047 1083 5114 castrum
1112 5039 1163 5114 5.
1218 5041 1284 5114 ,υ
1315 5040 1498 5114 fugiam
1537 5045 1860 5114 arripientes

281 5106 480 5186 7.fuga_
504 5117 717 5186 arrepta
739 5108 792 5186 5ἔ
891 5110 947 5186 ’ζ
961 5123 1020 5163 se
1032 5109 1352 5186 abinyieem
1377 5106 1435 5186 Β.
1549 5113 1593 5144 ²³
1623 5106 1854 5186 aliquem

279 5177 502 5260 deertlﬁ.
525 5177 903 5260 _“inlligebant
917 5178 968 5260 6_.
1046 5179 1396 5260 f'inﬁgebant
1419 5177 1853 5260 lanceaseorum,

280 5261 418 5320 quos
440 5248 495 5301 in
523 5248 764 5304 humeris
785 5249 1072 5319 portabant
1097 5250 1152 5304 in
1176 5248 1402 5320 corpora
1425 5248 1857 5313 antecedentium

281 5317 334 5396 ξ).
357 5327 588 5396 propter
617 5317 904 5396 pavorem,
921 5321 989 5374 ab
1025 5317 1464 5396 antecedentibus
1501 5323 1701 5381 lanceis
1729 5343 1859 5382 con-

282 5382 731 5444 fodiebantur“.
766 5382 1021 5460 lugebant
1051 5390 1104 5445 5.

1055 4762 1095 4790 11

1882 3090 1926 3151 C

1883 4433 1934 4491 D

2218 5090 2220 5092 ν
2355 5013 2746 5074 VARIANTES
2783 5017 3185 5076 LECTIONES.

2033 5125 2047 5155 ¹
2073 5124 2185 5194 regi
2207 5125 2587 5198 nuntiarentur
2616 5128 2668 5183 7.
2757 5131 2778 5161 '
2806 5134 3086 5188 saxoniam
3107 5142 3293 5198 petere
3315 5132 3536 5198 statuit,

1963 5195 2365 5265 contractisque
2376 5198 2544 5265 copiis
2569 5199 2620 5252 7.
2699 5199 2720 5232 ³
2736 5204 3084 5258 saxoniamﬁ.
3100 5195 3154 5257 5.
3231 5195 3542 5260 ‘conaban'-

1962 5272 2050 5319 tur
2205 5265 2227 5296 ⁸
2249 5263 2582 5346 perverteret
2603 5269 2872 5346 5?_5.__6.
2927 5273 2977 5346 7.
3137 5275 3158 5305 ⁸
3186 5283 3241 5330 et
3272 5275 3326 5329 7.
3397 5275 3444 5346 _'
3473 5290 3539 5331 ac

1961 5337 2115 5402 quasi
2147 5349 2196 5388 e.
2243 5350 2288 5389 s.
2342 5337 2556 5390 veniam
2585 5353 2637 5402 p.
2674 5339 2724 5396 7.
2753 5340 2820 5402 5?
2925 5345 2948 5375 ⁸
2970 5352 3024 5400 et
3061 5360 3183 5400 cum
3209 5347 3264 5400 3.
3392 5343 3417 5378 ⁸
3444 5357 3539 5398 ex-

1959 5412 2166 5460 structo
2195 5405 2248 5460 5.
2345 5404 2390 5438 ⁸⁸
2415 5406 2555 5464 deest
2583 5404 2636 5464 2.

2737 5400 2777 5442 ¹’¹
2805 5413 3108 5470 haristallio
3131 5415 3200 5471 5?
3230 5415 3281 5471 7.

1807 5489 2011 5548 ΝΟΤἉΕ
2022 5533 2034 5546 .

351 5560 376 5624 _I
414 5547 704 5624 Tormenta
733 5549 998 5622 lapidibus
1023 5553 1304 5624 jaciendis.

352 5619 380 5658 ι’
416 5616 630 5674 Crates.

2038 5575 2058 5601 ε
2102 5565 2158 5619 ιη
2185 5565 2302 5622 loco
2324 5564 2602 5638 Lippstadt
2630 5568 2794 5630 fuisse
2814 5575 3082 5631 existimo.
