3986 6174
320 268 424 322 4οἳ

834 399 1064 444 AINALES
1101 400 1383 441 EGINHARDI
1398 426 1410 438 .

1405 269 1551 328 CUM
1590 266 2184 326 LAURISSENSIBUS
2222 264 2533 322 COLLATI.

3488 266 3596 328 406

2487 394 2716 433 ANNALES
2753 395 3146 434 LAL'BISSENSES.

2015 469 2244 525 diversis
2268 469 2463 524 ictibus
2478 469 2618 522 inter
2641 482 2698 522 se
2717 475 2842 522 sunt
2863 467 3140 537 percussi‘
3156 473 3212 522 et
3235 466 3413 522 divina
3437 465 3593 523 ultio-

2014 576 2083 615 ne
2113 561 2352 615 iudicati.
2391 561 2455 613 Et
2483 567 2744 630 quantum
2789 573 2951 631 super
2985 559 3080 613 Dei
3115 574 3210 615 eos
3241 559 3415 614 virtus
3440 572 3599 628 prep-

2015 662 2100 707 ter
2144 653 2376 708 salutem
2421 653 2440 682 ’
2493 653 2916 708 cbristianorum
2965 662 3189 723 operata
3239 659 3322 706 est
3351 692 3365 716 ,
3418 652 3602 706 nullus

2013 760 2239 799 narrare
2283 752 2498 813 potest;
2542 750 2780 798 attamen
2814 753 3076 813 quantum
3109 743 3184 798 illi
3236 743 3355 813 plus
3394 757 3598 812 pavore

2014 835 2291 906 perterriti
2336 835 2575 906 fuerunt,
2608 844 2758 890 tanto
2780 836 2952 905 magis
2981 835 3262 890 christiani
3305 833 3600 889 confortati

2014 925 2436 993 omnipotentem
2478 926 2646 979 Deum
2694 925 3072 990 laudaverunt,
3113 925 3206 994 qui
3233 924 3482 994 dignatus
3511 930 3599 977 est

2013 1031 2168 1071 suam
2199 1015 2549 1069 manifestare
2598 1015 2896 1084 potentiam
2922 1029 3086 1083 super
3112 1027 3298 1070 servos
3327 1013 3505 1085 suos]
3534 1014 3602 1067 Et

2017 1107 2141 1161 inde
2169 1105 2348 1176 fugam
2375 1107 2700 1175 arripientes
2745 1105 3009 1171 Saxones,
3041 1105 3311 1174 persecuti
3347 1112 3472 1160 sunt
3509 1120 3604 1160 eos

2015 1196 2231 1261 Franci,
2286 1195 2673 1250 interlicientes
2701 1194 2819 1248 illos
2869 1208 3042 1263 usque
3071 1193 3137 1248 ad
3190 1192 3388 1248 ﬂumen
3420 1193 3440 1224 ³
3477 1192 3604 1263 Lip-

2017 1290 2184 1355 piam,
2230 1295 2408 1342 castro
2442 1287 2650 1342 salvato
2678 1304 2691 1352 ;
2719 1295 2775 1342 et
2803 1301 2926 1341 eum
2971 1286 3197 1340 victoria
3245 1285 3448 1340 reversi
3481 1292 3608 1340 sunt

2017 1379 2232 1434 Franci.
2282 1379 2348 1433 Et
2397 1395 2519 1434 eum
2562 1365 2899 1449 pervenisset
2945 1378 3175 1433 domnus
3225 1378 3454 1433 Carolus
3506 1395 3605 1433 rex

2021 1469 2398 1534 Wormatiam,
2427 1479 2482 1525 et
2501 1486 2689 1525 omnes
2714 1471 2845 1525 istas
2880 1485 3072 1524 causas
3106 1470 3127 1500 ⁸
3155 1469 3380 1525 audiens
3401 1471 3442 1535 ⁵,
3484 1485 3607 1525 eon-

2026 1561 2204 1615 iunxit
2253 1561 2501 1616 sinodum
2535 1562 2601 1615 ad
2647 1563 2874 1616 eandem
2915 1561 3190 1614 civitatem
3222 1575 3236 1613 :
3269 1569 3320 1614 et
3353 1561 3426 1614 ibi
3447 1561 3609 1630 placi-

1989 1697 1992 1699 .
2023 1659 2135 1703 tum
2159 1650 2432 1721 publicum
2463 1660 2654 1704 tenens
2680 1691 2694 1714 ,
2726 1658 2779 1703 et
2809 1649 3034 1704 consilio
3063 1649 3084 1680 ⁶
3138 1648 3281 1704 facto
3301 1689 3315 1714 ,
3353 1665 3476 1703 cum
3513 1649 3607 1702 Dei

1944 395 1993 452 A

1945 1755 1994 1812 Β
2024 1739 2292 1794 adiutorio
2346 1741 2445 1795 sub
2496 1741 2776 1795 celeritate
2825 1741 2922 1794 et"
2974 1739 3141 1793 nimia
3184 1739 3204 1769 ⁸
3261 1737 3608 1794 festinatione

937 3462 1324 3520 DCCLXXVII.

422 3551 527 3608 Rex
571 3554 750 3624 prima
800 3553 945 3610 veris
974 3555 1286 3625 adspirante
1328 3556 1587 3626 temperie
1633 3555 1922 3612 Novioma-

355 3658 468 3714 gum
513 3645 792 3715 profectus
829 3654 946 3710 est,
987 3654 1044 3701 et
1075 3654 1199 3716 post
1246 3645 1576 3702 celebratam
1613 3647 1811 3702 ibidem
1836 3661 1927 3715 pa-

351 3735 542 3791 schalis
582 3736 709 3793 {esti
755 3737 1169 3793 sollemnitatem
1195 3777 1212 3802 ,
1279 3746 1505 3809 propter
1553 3736 1926 3793 fraudulentas

350 3825 621 3883 Saxonum
672 3829 1059 3898 promissiones
1083 3869 1097 3893 ,
1145 3828 1341 3899 quibus
1386 3829 1548 3884 tidem
1591 3829 1792 3884 habere
1818 3842 1925 3884 non

345 3929 575 3992 poterat,
609 3923 678 3978 ad
703 3923 880 3978 locum
905 3924 998 3993 qui
1040 3923 1357 3978 Padrabrun
1392 3924 1409 3954 ¹
1437 3929 1663 3978 vocatur
1707 3935 1930 3992 genera-

347 4015 446 4070 lem
469 4014 653 4084 populi
679 4015 763 4070 sui
788 4023 1114 4070 conventum
1157 4016 1212 4070 in
1241 4030 1306 4072 eo
1342 4015 1658 4081 habiturus,
1694 4029 1817 4069 cum
1847 4013 1929 4068 in-

346 4108 490 4176 genti
515 4108 758 4163 exercitu
807 4109 859 4162 in
902 4106 1196 4163 Saxoniam
1231 4107 1507 4179 profectus
1545 4115 1646 4161 est.
1698 4104 1778 4162 Eo
1806 4121 1930 4162 cum

347 4200 604 4265 venisset,
631 4207 802 4254 totum
825 4198 1064 4268 perﬁdae
1086 4199 1263 4270 gentis
1288 4206 1537 4254 senatum
1559 4213 1623 4254 ac
1648 4198 1929 4268 populum,

347 4305 504 4359 quem
533 4291 603 4345 ad
637 4304 696 4346 se
724 4291 912 4345 venire
954 4291 1188 4345 iusserat
1214 4331 1230 4356 ,
1279 4290 1608 4360 morigerum
1633 4304 1698 4344 ac
1726 4288 1932 4343 fallaci-

349 4389 430 4438 ter
457 4384 478 4414 ⁸
506 4383 612 4438 sibi
663 4381 916 4437 devotum
942 4381 1170 4436 invenit.
1224 4380 1361 4434 Nam
1389 4380 1569 4435 cuncti
1599 4379 1666 4434 ad
1690 4394 1813 4434 eum
1840 4394 1932 4433 ve—

350 4481 544 4528 nerunt
575 4473 597 4504 ³
644 4481 859 4543 praeter
917 4471 1320 4527 Widiebindum
1351 4471 1401 4537 ⁵,
1447 4486 1616 4526 unum
1654 4483 1721 4524 ex
1748 4470 1769 4501 ⁵
1817 4471 1930 4540 pri-

350 4563 590 4618 moribus
616 4561 1036 4618 Westfalaorum
1063 4601 1080 4626 ,
1128 4561 1221 4631 qui
1266 4561 1558 4615 multorum
1600 4559 1702 4614 sibi
1730 4558 1933 4614 facino-

353 4665 469 4707 rum
499 4653 752 4708 conscius
772 4693 787 4717 ,
816 4661 878 4707 et
904 4652 974 4707 ob
1000 4651 1054 4706 id
1096 4665 1278 4721 regem
1306 4649 1513 4704 veritus
1541 4649 1585 4716 ⁸,
1617 4649 1684 4704 ad
1714 4648 1932 4720 Sigil'ri-

353 4740 475 4796 dum
529 4742 551 4774 τ
606 4741 882 4798 Danorum
937 4755 1122 4811 regem
1184 4738 1548 4810 profugerat:
1591 4738 1771 4794 Ceteri
1841 4739 1932 4809 qui

353 4843 632 4898 venerant,
669 4832 727 4886 in
778 4840 985 4887 tantum
1017 4831 1039 4862 ⁸
1086 4845 1146 4886 se
1187 4831 1332 4900 regis
1371 4831 1624 4900 potestati
1657 4830 1677 4860 °
1730 4829 1927 4900 penni-

739 5069 1132 5126 VARIANTES
1171 5067 1567 5130 LECTIONES.

423 5188 436 5216 '
460 5184 845 5255 padrabrunno
872 5183 926 5255 3.
970 5185 1318 5255 padabrunno
1346 5185 1399 5255 ὅ.
1441 5184 1851 5255 patherbrunno
1877 5184 1930 5238 4.

358 5253 712 5354 pudt-abumltol
752 5253 804 5308 5.
835 5254 908 5354 ‘6.
938 5253 1411 5354 'pad‘rabj'unna‘l
1443 5253 1455 5254 ί
1492 5253 1850 5354 βλίςεξιροίιεπ

407 5335 663 5381 venerant
683 5325 737 5380 4.
835 5324 1271 5379 ‘winichindum
1318 5325 1371 5378 4.
1437 5325 1826 5380 windichinum
1881 5324 1932 5378 6.

368 5395 711 5451 widikindum
758 5396 810 5448 7.
909 5396 930 5427 '
959 5411 990 5451 e
1013 5395 1156 5450 3?7.
1233 5395 1254 5426 ⁸
1285 5411 1336 5448 v.
1367 5411 1412 5450 r.
1449 5395 1502 5451 4.
1533 5395 1586 5451 5.
1612 5393 1666 5450 6.
1742 5395 1763 5428 ⁷
1796 5395 1867 5449 si-

362 5465 617 5534 gefridum
635 5466 691 5520 2.
769 5466 790 5496 ⁸
813 5465 886 5520 ita
913 5466 963 5518 7.
1041 5465 1063 5496 ⁹
1090 5474 1355 5533 potestate
1386 5467 1436 5520 5.

2021 1833 2299 1888 Saxonum
2342 1849 2530 1888 caesas
2568 1833 2588 1863 ’
2623 1845 2647 1872 ε
2679 1847 2773 1887 seu
2808 1832 2848 1863 ¹⁰
2878 1833 3163 1886 ﬁrmitates
3197 1831 3376 1886 subito
3420 1832 3610 1886 introi-

2023 1926 2120 1978 vit.
2151 1926 2217 1979 Et
2245 1927 2280 1956 “
2316 1925 2560 1981 Saxones
2588 1925 2862 1995 perterriti
2903 1925 2966 1989 ",
3001 1939 3189 1978 omnes
3215 1924 3282 1978 ad
3309 1923 3486 1978 locum
3517 1923 3609 1978 ubi

2019 2014 2209 2086 Lippia
2239 2017 2523 2087 consurgit
2549 2016 2826 2071 venientes
2855 2030 2930 2070 ex
2953 2015 3097 2068 omni
3116 2021 3292 2082 parte,
3325 2021 3380 2067 et
3413 2014 3457 2044 ¹³
3486 2014 3608 2068 red-

2019 2105 2273 2160 diderunt
2300 2106 2531 2176 patriam
2582 2120 2680 2176 per
2725 2105 2962 2160 wadium
2993 2103 3034 2134 “
3063 2118 3253 2158 omnes
3282 2103 3326 2134 "
3358 2103 3610 2159 manibus

2019 2205 2301 2261 eorum,et
2317 2197 2720 2267 spoponderunt
2743 2212 2801 2252 se
2823 2209 2944 2251 esse
2971 2194 3389 2262 cbristianos,et
3408 2195 3508 2250 sub
3530 2195 3612 2250 di-

2020 2287 2166 2341 cioni
2183 2288 2224 2317 ¹⁶
2242 2287 2421 2342 domni
2438 2285 2617 2341 Caroli
2643 2287 2789 2356 regis
2801 2294 2856 2341 et
2870 2285 3204 2340 Francorum
3228 2285 3606 2340 subdiderunt.

2023 2377 2089 2431 Et
2105 2377 2144 2408 "
2168 2385 2298 2432 tunc
2313 2377 2543 2432 domnus
2558 2374 2784 2430 Carolus
2799 2389 2892 2429 rex
2909 2390 3012 2428 una
3030 2390 3152 2429 cum
3169 2373 3394 2428 Francis
3411 2373 3614 2428 reaedi-

2023 2465 2204 2519 ticavit
2227 2465 2270 2497 ⁸⁸
2300 2465 2708 2534 Aeresburgum
2744 2472 2983 2518 castrum
3017 2464 3193 2518 denuo
3218 2463 3285 2527 ‘9,
3311 2470 3365 2516 et
3387 2462 3533 2516 aliud
3568 2464 3615 2492 '°

2019 2566 2264 2612 castrum
2329 2572 2492 2626 super
2537 2556 2783 2625 Lippiam
2810 2596 2826 2621 ,
2886 2555 3069 2624 ibique
3115 2555 3393 2609 venientes
3444 2553 3616 2608 Saxo-

2024 2664 2121 2704 nes
2146 2664 2250 2703 una
2273 2664 2398 2704 cum
2422 2647 2685 2703 uxoribus
2710 2655 2766 2702 et
2794 2644 3096 2700 infantibus
3126 2644 3538 2700 innumerabiis
3560 2645 3605 2676 ²¹

2024 2739 2312 2802 multitudo
2331 2738 2590 2809 baptizati
2611 2745 2737 2792 sunt
2766 2737 2832 2800 “,
2869 2745 2924 2791 et
2948 2735 3189 2801 obsides,
3215 2745 3450 2807 quantos
3480 2735 3615 2790 iam-

2023 2834 2203 2890 dictus
2231 2834 2462 2889 domnus
2479 2827 2584 2886 'rex
2607 2832 2687 2886 eis
2716 2832 2763 2863 "
2799 2830 3087 2901 quaesivit,
3109 2831 3392 2897 dederunt,
3417 2839 3473 2887 et
3499 2845 3618 2901 per-

2026 2920 2168 2978 fecta
2202 2923 2512 2992 supradicta
2547 2921 2769 2976 castella
2807 2929 2864 2976 et
2887 2921 3148 2991 disposita
3177 2922 3223 2952 "
3251 2936 3349 2992 per
3376 2921 3615 2978 Francos

2026 3028 2212 3068 scaras
2240 3014 2287 3044 ”
2319 3013 2347 3052 ι)
2378 3012 2679 3067 residentes
2701 3021 2754 3066 et
2780 3011 2896 3080 ipsa
2924 3013 3295 3068 custodientes
3319 3013 3364 3044 "
3385 3053 3400 3078 ,
3431 3027 3615 3068 rever-

1949 3125 1994 3186 C
2027 3118 2121 3160 sus
2142 3111 2226 3158 est
2261 3103 2492 3158 domnus
2526 3117 2620 3157 rex
2654 3102 2698 3133 "
2731 3101 2786 3156 in
2813 3100 3098 3158 Frauciam
3125 3143 3140 3168 ,
3181 3111 3236 3159 et
3283 3102 3620 3159 caelebravit

2019 3199 2258 3254 natalem
2290 3197 2506 3254 Domini
2541 3198 2598 3252 in
2626 3196 2942 3252 Haristalli‘o
2968 3198 3037 3264 “,
3076 3207 3130 3254 et
3161 3199 3363 3268 pascha
3396 3199 3451 3253 in
3483 3198 3608 3253 villa

2022 3304 2164 3359 quae
2195 3288 2394 3344 dicitur
2425 3286 2690 3356 Niumaga
2719 3287 2765 3318 “
2797 3300 2842 3340 ε.
2863 3287 2929 3342 Ει
2953 3289 3243 3344 inmutavit
3270 3304 3328 3344 se
3354 3303 3613 3349 numerus

2024 3395 2289 3439 annorum
2313 3381 2369 3434 in

2623 3447 3010 3506 DCCLXXVII.

2097 3541 2250 3597 Tunc
2276 3541 2510 3599 domnus
2528 3537 2753 3597 Carolus
2780 3556 2876 3596 rex
2897 3540 3146 3597 sinodum
3169 3539 3442 3609 publicum
3464 3539 3510 3571 '°
3527 3539 3618 3594 ha-

2025 3631 2141 3688 buit
2161 3632 2228 3687 ad
2251 3631 2677 3688 Paderbrunnen
2698 3630 2742 3662 ³¹
2768 3631 2941 3701 prima
2960 3631 3108 3695 vice;
3134 3629 3316 3698 ibique
3342 3628 3387 3660 ³¹
3416 3643 3613 3683 ροηνθ·

2024 3724 2238 3778 nientes
2265 3721 2312 3754 ⁸³
2337 3737 2527 3779 omnes
2556 3721 2751 3776 Franci
2775 3759 2789 3785 ,
2814 3728 2871 3774 et
2900 3735 2967 3776 ex
2989 3719 3136 3774 omni
3162 3726 3315 3788 parte
3343 3716 3614 3772 Saxoniae

2025 3816 2264 3883 undique
2284 3813 2328 3845 “
2353 3813 2599 3868 Saxones
2619 3821 2988 3868 convenerunt
3003 3811 3072 3873 ³⁸,
3097 3818 3324 3882 excepto
3341 3809 3484 3880 quod
3506 3809 3618 3865 Wi‘

2027 3903 2311 3962 dochindis
2327 3903 2371 3936 “
2394 3903 2610 3958 rebellis
2632 3903 2812 3957 extitit
2837 3902 2879 3934 ⁸⁷
2899 3917 3021 3955 cum
3040 3901 3227 3970 paucis
3249 3900 3369 3955 aliis
3393 3901 3438 3931 ³⁸
3458 3919 3469 3954 :
3491 3901 3546 3955 in
3566 3901 3611 3931 ³⁸

2389 3995 2784 4050 VARIANTES
2820 3993 3224 4050 LECTIONES.

2104 4069 2118 4098 ί
2145 4066 2526 4168 suntperpessi
2550 4067 2601 4119 6.
2631 4067 2681 4120 7.
2723 4065 2780 4119 8.
2808 4066 2860 4122 9.
2938 4066 2958 4095 ¹
2985 4064 3068 4120 dei
3097 4079 3146 4117 ν.
3174 4080 3227 4134 p.
3258 4080 3302 4119 s.
3338 4065 3426 4119 ch.
3447 4079 3611 4134 super

2104 4153 2118 4168 ε
2159 4136 2190 4168 ’¹1
2333 4150 2504 4168 ηοηηο
2527 4135 2723 4168 “nemon
2749 4135 2780 4168 κ
2834 4135 3053 4168 ﬂuuium
3073 4136 3092 4168 4
3155 4135 3185 4168 ’1
3237 4134 3289 4168 ΙΩ
3321 4133 3338 4168 \
3439 4135 3459 4165 4
3488 4149 3611 4168 non,

2028 4152 2122 4193 eos
2146 4136 2209 4219 .7.
2286 4133 2310 4168 ³
2333 4133 2504 4206 usque
2527 4135 2724 4218 ﬂumen
2748 4135 2801 4190 5.
2834 4135 3055 4190 ﬂuvium
3073 4133 3204 4217 1.7.
3237 4133 3358 4257 (8.⁷).
3439 4135 3459 4165 ⁵
3488 4133 3620 4190 cau-

2029 4223 2121 4257 sas
2144 4214 2278 4257 istas
2307 4207 2359 4257 5.
2440 4207 2461 4238 ⁸
2487 4206 2726 4257 audisset
2772 4206 2824 4257 6.
2902 4206 2922 4236 ⁸
2951 4205 3180 4257 οοηριίιο
3215 4206 3266 4257 1.
3336 4245 3349 4257 .
3427 4206 3447 4236 ⁷
3477 4205 3620 4257 cele-

2029 4223 2121 4263 sas
2144 4207 2278 4262 istas
2307 4207 2359 4261 5.
2417 4205 2461 4238 "
2487 4206 2726 4261 audisset
2772 4206 2824 4260 6.
2902 4206 2922 4236 ⁸
2951 4205 3180 4261 concilio
3215 4206 3266 4258 1.
3298 4205 3349 4258 7.
3427 4206 3447 4236 "
3477 4205 3621 4260 cele—

2029 4278 2190 4332 ritate
2221 4286 2276 4331 et
2318 4277 2460 4333 deest
2491 4277 2542 4330 6.
2620 4278 2642 4308 ⁸
2678 4277 2910 4331 nimiaet
2933 4277 2982 4330 1.
3084 4276 3104 4306 ⁸
3137 4291 3296 4331 casas
3327 4275 3381 4328 7.
3417 4277 3468 4331 9.
3508 4284 3619 4330 ter-

2032 4361 2125 4403 ras
2167 4347 2253 4400 10.
2336 4347 2377 4378 ¹⁰
2406 4361 2598 4403 caesas
2622 4361 2717 4401 seu
2751 4347 2894 4401 deest
2923 4347 2972 4400 1.
3053 4347 3093 4377 ¹¹
3121 4347 3272 4400 Tunc
3297 4345 3541 4400 Saxones
3565 4345 3615 4397 7.

2035 4418 2088 4487 9.
2169 4418 2210 4447 ¹²
2233 4431 2463 4473 saxones
2492 4432 2589 4487 per
2619 4427 2793 4472 terras
2821 4417 2868 4470 1.
2919 4417 2962 4447 ¹³
2996 4417 3243 4487 etddeest
3262 4415 3341 4487 7._
3415 4415 3458 4446 “
3480 4415 3615 4468 wai-

1957 4485 2011 4544 D
2035 4486 2183 4540 dium
2210 4487 2260 4540 1.
2299 4483 2682 4541 wadimoniam
2730 4487 2782 4541 9.
2862 4487 2906 4516 “’
2927 4485 3178 4539 omnibus
3225 4485 3274 4538 1.
3311 4483 3359 4536 7.
3399 4498 3616 4538 omnem

2035 4557 2091 4612 in
2117 4556 2170 4610 9.
2251 4556 2294 4588 “
2319 4557 2532 4612 dicione
2557 4557 2606 4610 1.
2646 4557 2699 4610 6.
2731 4556 2763 4606 7
2785 4555 2918 4608 —9.
2948 4564 3052 4608 etc.
3152 4555 3190 4584 "’
3227 4562 3281 4607 et
3309 4554 3448 4606 deest
3471 4555 3520 4604 1.
3560 4553 3613 4606 6.

2039 4628 2082 4659 ⁸⁸
2107 4626 2425 4681 rectilicavit
2473 4627 2522 4679 1.
2564 4624 2913 4680 reedillicavit
2946 4624 2999 4676 6.
3101 4622 3144 4653 ¹⁹
3171 4623 3346 4677 denuo
3393 4623 3533 4675 deest
3564 4623 3613 4675 1.

2038 4699 2082 4730 ’⁸
2112 4696 2278 4752 alium
2315 4696 2364 4750 6.
2443 4697 2487 4728 ¹¹
2524 4704 2578 4750 et
2605 4695 2659 4749 in
2683 4693 3030 4750 numerabilis
3055 4693 3106 4748 6.
3135 4692 3625 4746 innumerabilibus

2040 4768 2089 4820 1.
2147 4769 2232 4838 Μ²³
2255 4766 2548 4838 baptizata
2570 4775 2654 4821 est
2696 4765 2749 4838 6.
2821 4765 2890 4838 _”
2921 4765 3001 4819 eis
3029 4765 3170 4838 deest
3193 4763 3244 4838 1.
3270 4764 3336 4816 de
3366 4761 3522 4838 eis___6.
3549 4762 3619 4816 ab

2037 4838 2118 4892 eis
2146 4836 2196 4890 7.
2239 4837 2292 4891 9.
2327 4831 2413 4892 10.
2493 4836 2559 4908 7“
2585 4835 2865 4908 perfectis
2911 4834 3237 4908 supradictis
3278 4831 3514 4908 castellis
3564 4843 3620 4908 et

2041 4908 2317 4976 dispositis
2364 4910 2414 4961 1.
2469 4907 2518 4960 7.
2570 4901 2852 4977 9300.).“
2915 4901 3298 4977 "fsearos_6._
3368 4901 3620 4977 "__searis

2040 4973 2402 5048 residentibus
2415 4985 2468 5032 et
2493 4978 2636 5048 ipsas
2649 4973 3088 5048 custodientibus
3102 4977 3153 5028 7.
3172 4973 3330 5048 (10)-ἶ
3404 4973 3621 5048 {dom-

2040 5063 2140 5102 nus
2161 5061 2254 5100 rex
2277 5047 2418 5100 deest
2436 5048 2484 5100 1.
2512 5043 2529 5048 ⁷
2561 5046 2922 5100 “haristalho
2947 5046 2996 5098 1.
3016 5045 3274 5100 aristallio
3300 5043 3350 5096 5.
3431 5043 3475 5072 "
3503 5043 3618 5097 nio-

2036 5117 2283 5194 magad.
2322 5131 2583 5194 neumaga
2780 5116 3124 5194 '°_publica_m
3389 5113 3430 5144 ³³
3477 5113 3615 5194 apud

2037 5184 2449 5256 padesbrunnen
2477 5184 2546 5239 1.’
2635 5186 2682 5218 ³⁸
2724 5184 3004 5256 venientes
3053 5185 3102 5238 1.
3157 5184 3248 5256 Ᾱ³³
3297 5184 3617 5256 convenien-

2039 5253 2229 5326 tesque
2267 5257 2337 5311 ibi
2359 5257 2432 5310 6.·
2491 5256 2534 5287 ³⁸
2568 5256 2825 5312 saxoniae
2867 5255 3112 5326 undique
3131 5254 3270 5326 deest
3297 5255 3350 5326 1.
3382 5324 3391 5326 _
3419 5253 3616 5326 “fceri—

2040 5320 2302 5382 venerunt
2327 5327 2467 5381 deest
2503 5327 2552 5380 1.
2631 5327 2676 5358 ³⁸
2699 5320 3058 5379 vindobundis
3096 5325 3144 5377 1.
3176 5322 3518 5379 witochindis
3559 5320 3612 5375 7.

2041 5397 2415 5452 windochinus
2447 5398 2500 5451 9.
2560 5395 2936 5450 widoebindus
2983 5395 3036 5448 8.
3114 5395 3156 5427 ⁸⁷
3191 5393 3406 5450 rebellis
3449 5400 3618 5450 resta-

2044 5475 2126 5521 ret
2157 5470 2203 5521 1.
2283 5467 2326 5497 ³⁸
2351 5467 2471 5522 aliis
2487 5467 2626 5521 deest
2657 5466 2703 5518 Ι.
2768 5464 2811 5497 ³⁹
2836 5476 2886 5518 et
2923 5464 2974 5518 in
3003 5465 3052 5518 7.
3081 5465 3224 5521 9.10.

1893 5583 2122 5641 NOTAE.

426 5689 455 5720 ι
495 5679 821 5735 Multimenta
848 5693 912 5732 ex
934 5675 1216 5730 arboribus
1241 5675 1441 5729 stratis.

430 5747 458 5792 δ
495 5750 684 5821 Scara,
717 5757 963 5808 nostrum
991 5746 1214 5815 Schaar,
1247 5753 1441 5801 turma.

2114 5686 2134 5714 ⁶
2180 5673 2498 5742 Nimwegeu.
