3988 6178
298 364 406 422 40)

792 491 1035 557 $NNA.l.ES
1072 493 1403 533 EGINHARDIL

299 583 464 625 versa
510 566 751 635 dilapsus
795 576 898 621 est.
951 566 1117 622 Cuius
1144 568 1386 623 vulneris
1420 569 1662 638 acceptio
1694 568 1709 598 ¹
1765 583 1881 621 ma-

295 675 466 731 gnam
498 667 708 728 partem
745 672 925 711 rerum
945 655 1177 713 feliciter
1205 659 1257 711 in
1288 658 1542 727 Hispania
1562 659 1581 688 '
1605 665 1881 727 gestarum

298 768 353 806 tu
390 750 553 816 corde
597 749 743 819 regis
787 749 1137 803 obnubilavit.
1181 749 1388 804 Interea
1436 752 1701 812 Saxones,
1740 747 1886 802 velut

295 844 644 899 occasionem
671 841 854 895 nancti
903 881 940 921 ο,
970 842 1161 895 sumtis
1207 842 1372 895 armis
1412 842 1478 896 ad
1510 841 1759 896 Rhenum
1791 856 1883 895 us-

295 950 406 1006 que
442 931 671 1004 profecti
717 940 862 987 sunt.
921 929 1027 987 Sed
1072 946 1193 985 cum
1241 946 1453 985 amnem
1498 932 1728 986 traicere
1778 947 1885 985 non

294 1031 540 1096 possent,
587 1022 845 1092 quicquid
887 1037 917 1075 a
966 1021 1143 1076 Diutia
1188 1022 1210 1053 ⁸
1255 1033 1281 1062 ει
1327 1021 1547 1079 civitate
1590 1037 1762 1092 usque
1819 1021 1887 1076 ad

296 1117 557 1173 ﬂuentem
584 1116 605 1147 ⁸
634 1114 887 1170 Mosellae
913 1116 1156 1170 vicorum
1188 1114 1545 1184 villarumque
1580 1114 1712 1180 fuit,
1740 1113 1887 1170 ferro

295 1217 351 1261 et
387 1206 503 1274 igni
532 1204 840 1275 depopulati
867 1214 1011 1259 sunt.
1038 1204 1161 1262 Pari
1185 1210 1346 1259 modo
1376 1220 1530 1260 sacra
1557 1205 1888 1276 profanaque

293 1296 671 1365 pessumdata.
714 1293 931 1347 Nullum
977 1294 1173 1349 aetatis
1211 1301 1305 1347 aut
1356 1309 1517 1348 sexus
1545 1294 1567 1325 ⁸
1595 1293 1889 1349 discrimen

293 1388 379 1441 ira
410 1386 587 1441 hostis
610 1384 831 1448 fecerat,
851 1393 911 1439 ut
926 1376 1140 1454 liquido
1162 1394 1466 1455 appareret,
1488 1401 1582 1440 eos
1609 1401 1714 1440 non
1737 1401 1891 1456 prae-

297 1476 506 1540 dandi,
537 1474 635 1529 sed
664 1475 923 1529 ultionem
948 1475 968 1506 "
999 1474 1288 1529 exercendi
1330 1478 1504 1545 gratia
1552 1475 1888 1530 Francorum

296 1568 568 1633 terminos
592 1567 865 1621 introisse.
896 1564 1061 1620 Cuius
1086 1566 1164 1620 rei
1192 1567 1447 1620 nuncium
1478 1581 1601 1621 cum
1632 1580 1724 1620 rex
1749 1566 1890 1635 apud

295 1657 722 1713 Autesiodorum
767 1657 788 1689 ³
828 1658 1101 1713 civitatem
1169 1660 1498 1729 accepisset,
1562 1660 1835 1729 extemplo
1866 1660 1887 1690 ⁹

296 1749 548 1805 Francos
571 1748 860 1804 orientales
894 1749 935 1780 ¹⁰
965 1757 1125 1819 atque
1148 1750 1480 1807 Alamannos
1506 1752 1547 1783 ¹¹
1570 1752 1637 1806 ad
1665 1751 1889 1823 propul-

1391 346 1535 402 CUM
1574 346 2174 405 LACRISSENSIBUS
2211 349 2526 406 COLLATI.

1909 464 1961 519 Α

3466 361 3572 415 410

2440 477 2678 518 ΑΝΝΑιι-ῑε
2718 480 3117 521 ιλυκιεειςκεεε.

1986 564 2110 603 nem
2144 551 2161 581 ⁸
2204 552 2502 621 supradicti
2550 552 2858 611 Widokindi
2897 558 2917 588 ³
2951 556 3037 612 vel
3067 557 3089 588 ³
3135 558 3407 613 sociorum
3453 561 3573 615 eius

1987 643 2283 697 secundum
2332 646 2777 701 consuetudinem
2840 649 3039 703 malam
3085 649 3282 704 iterum
3329 651 3573 708 rebellati

1986 741 2113 786 sunt
2139 731 2182 798 ⁸,
2204 741 2259 787 et
2296 736 2599 789 nuntiatum
2643 746 2727 791 est
2759 739 2861 793 hoc
2884 740 2905 770 ⁸
2952 742 3151 796 domno
3179 758 3305 813 rege
3327 742 3348 773 ⁸
3377 742 3574 800 Carolo

1987 822 2053 877 ad
2066 821 2509 880 Autosiodorum"
2526 827 2821 882 civitatem.
2840 829 2993 884 Tunc
3010 834 3323 901 praedictus
3335 835 3567 891 domnus

1986 927 2081 967 rex
2107 915 2326 971 mittens
2371 932 2585 971 scaram
2611 917 2632 949 ⁸
2666 917 3033 984 Franciscam,
3068 932 3129 977 ut
3154 926 3256 978 sub
3280 925 3571 981 velocitate

1987 1000 2272 1058 festinaret
2294 1006 2361 1059 ad
2383 1007 2716 1063 resistendos
2742 1010 3086 1079 supradictos
3108 1011 3352 1068 Saxones
3384 1013 3407 1045 ’
3433 1033 3445 1067 :
3476 1014 3575 1070 sed

1987 1090 2063 1145 illi
2091 1091 2316 1148 rebelles
2345 1094 2411 1148 ad
2451 1094 2662 1150 Renum
2700 1112 2871 1166 usque
2924 1100 3186 1156 Diviciam
3223 1102 3265 1133 ⁸ο
3317 1117 3579 1173 pervene-

1988 1193 2157 1250 runt,
2212 1194 2341 1241 tunc
2388 1189 2715 1257 praedantes
2753 1205 2912 1245 secus
2942 1193 3153 1247 Renum
3192 1195 3255 1258 ¹¹,
3288 1203 3342 1249 et
3374 1196 3578 1251 multas

1989 1277 2227 1333 malitias
2256 1278 2537 1345 facientes,
2569 1283 2831 1338 ecclesias
2853 1284 2948 1338 Dei
2979 1285 3325 1340 incendentes
3356 1285 3411 1339 in
3452 1301 3577 1341 san-

1989 1367 2403 1423 ctemonialibus
2428 1369 2494 1433 ",
2520 1377 2567 1422 et
2602 1371 2745 1438 quod
2788 1369 3064 1425 fastidium
3095 1380 3318 1441 generat
3354 1386 3579 1428 enume-

1991 1458 2146 1513 randi
2176 1458 2239 1511 ".
2281 1459 2502 1514 Etcum
2538 1460 2583 1491 ¹⁶
2610 1461 2792 1516 subito
2836 1462 3119 1516 audientes
3158 1463 3224 1517 de
3266 1464 3577 1518 reversione

1991 1549 2173 1604 domui
2201 1548 2377 1604 Caroli
2402 1551 2567 1620 regis,
2594 1560 2650 1605 et
2672 1552 2739 1606 de
2761 1567 2915 1606 scara
2947 1553 3065 1607 eius
3090 1569 3253 1622 quam
3294 1554 3443 1608 misit
3476 1555 3576 1609 ob-

1989 1640 2133 1694 viam
2158 1640 2204 1671 ¹⁹
2225 1640 2351 1705 illis,
2383 1648 2511 1695 tunc
2532 1656 2563 1694 a
2588 1640 2896 1697 Saxonibus
2915 1643 3138 1697 dimisso
3169 1642 3342 1708 Reno,
3372 1643 3578 1697 reversi

1993 1738 2119 1785 sunt
2144 1746 2247 1800 per
2273 1730 2546 1801 Logenehi
2578 1731 2622 1762 ³⁸
2653 1741 2676 1770 ο
2702 1731 2947 1801 partibus
2977 1732 3017 1762 ¹⁷
3048 1730 3346 1796 Saxoniae,
3380 1739 3437 1786 et
3465 1746 3581 1786 sca—

295 1838 534 1894 sandum
562 1839 772 1893 hostem
808 1839 1066 1894 festinare
1093 1840 1270 1895 iussit;
1299 1840 1415 1911 Ipse
1450 1842 1683 1896 caeteris
1717 1821 1886 1912 copiis

1992 1837 2086 1876 rae
2115 1822 2157 1853 ³⁸
2184 1821 2516 1877 Francorum
2543 1836 2650 1875 non
2676 1821 2718 1852 “
2746 1829 3103 1876 occurrerunt
3126 1822 3340 1875 obviam
3358 1823 3459 1885 eis,
3479 1822 3576 1877 sed

294 1930 564 1996 dimissis,
589 1929 958 1985 Heristallium
987 1932 1030 1962 ¹²
1054 1931 1256 1997 villam,
1277 1932 1331 1986 in
1367 1948 1472 2002 qua
1496 1933 1737 1988 hiemare
1759 1948 1888 1989 con-

293 2022 554 2076 stituerat
586 2020 652 2086 ¹⁸,
682 2020 850 2076 venit.
875 2021 945 2075 At
964 2021 1163 2077 Franci
1190 2031 1248 2077 et
1273 2023 1318 2053 “
1340 2022 1623 2078 Alamanni
1649 2025 1741 2094 qui
1763 2040 1889 2080 con-

294 2117 378 2164 tra
426 2109 673 2165 Saxones
703 2112 853 2166 missi
893 2121 1081 2177 erant,
1122 2114 1332 2183 magnis
1378 2114 1668 2170 itineribus
1695 2114 1763 2169 ad
1793 2130 1887 2170 eos

295 2199 377 2253 ire
402 2202 783 2266 contendunt,
809 2202 854 2256 si
895 2201 1034 2257 forte
1076 2204 1128 2257 in
1162 2204 1357 2259 finibus
1382 2207 1495 2260 suis
1523 2222 1617 2260 eos
1644 2206 1888 2261 invenire

294 2301 544 2362 possent.
580 2292 687 2348 Sed
712 2294 807 2360 illi,
840 2295 945 2348 iam
979 2311 1039 2349 re
1067 2306 1323 2364 peracta,
1365 2300 1778 2354 revertebantur
1819 2299 1888 2355 ad

291 2398 419 2438 sua.
472 2383 712 2450 Quorum
743 2385 967 2455 vestigia
996 2388 1211 2455 sequuti
1237 2389 1328 2457 qui
1364 2404 1396 2443 a
1436 2404 1562 2458 rege
1590 2391 1740 2446 missi
1767 2391 1884 2446 fue-

292 2487 456 2542 runt,
487 2478 541 2530 in
563 2492 702 2546 pago
726 2476 1037 2533 Hassiorum
1065 2495 1227 2550 super
1253 2479 1469 2535 ﬂuvium
1492 2482 1761 2536 Adernam
1785 2484 1889 2539 iter

288 2574 533 2639 agentes
559 2569 881 2623 invenerunt
908 2568 971 2634 η,
999 2584 1199 2639 eosque
1224 2571 1404 2624 statim
1432 2573 1484 2625 in
1508 2573 1625 2641 ipso
1653 2572 1888 2627 ﬂuminis

286 2663 446 2716 vado
475 2661 674 2729 adorti,
702 2671 849 2717 tanta
878 2672 1057 2735 strage
1083 2664 1396 2720 ceciderunt
1426 2665 1488 2731 ¹⁶,
1516 2673 1657 2720 utex
1684 2665 1887 2735 ingenti

292 2754 654 2809 multitudine
697 2754 937 2823 ipsorum
966 2755 1053 2808 vix
1100 2756 1257 2825 pauci
1298 2756 1514 2811 domum
1559 2755 1811 2828 fugiendo
1841 2757 1883 2788 ¹⁷

294 2843 622 2914 pervenisse
649 2844 916 2899 dicantur.

897 2934 1246 2992 DCCLXXIX
1265 2975 1281 2990 .

365 3030 445 3084 At
481 3044 579 3084 rex
599 3028 665 3083 de
691 3027 1022 3094 Heristallio,
1045 3029 1138 3083 ubi
1172 3029 1506 3085 hiemaverat
1557 3038 1612 3084 et
1647 3030 1737 3085 ubi
1784 3046 1884 3084 na-

296 3122 465 3175 talem
493 3119 706 3175 Domini
731 3134 795 3173 ac
819 3116 1066 3176 san'ctum
1090 3120 1292 3190 pascha
1330 3120 1721 3186 celebraverat,
1771 3122 1885 3190 pri-

295 3223 383 3261 ma
404 3206 557 3260 veris
594 3205 855 3281 temperie
875 3219 1119 3270 movens,
1142 3204 1530 3281 Compendium
1560 3206 1588 3244 δ
1617 3204 1784 3259 venit.
1818 3206 1886 3262 Et
1912 3191 1956 3254 C

297 3313 424 3353 cum
456 3296 602 3361 inde,
648 3278 869 3366 peracto
910 3303 1134 3365 propter
1185 3295 1328 3365 quod
1380 3278 1603 3350 venerat
1644 3296 1881 3365 negotio,

196 3395 200 3400 '
297 3387 616 3444 revertisset
641 3385 686 3417 ¹⁸
712 3426 727 3453 ,
755 3386 992 3441 occurrit
1020 3386 1070 3440 ei
1112 3384 1494 3441 Hildibrandus
1525 3385 1567 3415 ¹⁹
1594 3386 1702 3440 dux
1748 3385 1888 3457 Spo—

297 3477 490 3532 litinus
512 3477 557 3506 ‘°
582 3491 705 3530 cum
726 3472 935 3546 magnis
963 3476 1275 3531 muneribus
1319 3475 1375 3528 in
1420 3475 1547 3530 villa
1594 3475 1887 3531 Wircinia-

299 3589 360 3627 co
386 3573 438 3603 ¹¹
470 3583 517 3625 ο.
551 3570 723 3638 Quem
745 3577 801 3624 et
821 3569 1051 3638 benigne
1080 3569 1126 3598 "
1152 3568 1473 3637 suscepit",
1493 3576 1547 3624 et
1568 3570 1886 3626 muneribus

299 3664 561 3719 donatum
596 3662 649 3716 in
671 3660 926 3714 ducatum
954 3676 1109 3715 suum
1152 3660 1380 3713 remisit.
1425 3660 1543 3729 Ipse
1591 3661 1772 3716 animo
1817 3663 1887 3716 ad

300 3750 632 3806 Saxonicam
649 3748 1041 3818 expeditionem
1070 3748 1294 3811 intento,
1331 3747 1556 3801 Dnriam
1584 3749 1753 3814 venit,
1786 3748 1887 3803 ha-

298 3844 527 3912 bitoque
547 3842 695 3894 iuxta
725 3854 933 3895 morem
980 3837 1219 3910 generali
1274 3847 1562 3903 conventu,
1634 3837 1883 3893 Rhenum

302 3936 353 3989 in
382 3950 454 3990 eo
483 3934 604 3989 loco
638 3933 728 4003 qui
762 3932 1058 4001 Lippeham
1096 3930 1143 3961 ’⁸
1169 3929 1196 3969 ἀ
1236 3938 1485 3995 vocatur,
1549 3945 1672 3984 cum
1730 3944 1888 3984 exer-

665 4038 1059 4096 VARIANTES
1095 4037 1477 4093 LECTIONES

372 4136 389 4168 ι
422 4131 719 4213 accepti}.
847 4129 900 4183 4.
931 4129 985 4183 5.
1130 4127 1539 4213 accepti‘dolor
1583 4128 1636 4182 7.
1679 4132 1887 4213 accepti

303 4197 611 4259 recordatio
644 4200 720 4253 5?
766 4201 834 4265 9;
877 4216 993 4253 cum
1022 4199 1117 4252 hoc
1146 4197 1258 4251 loco
1283 4198 1655 4252 substantivum
1685 4197 1890 4254 deside-

306 4283 468 4336 retur,
530 4272 731 4324 reiectis
789 4270 1028 4323 codicum
1074 4267 1127 4320 7.
1170 4276 1219 4321 et
1246 4268 1309 4339 9.Δ
1331 4268 1669 4335 coniecturis,
1710 4285 1889 4339 una;o

306 4341 479 4396 littera
524 4340 707 4394 addita
755 4355 963 4394 sensum
1028 4336 1400 4391 restituendum
1455 4338 1653 4392 censui.
1751 4340 1771 4370 ²
1827 4336 1893 4396 in

307 4410 551 4480 inspania
593 4411 647 4480 2.
782 4409 977 4480 {nacti
1006 4407 1171 4480 5_-_10_.
1225 4476 1247 4480 _
1274 4407 1296 4438 ⁸
1325 4407 1501 4480 diucia
1529 4407 1584 4480 6.
1617 4409 1794 4463 duicia
1829 4413 1886 4464 5.

300 4482 353 4537 9.
390 4476 565 4539 duitia
607 4479 659 4534 7.
737 4480 758 4511 ⁸
798 4478 1000 4534 ﬂuenta
1026 4478 1101 4531 '5?
1138 4478 1192 4533 9.
1216 4476 1412 4531 ﬂumen
1438 4478 1488 4531 7.
1566 4477 1587 4509 ⁸
1612 4493 1773 4534 sexus
1793 4494 1890 4534 seu

302 4565 586 4610 sacrarum
632 4548 901 4620 virginum
955 4547 1006 4600 7.
1103 4548 1123 4578 ⁷
1173 4546 1391 4602 ultionis
1438 4550 1774 4604 exercendae
1829 4551 1882 4605 9.

307 4620 327 4651 '
363 4620 766 4675 antesiodorum
798 4621 849 4673 1.
883 4619 936 4673 9.
986 4617 1369 4671 antisiodorum
1421 4616 1474 4670 4.
1523 4617 1575 4671 5.
1625 4618 1678 4673 6.
1729 4626 1882 4674 ante-

309 4689 567 4744 f‘oderum
606 4690 657 4743 5.
707 4689 1106 4744 altissiodorum
1152 4686 1203 4739 7.
1280 4686 1301 4717 ’
1333 4687 1578 4754 exemplo
1608 4691 1656 4744 1.
1690 4690 1884 4743 extim-

331 4759 392 4814 -lo
420 4760 473 4813 4.
507 4760 559 4815 5.
591 4760 644 4814 6.
774 4760 816 4791 ¹⁰
853 4774 934 4813 or.
968 4757 1036 4811 fr.
1072 4756 1124 4810 4.
1162 4755 1216 4809 5.
1254 4756 1306 4809 6.
1412 4757 1453 4788 ¹¹
1484 4756 1799 4814 alemannos
1829 4759 1881 4814 7.

347 4869 359 4882 .
440 4831 482 4862 ¹¹
513 4830 872 4885 haristallium
911 4829 964 4884 5.
989 4827 1041 4899 9.
1072 4827 1494 4899 itu_constanter.
1558 4827 1616 4899 f3
1663 4828 1886 4899 hyema-

308 4908 389 4954 ret
421 4901 480 4955 9.
556 4901 601 4932 “
633 4908 807 4971 atque
828 4900 879 4954 9.
910 4913 973 4971 a_c
997 4896 1174 4971 6.__‘_'
1203 4896 1601 4971 repererunt9.
1634 4896 1886 4967 reppere-

310 4979 433 5024 runt
456 4971 511 5025 5.
592 4970 635 5002 ¹⁶
662 4965 907 5025 cecidere
936 4968 987 5021 7.
1066 4966 1110 4999 ¹⁷
1139 4965 1338 5021 fuendo
1366 4965 1417 5018 1.
1495 4966 1538 4999 ³⁸
1586 4965 1885 5023 revertere-

311 5045 397 5093 tur
421 5040 489 5094 5?
526 5039 579 5096 9.
658 5040 700 5072 υ
738 5037 1124 5094 hildebrandus
1148 5037 1202 5091 2.
1253 5036 1305 5089 5.
1348 5035 1400 5090 6.
1434 5036 1486 5089 7.
1517 5036 1569 5091 9.
1600 5036 1884 5093 hiltibran-

310 5107 408 5181 glus
462 5109 516 5164 5.
578 5180 583 5181 ί
628 5111 673 5143 ’⁸
709 5110 1020 5181 spoletanus
1079 5108 1132 5181 5.
1164 5107 1217 5181 5.
1275 5105 1326 5181 7_.
1370 5106 1431 5181 _9.
1480 5106 1781 5181 spoljtanus
1827 5107 1880 5162 6.

309 5178 349 5208 "
385 5180 690 5237 wirtiniaco
709 5176 764 5235 5'.
840 5181 885 5211 “
910 5193 1067 5248 quem
1093 5176 1475 5248 benignissime
1497 5176 1550 5248 5.
1586 5177 1638 5248 9.
1717 5179 1763 5209 "
1795 5194 1883 5248 re-

310 5251 450 5371 fepit
473 5252 531 5376 35.
557 5251 614 5377 9(ξ
673 5251 756 5375 7“
782 5246 1031 5322 lippehan
1081 5247 1135 5302 2.
1195 5246 1447 5317 lipphean
1494 5247 1546 5302 5.
1583 5247 1803 5318 lippiam
1826 5247 1880 5302 4.

331 5336 470 5377 IDDla
536 5362 549 5375 .
621 5362 634 5375 .
711 5360 727 5376 .

331 5336 470 5392 ippta
497 5336 549 5376 5.
581 5336 634 5377 ts.
675 5336 727 5376 'l.

1988 1913 2274 1983 vestigium
2297 1927 2487 1967 eorum
2517 1912 2562 1942 ’°
2586 1913 2941 1967 observantes
2964 1952 2978 1977 ,
3026 1912 3303 1967 consecuti
3330 1921 3457 1967 sunt
3483 1927 3579 1967 eos

1988 2018 2152 2072 super
2192 2002 2458 2068 ﬂuvium,
2503 2002 2658 2056 cuius
2703 2001 3023 2057 vocabulum
3053 2014 3139 2056 est
3176 2001 3394 2056 Adarna
3426 2003 3493 2067 “,
3522 2003 3579 2058 in

1987 2094 2108 2150 loco
2151 2094 2243 2163 qui
2284 2094 2480 2148 dicitur
2508 2094 2687 2148 Lihesi
2712 2095 2756 2125 ¹²
2794 2092 2837 2147 τ.
2892 2092 2968 2148 lbi
3002 2108 3181 2165 pugna
3205 2094 3252 2125 ⁸³
3282 2095 3495 2165 incepta
3523 2104 3580 2150 et

1990 2187 2147 2242 valde
2172 2185 2221 2217 ³⁸
2245 2187 2384 2241 bene
2410 2185 2581 2252 ﬁnita,
2609 2186 2905 2241 auxiliante
2926 2185 3157 2240 Domino
3183 2186 3382 2241 Franci
3411 2187 3579 2240 victo-

1989 2292 2080 2333 res
2107 2277 2434 2342 extiterunt;
2490 2285 2546 2330 et
2580 2276 2871 2331 multitudo
2912 2274 3189 2330 Saxonum
3220 2277 3294 2331 ibi
3316 2276 3501 2331 occisi
3530 2276 3579 2307 ⁸⁵

1988 2378 2149 2436 sunt,
2198 2377 2253 2424 et
2298 2368 2566 2440 fugientes
2595 2369 2641 2400 ²⁶
2670 2384 2794 2423 cum
2824 2384 3021 2440 magno
3058 2368 3389 2424 contumelio
3413 2368 3457 2399 "
3490 2383 3575 2423 re-

1987 2462 2130 2517 versi
2190 2469 2315 2516 sunt
2366 2460 2662 2515 Saxoniam
2702 2460 2770 2513 ".
2825 2460 2894 2514 Et
2953 2459 3283 2515 caelebravit
3329 2456 3580 2528 supradi-

1987 2561 2106 2608 ctus
2146 2552 2192 2583 ”
2232 2551 2683 2607 clementissimus
2730 2566 2826 2605 rex
2853 2550 3092 2604 natalem
3120 2547 3334 2603 Domini
3365 2548 3420 2601 in
3447 2546 3577 2601 villa

1988 2658 2125 2713 quae
2158 2643 2354 2698 dicitur
2401 2641 2446 2673 ⁸⁸
2496 2640 2803 2696 Haristallio
2850 2640 2919 2706 ³⁸,
2972 2649 3029 2695 et
3064 2640 3266 2710 pascha
3292 2638 3566 2694 similiter.

1988 2732 2060 2787 Et
2077 2732 2369 2786 inmutavit
2397 2745 2456 2786 se
2480 2745 2737 2785 numerus
2758 2745 3024 2783 annorum
3055 2730 3110 2783 in

2599 2952 2946 3009 DCCLXXIX
2957 2992 2972 3007 .

2062 3045 2214 3101 Tunc
2240 3044 2467 3099 domnus
2492 3042 2715 3098 Carolus
2759 3059 2857 3099 rex
2902 3045 3007 3098 iter
3045 3058 3308 3114 peragens
3333 3045 3578 3114 partibus

1989 3137 2262 3192 Ninstriae
2288 3138 2357 3203 ³⁸,
2387 3144 2443 3192 et
2476 3137 2522 3169 ³³
2556 3138 2803 3208 pervenit
2830 3137 2877 3168 ³⁸
2905 3153 3075 3207 usque
3102 3138 3156 3192 in
3193 3137 3317 3191 villa
3348 3138 3395 3169 ³⁸
3437 3154 3578 3208 quae

1989 3230 2188 3284 dicitur
2256 3227 2568 3298 Conpendio
2600 3228 2676 3295 ³⁸;
2718 3236 2778 3284 et
2824 3237 2953 3284 tunc
2999 3230 3197 3283 iterum
3252 3228 3578 3284 revertendo

1985 3320 2233 3390 partibus
2257 3320 2300 3351 ⁸⁷
2326 3318 2598 3385 Austriae,
2637 3319 2831 3375 obtulit
2866 3336 2925 3376 se
2965 3321 3359 3378 Hildebrandus
3392 3321 3436 3353 ³⁸
3467 3322 3573 3377 dux

2374 3428 2763 3485 VARIANTES
2796 3430 3200 3487 LECTIONES.

2060 3523 2077 3552 ί
2108 3522 2445 3578 suassioneut
2473 3521 2528 3575 2.
2606 3524 2627 3552 ³
2652 3519 2960 3580 vindekindi
2999 3524 3048 3576 1.
3094 3522 3382 3578 widokindi
3429 3540 3571 3577 corr.

1986 3590 2276 3662 widokingi
2308 3591 2658 3662 2.vvidokingi
2680 3593 2734 3645 5.
2762 3592 3057 3662 vvidukindi
3086 3591 3137 3644 4.
3156 3593 3485 3647 widochindi
3519 3593 3570 3645 5.

1985 3660 2295 3716 widichindi
2320 3661 2371 3714 6.
2388 3660 2737 3715 withochindi
2765 3661 2816 3714 7.
2834 3662 3162 3715 widechinni
3179 3662 3230 3716 9.
3247 3662 3574 3716 widochindi

1988 3730 2573 3785 10.ll.vvidikindi12.
2650 3731 3364 3785 'vv.etsociorumi.7.etc.
3440 3731 3575 3783 ‘re-

1986 3800 2327 3869 bcllaverunt
2360 3801 2409 3853 5.
2489 3800 2509 3830 ⁸
2537 3800 2639 3853 hoc
2685 3799 2825 3853 deest
2874 3799 2925 3853 5.
3078 3799 3099 3869 ἕ
3128 3799 3240 3869 regi
3271 3801 3322 3853 l.
3349 3799 3402 3852 5.
3435 3798 3487 3852 6.
3517 3799 3573 3853 7.

1987 3871 2007 3901 ⁷
2037 3868 2457 3923 annosiodorum
2518 3869 2568 3921 1.
2620 3869 3054 3921 authisiodorum
3088 3868 3139 3923 5.
3181 3868 3575 3923 autisiodorum

1988 3938 2040 3992 6.
2069 3939 2119 3991 7.
2146 3949 2250 3993 etc.
2368 3938 2390 3969 ⁸
2419 3953 2631 3992 scaram
2673 3937 2983 3991 francorum
3026 3938 3287 3992 velociter
3319 3948 3374 3991 et
3415 3937 3569 3992 festi-

1988 4018 2185 4062 nanter
2211 4007 2277 4061 ad
2306 4008 2666 4061 resistendum
2710 4007 3034 4077 supradictis
3074 4009 3368 4063 saxonibus
3412 4009 3477 4061 ad
3519 4007 3572 4061 1.

1986 4077 2009 4108 θ
2034 4077 2343 4131 francorum
2386 4086 2446 4131 ut
2472 4077 2570 4131 sub
2592 4076 2937 4131 festinatione
2956 4086 3201 4133 curreret
3222 4077 3288 4130 ad
3314 4077 3574 4132 resisten-

1990 4148 2116 4203 dum
2143 4147 2433 4217 saxonibus
2453 4189 2467 4212 ,
2517 4147 2610 4201 sed
2642 4147 2716 4201 illi
2748 4146 2974 4217 rebelles
3010 4155 3373 4217 pervenerunt
3405 4161 3577 4216 usque

1990 4218 2221 4273 diuciam
2242 4216 2295 4270 6.
2376 4217 2417 4248 ¹⁰
2441 4218 2656 4273 diucam
2682 4218 2731 4270 1.
2758 4216 3084 4272 όίυἱοὶιιῐηίὲ.
3101 4219 3153 4273 5.
3180 4217 3404 4272 diutiam
3429 4233 3568 4270 corr.

1991 4288 2195 4343 dutiam
2243 4288 2296 4343 5.
2342 4285 2577 4342 diuciam
2621 4286 2675 4341 6.
2707 4288 2982 4342 dureciam
3018 4287 3068 4341 7.
3108 4288 3332 4342 duitiam
3366 4287 3419 4343 8.
3456 4286 3576 4341 dui-

1992 4358 2125 4412 tium
2153 4358 2204 4412 9.
2244 4427 2256 4428 -
2286 4359 2548 4428 “arcuum
2590 4365 2888 4411 constanter
2912 4359 2966 4411 in
3008 4357 3273 4428 codicibus
3306 4373 3434 4428 quos
3466 4356 3575 4428 ipse

1992 4429 2194 4509 inspexi
2322 4426 2374 4480 5.
2419 4426 2471 4480 6.
2569 4428 2612 4457 ¹²
2639 4427 3154 4509 θεηοιῇιῃρηίειὶλὺυε
3181 4426 3419 4509 grassati
3473 4426 3572 4509 (et)

2032 4496 2137 4552 uod
2165 4499 2211 4550 1.
2246 4497 2298 4550 7.
2346 4510 2467 4550 cum
2501 4496 3001 4552 sanctimonialibus
3030 4496 3081 4550 9.
3181 4497 3225 4527 "
3252 4496 3574 4550 numerandi

2030 4606 2043 4619 .
2124 4568 2167 4598 ιδ
2194 4566 2329 4620 Tum
2376 4567 2553 4621 subito
2596 4568 2650 4619 7.
2729 4568 2775 4598 "
2802 4567 2939 4621 eius.
2976 4564 3118 4618 Misit
3148 4566 3362 4620 obviam
3393 4566 3447 4618 2.
3527 4564 3572 4596 “

1986 4635 2575 4708 longenhriiqloinahi
2599 4635 2917 4708 5.-loginahi
2945 4634 3010 4708 6.
3037 4634 3319 4708 longenehi
3345 4635 3422 4708 7._
3456 4631 3576 4708 Ion:

1988 4652 2270 4708 nongenan
2298 4652 2344 4689 ι.
2377 4652 2575 4690 romam
2599 4652 2651 4688 ο.
2682 4652 2917 4757 tofinam
2945 4652 2996 4688 ο.
3037 4652 3319 4702 tongenem
3354 4652 3398 4687 ι.
3456 4652 3575 4688 ion-

1986 4722 2120 4778 gene
2142 4709 2196 4778 8.
2233 4704 2622 4778 H.-lingon_em
2649 4706 2704 4778 9.
2757 4718 2927 4778 ogene
2950 4703 3037 4757 10.
3118 4705 3371 4778 "_par_t_es
3402 4703 3450 4778 1.
3526 4703 3575 4778 ξ’

1986 4771 2229 4857 gnara}.
2295 4771 2485 4857 .“_no'n.
2506 4776 2648 4857 dces!
2680 4771 2855 4857 9.“?
2880 4774 3117 4857 ipsorum
3154 4771 3252 4857 1ῖή
3281 4773 3326 4803 ⁸³
3349 4771 3577 4857 aLdarnia

1987 4845 2040 4899 7.
2116 4848 2162 4878 “
2195 4846 2312 4901 liesi
2352 4846 2404 4901 5.
2450 4846 2585 4901 liesu
2608 4844 2662 4900 6.
2736 4844 2782 4875 ”
2813 4843 2872 4898 Ι..
2903 4841 2959 4897 in
2996 4858 3174 4914 pugna
3219 4841 3274 4914 2..
3349 4841 3577 4914 {valde

1986 4917 2127 4972 deest
2156 4915 2209 4971 6.
2245 4986 2280 4993 __
2304 4916 2351 4947 "
2370 4918 2548 4972 occisa
2572 4924 2630 4993 et
2662 4914 2854 4985 reliqui
2878 4914 2929 4968 1.
2996 4912 3158 4993 f“‘e_t
3183 4912 3375 4993 reliqui
3400 4912 3492 4993 7._
3523 4912 3574 4993 ξτ

1987 4986 2316 5041 contumelia
2343 5001 2540 5055 magna
2571 4984 2628 5040 5.
2664 4981 2859 5055 magna
2883 4983 3153 5055 contumel
3179 5000 3209 5036 a
3230 4981 3368 5055 4.76.
3446 4981 3493 5055 ξε
3521 4981 3575 5034 in

1991 5056 2273 5111 saxoniam
2343 5050 2549 5111 revérsi
2596 5063 2723 5109 sunt
2760 5050 2818 5107 1.
2936 5053 2982 5085 ¹⁹
3047 5050 3576 5122 supradictusdeest

1993 5124 2043 5180 7.
2156 5125 2200 5157 '°
2255 5125 2379 5179 villa
2414 5139 2552 5194 quae
2583 5125 2780 5180 dicitur
2821 5124 2960 5179 deest
2991 5122 3058 5194 6.Δ
3100 5120 3495 5194 διᾼΙιειοῇξιεΙιιίρ
3522 5120 3573 5173 1.

1992 5195 2038 5227 ³⁸
2066 5195 2342 5251 neustriae
2371 5190 2710 5249 7.'niustriae
2732 5210 2868 5248 corr.
2893 5192 3131 5250 austriae
3153 5190 3204 5244 6.
3281 5191 3328 5221 ⁸³
3356 5198 3411 5244 et
3429 5190 3575 5248 deest

1991 5266 2043 5321 6.
2076 5267 2128 5320 7.
2204 5265 2251 5296 “
2276 5273 2639 5336 pervenerunt
2663 5263 2718 5318 in
2742 5264 2793 5317 1.
2870 5263 2918 5336 ’f
2947 5259 3202 5336 villam_5__.
3357 5259 3575 5336 “com-

1988 5337 2243 5406 pendium
2277 5328 2343 5389 ’1.
2443 5335 2486 5366 ⁸⁷
2527 5349 2624 5404 per
2667 5341 2848 5403 partes
2896 5334 2945 5387 1.
3053 5330 3099 5361 ³⁸
3125 5329 3485 5385 hiltibrandus
3516 5328 3575 5396 6,

1820 5451 2023 5509 NOTAE

381 5557 405 5585 ι
436 5544 596 5600 Duits
618 5552 806 5600 contra
835 5544 1132 5601 Coloniam.

384 5625 410 5696 If
436 5614 771 5696 gompiégne.

385 5695 407 5723 ε
439 5680 587 5757 Situs
611 5680 849 5757 eiusnee
877 5680 1099 5757 Valesig
1116 5697 1215 5757 nec
1237 5681 1880 5757 Bouqueto_exploratu_s;

318 5755 455 5823 quod
483 5756 529 5812 si
550 5751 655 5811 non
683 5754 1024 5821 Virisiacum,
1060 5751 1241 5823 Veriy,
1290 5751 1457 5821 prope
1505 5751 1741 5810 Rhemos
1786 5754 1875 5819 sit,

1991 5551 2139 5600 certe
2162 5544 2217 5599 in
2245 5543 2441 5612 itinere
2468 5541 2801 5612 Compendio
2842 5540 3066 5612 Duriam
3107 5536 3477 5611 qurerendum.

2060 5614 2086 5654 ἀ
2118 5614 2177 5669 ln
2205 5611 2509 5669 conﬂuente
2543 5610 2838 5682 Lippiaeet
2853 5610 3049 5666 Rheni.

2068 5696 2090 5722 ο
2117 5684 2293 5753 Pagus
2321 5684 2391 5738 ad
2418 5679 2713 5753 Loganam,
2742 5679 3018 5753 Lahngatt.

2064 5754 2080 5793 ί
2116 5748 2277 5809 Poeta
2308 5753 2453 5808 Saxo
2481 5748 2548 5808 a'd
2576 5753 2717 5807 hunc
2746 5748 2945 5806 annuin
2977 5748 3275 5805 Battenfeld
3303 5755 3483 5805 vocat.
