3988 6178
398 315 497 370 lli

855 435 1090 478 ANNALES
1129 431 1531 473 LAURISSENSES.

397 514 726 586 Spolittnus‘
771 527 895 568 cum
947 509 1117 564 multa
1144 522 1365 562 munera
1396 507 1416 536 ¹
1470 506 1522 560 in
1548 503 1919 574 praesenciam
1948 499 1967 530 ³

396 608 690 679 supradicti
719 605 900 675 magni
932 592 1094 673 regis,
1126 601 1180 654 in
1209 599 1336 653 villa
1384 598 1476 667 qui
1509 597 1528 628 ‘
1556 604 1780 652 vocatur
1803 593 1974 649 Virci-

396 698 611 752 niacum
639 697 680 761 ⁸,
723 703 779 750 et
817 694 919 748 fuit
971 692 1192 748 sinodus
1227 691 1280 745 in
1335 690 1460 743 villa
1515 696 1917 758 nuncupantem
1951 685 1970 716 ⁸

396 791 594 856 Duria,
633 799 689 843 et
745 788 849 843 iter
895 793 1048 840 actus
1076 793 1159 840 est
1187 785 1206 814 ⁷
1238 784 1294 837 in
1333 783 1355 814 ⁸
1393 782 1639 852 partibus
1683 778 1968 834 Saxoniae.

395 881 477 934 Ad
521 879 820 948 Lippeham
879 876 900 908 ’
954 875 1216 930 transitur
1268 875 1308 905 ¹⁰
1360 874 1545 929 Renus
1600 871 1791 927 ﬂuvius
1821 872 1884 937 “,
1919 877 1974 926 et

395 971 640 1024 Saxones
679 967 970 1024 voluerunt
1015 966 1269 1020 resistere
1311 965 1364 1019 in
1409 964 1527 1019 loco
1565 963 1657 1032 qui
1697 964 1739 992 ¹²
1774 962 1975 1016 dicitur

393 1058 623 1132 Bohholt
652 1058 694 1088 “
722 1070 770 1110 ι.
795 1055 1106 1110 Auxiliaute
1134 1053 1379 1116 Domino,
1405 1067 1510 1106 non
1535 1050 1970 1121 praevaluerunt,

395 1150 492 1205 sed
537 1148 733 1205 abinde
764 1147 1062 1217 fugientes,
1097 1144 1432 1212 reliquerunt
1466 1157 1656 1196 omnes
1686 1140 1975 1195 firmitates

394 1255 602 1304 eorum,
631 1246 686 1292 et
713 1237 936 1292 Francis
960 1241 1146 1305 aperta
1184 1241 1270 1286 est
1292 1232 1412 1297 via,
1459 1239 1512 1286 et
1549 1232 1884 1286 introeuntes
1919 1231 1973 1285 in

399 1327 724 1384 Westfalaos
755 1326 819 1392 ιδ,
846 1335 902 1380 et
924 1326 967 1356 ¹⁵
991 1322 1412 1392 conquesicrunt
1435 1320 1479 1350 ¹⁶
1505 1335 1599 1375 eos
1623 1334 1830 1375 omnes.
1862 1319 1973 1374 Re-

396 1417 527 1486 liqui
560 1419 599 1448 "
627 1417 720 1485 qui
763 1415 904 1469 ultra
938 1413 1148 1468 Wisora
1179 1412 1220 1442 ¹⁸
1251 1410 1471 1466 fuerunt
1495 1411 1563 1478 “,
1589 1426 1712 1466 cum
1749 1425 1807 1465 se
1849 1411 1972 1465 iun-

399 1509 566 1563 xisset
593 1507 822 1562 domnus
849 1505 1072 1560 Carolus
1104 1519 1197 1558 rex
1223 1504 1289 1558 ad
1316 1503 1491 1558 locum
1519 1504 1610 1572 qui
1638 1504 1836 1558 dicitur
1861 1503 1972 1558 Me-

395 1598 580 1654 dofulli
615 1598 659 1628 ¹⁰
684 1598 734 1662 ι),
767 1597 840 1651 ibi
865 1595 1130 1651 dederunt
1161 1594 1398 1658 obsides,
1427 1602 1482 1648 et
1509 1594 1684 1648 denuo
1716 1595 1759 1624 ’ί
1788 1609 1974 1648 sacra-

395 1697 575 1745 menta
601 1689 919 1754 firmantes;
957 1696 1012 1742 et
1046 1696 1178 1742 tunc
1207 1687 1250 1716 ²¹
1281 1702 1531 1742 reversus
1554 1694 1638 1741 est
1672 1687 1973 1756 suprascri-

393 1788 518 1849 ptus
543 1778 808 1848 gloriosus
839 1793 931 1832 rex
960 1778 1013 1831 in
1045 1777 1274 1832 Francia
1298 1778 1364 1830 ’³.
1398 1779 1464 1832 Et
1493 1777 1790 1834 celebravit
1818 1784 1975 1831 nata-
2006 1766 2052 1824 Β

398 1870 501 1923 lem
529 1869 742 1923 Domini
782 1869 836 1922 in
881 1867 1239 1923 Wormatiam
1275 1867 1547 1922 civitatem
1579 1869 1656 1933 “,
1696 1877 1750 1922 et
1774 1868 1976 1938 pascha

396 1959 664 2015 similiter.
690 1960 757 2014 Et
785 1960 1071 2014 inmutavit
1096 1974 1153 2013 se
1177 1973 1434 2015 numerus
1456 1974 1721 2014 annorum
1751 1960 1808 2013 in

1027 2048 1375 2105 DCCLXXX.

471 2141 622 2196 Tunc
647 2140 874 2197 domnus
897 2137 1120 2195 Carolus
1149 2153 1244 2194 rex
1273 2138 1378 2193 iter
1404 2152 1667 2208 peragens
1697 2137 1764 2191 ad
1797 2135 1976 2206 dispo-

399 2232 629 2286 nendam
675 2229 963 2286 Saxoniam
987 2270 1002 2296 ,
1045 2229 1113 2292 ad
1157 2229 1559 2300 Aeresburgum
1603 2227 1876 2298 pervenit,
1923 2235 1978 2282 et

401 2324 525 2378 inde
553 2321 619 2376 ad
641 2320 822 2376 locum
843 2319 930 2375 ubi
954 2320 1142 2390 Lippia
1181 2319 1486 2390 consurgit,
1518 2318 1699 2386 ibique
1725 2316 1974 2372 sinodum

398 2426 608 2480 tenens,
635 2415 759 2470 inde
785 2415 890 2470 iter
922 2429 1186 2485 peragens
1225 2413 1470 2484 partibus
1497 2411 1684 2467 Albiae
1721 2409 1891 2474 ﬂuvii,
1921 2417 1977 2464 et

397 2508 452 2561 in
485 2507 602 2578 ipso
645 2505 839 2561 itinere
864 2519 1052 2560 omnes
1095 2504 1575 2573 Bardongauenses
1600 2502 1646 2532 "
1677 2512 1697 2540 ο
1735 2509 1790 2555 et
1819 2499 1976 2555 multi

399 2599 466 2652 de
489 2595 778 2656 Nordleudi
803 2595 848 2626 "‘
878 2594 905 2635 ἀ
933 2594 1191 2665 baptizati
1227 2601 1354 2649 sunt
1393 2593 1446 2647 in
1482 2593 1600 2648 loco
1642 2592 1734 2662 qui
1779 2591 1977 2648 dicitur

398 2691 623 2746 Orhaim
650 2690 692 2721 ’⁷
714 2730 728 2754 ,
765 2688 907 2743 ultra
947 2687 1159 2744 Obacro
1196 2685 1377 2740 ﬂuvio.
1409 2685 1478 2739 Et
1515 2684 1763 2755 pervenit
1805 2698 1978 2754 usque

399 2780 467 2834 ad
500 2779 870 2849 supradictum
897 2776 1140 2841 ﬂuvium,
1168 2776 1258 2830 ubi
1285 2775 1391 2830 Ora
1420 2774 1466 2807 ³⁸
1504 2786 1526 2814 θ
1553 2773 1776 2830 conﬂuit
1803 2774 1858 2828 in
1887 2773 1978 2826 Al-

399 2869 487 2923 bia
513 2869 591 2935 ",
640 2868 712 2923 ibi
739 2868 1027 2936 omniaque
1061 2867 1105 2897 ³⁰
1137 2866 1424 2934 disponens
1459 2865 1502 2896 “
1547 2873 1657 2918 tam
1686 2863 1978 2918 Saxoniam

398 2977 561 3030 quam
587 2969 641 3015 et
683 2959 903 3015 Sclavos
932 2959 1006 3022 ³⁸,
1057 2967 1112 3012 et
1143 2957 1187 2988 ³³
1218 2973 1469 3012 reversus
1511 2965 1595 3011 est
1637 2955 1978 3024 Supradictus

392 3049 703 3121 praeclarus
731 3063 825 3105 rex
860 3051 913 3104 in
945 3047 1172 3103 Francia
1204 3047 1270 3101 ³⁵⁸.
1304 3047 1454 3102 Tunc
1485 3057 1700 3115 sumpto
1727 3045 1970 3111 consilio,

394 3150 454 3194 ut
477 3141 580 3194 iter
601 3154 865 3211 peragens
879 3140 1198 3194 "orationis
1219 3153 1413 3194 causae
1427 3138 1726 3208 "partibus
1747 3136 1971 3201 Romae,
2003 3115 2048 3176 (ἶ

395 3245 502 3284 una
529 3245 649 3285 cum
681 3246 851 3285 uxore
881 3246 977 3286 sua
1011 3231 1206 3285 domna
1235 3229 1556 3296 Hildegarde
1591 3227 1632 3260 ³⁷
1662 3227 1870 3298 regina.
1911 3227 1978 3281 Et

396 3321 691 3376 celebravit
726 3323 964 3376 natalem
990 3321 1201 3375 Domini
1234 3321 1287 3374 in
1327 3320 1547 3390 Papiam
1597 3321 1872 3375 civitatem
1906 3320 1972 3373 ³⁸.

401 3412 466 3465 Et
502 3412 806 3467 immutavit
835 3426 893 3466 se
927 3427 1185 3466 numerus
1213 3425 1476 3465 annorum
1503 3410 1558 3463 in

794 3505 1183 3561 VARIANTES
1220 3501 1617 3558 LECTIONES.

476 3598 488 3628 ‘
521 3598 832 3667 spoletanus
863 3599 913 3651 1.
932 3597 1231 3668 spolitanus
1251 3595 1301 3650 6.
1319 3595 1370 3648 7.
1397 3596 1467 3668 9._
1529 3596 1560 3668 '_
1581 3594 1763 3668 multis
1789 3609 1977 3668 mune-

401 3663 629 3723 ribus-1.
660 3668 713 3723 5.
746 3668 798 3722 6.
833 3669 884 3722 7.
917 3663 1020 3724 etc.
1139 3668 1159 3698 ³
1199 3665 1506 3737 praesentia
1543 3665 1588 3717 1.
1621 3663 1673 3737 5.
1706 3663 1756 3737 6.
1787 3664 1838 3737 _7.
1870 3672 1975 3718 etc.

399 3737 420 3767 ⁸
448 3753 586 3806 quae
613 3739 664 3792 1.
697 3738 750 3792 5.
781 3739 833 3793 6.
866 3740 918 3792 7.
950 3747 1057 3792 etc.
1165 3733 1590 3806 “'wirciniacum
1637 3735 1684 3786 1.
1709 3733 1760 3787 5.
1786 3735 1837 3786 7.
1868 3743 1974 3788 etc.

398 3805 716 3878 irciniacum
745 3807 796 3863 6.
918 3808 939 3840 ⁸
975 3809 1102 3863 villa
1138 3823 1280 3878 quae
1319 3807 1516 3878 dicitur
1548 3805 1598 3858 1.
1633 3811 1978 3878 nuncupante

397 3877 450 3931 5.
486 3877 536 3930 7.
569 3887 873 3949 nuncupata
904 3878 957 3933 6.
1057 3881 1076 3910 "
1105 3874 1314 3949 peregit
1345 3876 1392 3949 l_.
1426 3876 1478 3949 6.
1507 3883 1784 3949 peractum
1811 3874 1973 3949 est__6.

398 3945 765 4030 peractus‘esi
973 3950 1012 4030 ξ
1024 3951 1079 4004 in
1105 3945 1262 4030 deest
1282 3949 1332 4000 1.
1445 3945 1581 4030 6.¹7.
1613 3953 1717 4030 etc:
1811 3945 1850 4027 .’
1880 3945 1979 4030 lip—

397 4014 554 4086 peam
583 4017 634 4071 5.
669 4018 943 4141 lipspaham
981 4019 1032 4073 7.
1137 4020 1178 4050 ¹⁰
1211 4018 1440 4072 transito
1481 4017 1651 4071 rheno
1679 4014 1897 4069 ﬂumine
1925 4015 1975 4068 1.

403 4087 442 4117 ¹¹
475 4088 702 4142 transitu
768 4127 781 4141 .
813 4091 1074 4144 transitus
1094 4089 1146 4142 5.
1173 4097 1242 4142 tr.
1267 4103 1313 4139 r.
1337 4086 1388 4140 ﬂ.
1426 4087 1563 4139 deest
1591 4087 1643 4139 6.
1723 4085 1764 4114 ¹³
1795 4100 1900 4153 que
1921 4083 1974 4137 2.

405 4156 447 4186 ⁸³
477 4155 706 4210 buoholz
736 4158 786 4209 1.
814 4158 1042 4212 bobholz
1079 4157 1130 4210 5.
1160 4157 1414 4212 bohholtz
1437 4155 1489 4208 6.
1515 4153 1744 4209 bohholz
1769 4155 1821 4208 8.
1853 4155 1980 4208 boc-

403 4224 521 4278 holz
560 4227 612 4279 9.
654 4225 848 4280 bolhoz
890 4227 975 4280 16.
1025 4228 1200 4282 botolz
1249 4227 1335 4279 11.
1441 4223 1484 4254 ¹⁸
1527 4223 1889 4278 westualahos
1925 4224 1975 4277 1.

404 4292 711 4349 westfaluos
735 4295 790 4348 2.
821 4295 1110 4352 westualos
1135 4297 1186 4352 6.
1265 4296 1309 4326 ¹⁸
1335 4302 1390 4348 et
1415 4295 1554 4348 deest
1579 4294 1629 4348 5.
1660 4294 1711 4346 7.
1793 4292 1834 4323 ‘°
1859 4307 1979 4347 cono

400 4363 703 4434 quisierunt
740 4365 792 4419 1.
821 4365 875 4420 5.
908 4365 958 4420 7.
991 4376 1097 4424 etc.
1196 4366 1236 4396 ¹⁷
1282 4364 1504 4434 reliquis
1548 4364 1598 4417 7.
1697 4363 1740 4394 ⁸⁸
1780 4363 1977 4434 wisora

403 4433 544 4486 deest
572 4433 626 4487 2.
663 4435 918 4490 wisoram
946 4434 998 4490 6.
1029 4436 1081 4490 7.
1112 4445 1218 4491 etc.
1314 4435 1355 4465 ¹⁹
1398 4432 1587 4503 reliqui
1629 4434 1844 4501 quidem
1881 4432 1979 4485 wi-

403 4517 524 4556 sore
550 4503 767 4559 fuerunt
797 4506 847 4559 1.
924 4507 969 4537 ⁸ο
994 4505 1284 4562 medofuldi
1315 4506 1364 4558 1.

403 4571 527 4626 inde
555 4573 606 4627 5.
640 4575 692 4629 6.
721 4577 896 4631 denuo
926 4576 1087 4632 deest.
1130 4577 1181 4630 7.
1277 4577 1321 4606 ²²¹
1364 4575 1400 4628 f.
1438 4573 1615 4629 denuo
1645 4585 1893 4628 reversus
1925 4571 1975 4624 7.

400 4642 448 4672 ’³
480 4641 741 4700 franciam
770 4645 820 4700 1.
859 4645 909 4699 7.
941 4656 1046 4702 etc.
1079 4647 1332 4701 frantiam
1371 4645 1423 4699 6.
1516 4643 1564 4674 “
1593 4643 1874 4698 wormatia
1904 4641 1981 4695 ci-

401 4711 566 4786 vitat_e
596 4716 644 4768 1.
669 4715 719 4786 6.
750 4715 800 4768 7.
831 4725 936 4771 etc.
1013 4719 1060 4748 "
1081 4713 1590 4786 bardoganenses__l.
1615 4713 1981 4786 bardogaven-

401 4796 490 4836 ses
519 4782 569 4835 7.
664 4785 710 4815 "
746 4786 1076 4841 nordilendis
1118 4788 1168 4839 1.
1205 4779 1472 4839 ηὸτιιειιάἰ
1511 4781 1564 4835 5.
1593 4779 1891 4835 nortele’ndi
1923 4779 1974 4834 6.

402 4852 445 4882 ³⁷
482 4853 722 4907 orcheim
750 4855 800 4906 1.
828 4857 1061 4909 orthaim
1093 4855 1145 4909 5.
1176 4855 1388 4910 orahim
1414 4853 1466 4905 7.
1543 4850 1590 4880 ’⁸
1613 4850 1699 4904 ubi
1721 4853 1978 4905 obacrum

402 4919 517 4993 ﬂuit
541 4921 590 4974 7.
669 4922 712 4952 "
735 4923 930 4993 albiam
953 4925 1002 4978 1.
1080 4925 1124 4955 ³ο
1148 4925 1326 4993 ibique
1342 4920 1523 4978 omnia
1544 4919 1595 4972 7.
1623 4919 1696 4976 ibi
1715 4921 1894 4993 omnia
1920 4921 1968 4973 1.

403 4989 446 5060 ξ’
477 4991 776 5060 desponens
803 4992 854 5046 2.
932 4993 975 5025 η
1009 5001 1119 5047 tam
1151 4989 1478 5048 sclavoniam
1509 5006 1669 5060 quam
1696 4991 1974 5060 saxoniam

405 5059 455 5111 1.
533 5059 655 5116 “et
675 5062 815 5116 deest
838 5063 886 5116 1.
910 5062 962 5117 5.
986 5063 1040 5117 6.
1071 5063 1120 5117 7.
1150 5071 1253 5118 etc.
1329 5063 1374 5094 "‘
1404 5059 1664 5115 franciam
1690 5063 1740 5115 1.
1763 5061 1816 5114 5.
1843 5061 1896 5112 6.
1921 5059 1970 5112 7.

403 5127 454 5231 ξς
473 5133 854 5273 ἃῇιέἕέἔξὲἐό
863 5131 916 5187 5.
949 5134 1018 5236 ’1ἡ
1029 5142 1210 5216 ageret
1236 5131 1603 5258 ξενθῑέθιὲεἰιιεὲ
1630 5133 1680 5185 1.
1700 5131 1753 5186 5.
1787 5131 1838 5184 6.
1866 5138 1971 5186 etc.

666 5221 696 5238 ελ
859 5241 872 5254 .
1054 5220 1210 5273 papia
1269 5220 1284 5258 ι
1323 5220 1340 5258 ι
1520 5241 1532 5254 .
1605 5241 1617 5253 .

663 5219 793 5257 arua
821 5219 872 5258 ο.
973 5219 1018 5236 "’
1054 5220 1210 5275 papta
1238 5219 1454 5258 ClVllale
1485 5219 1532 5254 ι.
1566 5219 1617 5255 0.

1511 301 1890 358 EGINHARDI
1929 297 2222 355 ABBATIS
2260 297 2581 354 ANNALES

2008 414 2058 473 A

1442 4481 1492 4534 ῖί
1501 4481 1720 4558 “eius;
1729 4481 1866 4557 ἱῗὲι
1887 4481 1980 4556 ἆεὲ-
2004 4481 2058 4541 1)

3556 296 3658 349 “2

2613 423 2847 462 ANNALES
2883 422 3194 462 EGINHABDI.

2072 501 2182 555 citu
2214 502 2225 530 ¹
2263 501 2495 556 traiecit.
2542 499 2644 554 Cui
2674 515 2796 553 cum
2831 498 3073 553 Saxones
3123 498 3177 552 in
3217 500 3452 567 quodam
3487 499 3508 529 ²
3545 497 3660 554 loco

2071 589 2164 658 qui
2217 589 2476 644 Buocholt
2507 588 2527 619 ³
2577 597 2824 651 vocatur,
2880 604 3022 643 vana
3062 604 3156 658 spe
3199 588 3350 643 ducti
3405 590 3662 645 resistere

2073 687 2425 749 temptarent,
2476 679 2616 750 pulsi
2671 679 2950 750 fugatique
2982 680 3003 710 ⁵
3030 687 3175 735 sunt.
3207 680 3275 734 Et
3297 680 3318 710 ⁸
3343 695 3441 734 rex
3471 680 3662 735 West-

2073 768 2339 824 falaorum
2366 773 2641 843 regionem
2672 772 2946 842 ingressus
2979 813 2994 837 ,
3029 787 3219 827 omnes
3269 787 3364 827 eos
3418 773 3473 827 in
3505 773 3666 828 dedi-

2073 869 2280 934 tionem
2303 872 2534 940 accepit.
2562 870 2690 926 Inde
2717 873 2783 926 ad
2835 871 3114 926 Wisuram
3155 872 3402 937 veniens,
3463 875 3664 928 castris

2073 961 2264 1028 positis
2311 962 2366 1015 in
2423 962 2545 1017 loco
2602 963 2820 1018 nomine
2866 961 3131 1017 Midufulli
3188 963 3208 993 ⁵
3240 1005 3255 1029 ,
3317 965 3517 1018 stativa
3562 980 3665 1033 per

2054 1048 2282 1120 aliquot
2305 1051 2420 1105 dies
2441 1051 2646 1105 habuit.
2679 1051 2754 1106 lbi
2783 1051 3070 1122 Angrarii'
3104 1061 3159 1107 et
3186 1050 3411 1106 Ostfalai
3433 1052 3661 1106 venien-

2080 1149 2180 1206 tes,
2211 1148 2268 1194 et
2291 1141 2508 1196 obsides
2535 1142 2821 1208 dederunt,
2853 1151 2907 1196 et
2929 1149 3267 1197 sacramenta
3323 1143 3659 1196 iuraverunt.

2077 1231 2281 1298 Quibus
2329 1233 2584 1300 peractis,
2616 1247 2708 1287 rex
2755 1240 2906 1287 trans
2936 1233 3186 1287 Rhenum
3237 1232 3606 1288 Wormaciam
3638 1232 3658 1262 '

2076 1322 2350 1376 civitatem
2382 1323 2436 1376 in
2465 1323 2692 1378 hiberna
2721 1323 2741 1353 ⁹
2769 1338 2828 1379 se
2856 1324 3076 1393 recepit.

2687 2044 3028 2101 DCCLXXX.

2147 2141 2296 2206 Inde,
2325 2155 2448 2194 cum
2491 2155 2726 2210 pnmum
2759 2140 3018 2210 temporis
3059 2140 3402 2211 oportunitas
3444 2142 3667 2196 adrido-

2077 2247 2136 2287 re
2166 2233 2206 2263 ¹⁰
2230 2231 2344 2286 visa
2356 2239 2457 2296 est,
2476 2230 2673 2286 iterum
2691 2246 2814 2286 cum
2831 2246 3028 2302 magno
3043 2233 3286 2286 exercitu
3302 2230 3594 2286 Saxoniam
3615 2238 3630 2262 ‘
3643 2233 3658 2263 ¹

2075 2323 2352 2395 profectus
2375 2331 2477 2388 est,
2502 2323 2879 2394 transiensque
2899 2339 2998 2393 per
3019 2331 3261 2379 castrum
3287 2323 3332 2354 ι’
3355 2324 3658 2379 Aeresbur-

2075 2431 2222 2487 gum,
2257 2415 2324 2469 ad
2354 2413 2554 2469 fontem
2592 2413 2814 2484 Lippiae
2863 2414 3032 2480 venit,
3075 2413 3166 2468 ubi
3217 2421 3656 2478 castrametatus,

2075 2521 2174 2578 per
2197 2505 2402 2576 aliquot
2425 2505 2539 2561 dies
2565 2513 2807 2560 moratus
2827 2513 2927 2561 est.
2956 2505 3084 2561 Inde
3105 2505 3172 2559 ad
3191 2506 3457 2562 orientem
3498 2506 3660 2562 itine-

2077 2613 2137 2652 re
2158 2611 2445 2662 converso,
2485 2596 2550 2652 ad
2603 2596 2874 2652 Ovacrum
2906 2597 2949 2628 ¹³
3002 2596 3226 2653 ﬂuvium
3267 2599 3514 2654 accessit.
3558 2598 3658 2653 Cui

2077 2705 2200 2745 cum
2223 2688 2297 2742 ibi
2325 2702 2513 2742 omnes
2545 2686 2591 2717 “
2615 2687 2961 2743 orientalium
3003 2687 3240 2756 partium
3281 2686 3551 2754 Saxones,
3599 2699 3663 2743 ut

2078 2780 2335 2843 iusserat,
2361 2777 2750 2842 occurrissent,
2778 2778 3017 2832 maxima
3045 2792 3231 2834 eorum
3263 2777 3551 2833 multitudo
3603 2780 3660 2833 in

2078 2871 2196 2925 loco
2239 2870 2330 2939 qui
2381 2868 2602 2924 Orbeim
2657 2869 2702 2899 ¹⁸
2749 2869 3068 2939 appellatur,
3114 2869 3270 2925 solita
3313 2869 3662 2926 simulatione

2078 2965 2350 3035 baptizata
2379 2972 2481 3020 est.
2515 2965 2797 3020 Profectus
2827 2965 2950 3020 inde
2994 2967 3063 3022 ad
3091 2967 3324 3033 Albiam,
3355 2969 3664 3039 castrisque

2081 3056 2135 3110 in
2165 3071 2230 3111 eo
2251 3055 2393 3120 loco,
2416 3055 2508 3110 ubi
2531 3054 2638 3112 Ora
2667 3055 2711 3087 ¹⁶
2759 3065 2815 3111 et
2842 3056 2996 3112 Albia
3024 3056 3323 3124 conﬂuunt,
3361 3060 3427 3115 ad
3452 3060 3662 3116 baben—

2080 3146 2146 3200 da
2175 3147 2373 3202 stativa
2398 3146 2714 3212 conlocatis,
2748 3155 2859 3202 tam
2889 3147 2957 3202 ad
2981 3163 3070 3203 res
3109 3148 3383 3204 Saxonum
3433 3151 3526 3220 qui
3576 3151 3660 3206 ci-

2079 3239 2336 3294 teriorem
2369 3239 2434 3306 ¹⁷,
2490 3254 2652 3309 quam
2682 3246 2737 3292 et
2765 3238 3080 3295 Sclavorum
3111 3240 3153 3272 ¹⁸
3209 3242 3301 3312 qui
3345 3241 3661 3296 ulteriorem

2079 3328 2318 3384 ﬂuminis
2355 3331 2526 3400 ripam
2560 3330 2821 3397 incolunt,
2871 3333 3253 3403 conpenendas
3301 3348 3524 3403 cperam
3579 3335 3662 3388 in-

2077 3421 2283 3491 pendit.
2315 3420 2522 3488 Quibus
2577 3428 2704 3476 tunc
2751 3436 2851 3490 pro
2900 3430 3142 3492 tempore
3189 3423 3456 3477 ordinatis
3499 3432 3662 3494 atque

2081 3509 2377 3579 dispositis,
2401 3510 2457 3563 in
2490 3509 2780 3565 Franciam
2809 3525 3060 3565 reversus
3084 3517 3200 3575 est;
3239 3511 3482 3580 initoque
3524 3527 3660 3566 con-

2080 3602 2222 3667 silio,
2263 3603 2453 3658 orandi
2475 3619 2539 3658 ac
2566 3611 2691 3657 vota
2722 3602 2963 3658 solvendi
2998 3617 3161 3657 causa
3194 3602 3422 3657 Romam
3471 3605 3663 3658 statuit

2081 3695 2375 3765 proficisci,
2406 3697 2742 3766 sumptisque
2772 3710 2954 3750 secum
2980 3709 3151 3749 uxore
3197 3710 3260 3750 ac
3289 3695 3496 3760 liberis,
3518 3696 3523 3702 '
3544 3696 3664 3750 sine

2083 3801 2232 3841 mora
2259 3786 2312 3840 in
2337 3786 2546 3841 italiam
2583 3785 2856 3856 profectus
2879 3794 2987 3850 est,
3013 3785 3412 3855 celebravitque
3425 3785 3659 3841 natalem

2083 3880 2297 3935 Domini
2327 3879 2516 3934 Ticeni
2544 3879 2610 3941 η,
2642 3887 2804 3949 atque
2834 3875 2908 3932 ibi
2930 3877 2975 3908 ²⁰
3012 3877 3285 3932 residuum
3313 3878 3508 3932 hiemis
3546 3892 3659 3930 ma-

2082 3971 2261 4026 nendo
2286 3970 2574 4040 complevit
2593 3971 2658 4022 “.

2477 4101 2868 4160 VARIANTES
2905 4103 3304 4160 LECTIONES.

2157 4235 2265 4304 1in
2287 4250 2354 4289 eo
2390 4235 2426 4288 Ι.
2461 4251 2515 4304 q.
2560 4235 2690 4304 1.,v.
2711 4250 2763 4288 c.
2780 4233 3058 4304 exercitu
3087 4233 3274 4304 desunt
3311 4232 3363 4286 9.
3441 4233 3460 4304 ξ
3491 4232 3561 4304 in_
3592 4245 3660 4304 eo

2079 4305 2132 4360 4.
2182 4303 2235 4358 5.
2281 4304 2333 4357 6.
2433 4299 2722 4360 "bucholt
2769 4302 2820 4356 6.
2895 4303 2948 4358 9.
3051 4303 3072 4332 ⁸
3112 4300 3384 4360 fatratiaue
3440 4300 3489 4353 1.
3535 4299 3657 4352 fati-

2081 4375 2297 4444 gatique
2341 4373 2394 4444 5.
2432 4443 2456 4444 ﬂ
2508 4374 2528 4404 ⁸
2555 4374 2698 4428 deest
2743 4375 2825 4444 49.;
2859 4368 3231 4444 Afimedufulli
3287 4368 3657 4444 9.__nud_ufulli

2083 4438 2156 4498 ἷιι.
2209 4438 2485 4499 ἶιιὶίΙυ-ΐιιιιί
2532 4443 2604 4510 al.
2637 4441 2915 4498 medufulli
2941 4443 2994 4494 7.
3124 4443 3143 4473 ⁷
3170 4441 3377 4510 angarii
3403 4439 3457 4510 2.
3492 4438 3544 4491 7.
3566 4454 3660 4492 an-

2084 4516 2198 4636 ἐπὶ
2224 4515 2276 4569 9.
2309 4514 2521 4636 uagari:
2559 4509 2611 4568 5.
2643 4585 2654 4596 ο
2710 4513 2731 4545 ⁸
2763 4513 2817 4566 in
2843 4511 2933 4566 W.
2958 4511 3021 4610 7!;
3037 4510 3104 4565 ad
3124 4510 3212 4566 W.
3247 4509 3300 4566 9.
3403 4509 3424 4539 ’
3451 4510 3660 4608 enhy-

2121 4594 2367 4636 ernatum
2435 4624 2448 4636 .
2548 4584 2791 4636 arridere
2819 4584 2874 4636 5.
2897 4582 2952 4635 4.
2990 4601 3042 4636 ο.
3075 4580 3127 4634 6.
3160 4580 3351 4635 adesse
3379 4579 3433 4634 9.
3604 4595 3658 4632 in

2121 4594 2367 4640 ernatum
2389 4577 2448 4638 7.
2477 4584 2518 4616 1°
2548 4584 2791 4639 arridere
2819 4584 2874 4637 5.
2897 4582 2952 4635 4.
2990 4581 3042 4636 5.
3075 4580 3127 4634 6.
3160 4580 3351 4635 adesse
3379 4579 3433 4634 9.
3512 4577 3553 4608 ¹¹
3602 4577 3658 4632 in

2084 4654 2363 4708 saxoniam
2387 4653 2438 4706 7.
2477 4654 2530 4710 9.
2610 4655 2652 4684 ί²
2711 4667 2892 4707 arcem
2946 4652 2999 4705 9.
3077 4651 3121 4681 ”
3167 4650 3423 4705 obacrum
3479 4649 3534 4703 9.
3617 4649 3658 4678 "

2083 4723 2322 4778 omnium
2345 4722 2414 4778 5?
2445 4724 2498 4781 9.
2529 4739 2718 4778 omnes
2746 4723 2885 4776 deest
2912 4721 2964 4775 6.
3043 4720 3088 4752 ¹⁸
3115 4719 3360 4774 horheim
3385 4718 3436 4772 6.
3471 4718 3661 4773 9.0re-

2083 4794 2228 4848 heim
2254 4793 2326 4847 al.
2364 4794 2611 4849 horheim
2639 4794 2690 4847 7.
2769 4793 2811 4822 ‘°
2837 4793 2971 4847 hora
3003 4791 3056 4845 '5'.
3089 4790 3141 4844 5.
3210 4789 3261 4842 6.
3291 4790 3344 4844 9.
3424 4789 3464 4818 ⁸⁷
3515 4795 3662 4842 cete-

2086 4865 2283 4919 riorem
2320 4865 2720 4936 Lexteriorem
2744 4863 2798 4917 9.
2878 4862 2925 4936 “_
2951 4876 3114 4930 quam
3166 4859 3570 4936 ad‘selavorum

2122 4951 2245 4990 uam
2268 4951 2297 4988 a
2321 4935 2622 4990 sclavorum
2647 4933 2700 4986 4.
2728 4949 2783 5002 q.
2811 4939 2864 4987 et
2884 4927 3205 5002 sicavoruni
3223 4928 3290 5002 6._
3355 4928 3396 4963 ‘9
3424 4927 3574 4982 ticini
3601 4927 3655 4981 5.

2081 4949 2245 5058 quam
2261 4951 2297 5022 ρ
2321 4949 2622 4990 sclavorum
2647 4949 2700 4986 4.
2728 4949 2783 5002 q.
2811 4949 2864 4987 et
2884 4949 3186 5010 sncavorum
3223 4949 3276 4982 ο.

2122 5046 2132 5058 .
2164 5005 2217 5060 5.
2243 5010 2296 5060 b.
2317 5005 2369 5059 7.
2399 5006 2452 5061 9.
2530 5005 2574 5035 ’°
2594 5005 2733 5057 deest
2755 5003 2803 5056 1.
2881 5003 2922 5033 ¹¹
2952 5006 3151 5055 mansrt
3174 4998 3244 5052 5?
3265 4999 3317 5055 9.

1913 5294 2144 5352 NOTIE.

478 5401 502 5428 ι
525 5386 764 5454 Bocholt,
797 5389 864 5444 ad
889 5387 1109 5446 ﬂuvium
1137 5389 1236 5455 Aa,
1261 5404 1292 5444 a
1321 5386 1688 5458 septentrione
1718 5384 1820 5439 loci
1857 5383 1981 5455 Lip-

404 5458 726 5582 νεξῗιῗίοιο
760 5527 986 5585 Wiserm
1019 5546 1181 5586 cursu
1237 5528 1452 5583 nonnisi
1504 5525 1765 5581 Mul-beke
1811 5541 1977 5596 prope

407 5595 622 5652 Rinteln
653 5605 708 5650 et
735 5598 903 5662 Polle,
940 5601 1090 5662 regni
1134 5598 1513 5653 Hannoverani
1559 5604 1819 5659 castrum,
1879 5595 1977 5649 ali-

406 5679 567 5738 quam
601 5667 751 5738 vocis
782 5667 1048 5738 Medofulli
1077 5669 1480 5722 similitudinem
1505 5667 1766 5738 referunt.

478 5752 500 5779 ε
532 5733 659 5807 Pagi
687 5735 966 5808 Bardengo
997 5739 1204 5803 incolas,
1229 5739 1318 5807 qui
1343 5750 1589 5808 magnam
1621 5734 1847 5791 ducatus
1862 5735 1968 5793 Lu-

2087 5383 2530 5467 neburgensisnpa
2538 5391 2675 5467 rtem
2698 5383 3183 5467 complectebatur;
3210 5381 3366 5437 vicus
3384 5378 3501 5449 ejus
3513 5378 3658 5450 prin-

2087 5453 2281 5522 cipalis’
2296 5463 2408 5508 tum
2430 5453 2781 5508 Bardenwich
2811 5461 2947 5507 erat.

2157 5525 2181 5564 ἀ
2207 5523 2273 5600 Id
2288 5533 2387 5600 est
2392 5523 2635 5600 Saxones
2661 5522 3031 5600 transalbiani,
3056 5521 3450 5600 Eordalbingi._

2161 5607 2182 5633 ε
2206 5594 2304 5672 Die
2347 5592 2530 5672 0I_tre_.:
2586 5593 3000 5672 non_procul__ab
3029 5593 3145 5672 ejus
3181 5591 3486 5672 cumﬁlbia
3534 5604 3666 5672 _oon-

2085 5665 2376 5722 ﬂuentibus
2406 5664 2564 5721 hodie
2588 5665 2842 5738 oppidum
2873 5663 3251 5722 Wolmirstodt
3279 5663 3441 5719 situm
3468 5668 3572 5714 est.
