3986 6174
219 335 306 392 113

728 452 964 494 Απηλιεε
999 451 1308 491 EGINHARDI.

807 527 1176 584 DCCLXXXI.

272 622 399 678 Inde
445 620 678 674 Romam
736 619 980 683 veniens,
1033 619 1328 676 honoriﬁce
1378 620 1446 676 ab
1508 618 1782 674 Hadriano

204 727 338 782 papa
369 717 658 777 susceptus
687 716 791 762 est.
834 708 850 738 ⁸
898 708 968 762 Et
1005 723 1129 762 cum
1155 709 1231 763 ibi
1286 717 1532 763 sanctum
1581 708 1780 777 pascha

206 801 523 863 celebraret,
555 799 851 868 baptizavit
871 798 1014 852 idem
1040 797 1282 868 pontifex
1307 798 1475 852 ﬁlium
1497 798 1613 853 eius
1659 797 1784 868 Pip-

205 891 386 960 pinum
416 890 463 954 ³,
502 889 760 957 unxitque
789 902 913 942 eum
947 888 968 919 ³
992 889 1046 942 in
1084 903 1286 959 regem.
1342 888 1507 944 Unxit
1531 889 1699 942 etiam
1728 895 1784 942 et

207 981 578 1036 llludewicum
620 979 642 1010 ⁸
673 979 896 1034 fratrem
953 979 1092 1044 eius,
1143 980 1341 1049 quibus
1377 989 1433 1034 et
1465 994 1720 1034 coronam
1760 979 1782 1010 ³

205 1072 458 1142 inposuit.
490 1070 730 1137 Quorum
759 1071 954 1135 maior,
981 1071 1034 1124 id
1061 1078 1145 1125 est
1169 1071 1450 1141 Pippinus,
1482 1071 1536 1124 in
1569 1071 1780 1140 Lango—

205 1160 414 1224 bardia,
439 1161 619 1214 minor
645 1173 796 1223 vero,
820 1159 873 1214 id
915 1167 1000 1214 est
1040 1159 1384 1215 Hludevvicus
1417 1159 1459 1223 ³,
1506 1160 1561 1214 in
1614 1160 1782 1228 Aqui-

207 1253 348 1308 tania
375 1266 476 1307 rex
507 1252 834 1306 constitutus
857 1259 960 1306 est.
985 1250 1132 1322 Rege
1157 1267 1290 1306 vero
1313 1251 1484 1306 Roma
1538 1251 1781 1322 digresso

204 1357 262 1397 ac
306 1340 674 1396 Mediolanum
723 1341 994 1406 veniente,
1048 1341 1285 1396 Thomas
1335 1341 1576 1396 eiusdem
1628 1341 1780 1396 urbis

201 1435 642 1505 archiepiscopus
673 1435 692 1464 ⁷
722 1433 1019 1502 baptizavit
1065 1433 1139 1487 ibi
1185 1432 1351 1487 ﬁliam
1395 1433 1513 1487 eius
1562 1433 1780 1487 nomine

202 1523 408 1579 Gislam
433 1523 477 1590 ⁸,
511 1533 567 1578 et
611 1525 678 1579 de
705 1538 865 1579 sacro
887 1521 1033 1578 fonte
1058 1523 1314 1592 suscepit.
1349 1520 1556 1588 Quibus
1589 1521 1775 1591 gestis,

201 1617 252 1671 in
277 1615 574 1670 Franciam
617 1630 868 1670 reversus
907 1623 1008 1670 est.
1049 1613 1158 1669 Sed
1195 1629 1318 1669 cum
1371 1613 1575 1668 Romae
1604 1620 1775 1678 esset,

203 1707 454 1762 convenit
477 1706 621 1761 inter
645 1707 820 1776 ipsum
860 1715 1021 1776 atque
1069 1705 1398 1761 Hadrianum
1439 1705 1772 1774 pontiﬁcem,

1268 329 1412 386 CUM
1449 326 2044 386 LAURISSENSIBUS
2081 326 2404 383 COLLATI.

1806 441 1857 500 A

3352 331 3456 386 ιιι

2339 451 2574 491 ΑΝΝΛιΕε
2611 452 3007 495 LAURISSENSES.

2478 525 2842 582 DCCLXXXI.

1952 617 2020 671 Et
2053 617 2419 685 supradictum
2447 617 2549 672 iter
2583 632 2846 688 peragens
2870 619 2910 684 ³,
2939 619 3230 676 celebravit
3253 625 3454 691 pascha

1880 709 1936 763 in
1970 709 2158 763 Roma.
2191 710 2258 762 Et
2287 710 2359 764 ibi
2394 711 2693 779 baptizatus
2729 720 2814 766 est
2846 713 2865 741 ’
2912 712 3136 768 domnus
3166 713 3450 784 Pippinus,

1883 799 2025 854 ﬁlius
2074 801 2434 868 supratitulati
2462 801 2482 832 ³
2513 801 2692 855 domui
2735 800 2916 856 Caroli
2954 803 3134 873 magni
3180 805 3356 873 regis,
3387 808 3455 862 ab

1880 890 2118 946 Adriano
2143 906 2305 961 papa,
2345 892 2437 961 qui
2471 900 2526 946 et
2553 892 2666 960 ipse
2691 907 2814 946 eum
2841 893 2861 922 ³
2890 893 2955 947 de
2984 909 3140 948 sacro
3163 894 3310 950 fonte
3338 912 3455 952 sus-

1881 982 2044 1050 cepit,
2070 991 2124 1035 et
2167 982 2274 1036 duo
2305 981 2398 1036 ﬁlii
2426 982 2720 1051 supradicti
2763 982 2943 1036 domni
2985 982 3162 1038 Caroli
3200 985 3340 1053 regis
3369 986 3452 1039 in-

1880 1072 2032 1126 uncti
2058 1073 2078 1103 ⁸
2106 1082 2234 1126 sunt
2261 1074 2329 1127 ad
2374 1068 2555 1144 regem
2595 1075 2614 1104 ⁶
2644 1091 2675 1128 a
2715 1077 3022 1144 supradicto
3058 1075 3348 1144 pontiﬁce;
3380 1079 3454 1132 hii

1880 1171 2006 1218 sunt
2044 1165 2273 1218 domnus
2297 1164 2553 1235 Pippinus
2590 1175 2645 1220 et
2679 1165 2908 1221 domnus
2949 1165 3292 1222 Hludowicus
3316 1168 3336 1198 ⁷
3371 1184 3456 1222 re-

1879 1269 2008 1322 ges;
2047 1255 2276 1309 domnus
2297 1253 2554 1324 Pippinus
2582 1272 2677 1310 rex
2715 1257 2736 1288 ³
2777 1257 2831 1310 in
2857 1256 3096 1320 Italiam,
3133 1264 3188 1311 et
3220 1257 3454 1314 domnus

1880 1341 2222 1398 llludowicus
2246 1358 2340 1397 rex
2368 1343 2421 1396 in
2446 1344 2787 1412 Aquitaniam
2809 1344 2851 1396 ’.
2890 1345 2956 1398 Et
2996 1345 3120 1400 inde
3149 1354 3456 1401 revertente

1878 1434 2073 1488 domno
2102 1432 2296 1488 Carolo
2336 1448 2490 1504 rege,
2521 1433 2831 1488 Mcdiolanis
2859 1433 3079 1488 civitate
3114 1435 3154 1464 ¹⁰
3185 1437 3451 1504 pervenit,

1877 1532 1932 1577 et
1955 1522 2028 1576 ibi
2058 1522 2330 1591 baptizata
2356 1530 2439 1576 est
2477 1521 2587 1575 ﬁlia
2622 1523 2737 1576 eius
2764 1523 2956 1576 domna
2985 1523 3168 1578 Gisola
3199 1525 3241 1554 “
3271 1525 3338 1579 ab
3365 1541 3450 1580 ar-

1877 1612 2217 1680 chiepiscopo
2243 1612 2460 1666 nomine
2485 1611 2688 1666 Thoma
2719 1613 2783 1676 “,
2815 1613 2906 1681 qui
2945 1621 2999 1666 ct
3021 1613 3134 1682 ipse
3161 1628 3280 1668 eam
3310 1631 3340 1668 a
3367 1631 3453 1670 sa-

1878 1717 1972 1756 cro
1997 1703 2319 1772 baptismate
2348 1704 2390 1734 ⁸³
2420 1703 2668 1759 manibus
2697 1705 2932 1774 suscepit
2958 1704 3020 1757 ”.
3046 1705 3112 1760 Et
3137 1707 3204 1760 ab
3229 1707 3352 1761 inde
3373 1721 3454 1762 re-

205 1806 259 1851 ut
280 1796 444 1852 simul
471 1796 676 1864 legatos
703 1797 979 1851 mitterent
1008 1796 1077 1850 ad
1115 1794 1448 1850 Tassilonem
1497 1795 1776 1849 Baioariae
1806 1777 1852 1836 Β
1879 1801 2195 1846 versus-est
2231 1792 2284 1846 in
2335 1791 2642 1847 Franciam.
2691 1793 2758 1846 Et
2801 1802 2930 1848 tunc
2976 1794 3126 1848 missi
3175 1804 3304 1850 sunt
3346 1795 3454 1852 duo

204 1887 390 1941 ducem
435 1885 482 1951 ’,
521 1886 614 1956 qui
671 1900 795 1940 eum
839 1892 1243 1939 commonerent
1295 1884 1361 1938 de
1408 1891 1772 1948 sacramento,

205 1977 339 2045 quod
361 1975 597 2045 Pippino
628 1976 740 2046 regi
762 1983 817 2029 et
835 1974 965 2029 ﬁliis
997 1975 1039 2006 ¹⁰
1066 1974 1184 2030 eius
1222 1989 1288 2029 ac
1314 1973 1539 2029 Francis
1564 1974 1775 2028 iurave-

202 2077 299 2134 rat,
323 2068 540 2123 scilicet
567 2076 628 2122 ut
650 2068 923 2122 subiectus
949 2073 1004 2120 et
1041 2066 1334 2121 oboediens
1355 2066 1435 2120 eis
1453 2079 1574 2120 esse
1609 2065 1772 2120 debe-

203 2166 295 2212 ret.
321 2158 366 2189 “
395 2157 570 2212 Electi
593 2172 656 2210 ac
685 2156 876 2211 directi
910 2165 1039 2211 sunt
1065 2157 1119 2210 in
1148 2155 1289 2211 hanc
1342 2154 1662 2226 legationem
1705 2152 1773 2208 de

202 2256 348 2320 parte
377 2247 654 2319 pontiﬁcis
674 2247 1002 2303 Formonsus
1023 2249 1066 2278 "
1081 2262 1145 2302 ac
1160 2246 1422 2302 Damasus
1446 2246 1490 2277 ¹³
1509 2245 1768 2316 episcopi,

200 2348 250 2394 et
266 2339 330 2394 de
356 2347 521 2409 parte
550 2339 693 2407 regis
717 2337 995 2394 Ricbolfus
1019 2338 1063 2371 “
1098 2338 1356 2394 diaconus
1396 2345 1557 2408 atque
1604 2337 1774 2392 Eber-

199 2431 470 2487 bardus“
511 2431 767 2502 magister
818 2432 1218 2501 pincernarum.
1268 2429 1367 2486 Cui
1415 2445 1560 2494 cum,
1616 2436 1678 2483 ut
1727 2428 1771 2460 “

201 2524 322 2578 iussi
349 2531 537 2588 erant,
561 2537 683 2578 cum
708 2530 1004 2578 memorato
1037 2523 1076 2555 "
1109 2523 1245 2578 duce
1268 2521 1473 2591 loquuti
1497 2527 1678 2574 essent
1702 2519 1766 2585 η,

200 2613 250 2668 in
281 2621 498 2668 tantum
528 2628 624 2668 cor
642 2613 760 2669 eius
785 2611 1082 2667 emollitum
1107 2619 1218 2678 est,
1242 2619 1300 2666 ut
1326 2611 1550 2674 diceret,
1573 2623 1632 2663 se
1656 2615 1770 2663 sta-

201 2704 290 2759 tim
317 2703 461 2759 velle
480 2705 551 2759 ad
576 2704 718 2774 regis
743 2717 1034 2773 properare
1062 2701 1441 2772 praesentiam,
1459 2700 1502 2755 si
1520 2699 1621 2754 sibi
1637 2697 1773 2754 tales

198 2796 411 2852 obsides
434 2795 635 2850 dentur
658 2794 721 2859 ",
751 2794 852 2848 sub
871 2794 1067 2864 quibus
1085 2793 1151 2848 de
1201 2807 1299 2847 sua
1329 2791 1501 2851 salute
1521 2789 1772 2845 dubitare

199 2885 334 2941 nulla
355 2886 433 2941 sit
453 2884 776 2940 necessitas.
801 2883 1006 2951 Quibus
1050 2883 1213 2948 datis,
1264 2882 1380 2938 sine
1417 2881 1774 2936 cunctacione

199 2976 330 3044 apud
354 2975 730 3031 Wormaciam
754 2976 822 3031 ad
838 2990 1018 3048 regem
1027 2976 1196 3041 venit,
1214 2981 1611 3030 sacramentum
1627 2973 1771 3042 quod

201 3064 486 3122 iubebatur
519 3065 719 3121 iuravit
745 3066 813 3133 ’°,
844 3065 1062 3121 obsides
1081 3066 1364 3120 duodecim
1400 3065 1494 3136 qui
1533 3065 1768 3135 impera-

200 3153 394 3210 bantur
420 3156 541 3211 sine
569 3156 896 3222 moradedit,
917 3171 1051 3226 quos
1073 3155 1394 3211 Sindbertus
1421 3155 1488 3220 ³³,
1506 3155 1772 3226 Reginen-

201 3245 270 3300 sis
292 3247 585 3317 episcopus
598 3246 664 3301 de
684 3245 952 3312 Baioaria,
967 3247 1021 3300 in
1049 3245 1324 3302 Carisiaco
1339 3245 1408 3300 ad
1423 3252 1772 3314 conspectum

203 3338 335 3408 regis
358 3337 609 3392 adduxit.
643 3336 750 3393 Sed
788 3339 928 3394 idem
952 3339 1060 3394 dux
1079 3338 1295 3393 domum
1339 3352 1608 3403 reversus,
1663 3353 1770 3394 non

202 3423 285 3478 diu
309 3426 372 3480 in
401 3439 468 3481 ea
486 3439 646 3496 quam
668 3427 990 3496 promiserat
1018 3425 1122 3481 ﬁde
1155 3427 1470 3496 permansit.
1501 3425 1618 3481 Rex
1673 3443 1771 3481 au-

204 3525 302 3571 tem
327 3517 389 3572 in
409 3517 601 3574 eadem
627 3519 753 3574 villa
778 3519 1007 3574 hiemem
1047 3518 1317 3576 transiens
1344 3519 1415 3584 “,
1435 3526 1490 3574 et
1534 3517 1770 3573 natalem

204 3607 414 3667 Domini
443 3619 498 3667 et
523 3612 724 3682 pascha
743 3611 929 3669 eodem
952 3611 1006 3665 in
1035 3610 1153 3666 loco
1181 3611 1226 3642 ³³
1251 3610 1544 3668 celebravit
1567 3610 1632 3662 ³³.

605 4505 993 4562 VARIANTES
1027 4505 1423 4563 LECTIONES.

257 4601 287 4680 ,ί
316 4597 541 4686 (και-,7.
565 4667 578 4686 Ι
640 4596 747 4686 ³11).
776 4613 828 4680 _e.
854 4599 892 4651 f.
923 4598 977 4686 Ἰ..ἒ
1043 4598 1269 4686 l'jdeest
1293 4598 1346 4652 3.
1378 4599 1439 4686 9.-
1583 4599 1774 4686 bludo-

207 4669 404 4724 vicum
456 4667 508 4720 7.
564 4666 916 4723 lovdewicum
945 4668 999 4721 5.
1042 4668 1360 4725 ludewicum
1412 4668 1464 4723 1.
1520 4669 1572 4724 6.
1626 4670 1778 4725 ludo-

209 4736 466 4820 vicum_9.
510 4738 582 4820 ita
611 4747 662 4820 et
691 4738 1073 4820 insequentibus.
1096 4737 1205 4806 fere
1234 4747 1545 4820 constanter.
1569 4807 1584 4820 .
1631 4740 1652 4771 ⁸
1681 4755 1776 4794 co.

209 4821 333 4862 mna
389 4807 439 4860 l.
561 4807 582 4837 ⁸
611 4807 662 4861 id
710 4806 1176 4864 est'llludewicus
1223 4808 1365 4862 deest
1431 4809 1483 4862 9.
1532 4807 1674 4864 idem
1706 4839 1775 4849 —

210 4877 346 4947 idem
387 4875 439 4947 ξ».
485 4946 492 4947 ί
534 4877 555 4907 τ
584 4877 865 4947 episcopus
897 4878 951 4932 9.
1047 4876 1068 4907 ³
1092 4876 1305 4947 gisilam
1331 4877 1383 4932 5.
1431 4877 1484 4930 6.
1571 4877 1593 4908 ⁹
1621 4879 1673 4932 (1.
1711 4878 1770 4931 Β.

209 4945 258 4998 3.
291 4947 344 5001 4.
379 4945 431 4999 6.
471 4946 524 5000 9.
601 4944 644 4978 ³ο
675 4944 768 5000 filii
802 4947 852 5000 l.
948 4947 988 4977 “
1021 4955 1080 5000 ut
1100 4944 1397 5002 'subiectus
1430 4947 1510 5002 eis
1552 4957 1776 5002 essetet

209 5015 462 5071 obediens
481 5017 534 5070 5.
566 5023 625 5070 ut
650 5015 920 5070 subiectus
951 5024 1092 5070 esset
1117 5031 1181 5070 ac
1195 5017 1450 5071 obediens
1471 5017 1523 5071 9.
1547 5024 1608 5070 ut
1627 5017 1706 5072 eis
1723 5034 1770 5072 s.

207 5098 255 5138 e.
284 5101 349 5140 ac
385 5100 436 5138 ο.
460 5083 557 5141 Ba.
635 5086 676 5116 “
703 5082 972 5140 formosus
990 5085 1042 5138 5.
1067 5085 1118 5139 6.
1147 5086 1198 5138 7.
1225 5085 1276 5141 9.
1356 5086 1398 5116 “
1419 5085 1692 5141 damasius
1718 5087 1770 5141 6.

211 5155 252 5225 εδ
353 5154 624 5225 ricolphus
647 5155 702 5208 3.
749 5155 820 5225 _"
849 5155 1184 5225 eburhardus
1209 5155 1262 5209 2.
1293 5155 1344 5209 5.
1378 5156 1429 5208 1.
1461 5156 1776 5212 eberhartus

206 5224 258 5279 9.
336 5223 384 5255 “
403 5223 523 5279 cum
569 5238 706 5292 quae
745 5223 877 5280 iussi
906 5224 956 5277 7.
1036 5225 1074 5256 "
1101 5234 1520 5280 commemorato
1561 5227 1682 5281 duci
1719 5226 1770 5280 9.

209 5294 251 5325 ³³
279 5293 443 5349 locuti
469 5294 696 5348 fuissent
731 5294 784 5349 9.
860 5294 903 5325 ⁸³
929 5295 1189 5350 darentur
1222 5294 1274 5348 5.
1314 5294 1364 5346 7.
1397 5295 1590 5349 dentur
1631 5296 1775 5350 obsi-

208 5364 393 5418 des5?
418 5364 468 5420 9.
566 5364 611 5394 ’°
647 5373 1049 5419 sacramentum
1094 5378 1148 5433 q.
1199 5365 1236 5419 i.
1281 5365 1479 5418 iuravit
1511 5365 1672 5419 deest.
1720 5366 1769 5417 1.

210 5435 251 5466 ³⁸
298 5433 619 5490 sindberdus
653 5434 704 5487 1.
748 5435 1053 5489 suidbertus
1079 5433 1174 5503 Bq.
1269 5436 1313 5464 ³³
1334 5435 1602 5489 transiens
1638 5435 1774 5488 idem

209 5504 522 5557 accodt'cunt
552 5503 694 5557 511.
729 5503 783 5557 5.
810 5503 861 5558 6.
891 5505 944 5556 7.
972 5503 1022 5558 9.
1056 5504 1377 5572 transigens.
1453 5504 1498 5534 ³³
1522 5520 1573 5558 e.
1596 5504 1632 5557 i.
1659 5504 1774 5558 loco

210 5574 348 5625 deest
375 5572 422 5624 7.
493 5573 541 5604 “
563 5573 874 5628 celebravit.
911 5572 1124 5628 Hisdem
1154 5573 1340 5626 diebus
1375 5572 1624 5627 defuncto
1647 5573 1775 5627 Gui-

211 5641 412 5695 ehardo
431 5643 622 5698 abbate
650 5642 894 5697 coenobii
927 5644 1091 5698 sancti
1118 5641 1390 5706 Germani,
1424 5643 1688 5698 Robertus
1721 5643 1773 5696 in

213 5712 465 5779 regimine
505 5713 850 5770 substituitur
876 5713 926 5764 7.

1800 4463 1853 4521 D

1878 1879 2031 1936 missi
2075 1881 2118 1913 ¹³
2154 1882 2220 1936 ab
2249 1882 2544 1950 apostolico
2580 1883 2889 1951 supradicto
2924 1883 2996 1948 ⁸³,
3044 1883 3118 1937 hii
3161 1893 3288 1938 sunt
3325 1884 3456 1940 For-

1876 1985 2100 2026 monsus
2128 1971 2167 2001 ³⁷
2196 1979 2250 2025 et
2287 1972 2546 2026 Damasus
2577 1970 2620 2002 ³⁸
2650 1971 2904 2041 episcopi,
2935 1971 3002 2026 ad
3037 1971 3373 2028 Tassilonem
3405 1975 3448 2006 "

1875 2059 2066 2114 ducem
2096 2074 2202 2114 una
2230 2074 2350 2114 cum
2381 2060 2562 2114 missis
2582 2059 2762 2114 domui
2789 2057 2968 2115 Caroli
2996 2059 3137 2130 regis
3161 2060 3228 2126 ³ο,
3251 2061 3335 2116 his
3358 2077 3454 2116 no-

1874 2147 2140 2212 minibus,
2192 2147 2461 2203 Riculfum
2498 2150 2543 2180 “
2583 2147 2862 2204 diaconem
2905 2157 2960 2203 et
3001 2148 3376 2204 Eborhardum
3404 2151 3448 2182 “

1874 2237 2134 2306 magister
2161 2237 2208 2269 ³³
2233 2239 2635 2308 placet-narum,
2667 2239 2735 2294 ad
2767 2240 3212 2296 commonendum
3236 2249 3291 2296 et
3326 2257 3454 2298 con-

1876 2325 2208 2393 testandum,
2233 2336 2294 2381 ut
2325 2327 2698 2383 reminisceret
2722 2329 2768 2359 "
2794 2329 3099 2400 priscorum
3139 2347 3450 2389 sacramen-

1877 2426 2054 2472 torum
2083 2433 2327 2485 suorum,
2349 2427 2410 2473 ut
2431 2420 2477 2450 ’⁸
2513 2433 2620 2473 non
2650 2419 2807 2474 aliter
2833 2420 3065 2487 faceret,
3095 2423 3199 2478 nisi
3229 2425 3370 2479 sicut
3405 2425 3451 2455 "

1873 2508 2220 2564 iureiurando
2266 2509 2373 2564 iam
2421 2509 2620 2564 dudum
2661 2510 2988 2579 promiserat
3036 2511 3104 2566 ad
3153 2521 3363 2582 partem
3407 2515 3448 2545 "

1873 2582 2054 2652 domni
2082 2597 2294 2668 Pippini
2337 2599 2481 2668 regis
2508 2607 2562 2654 et
2587 2599 2630 2630 ³³
2661 2599 2840 2654 (10ωηί
2871 2599 3048 2656 Caroli
3081 2603 3264 2672 magni
3312 2605 3454 2674 regis

1872 2687 1957 2742 vel
1980 2687 2024 2718 ³³
2051 2687 2407 2743 Francorum.
2441 2689 2510 2744 Et
2538 2696 2666 2744 tunc
2705 2693 2979 2747 consensit
3021 2692 3230 2749 Tassilo
3261 2695 3305 2726 ³ο
3340 2696 3451 2751 dux

1874 2777 2267 2844 Baioariorum,
2297 2790 2358 2834 ut
2381 2789 2623 2850 sumptos
2650 2781 2868 2836 obsides
2893 2798 2923 2837 a
2960 2783 3157 2839 domno
3184 2800 3309 2856 rege
3343 2787 3446 2842 Ca-

1872 2867 2010 2933 rolo,
2037 2876 2093 2922 et
2121 2876 2249 2924 tunc
2271 2868 2314 2900 ³¹
2344 2871 2555 2925 veniret
2580 2869 2628 2902 ³³
2656 2871 2723 2926 ad
2747 2873 2865 2928 eius
2886 2875 3288 2943 praesenciam;
3311 2879 3453 2946 quod

1872 2968 1926 3013 et
1953 2958 2183 3015 domnus
2205 2961 2483 3031 praefatus
2513 2977 2608 3018 rex
2643 2977 2748 3018 non
2788 2965 3004 3019 rennuit
3035 2965 3101 3018 ³³.
3134 2966 3202 3020 Et
3227 2969 3452 3023 coniun-

1872 3065 2004 3121 gens
2033 3065 2092 3106 se
2120 3052 2462 3121 supradictus
2485 3052 2593 3108 dux
2623 3055 2677 3108 in
2702 3056 3075 3124 praesenciam
3105 3058 3334 3127 piissimi
3362 3075 3452 3114 re-

1873 3142 1954 3212 gis
1977 3142 2044 3196 ad
2069 3141 2436 3199 Wormaciam
2463 3143 2510 3175 ”
2541 3145 2835 3211 civitatem,
2874 3145 2948 3201 ibi
2976 3162 3245 3205 renovans
3273 3165 3452 3206 sacra-

1872 3241 2072 3299 menta,
2101 3241 2156 3288 et
2185 3233 2320 3289 dans
2358 3233 2644 3292 duodecim
2685 3236 2901 3292 obsides
2929 3237 3150 3304 electos,
3186 3246 3246 3294 ut
3272 3241 3454 3295 omnia

1871 3333 2216 3379 conservaret
2245 3324 2321 3391 ³⁸,
2350 3325 2604 3398 quicquid
2641 3326 2840 3383 domno
2868 3327 3093 3399 Pippino
3119 3331 3235 3402 regi
3262 3331 3309 3364 ³⁸
3329 3347 3456 3402 pro-

1871 3414 2097 3469 miserat
2125 3415 2492 3483 iureiurando,
2526 3417 2578 3472 in
2609 3433 2773 3474 causa
2821 3421 3115 3490 supradicti
3141 3422 3326 3478 domni
3351 3422 3453 3478 Ca-

1871 3504 1971 3559 roli
2000 3505 2143 3576 regis
2168 3504 2252 3560 vel
2280 3505 2516 3562 ﬁdelium
2560 3523 2820 3575 suorum;
2868 3511 2959 3580 qui
3004 3519 3060 3566 et
3087 3513 3190 3582 ipsi
3229 3513 3448 3571 obsides

1869 3597 2072 3664 recepti
2119 3604 2247 3651 sunt
2294 3596 2349 3650 in
2395 3597 2732 3654 Carisiacum
2776 3597 2902 3654 villa
2931 3599 2976 3631 ³⁷
3005 3601 3071 3656 de
3119 3617 3281 3657 manu
3322 3603 3447 3659 Sin-

1869 3691 2008 3746 berti
2041 3691 2086 3723 ³⁸
2112 3691 2370 3763 episcopi.
2409 3692 2517 3748 Sed
2544 3707 2650 3748 non
2684 3694 2775 3748 diu
2805 3693 3080 3763 praefatus
3105 3695 3214 3749 dux
3243 3694 3452 3751 Tassilo

1869 3783 2254 3852 promissiones
2277 3800 2414 3854 quas
2438 3784 2644 3840 fecerat
2666 3786 3029 3841 conservavit.
3065 3788 3132 3841 Et
3156 3787 3451 3843 celebravit

1870 3874 2179 3942 praedictus
2202 3875 2433 3928 domnus
2458 3875 2721 3945 gloriosus
2747 3891 2843 3929 rex
2876 3877 3110 3932 natalem
3141 3877 3352 3932 Domini
3394 3881 3449 3936 in

1871 3964 2230 4033 supradictam
2257 3964 2438 4018 villam
2469 3965 2512 3996 ³⁸
2538 3964 2870 4020 Carisiacum
2899 3967 2970 4031 ⁸ο,
2991 3976 3046 4022 et
3075 3968 3271 4037 pascha
3300 3969 3450 4024 simi-

1871 4054 2013 4110 liter.
2041 4055 2107 4110 Et
2133 4056 2416 4110 inmutavit
2439 4071 2497 4112 se
2519 4072 2774 4114 numerus
2801 4074 3064 4114 annorum
3094 4061 3146 4115 in

2258 4186 2649 4244 VARIANTES
2685 4187 2978 4246 LECTION
2984 4191 3087 4247 ES.

1943 4322 1959 4351 ¹
1986 4320 2053 4392 Et
2082 4335 2174 4392 rex
2203 4319 2412 4392 carolus
2437 4335 2480 4375 s.
2511 4321 2548 4376 i.
2575 4338 2628 4392 p.
2653 4322 2708 4392 1.
2743 4321 2794 4376 7.
2872 4324 2892 4354 ’
2913 4332 2998 4377 est
3021 4324 3160 4380 deest
3189 4322 3242 4377 2.
3319 4327 3339 4357 ³
3359 4343 3447 4381 su-

1875 4390 2183 4490 9293.33.1-
2195 4389 2560 4490 Ez‘f'lsfﬁ'
2575 4389 2621 4490 1,
2648 4391 2670 4422 ⁸
2697 4393 2989 4490 regis:
2997 4393 3086 4490 ἒς.
3104 4462 3135 4490 ι.
3163 4394 3355 4490 1:12“!
3393 4397 3440 4450 '-

1917 4460 1970 4513 in
1987 4474 2168 4530 regem
2193 4459 2246 4513 5.
2271 4459 2326 4512 in
2355 4474 2509 4530 reges
2525 4461 2572 4514 l.
2591 4461 2644 4514 7.
2719 4463 2737 4492 "
2760 4461 3090 4516 hlodowicus
3104 4462 3154 4516 6.
3171 4462 3446 4519 lodouicus

1881 4529 1941 4590 l._
2007 4530 2029 4560 ³
2059 4529 2154 4582 rex
2180 4545 2340 4598 usque
2364 4529 2455 4582 rex
2481 4531 2622 4584 deest
2655 4530 2706 4582 l.
2781 4531 2801 4560 '
2843 4531 3078 4584 hludow.
3110 4531 3162 4584 in
3193 4534 3362 4598 aquit.
3387 4533 3440 4585 2.

1876 4598 2205 4653 hlodowicus
2232 4612 2327 4651 rex
2356 4598 2409 4651 in
2439 4598 2708 4666 equitania
2727 4598 2777 4650 7.
2855 4599 2898 4629 ¹⁰
2927 4599 3288 4653 mediolanum
3311 4601 3444 4654 civi-

1875 4675 2042 4722 tatem
2071 4669 2120 4722 1.
2198 4669 2238 4737 ¹γ¹
2263 4667 2516 4737 gistolal.
2550 4667 2718 4737 gisola
2747 4667 2797 4737 7_._
2877 4669 2920 4698 “
2941 4668 3121 4737 dioma
3161 4669 3208 4720 1.
3289 4669 3331 4699 ¹³
3362 4684 3446 4724 sa-

1875 4753 1970 4792 cro
2009 4737 2164 4819 fonte
2197 4736 2250 4792 6.
2270 4735 2338 4790 ‘7.
2374 4735 2642 4838 baptismo
2671 4736 2722 4818 .
2767 4735 2819 4790 5.
2875 4806 2886 4818 '
2915 4738 2960 4819 ³³
2991 4736 3138 4792 fonte
3165 4737 3362 4792 levavit
3387 4740 3439 4793 6.

1878 4808 1922 4838 ιο
1951 4823 2098 4838 πυρα.
2131 4807 2234 4838 Ann
2266 4807 2285 4838 Ι
2412 4807 2426 4837 ι
2483 4807 2789 4838 οηηιηηιιιηιη
2815 4806 3012 4838 crs-lunai
3043 4807 3066 4838 l'
3115 4808 3134 4838 Ι
3262 4809 3302 4838 t7
3336 4808 3418 4838 6⁵η-

1878 4808 1922 4838 ¹⁶
1951 4807 2101 4862 missi
2130 4807 2235 4862 duo
2266 4807 2314 4860 1.
2412 4806 2455 4838 ¹⁶
2483 4807 2789 4876 supradicto
2815 4806 3018 4861 scilicet
3043 4807 3077 4860 f.
3115 4808 3162 4860 1.
3262 4809 3302 4838 ³⁷
3335 4808 3444 4861 for-

1874 4891 2057 4932 mosus
2081 4877 2132 4931 5.
2212 4877 2255 4908 ¹³
2272 4876 2567 4932 damausus
2592 4877 2642 4930 1.
2723 4876 2764 4907 ¹⁹
2785 4877 3132 4932 thassilonem
3157 4880 3206 4933 1.
3228 4878 3440 4932 tessilo-

1874 4961 1997 5001 nem
2011 4946 2064 5000 6.
2141 4945 2185 4977 '°
2197 4947 2338 5014 regis
2350 4946 2555 5001 scilicet
2567 4945 2824 5002 richolfus
2837 4947 3094 5002 diaconus
3115 4957 3170 5002 et
3186 4947 3382 5001 eberha
3392 4964 3442 5001 r-

1876 5025 1964 5070 tus
1993 5028 2217 5069 munere
2241 5017 2582 5084 pincernario
2617 5017 2669 5070 1.
2744 5019 2785 5047 ’³
2818 5018 3086 5072 ruculfum
3119 5017 3171 5072 6.
3249 5018 3293 5047 "
3316 5017 3441 5070 ebe-

1876 5085 2086 5155 raldum
2111 5085 2162 5136 7.
2238 5084 2284 5115 ³³
2312 5086 2628 5155 magistrum
2658 5084 2777 5138 5.6.
2805 5085 2856 5137 7.
2934 5088 2980 5117 "
3003 5087 3442 5155 reminisceretur

1873 5153 1926 5208 5.
2001 5155 2118 5208 "et
2147 5161 2331 5208 utnon
2355 5153 2424 5206 1.’
2441 5154 2492 5208 5.
2519 5156 2570 5209 6.
2595 5155 2646 5207 7.
2665 5163 2769 5210 etc.
2844 5156 3006 5210 “nisi
3030 5165 3089 5208 ut
3110 5156 3158 5208 l.
3179 5154 3231 5208 6.
3308 5156 3353 5187 ⁸⁷
3371 5156 3441 5209 ad

1872 5233 2083 5294 partem
2106 5223 2246 5278 deest
2275 5223 2328 5277 5.
2363 5293 2366 5294 ν
2404 5224 2448 5256 ³⁸
2469 5224 2651 5294 domni
2686 5224 2889 5294 pippini
2915 5225 3056 5292 regis
3081 5233 3137 5278 et
3189 5225 3328 5294 deest
3381 5224 3438 5276 6.

1875 5293 1918 5325 ”
1949 5294 2032 5348 vel
2059 5294 2200 5347 deest
2226 5294 2276 5347 l.
2353 5293 2398 5325 ⁸ο
2426 5295 2577 5349 tesilo
2597 5293 2650 5348 6.
2689 5293 2694 5294 “
2726 5295 2766 5324 ³¹
2799 5294 2980 5348 carolo
3007 5303 3134 5348 tunc
3161 5294 3212 5346 7.
3291 5293 3442 5349 "ve-

1873 5365 1984 5418 niet
2011 5363 2064 5417 2.
2087 5365 2298 5418 veniret
2321 5364 2460 5418 deest
2489 5363 2542 5416 6.
2619 5363 2665 5394 ³³
2691 5363 2867 5418 renuit
2907 5365 2958 5416 1.
2989 5362 3042 5416 7.
3117 5363 3163 5394 ”
3225 5378 3447 5416 vurma-

1874 5434 2004 5488 tiam
2029 5433 2082 5486 5.
2112 5434 2466 5487 vurmaticam
2493 5432 2545 5486 6.
2575 5431 2922 5485 warmaciam
2954 5433 3005 5484 7.
3075 5425 3120 5458 ⁸⁸
3154 5446 3450 5486 conserva—

1875 5519 1934 5557 re
1964 5504 2006 5555 1.
2031 5502 2504 5572 conseruarent_2.
2541 5501 2646 5572 ,⁸³³
2682 5501 2910 5572 domnus
2947 5502 3196 5572 pippinus
3223 5515 3338 5572 rex
3382 5503 3447 5572 2.

1876 5573 1918 5604 ³⁷
1948 5573 2212 5627 carisiaca
2257 5572 2381 5625 uilla
2414 5570 2460 5622 1.
2537 5569 2581 5600 ³³
2606 5570 2847 5623 simberti
2886 5569 3182 5626 lfsi‘n‘hcrti
3210 5571 3264 5625 2.
3299 5571 3352 5625 3.
3382 5571 3446 5626 5.

1875 5642 1924 5695 6.
1960 5642 2186 5711 ingberti
2211 5641 2260 5694 7.
2307 5711 2316 5712 ί
2339 5641 2381 5670 ³⁹
2405 5639 2582 5694 villam
2607 5640 2745 5692 decu
2769 5640 2823 5693 2.
2903 5641 2946 5673 ⁸⁰
2980 5643 3285 5712 supradicta
3312 5642 3447 5697 civb-

1879 5721 1982 5766 tatc
2017 5712 2274 5767 carisiaca
2299 5711 2346 5764 1.
