3988 6178
454 336 560 392 ιΗῦ

922 456 1154 497 ΛΝΝΑΜΞΒ
1192 455 1289 493 ιλυ
1299 453 1590 492 BISSENSES.

1048 529 1444 586 DCCLXXXII.

527 629 675 681 'I‘unc
697 626 924 679 domnus
951 620 1179 676 Carolus
1215 636 1310 675 rex
1354 621 1458 674 iter
1498 633 1788 690 peragens,
1821 617 2031 671 Renum

460 720 728 774 transiens
755 716 770 745 ι
805 714 874 768 ad
917 711 1217 776 Coloniam,
1268 719 1324 765 et
1371 709 1638 781 synodum
1661 711 1681 739 ¹
1715 708 1886 762 tenuit
1941 707 2035 761 ubi

453 809 642 880 Lippia
671 805 968 875 consurgit.
997 804 1183 873 Ibique
1215 817 1404 858 omnes
1429 801 1672 856 Saxones
1699 798 2032 865 venientes’,

454 910 679 970 excepto
704 900 922 955 rebellis
957 898 1352 952 Widocliindus
1379 895 1420 961 ‘,
1471 897 1633 950 etiam
1663 895 1793 949 illuc
1841 909 2037 948 conve-

454 1003 652 1048 nerunt
682 993 704 1025 ⁸
742 991 1072 1046 Nordmanni
1104 991 1125 1022 °
1163 990 1316 1044 missi
1376 987 1617 1058 Sigifridi
1644 989 1664 1019 "
1694 987 1838 1058 regis
1875 986 1896 1015 "
1939 1004 1951 1038 :
1985 984 2038 1038 id

459 1095 541 1141 est
569 1085 820 1153 Halptaui
852 1084 874 1114 ’
909 1099 1033 1137 cum
1064 1083 1224 1136 sociis
1255 1082 1385 1135 suis.
1453 1079 1717 1134 Similiter
1764 1085 1818 1132 et
1873 1077 2038 1130 Avari

461 1179 587 1233 illuc
613 1183 1000 1240 convenerunt,
1033 1173 1183 1227 missi
1217 1188 1247 1225 a
1271 1171 1488 1241 Cagano
1518 1178 1571 1224 et
1604 1167 1847 1238 Iugurro.
1880 1166 1921 1196 ¹⁰
1962 1165 2037 1220 Ibi

464 1279 685 1340 peracto
713 1267 933 1336 placito,
965 1281 1215 1320 reversus
1241 1272 1324 1318 est
1354 1263 1584 1316 domnus
1608 1259 1836 1315 Carolus
1866 1273 1959 1312 rex
1985 1257 2040 1310 in

465 1362 774 1420 Franciam.
808 1360 872 1412 Et
896 1374 1017 1413 cum
1041 1355 1548 1417 reversus'fuissct,
1610 1352 1794 1407 statim
1845 1350 2041 1404 iterum

467 1453 711 1506 Saxones
733 1449 891 1505 solito
918 1460 1068 1502 more
1089 1446 1332 1500 rebellati
1367 1451 1512 1508 sunt,
1565 1442 1822 1498 suadente
1863 1439 2045 1494 Wido-

465 1541 682 1596 cliindo.
713 1540 754 1572 ¹¹
795 1540 862 1593 Et
922 1540 1204 1608 ignorante
1256 1537 1360 1589 hoc
1411 1535 1606 1588 domno
1654 1531 1849 1587 Carolo
1894 1543 2040 1598 rege,

467 1635 617 1688 misit
644 1635 838 1687 missos
862 1646 988 1685 suos
1016 1628 1366 1699 Adalghisum
1387 1628 1427 1658 "
1455 1635 1509 1682 et
1530 1622 2046 1691 Gailonem"atque

466 1706 783 1785 Woradum,
814 1730 875 1775 ut
938 1726 1217 1774 moverent
1256 1718 1556 1773 exercitum
1606 1715 1941 1768 Francorum
1990 1717 2047 1765 et

1560 316 1934 374 ECINIIARDI
1975 311 2268 368 ABBATIS
2303 309 2626 364 ANNALES

2070 433 2118 492 Α

3607 312 3715 368 416

2644 417 2881 478 xunxtes
2917 436 3223 477 EGINHABDI.

2729 511 3123 568 DCCLXXKII.

2204 607 2442 662 Aestatis
2486 605 2662 670 initio,
2693 619 2818 658 cum
2864 603 2971 656 iam
3022 610 3243 672 propter
3290 603 3471 671 pabuli
3511 603 3714 674 copiam

2136 700 2406 756 exercitus
2433 699 2555 754 duci
2586 703 2815 767 poterat,
2843 696 2898 749 in
2932 694 3226 749 Saxoniam
3252 695 3511 759 eundum,
3542 705 3598 750 et
3626 696 3721 760 ibi,

2135 799 2196 846 ut
2233 791 2289 845 in
2318 791 2547 845 Francia
2588 788 2880 859 quotannis
2913 788 2927 817 ‘
2960 785 3187 850 solebat,
3238 786 3542 855 generalem
3587 803 3720 842 con-

2135 887 2352 935 ventum
2398 879 2703 934 habendum
2747 877 2978 933 censuit.
3007 876 3361 945 Traiectoque
3402 878 3542 946 apud
3570 875 3733 932 Colo-

2137 971 2284 1025 niam
2309 970 2518 1035 Rheno,
2545 985 2668 1024 cum
2706 969 2852 1024 omni
2884 967 3216 1021 Francorum
3247 966 3491 1021 exercitu
3512 966 3579 1020 ad
3609 966 3734 1021 fon-

2139 1070 2248 1116 tem
2277 1062 2497 1132 Lippiae
2525 1060 2692 1126 venit,
2727 1068 2782 1114 et
2817 1059 3015 1114 castris
3066 1058 3140 1112 ibi
3179 1059 3199 1089 ¹
3239 1059 3451 1128 positis,
3486 1071 3582 1127 per
3610 1058 3732 1114 dies

2139 1169 2245 1209 non
2269 1169 2473 1223 paucos
2511 1153 2712 1207 ibidem
2767 1159 3014 1206 moratus
3057 1157 3157 1205 est.
3207 1149 3308 1205 Ubi
3367 1149 3508 1204 inter
3546 1159 3735 1204 cetera

2140 1245 2352 1315 negotia
2393 1244 2557 1297 etiam
2591 1241 2612 1273 ⁸
2644 1242 2851 1313 legatos
2871 1240 2892 1272 ⁸
2915 1240 3156 1310 Sigifridi
3184 1241 3225 1304 ',
3248 1239 3393 1310 regis
3431 1239 3731 1305 Danorum,

2140 1345 2196 1392 et
2221 1352 2357 1407 quos
2394 1335 2462 1390 ad
2496 1350 2556 1390 se
2605 1335 2626 1366 ⁶
2673 1334 2921 1404 Caganus
2965 1342 3022 1388 et
3075 1332 3354 1403 Iugurrus,
3400 1332 3670 1401 principes
3707 1332 3730 1362 "

2141 1425 2438 1490 Hunorum,
2475 1424 2623 1479 velut
2649 1424 2801 1494 pacis
2839 1438 3002 1478 causa
3037 1423 3323 1488 miserunt,
3357 1429 3413 1476 et
3446 1421 3650 1476 audivit
3675 1429 3739 1476 et

2143 1517 2372 1573 absolvit
2399 1517 2440 1569 ³.
2479 1515 2741 1586 Cumque,
2783 1523 3052 1571 conventu
3089 1514 3375 1584 completo,
3406 1523 3556 1569 trans
3580 1514 3734 1568 Rhe-

2142 1629 2272 1668 num
2299 1613 2351 1667 in
2376 1612 2605 1667 Galliam
2633 1627 2690 1666 se
2717 1611 3030 1681 recepisset,
3073 1609 3430 1665 Widokindus
3466 1607 3510 1675 ’,
3545 1608 3634 1677 qui
3663 1607 3735 1662 ad

2145 1704 2522 1759 Nordmannos
2554 1704 2597 1735 ¹⁰
2624 1701 2956 1773 profugerat,
2991 1703 3043 1756 in
3078 1702 3308 1772 patriam
3337 1715 3608 1765 reversus,
3637 1715 3736 1752 va-

467 1811 740 1866 Saxonum
759 1825 921 1880 super
935 1808 1154 1864 Sclavos
1167 1823 1391 1877 paucos,
1411 1805 1744 1876 quirebelles
1757 1803 2041 1858 fuerant”.
2074 1787 2121 1845 Β
2149 1799 2234 1853 nis
2259 1798 2455 1866 spebus
2485 1795 2762 1850 Saxonum
2788 1795 2997 1849 animos
3025 1795 3066 1825 “
3097 1794 3165 1848 ad
3209 1793 3566 1849 defectionem
3603 1806 3742 1847 con-

467 1902 536 1955 Et
563 1900 990 1969 supranominati
1021 1898 1170 1952 missi
1194 1899 1248 1951 in
1276 1898 1364 1951 via
1387 1898 1688 1959 audientes,
1715 1894 1859 1964 quod
1876 1893 2047 1948 Saxo-

463 2009 559 2047 nes
586 1992 829 2046 rebellnti
876 1991 1106 2045 fuissent
1136 1990 1204 2054 “',
1251 1990 1637 2059 coniungentes
1683 1987 2046 2056 supradictam

463 2099 700 2149 scaram,
731 2084 1012 2138 inruerunt
1038 2098 1200 2151 super
1221 2081 1464 2136 Saxones
1491 2081 1557 2145 ¹⁶,
1586 2088 1641 2135 et
1665 2079 1866 2134 nullum
1895 2095 2047 2134 man-

467 2177 651 2230 datum
695 2175 888 2229 exinde
941 2173 1186 2228 fecerunt
1224 2175 1420 2229 domno
1467 2171 1659 2228 Carolo
1703 2187 1826 2243 rege
1859 2172 1920 2225 ¹⁷.
1980 2171 2049 2225 Et

465 2263 1069 2320 commiseruntbellum
1103 2279 1225 2319 cum
1253 2263 1583 2327 Saxonibus,
1610 2271 1664 2317 et
1698 2261 1913 2316 fortiter
1939 2275 2043 2329 pu-

467 2364 715 2427 gnantes,
744 2361 798 2409 et
833 2354 1030 2408 multos
1069 2354 1313 2409 Saxones
1353 2355 1739 2408 interementes
1774 2352 1837 2415 ¹⁸,
1877 2351 2049 2406 victo-

469 2458 555 2496 res
583 2445 878 2497 extiterunt
905 2442 946 2474 ¹⁹
976 2440 1190 2496 Franci.
1222 2443 1288 2496 Et
1335 2443 1647 2496 ceciderunt
1704 2441 1778 2495 ibi
1830 2440 1936 2495 duo
1981 2454 2047 2494 ex

469 2534 601 2602 ipsis
628 2533 828 2596 missis,
857 2531 1145 2602 Adalgisus
1167 2540 1219 2586 et
1245 2531 1418 2596 Gailo,
1473 2532 1527 2585 in
1569 2539 1753 2585 monte
1785 2529 1877 2599 qui
1909 2529 2043 2583 dici-

469 2631 556 2677 tur
584 2622 785 2678 Sundal
815 2624 858 2654 ’°
884 2636 930 2676 ει.
962 2622 1076 2677 Hoc
1102 2623 1434 2692 audiensque
1458 2623 1503 2652 ’ί
1547 2622 1778 2676 domnus
1823 2618 2048 2674 Carolus

467 2731 585 2780 rex,
611 2731 713 2769 una
743 2730 862 2770 cum
891 2713 1118 2768 Francis
1148 2731 1284 2784 quos
1312 2713 1412 2768 sub
1434 2712 1708 2767 celeritate
1757 2711 2048 2782 coniunge-

468 2819 527 2857 re
550 2804 741 2874 potuit,
765 2803 890 2857 illuc
919 2805 1174 2874 perrexit,
1200 2812 1254 2858 et
1273 2803 1520 2872 pervenit
1552 2817 1723 2870 usque
1768 2802 1837 2855 ad
1869 2802 2046 2856 locum

468 2892 564 2944 ubi
591 2892 752 2945 Alara
796 2894 841 2922 "
890 2892 1109 2946 confluit
1151 2894 1204 2946 in
1250 2892 1487 2945 Wisora.
1551 2890 1703 2945 Tunc
1726 2904 1916 2945 omnes
1950 2889 2048 2944 Sa-

469 2995 638 3034 xones
690 2981 884 3035 iterum
950 2982 1370 3045 convenientes,
1445 2978 1799 3034 subdiderunt
1853 2993 1910 3033 se
1948 2979 2048 3034 sub

468 3081 740 3141 potestate
788 3074 1083 3143 supradicti
1142 3074 1339 3127 domno
1393 3085 1519 3140 rege
1579 3069 1645 3132 ”,
1695 3077 1750 3123 et
1803 3069 2050 3125 reddide-

471 3133 594 3214 runt
622 3177 809 3217 omnes
831 3133 1200 3217 malefactores
1225 3160 1274 3192 “
1308 3133 1571 3228 illos,vqui
1619 3160 1773 3230 ipsud
1796 3159 1843 3191 ’⁵
1874 3159 2049 3214 rebel—
2078 3133 2122 3196 Ο

469 3247 600 3302 lium
633 3252 867 3304 maxime
881 3253 1328 3314 terminaverunt,
1346 3250 1411 3303 ad
1427 3248 1803 3314 occidendum,
1822 3257 2055 3318 quatuor

472 3337 619 3390 milia
657 3339 1014 3408 quingentos;
1047 3341 1188 3408 quod
1224 3340 1298 3393 ita
1339 3348 1394 3394 et
1426 3338 1630 3394 factum
1669 3347 1771 3405 est,
1827 3348 2054 3410 excepto

472 3425 890 3483 Widochindum
918 3429 982 3494 “,
1009 3431 1100 3500 qui
1127 3430 1248 3500 fuga
1273 3430 1456 3500 lapsus
1489 3430 1532 3461 "’
1558 3437 1642 3485 est
1667 3429 1713 3462 ’⁸
1746 3429 1994 3500 partibus
2008 3429 2053 3460 ”

475 3515 876 3574 Nordmanniae
899 3520 964 3572 ³ο.
997 3519 1141 3575 Haec
1163 3521 1342 3575 omnia
1366 3528 1585 3590 peracta
1607 3520 1676 3583 ³³,
1697 3535 1947 3574 reversus
1973 3527 2053 3575 est

473 3612 750 3681 praefatus
769 3613 1002 3688 domnus
1027 3629 1121 3669 rex
1144 3615 1197 3668 in
1235 3613 1483 3668 Francia.
1511 3613 1882 3668 Etcclebravit
1904 3622 2057 3667 nata-

475 3706 581 3762 lem
618 3707 832 3763 Domini
856 3710 909 3763 in
937 3710 1060 3763 villa
1094 3725 1233 3779 quae
1253 3709 1451 3764 dicitur
1473 3709 1882 3766 Teodone-villa
1908 3710 1954 3742 ⁸¹
2001 3719 2056 3765 et

477 3799 678 3868 pascha
693 3799 961 3854 similiter.
981 3800 1047 3854 Et
1061 3801 1348 3855 inmutavit
1363 3815 1421 3855 se
1438 3815 1699 3855 numerus
1721 3815 1981 3855 annorum
1999 3801 2054 3854 in

877 4019 1174 4075 VARIANT
1179 4021 1265 4075 ES
1305 4020 1710 4078 LECTIONES.

551 4171 565 4201 ²
599 4171 967 4239 pertransiens
992 4173 1044 4226 6.
1121 4173 1142 4202 ³
1169 4173 1435 4227 coloniam
1482 4169 1833 4241 synodum__7.
1911 4171 1931 4201 ³
1965 4185 2055 4241 ve-

477 4238 676 4293 nerunt
715 4255 764 4293 e.
804 4242 1003 4294 rebelle
1056 4241 1366 4296 vindikinde
1425 4241 1478 4294 1.
1512 4238 1524 4241 ⁷
1565 4238 1587 4270 ⁸
1619 4239 1818 4293 rebelle
1863 4240 2056 4293 uuido-

481 4308 678 4378 ebindo
706 4307 758 4360 5.
788 4310 1198 4364 windocliindus
1221 4311 1271 4363 7.
1374 4310 1395 4342 ⁵
1436 4319 1694 4378 venerunt
1743 4308 2054 4378 postlimani

481 4377 532 4448 1.
582 4377 646 4448 _A‘
675 4381 941 4448 nortmani
967 4379 1019 4434 5.
1053 4380 1396 4434 nortlimanni
1426 4380 1479 4435 6.
1574 4381 1594 4410 ⁷
1617 4377 1789 4433 sifridi
1845 4378 1894 4431 1.
1925 4379 2054 4448 sigi-

661 4447 834 4548 c5A."..7.
881 4448 1290 4548 godefridiqfib.
1341 4450 1430 4548 9b:
1495 4449 1552 4548 "
1583 4448 1748 4548 regis;
1789 4444 2128 4548 ,ξιθιιράεῐὲιὶυ

481 4531 604 4568 cum
661 4518 821 4572 sociis
880 4517 991 4574 suis
1049 4518 1317 4574 similiter.
1373 4528 1427 4573 et
1495 4518 1544 4571 1.
1647 4517 1666 4548 ⁸
1717 4517 1919 4571 haltani
1990 4517 2042 4571 5.

478 4584 683 4658 lialtoni
723 4587 773 4658 7r.
805 4589 1042 4656 halptani
1080 4589 1132 4642 2.
1161 4589 1212 4643 5.
1245 4590 1296 4644 6.
1376 4590 1418 4620 ¹⁰
1445 4588 1647 4658 vigerio
1670 4588 1721 4641 1.
1747 4589 1969 4658 vigurro
1991 4588 2044 4658 7.

477 4655 706 4735 iugurno
733 4657 792 4735 5_._
844 4655 907 4735 A”
925 4659 1259 4735 _vindeltindo
1281 4662 1332 4724 1,
1356 4655 1682 4735 widjeliindo
1707 4658 1761 4710 2.
1909 4657 2049 4711 adal-

477 4726 651 4803 gisum
684 4726 974 4803 1.56.
1082 4730 1399 4803 “_algonem
1447 4729 1497 4780 1.
1547 4727 1790 4803 galonem
1840 4726 2046 4803 __ga-

477 4793 706 4848 iolonem
734 4795 785 4848 6.
818 4798 1100 4851 wailonem
1123 4800 1173 4851 7.
1208 4793 1233 4799 ⁷
1255 4798 1296 4828 *⁵
1334 4793 1629 4852 ΐυετυηιΊ.
1710 4796 1755 4826 ¹⁸
1787 4793 2047 4851 rebellas-

478 4871 601 4915 sent
633 4865 681 4917 1.
710 4864 795 4917 5..
842 4867 883 4897 ιθ
911 4867 1260 4920 irrueruntin
1290 4881 1335 4920 s.
1377 4868 1426 4918 1.
1510 4866 1549 4896 "’
1592 4865 1777 4966 regii.
1819 4865 1872 4919 5.
1908 4867 1960 4920 6.
1996 4867 2045 4920 7.

479 4939 565 4966 oin
665 4933 708 4964 18
749 4935 1116 4966 ἶηιονῖηηιηιι..ο
1173 4936 1194 4966 .l
1253 4937 1282 4966 κ
1373 4935 1406 4966 Ω
1475 4933 1504 4966 '1
1636 4937 1650 4966 1
1719 4935 1948 4966 Λνοῖιη-ιι
1995 4937 2016 4966 Δ

479 4939 584 4986 etc.
665 4933 708 4964 ⁸⁸
749 4935 1120 4990 interimentes
1173 4936 1222 4988 1.
1251 4937 1304 4990 5.
1373 4935 1426 4988 6.
1475 4933 1524 4986 7.
1636 4933 1677 4966 η
1718 4935 1948 4990 extitere
1995 4937 2046 4990 1.

478 5000 524 5074 ξῗ
580 5003 756 5057 suntal
803 5004 852 5057 1.
901 5005 1166 5074 sumptdal
1213 5005 1264 5058 5.
1312 5004 1548 5074 siimptal
1597 5004 1648 5059 6.
1719 5005 1934 5059 suntdal
1998 5007 2050 5060 7.

479 5070 524 5146 ff
574 5074 796 5146 audiens
839 5075 980 5146 quod
1009 5070 1356 5146 7'2.Aaudiens
1391 5070 1595 5146 reliqui.
1693 5077 1738 5107 “
1770 5077 1948 5146 alacra
1999 5075 2050 5129 6.

577 5139 948 5222 domninre‘gis
999 5145 1050 5198 1.
1103 5144 1244 5222 6.
1297 5147 1347 5198 7.
1381 5139 1509 5200 etc.’
1588 5146 1633 5176 “
1678 5145 2056 5222 malefactorcs

479 5209 599 5283 illos
646 5209 892 5270 rebelles'
923 5223 978 5269 et
1018 5215 1330 5270 occiderunt
1377 5223 1600 5283 excepto
1646 5215 1958 5270 vindikindo
2003 5217 2053 5268 1.

479 5280 528 5311 "
572 5281 746 5350 ipsum
780 5284 830 5338 1.
873 5285 926 5339 5.
958 5285 1010 5339 6.
1045 5285 1097 5337 7.
1140 5292 1246 5339 etc.
1350 5280 1762 5352 “widochindo
1809 5285 1861 5339 5.
1905 5285 1954 5339 6.
2002 5286 2053 5339 7.

479 5359 588 5424 etc.
615 5353 707 5424 ﬂ"
734 5353 949 5424 elapsus
976 5355 1026 5408 1.
1061 5355 1111 5407 7.
1188 5356 1232 5387 ⁸⁸
1261 5368 1379 5409 exc.
1413 5352 1503 5406 W.
1547 5370 1600 5423 q.
1635 5354 1671 5406 f.
1703 5354 1738 5408 I.
1779 5363 1862 5409 est
1891 5355 2052 5408 deest.

479 5416 582 5500 6η.
611 5419 759 5500 ".ad
792 5416 976 5500 partes
1003 5426 1072 5500 _1.
1095 5495 1107 5500 Α
1151 5425 1206 5500 ³ο-
1240 5416 1688 5500 no_rma_nniaé_7.
1766 5425 1809 5456 ³¹
1837 5426 1904 5479 iis
1937 5441 2056 5495 per-

479 5492 614 5544 actis
664 5492 714 5545 1.
791 5492 1139 5552 “theodonis
1185 5495 1235 5550 1.
1284 5493 1550 5551 theodone
1595 5495 1644 5548 7.

2147 1886 2352 1941 citavit.
2402 1884 2611 1939 Interea
2662 1884 2774 1954 regi
2821 1883 3057 1937 adlatum
3106 1882 3150 1913 "
3197 1889 3298 1945 est,
3351 1881 3494 1950 quod
3541 1880 3741 1936 Sorabi

2149 1975 2346 2040 Sclavi,
2377 1975 2469 2044 qui
2498 1987 2718 2043 campos
2746 1973 2889 2027 inter
2921 1971 3097 2026 Albini
3148 1971 3192 2002 ¹³
3239 1979 3295 2026 et
3339 1969 3520 2024 Salam
3565 1971 3746 2025 inter-

2149 2067 2386 2120 iacentes
2411 2063 2669 2129 incolunt,
2716 2062 2769 2116 in
2803 2061 2938 2117 fines
2964 2062 3364 2132 'I‘huringorum
3396 2060 3442 2092 “
3469 2075 3533 2114 ac
3562 2059 3747 2115 Saxo-

2148 2173 2297 2222 num,
2326 2156 2417 2225 qui
2439 2155 2518 2209 eis
2545 2161 2699 2208 erant
2727 2153 3069 2217 contermini,
3094 2151 3383 2221 praedandi
3407 2166 3570 2205 causa
3600 2149 3742 2206 fuis-

2149 2257 2268 2305 sent
2315 2247 2578 2316 ingressi,
2638 2254 2693 2300 et
2730 2245 3121 2314 direptionibus
3185 2249 3346 2312 atque
3387 2243 3432 2274 "
3471 2243 3748 2298 incendiis

2148 2341 2410 2410 quaedam
2437 2339 2552 2393 loca
2591 2343 2915 2392 vastassent.
2950 2335 3074 2402 Qui,
3107 2335 3291 2390 statim
3332 2334 3523 2388 accitis
3559 2334 3627 2388 ad
3674 2349 3748 2389 se

2150 2434 2322 2487 tribus
2343 2430 2608 2485 ministris
2631 2431 2764 2494 suis,
2791 2428 3046 2498 Adalgiso
3071 2428 3371 2482 camerario
3398 2427 3438 2458 ¹⁶
3464 2435 3520 2482 et
3545 2427 3587 2457 ’⁷
3613 2426 3750 2481 Gei-

2149 2520 2272 2576 lone
2301 2520 2346 2551 ¹⁸
2372 2520 2567 2574 comite
2607 2517 2806 2572 stabuli
2850 2526 2904 2572 et
2930 2517 2971 2548 ¹⁹
3022 2515 3260 2572 Worado
3301 2517 3499 2572 comite
3526 2515 3744 2586 palatii,

2147 2612 2445 2682 praecepit,
2497 2618 2557 2664 ut
2602 2611 2832 2679 sumptis
2881 2598 3064 2663 secum
3113 2608 3465 2664 orientalibus
3511 2607 3750 2663 Francis

2150 2709 2312 2772 atque
2343 2700 2667 2765 Saxonibus,
2691 2699 3089 2754 contumacium
3115 2697 3428 2753 Sclavorum
3459 2697 3747 2751 audatiam

2150 2801 2349 2864 quanta
2397 2793 2702 2863 potuissent
2749 2791 3028 2846 celeritate
3064 2790 3109 2820 ’θ
3155 2791 3573 2859 conprimerent.
3631 2789 3746 2856 Qui

2151 2904 2271 2944 cum
2297 2889 2442 2942 iussa
2472 2886 2667 2941 facturi
2699 2884 2968 2940 Saxoniae
2991 2883 3127 2938 fines
3152 2883 3380 2954 ingressi
3406 2882 3638 2938 fuissent
3662 2884 3713 2914 ¹¹
3730 2925 3748 2949 ,

2151 2987 2530 3048 compererunt
2577 2975 2820 3031 Saxones
2873 2989 2939 3028 ex
2987 2974 3214 3030 consilio
3256 2973 3565 3029 Widukindi
3595 2974 3641 3004 "
3667 2975 3748 3028 ad

2152 3072 2354 3127 bellum
2402 3070 2624 3125 Francis
2677 3068 3016 3124 inferendum
3068 3082 3188 3122 esse
3243 3075 3591 3137 praeparatos
3647 3066 3744 3132 ¹³;

2153 3164 2463 3232 omissoque
2488 3161 2700 3225 itinere,
2734 3174 2841 3229 quo
2870 3158 2936 3212 ad
2967 3157 3189 3213 Sclavos
3220 3157 3344 3211 ituri
3391 3164 3568 3221 erant,
3612 3172 3749 3212 cum

2153 3251 2502 3306 orientalium
2521 3250 2851 3304 Francorum
2869 3248 3037 3318 c0piis
3058 3248 3125 3302 ad
3145 3247 3345 3312 locum,
3368 3247 3421 3301 in
3443 3262 3548 3316 quo
3570 3245 3752 3303 Saxo-

2154 3358 2251 3399 nes
2274 3344 2555 3398 audierant
2579 3341 2628 3373 "
2655 3350 3029 3412 congregatos,
3057 3341 3136 3395 ire
3157 3339 3506 3395 contendunt.
3533 3337 3749 3405 Quibus

2155 3436 2208 3488 in
2240 3435 2355 3504 ipsa
2384 3434 2615 3488 Saxonia
2642 3433 2876 3488 obviavit
2907 3433 3270 3488 Theodericus
3299 3433 3346 3464 ”
3375 3447 3578 3498 comes,
3613 3447 3749 3502 pro-

2153 3525 2387 3595 pinquus
2415 3524 2580 3594 regis,
2613 3539 2735 3578 eum
2763 3523 2849 3577 his
2879 3522 2924 3553 “
2952 3523 3143 3592 copiis,
3174 3537 3307 3591 quas
3355 3521 3534 3576 audita
3569 3521 3750 3576 Saxo-

2152 3633 2282 3672 num
2312 3615 2612 3672 defeetione
2638 3617 2830 3684 raptim
2879 3615 2933 3669 in
2979 3613 3236 3668 Bibuaria
3263 3615 3308 3646 ’⁷
3338 3627 3667 3685 congregare
3692 3614 3745 3644 ’⁸

2152 3709 2344 3778 potuit.
2385 3707 2435 3763 Is
2481 3706 2859 3762 festinantibus
2908 3707 3099 3777 legatis
3134 3706 3416 3761 consilium
3467 3705 3635 3771 dedit,
3680 3717 3748 3761 ut

2153 3799 2329 3869 primo
2379 3812 2478 3868 per
2529 3797 2920 3865 exploratores,
2975 3797 3066 3852 ubi
3129 3794 3372 3851 Saxones
3421 3804 3603 3852 essent
3651 3795 3743 3848 vel

2154 3889 2282 3958 quid
2309 3895 2439 3956 aput
2463 3886 2509 3916 ¹⁹
2535 3901 2628 3940 eos
2653 3894 2918 3955 ageretur,
2953 3885 3054 3940 sub
3082 3893 3284 3954 quanta
3323 3885 3438 3940 fieri
3481 3893 3666 3954 posset
3693 3885 3744 3916 ³⁸

2156 3978 2432 4033 celeritate
2455 3983 2864 4047 cognoscerent,
2892 3983 3028 4041 tum,
3067 3975 3113 4029 si
3141 3975 3243 4030 loci
3268 3976 3500 4046 qualitas
3533 3984 3747 4046 patere-

2157 4080 2267 4134 tur,
2305 4067 2463 4123 simul
2487 4083 2580 4122 eos
2619 4067 2982 4122 adorirentur.
3033 4065 3197 4121 Cuius
3250 4067 3474 4122 consilio
3515 4067 3742 4122 conlau-

2152 4161 2298 4226 dato,
2330 4175 2436 4214 una
2465 4175 2588 4214 cum
2639 4157 2730 4213 illo
2774 4172 2944 4227 usque
2986 4158 3052 4210 ad
3082 4165 3319 4212 montem
3349 4159 3440 4227 qui
3474 4157 3663 4212 Suntal
3691 4159 3738 4191 ³⁸

2153 4250 2470 4320 appellatur,
2513 4249 2568 4302 in
2611 4248 2764 4302 cuius
2802 4247 3208 4316 septentrionali
3257 4248 3426 4302 latere
3463 4247 3741 4303 Saxonum

2548 4353 2936 4413 VARIANTES
2973 4353 3374 4411 LECTIONES.

2227 4446 2241 4476 ¹
2272 4446 2410 4500 deest
2436 4445 2487 4499 5.
2565 4447 2585 4476 ²
2623 4447 2762 4499 deest
2784 4445 2838 4499 2.
2869 4444 2922 4498 4.
2961 4445 3014 4499 5.
3038 4445 3092 4499 6.
3125 4445 3176 4500 7.
3252 4445 3273 4476 ⁸
3299 4454 3353 4500 et
3382 4447 3433 4501 5.
3459 4445 3509 4500 9.
3588 4446 3608 4475 ’⁸
3663 4446 3739 4501 lc-

2147 4516 2289 4617 gatis
2328 4517 2378 4568 1.
2431 4516 2530 4617 2.0
2563 4516 2584 4547 ⁸⁵
2641 4515 2883 4617 gigel‘lridi
2946 4515 2997 4568 7.
3056 4515 3153 4598 9..
3213 4515 3233 4546 θ
3275 4516 3342 4596 ad
3389 4532 3448 4570 se
3488 4516 3631 4597 deest
3680 4518 3736 4570 2.

2191 4601 2434 4617 nlnnnnnc
2708 4603 2768 4617 οη
2794 4594 2868 4617 νει
2913 4586 2947 4617 ο
3043 4585 3064 4616 9
3086 4585 3456 4617 ιινιιιηηιιηιληο
3486 4585 3516 4617 κ
3564 4587 3708 4617 ..ι-ΑΛ

2191 4587 2457 4656 princeps.
2496 4587 2549 4640 2.
2644 4586 2665 4618 ⁸
2699 4585 2870 4641 solvit
2913 4586 2966 4640 9.
3043 4585 3460 4640 ’widocliindus
3483 4585 3536 4639 5.
3564 4587 3738 4641 wido-

2184 4657 2335 4687 ἰηιιιιο
2374 4657 2406 4687 κ
2453 4656 2774 4687 ινέΑζιιῖτ-Αηρ
2807 4657 2838 4687 Χ
2889 4658 2919 4687 ’τ
2977 4655 3010 4687 ο
3119 4657 3162 4687 ιο
3183 4671 3509 4687 ηιηιιηοιηηηρ
3537 4655 3570 4687 0
3630 4657 3708 4687 Ιιρ

2149 4655 2338 4711 οἰίηᾱιιε
2374 4657 2425 4708 6.
2453 4656 2777 4711 widikindus
2806 4657 2858 4710 5.
2889 4658 2939 4710 7.
2977 4655 3030 4710 9.
3119 4657 3162 4687 ιο
3183 4671 3512 4710 normannos
3537 4655 3590 4709 2.
3629 4657 3738 4725 (se-

2148 4726 2327 4799 cunda
2367 4726 2579 4799 manu);
2630 4727 2681 4780 7.
2721 4798 2727 4799 ί
2787 4727 2830 4756 ¹¹
2880 4741 2929 4779 a.
2963 4725 3106 4799 s._5?
3140 4726 3193 4790 9,
3272 4726 3640 4799 ’f‘nuntiatum
3680 4727 3735 4780 7.

2153 4796 2195 4826 ¹³
2225 4796 2405 4851 albino
2434 4797 2498 4866 1.7
2531 4793 2965 4866 '“euringorum
3007 4795 3336 4866 (lypographi
3367 4796 3512 4866 vitio)
3535 4793 3734 4866 Chesn.

2155 4813 2195 4826 η
2225 4813 2405 4851 ammo
2434 4813 2482 4849 1.
2563 4813 2965 4866 "euringorum
3007 4813 3046 4864 υ
3085 4813 3245 4865 poqra
3284 4813 3335 4849 m
3367 4813 3512 4865 rma)
3544 4813 3734 4849 ιιηεεη.

2154 4867 2197 4897 ³⁸
2225 4875 2278 4919 et
2303 4865 2354 4919 7.
2462 4865 2506 4897 ¹⁶
2547 4867 2850 4920 camerario
2897 4881 2995 4920 suo
3134 4853 3188 4920 5.
3335 4865 3735 4920 cubiculario9.

2159 4938 2200 4968 ¹⁷
2221 4935 2428 4990 deest9.
2508 4937 2551 4966 ¹⁸
2568 4937 2772 5007 gedone
2791 4935 2845 4990 5.
2907 4935 2963 5007 7‘“
2992 4936 3132 4989 deest
3159 4936 3212 5007 7.
3311 4936 3356 4965 ¹⁰

2155 5015 2272 5060 sent
2307 5007 2404 5061 cel.
2447 5007 2500 5059 5.
2544 5004 2595 5058 Ἱῖ
2640 5022 2800 5074 quam
2841 5006 3124 5060 celerrime
3149 5005 3200 5059 9.
3279 5007 3320 5036 ¹¹
3355 5004 3581 5059 fuissent
3604 5004 3738 5058 ﬁnes

2158 5077 2385 5143 ingressi
2440 5075 2490 5128 7.
2603 5078 2647 5105 "
2695 5075 2984 5130 widokindi
3029 5075 3081 5128 4.
3126 5075 3403 5129 widikindi
3467 5074 3519 5128 5.
3577 5075 3632 5126 7.
3679 5076 3731 5128 9.

2159 5148 2178 5176 ’
2235 5153 2453 5200 paratos
2496 5146 2549 5199 5.
2588 5145 2640 5198 5.
2673 5146 2724 5198 6.
2764 5145 2816 5200 9.
2895 5145 2940 5175 "
2985 5161 3035 5199 a.
3082 5160 3125 5199 s.
3163 5145 3226 5200 9.
3271 5161 3321 5198 a.
3364 5160 3409 5198 s.
3462 5159 3583 5200 esse
3635 5144 3729 5200 Ba.

2159 5153 2178 5176 ¹
2235 5153 2453 5214 paratos
2496 5153 2549 5199 :5.
2588 5153 2640 5198 5.
2673 5153 2724 5198 o'.
2764 5153 2816 5200 9.
2895 5153 2940 5175 ιδ
2985 5161 3035 5199 a.
3082 5160 3125 5199 s.
3163 5153 3226 5208 9,
3271 5161 3321 5198 a.
3364 5160 3409 5198 s.
3462 5159 3583 5200 esse
3635 5153 3729 5214 δᾳ.

2159 5216 2208 5286 Ῥ
2238 5215 2562 5286 ιθοίιοτὶοιιεί
2595 5215 2647 5286 4.
2698 5215 3042 5286 thederichus
3087 5216 3139 5270 9.
3177 5215 3486 5286 thedericus
3512 5215 3632 5286 βι]ζ
3661 5215 3735 5286 ita

2161 5285 2418 5354 deinceps.
2519 5285 2566 5315 "‘
2619 5285 2684 5339 iis
2709 5285 2761 5340 9.
2802 5285 2906 5356 hiis
2928 5284 2979 5337 5.
3012 5285 3063 5338 6.
3097 5354 3110 5356 _
3141 5286 3185 5356 ’f"
3217 5284 3453 5356 ripuaria
3503 5284 3577 5338 2.‘
3603 5285 3654 5338 5.
3679 5284 3732 5338 9.

2163 5356 2208 5385 ³⁸
2251 5370 2412 5422 quam
2435 5385 2506 5393 —
2525 5370 2788 5426 congrega
2815 5355 2868 5426 2.
2901 5356 2945 5388 ’θ
2972 5354 3112 5426 apud
3141 5355 3176 5408 2
3197 5354 3337 5412 -—-‘9.
3413 5354 3460 5426 f0
3487 5363 3737 5426 ageretur

2162 5423 2654 5548 qualntlagpossent'
2683 5425 2977 5481 celeritate.
3007 5423 3022 5426 ⁷
3080 5425 3124 5456 ³¹
3162 5425 3360 5481 sunttal
3406 5423 3732 5479 2.-sultal-1.

2163 5510 2259 5549 son
2281 5511 2316 5547 .a
2417 5534 2428 5546 .

3387 4944 3586 5004 quanta
3613 4951 3738 5004 pos-

1989 5583 2218 5640 NOTAE.

551 5684 574 5710 α
612 5673 713 5726 Der
760 5673 973 5739 St'mdel,
1023 5673 1218 5741 Siintel,
1273 5678 1327 5731 in
1374 5675 1777 5741 septentrionali
1825 5676 2050 5732 Wiserm

481 5745 617 5814 ripa,
665 5744 804 5800 inter
849 5744 1158 5801 Miinderam
1186 5755 1238 5802 et
1269 5744 1554 5812 Rinteiam,
1595 5747 1647 5802 in
1686 5746 1835 5816 cuius
1888 5745 2054 5800 latere

2160 5675 2558 5748 septentrionali
2587 5679 2680 5734 das
2712 5677 3056 5747 Dat/uelfeid,
3099 5675 3150 5736 id
3179 5687 3257 5735 est
3295 5693 3517 5748 campus
3546 5677 3599 5733 in
3630 5691 3734 5747 quo

2163 5749 2282 5819 quis
2308 5747 2595 5818 vapulavit.
