3986 6174
289 289 337 343 ιι
351 290 380 340 7
1371 285 1514 340 CUM
1558 285 2152 344 LAURISSENSIBU'S
2191 287 2502 345 COLLATl.
3467 299 3561 353 418

831 413 1066 454 annuas
1100 395 1412 454 sensuum.
1904 409 1955 467 Α

1904 409 1955 467 Α
2447 420 2684 461 ΑΝΝΑιεε
2721 423 3118 467 ιΑυιιιεεεΝιεδ.

281 500 469 548 castra
494 502 653 546 erant
691 491 892 561 posita,
926 503 1309 560 pervenerunt.
1346 491 1406 545 ln
1450 507 1557 561 quo
1599 493 1718 550 loco
1763 510 1888 550 cum
2692 488 2695 490 ’

285 583 668 640 Theodericus
714 592 893 638 castra
941 583 1233 652 posuisset,
1283 584 1414 653 ipsi,
1466 586 1607 640 sicut
1649 602 1774 640 cum
1822 602 1888 641 eo

279 683 619 731 convenerat
657 675 700 739 ¹,
728 688 835 743 quo
867 672 1079 728 facilius
1129 683 1366 729 montem
1417 676 1706 730 circumire
1727 679 1746 707 ²
1771 691 1888 746 pos-

281 777 437 829 sent,
493 768 822 838 transgressi
864 767 1172 831 Wisuram,
1219 767 1274 821 in
1320 768 1434 837 ipsa
1479 767 1717 824 fluminis
1771 771 1884 839 ripa

285 868 471 914 castra
506 869 827 929 posuerunt.
873 859 1178 930 Habitoque
1208 861 1351 914 inter
1377 876 1436 916 se
1462 861 1771 931 conloquio,
1795 879 1888 917 ve-

280 950 371 1003 riti
421 957 555 1003 sunt
596 964 665 1003 ne
704 949 773 1003 ad
813 949 833 980 ³
877 963 1071 1003 nomen
1108 949 1423 1003 Theoderici
1454 949 1713 1004 victoriae
1745 949 1884 1004 fama

282 1038 577 1103 transiret,
603 1038 647 1093 si
677 1054 800 1092 eum
830 1039 884 1092 in
919 1040 1108 1093 eodem
1140 1039 1346 1108 proelio
1375 1055 1556 1095 secum
1602 1041 1884 1096 haberent.

277 1129 410 1182 ideo
455 1128 478 1158 ⁵
518 1129 638 1183 sine
687 1129 778 1184 illo
809 1129 830 1159 ⁸
880 1144 1003 1184 cum
1053 1128 1359 1185 Saxonibus
1401 1132 1656 1202 congredi
1703 1133 1885 1186 decer-

277 1232 448 1286 nunt,
479 1223 820 1292 sumptisque
864 1222 1054 1287 armis,
1104 1237 1209 1277 non
1256 1223 1411 1291 quasi
1461 1224 1530 1276 ad
1578 1223 1786 1278 hostem
1835 1223 1885 1277 in

277 1313 406 1368 acie
450 1321 710 1377 stantem,
743 1314 837 1368 sed
882 1314 1035 1383 quasi
1068 1313 1135 1367 ad
1176 1312 1499 1382 fugientium
1545 1321 1693 1382 terga
1746 1314 1888 1368 inse-

277 1401 506 1470 quenda
551 1400 829 1470 spoliaque
882 1401 1180 1470 diripienda
1230 1400 1268 1464 ⁸,
1320 1409 1480 1469 prout
1547 1416 1814 1470 quemque
1864 1401 1886 1433 '

275 1493 552 1548 velocitas
597 1493 722 1563 equi
754 1493 835 1548 sui
873 1493 1094 1558 tulerat,
1124 1508 1230 1563 qua
1276 1491 1520 1548 Saxones
1564 1508 1662 1563 pro
1694 1492 1886 1548 castris

279 1586 341 1639 in
371 1584 493 1638 acie
518 1584 540 1615 ⁸
568 1585 805 1648 stabant,
848 1584 1220 1653 unusquisque
1255 1598 1443 1638 eorum
1487 1598 1699 1637 summa
1740 1582 1889 1637 festi—

283 1678 512 1732 natione
532 1676 855 1732 contendit.”
872 1677 988 1744 Quo
1012 1691 1133 1730 cum
1155 1684 1297 1730 esset
1323 1674 1459 1730 male
1481 1675 1520 1706 ¹⁰
1545 1683 1880 1744 perventum,

286 1767 432 1822 male
461 1767 623 1820 etiam
659 1774 954 1838 pugnatum
989 1774 1103 1832 est;
1143 1775 1267 1821 nam
1298 1768 1587 1822 commisso
1614 1767 1654 1797 “
1679 1766 1884 1837 proelio
1913 1749 1961 1808 Β

283 1855 645 1910 circumventi
663 1872 693 1909 a
710 1855 1037 1922 Saxonibus,
1051 1871 1222 1925 paene
1241 1872 1430 1913 omnes
1446 1856 1712 1912 interfecti
1735 1867 1888 1916 sunt.

285 1949 393 2017 Qui
418 1957 601 2003 tamen
625 1949 854 2004 evadere
876 1956 1184 2018 potuerunt,
1211 1964 1319 2003 non
1346 1949 1399 2002 in
1423 1950 1688 2014 sua,unde
1706 1949 1885 2020 profe-

285 2041 368 2096 cti
401 2048 550 2103 sunt,
580 2039 686 2112 sed.
710 2040 765 2094 in
795 2039 1110 2095 Theoderici
1145 2049 1344 2105 castra,
1381 2056 1520 2110 quae
1554 2050 1705 2095 trans
1726 2057 1883 2096 mon-

286 2140 404 2184 tem
433 2137 611 2194 erant,
641 2127 890 2199 fugiendo
916 2139 1294 2200 pervenerunt.
1329 2129 1434 2185 Sed
1460 2132 1633 2184 maior
1663 2130 1886 2186 Francis

285 2234 457 2288 quam
486 2232 585 2286 pro
614 2233 839 2274 numero
867 2219 1075 2273 iactura
1107 2219 1229 2284 fuit,
1262 2221 1388 2289 quia
1425 2221 1726 2291 legatorum
1756 2221 1884 2285 duo,

285 2309 581 2379 Adalgisus
606 2318 663 2362 et
692 2307 861 2374 Geilo,
885 2312 1142 2364 comitum
1175 2320 1432 2380 quattuor
1461 2313 1524 2377 ¹²,
1552 2313 1888 2383 aliorumque

289 2398 570 2452 clarorum
595 2406 759 2467 atque
785 2399 1045 2454 nobilium
1075 2415 1246 2468 usque
1279 2402 1347 2455 ad
1372 2402 1563 2471 viginti
1595 2401 1883 2466 interfecti,

285 2498 514 2558 praeter
557 2496 827 2555 caeteros,
873 2491 964 2558 qui
1006 2492 1106 2546 hos
1149 2493 1382 2562 sequuti,
1421 2495 1600 2562 potius
1646 2509 1769 2548 cum
1807 2495 1887 2550 eis

289 2582 480 2650 perire
526 2597 691 2651 quam
722 2590 846 2652 post
873 2597 967 2637 eos
1011 2583 1192 2640 vivere
1223 2584 1547 2640 maluerunt.
1597 2584 1762 2640 Cuius
1808 2587 1885 2640 rei

286 2671 546 2725 nuntium
591 2687 713 2726 cum
757 2689 853 2728 rex
899 2675 1196 2743 accepisset
1222 2675 1285 2740 ιθ,
1315 2675 1450 2730 nihil
1497 2676 1601 2730 sibi
1631 2686 1886 2731 cunctan-

283 2762 420 2816 dum
472 2764 798 2831 arbitratus,
848 2764 1072 2821 collecto
1133 2765 1454 2821 festinanter
1502 2768 1773 2832 exercitu,
1829 2767 1884 2820 in

289 2851 590 2908 Saxoniam
627 2853 1015 2924 proﬁciscitur,
1045 2856 1340 2926 accitisque
1371 2857 1439 2911 ad
1470 2873 1528 2912 se
1553 2858 1762 2911 cunctis
1786 2855 1885 2911 Sa—

289 2958 496 2996 xonum
539 2944 890 3013 primoribus,
932 2946 999 3001 de
1024 2948 1339 3002 auctoribus
1361 2946 1542 3002 factae
1566 2947 1885 3003 defectionis

286 3034 592 3102 inquisivit.
643 3035 709 3089 Et
760 3051 884 3090 cum
927 3051 1118 3092 omnes
1164 3037 1549 3093 Widokindum
1577 3040 1622 3070 ”
1648 3040 1806 3094 huius
1839 3039 1884 3070 ¹⁵

286 3124 514 3178 sceleris
551 3135 828 3180 auctorem
871 3125 1292 3195 proclamarem,
1324 3144 1448 3183 eum
1479 3127 1522 3158 ¹⁶
1565 3137 1742 3182 tamen
1772 3139 1882 3183 tra-
1912 3099 1956 3159 Ο

288 3213 421 3268 dere
450 3214 760 3283 nequirent,
784 3230 850 3270 eo
885 3217 1029 3285 quod
1053 3217 1100 3270 is
1123 3217 1163 3247 "
1195 3232 1252 3271 re
1279 3226 1590 3288 perpetrata
1623 3218 1691 3273 ad
1717 3218 1885 3274 Nord-

290 3321 522 3360 mannos
572 3322 630 3361 se
673 3307 994 3372 contulerat,
1033 3316 1371 3363 caeterorum
1421 3310 1485 3374 ',
1523 3310 1614 3379 qui
1657 3325 1884 3379 persua-

287 3399 432 3453 sioni
476 3399 590 3452 eius
619 3413 826 3454 morem
853 3407 1101 3467 gerentes
1147 3407 1357 3452 tantum
1401 3398 1614 3454 facinus
1656 3414 1881 3470 perege-

287 3499 418 3544 runt
443 3489 511 3554 ¹⁹,
553 3505 723 3559 usque
757 3491 825 3544 ad
853 3499 1110 3559 quattuor
1159 3489 1304 3543 milia
1348 3491 1628 3562 quingenti
1674 3491 1881 3557 traditi,

284 3592 345 3638 et
365 3597 530 3652 super
549 3582 767 3637 Alaram
795 3583 839 3613 ²⁰
865 3582 1107 3649 fluvium,
1133 3583 1186 3638 in
1228 3583 1348 3639 loco
1371 3585 1462 3653 qui
1487 3584 1648 3639 Ferdi
1668 3586 1711 3616 ¹¹
1738 3599 1762 3626 α
1786 3601 1886 3642 vo-

287 3683 472 3740 catur,
499 3673 646 3728 iussu
685 3673 830 3744 regis
850 3688 1039 3728 omnes
1073 3689 1177 3728 una
1203 3675 1560 3729 die.decollati
1594 3685 1739 3730 sunt.
1773 3676 1883 3730 Hu-

287 3767 523 3822 iusmodi
556 3766 791 3820 vindicta
819 3775 1126 3836 perpetrata
1157 3768 1220 3831 “,
1253 3783 1348 3822 rex
1378 3769 1666 3823 Theodone
1689 3769 1813 3822 villa
1835 3769 1881 3799 ³³

288 3858 348 3911 in
371 3857 596 3912 hiberna
621 3858 909 3922 concessit,
941 3857 1122 3926 ibique
1145 3856 1191 3887 “
1213 3858 1447 3913 natalem
1475 3859 1708 3926 Domini,
1737 3859 1812 3914 ibi
1834 3859 1881 3890 “

286 3957 348 4004 et
380 3949 580 4019 pascha
611 3963 761 4004 more
789 3948 950 4003 solito
971 3948 1284 4004 celebravit.

884 4039 1153 4096 DCCLXX
1163 4041 1294 4097 Xlll.
2576 4034 2796 4091 DCCLX
2806 4035 2988 4091 XXlll.

362 4131 657 4187 Adridente
685 4130 832 4186 veris
874 4132 1164 4201 temperie,
1201 4149 1326 4188 cum
1368 4133 1437 4188 ad
1481 4135 1876 4205 expeditionem
2051 4126 2203 4182 Tunc
2238 4126 2372 4181 obiit
2405 4125 2598 4181 domna
2627 4142 2688 4181 ac
2713 4128 2850 4182 bene
2884 4126 3078 4182 merita
3110 4126 3449 4199 Hildegardis
3480 4147 3570 4188 re-

287 4223 620 4280 Saxonicam
675 4238 735 4277 se
777 4229 1157 4293 praeparasset
1194 4253 1262 4263 —
1296 4240 1424 4278 nam
1461 4227 1527 4281 de
1570 4228 1879 4283 omnimoda
1979 4219 2102 4288 gina
2133 4217 2304 4286 pridie
2336 4216 2454 4270 Kal.
2491 4216 2613 4271 Mai.
2644 4217 2683 4280 ί,
2722 4216 2863 4286 quod
2906 4218 3087 4272 evenit
3129 4219 3183 4272 in
3224 4218 3310 4273 die
3354 4227 3483 4276 tunc
3513 4221 3568 4274 in

287 4330 480 4371 eorum
511 4314 556 4344 “
592 4313 895 4369 defectione
942 4313 1011 4367 ad
1050 4327 1172 4367 eum
1203 4314 1247 4345 ’⁷
1288 4315 1554 4384 perlatum
1609 4317 1784 4372 fuerat
1809 4351 1880 4363 ..-
1982 4319 2224 4380 tempore
2251 4310 2430 4380 vigilia
2460 4310 2487 4348 ιι
2530 4309 2864 4364 ascensionis
2901 4310 3131 4364 Domini.
3175 4311 3208 4345 "
3237 4311 3303 4366 Et
3340 4312 3572 4366 domnus

287 4407 608 4477 priusquam
652 4406 719 4460 de
758 4412 1058 4460 memorata
1087 4405 1210 4460 villa
1237 4415 1478 4462 moveret
1506 4407 1550 4438 ’⁸
1569 4449 1584 4473 ,
1615 4409 1878 4480 Hildigar-
1903 4443 1956 4503 Β
1981 4420 2078 4458 rex
2115 4401 2342 4457 Carolus
2371 4403 2475 4456 iter
2511 4401 2640 4456 fecit
2682 4405 2928 4472 partibus
2953 4403 2972 4431 ²
3002 4400 3292 4466 Saxoniae,
3333 4417 3397 4457 eo
3427 4405 3570 4472 quod

290 4497 376 4551 dis
401 4496 448 4527 ”
476 4497 661 4566 regina
707 4510 846 4550 uxor
873 4495 990 4550 eius
1015 4495 1247 4551 decessit
1273 4495 1325 4549 2.
1358 4496 1475 4550 Kal.
1505 4497 1688 4554 Maias.
1712 4499 1877 4555 Cuius
1903 4491 1949 4503 ”
1983 4493 2225 4547 Saxones
2260 4491 2457 4545 iterum
2497 4491 2727 4546 rebelles
2774 4491 3002 4545 fuissent
3039 4491 3081 4556 ³,
3125 4499 3177 4544 et
3218 4507 3339 4545 cum
3383 4493 3570 4560 paucis

679 4602 1072 4660 VARIANTES
1111 4603 1511 4662 LECTIONE3_
1978 4584 2204 4640 Francis
2255 4583 2324 4638 ad
2367 4582 2686 4637 Tbeotmalli
2732 4581 2753 4612 ⁵
2808 4593 2830 4620 ο
2881 4581 3145 4650 pervenit.
3203 4580 3280 4634 lbi
3329 4579 3571 4636 Saxones

367 4698 380 4726 I
424 4705 798 4751 conveneram
850 4697 885 4750 5
919 4696 1076 4750 _9.
1164 4697 1183 4725 ε
1213 4696 1446 4751 circuire
1501 4699 1552 4753 δ’
1603 4699 1657 4752 4,
1713 4701 1763 4753 7_
1820 4701 1872 4756 9.
1979 4682 2442 4748 praeparaverunt
2493 4687 2670 4744 pugna
2700 4672 2723 4703 ⁸
2769 4671 2824 4726 in
2874 4687 3104 4740 campo,
3155 4671 3248 4740 qui
3283 4671 3304 4701 ⁸
3343 4671 3571 4725 viriliter

305 4761 396 4820 ’in
421 4765 472 4818 7.
575 4765 857 4835 ‘ideoque
904 4767 971 4821 5?
1008 4765 1059 4820 6.
1107 4765 1162 4820 9.
1258 4767 1279 4796 ⁸
1335 4782 1402 4821 eo
1454 4769 1507 4821 5.
1572 4769 1624 4823 9.
1736 4771 1757 4801 ⁸
1809 4772 1876 4825 ad
1981 4769 2212 4823 domnus
2236 4765 2460 4820 Carolus
2489 4779 2581 4818 rex
2613 4770 2667 4818 et
2705 4762 2899 4818 Franci
2925 4763 3082 4818 solito
3113 4777 3262 4816 more
3289 4777 3452 4831 super
3475 4778 3570 4818 eos

285 4835 588 4928 fugientem
631 4836 987 4928 contendunt.
1019 4835 1200 4928 Tlerga“
1229 4837 1439 4918 insequi
1493 4839 1768 4928 spoliaque

1997 4866 2259 4914 inruentes
2282 4856 2360 4928 [et
2374 4854 2618 4910 Saxones
2641 4862 2792 4925 terga
2821 4861 3094 4908 vertentes
3111 4852 3181 4925 '1,
3207 4861 3262 4908 et
3291 4851 3523 4909 Domino
3551 4853 3571 4883 ⁸

288 4906 471 4977 ripere
500 4907 553 4961 9.
631 4907 651 4937 ⁷
693 4921 1019 4975 quemquam
1050 4907 1102 4960 9.
1179 4906 1200 4937 ⁸
1238 4907 1292 4960 in
1321 4906 1536 4977 a.’p.c._
1565 4910 1618 4964 9.
1683 4906 1722 4942 “⁹
1751 4914 1878 4966 ado-

322 4976 333 4986 ,
1117 4977 1132 5006 ι
1413 4976 1422 4989 .

288 4977 600 5102 ἳιῖῗιῗῘ-ῗ.
667 4976 1156 5116 Taiﬁeiéeiisiéwf
1189 4980 1638 5104 εἷ’δῐξνίἚίίῗῗιῗάἶιὶη
1661 4982 1879 5107 ἓΫῖ
2376 5008 2772 5065 VAR'ANTES
2817 5008 3198 5066 LECTIONES

382 5119 540 5206 cuius
583 5117 635 5170 1.
681 5117 1067 5206 ᾼιξαξρξιιωίξιέ
1082 5116 1290 5206 9.4::
1325 5118 1421 5206 liis
1533 5121 1672 5206 deest
1714 5123 1778 5206 ὄλ
2025 5205 2030 5206 γ
2060 5125 2075 5156 ί
2117 5123 2251 5206 maii
2276 5137 2415 5192 quae
2445 5131 2575 5206 erat
2606 5122 2788 5206 vigilia
2933 5123 3420 5206 λρεξῃρῳιθεμια.
3443 5141 3568 5206 θρη-

290 5186 336 5261 ff
367 5188 894 5261 caeterorut‘nquedl.
975 5186 1018 5261 f?
1042 5188 1416 5261 peregere]:
1446 5189 1490 5219 ¹⁰
1514 5189 1720 5245 alarum
1745 5193 1798 5246 2.
1823 5193 1876 5246 7.
1987 5205 2205 5259 stanter,
2250 5186 2314 5247 ei:
2339 5193 2638 5246 coniectura
2663 5186 2720 5246 ῖιὶ
2751 5192 2909 5261 fallor
2928 5186 3129 5246 Cdnisii
3165 5195 3213 5246 1.
3294 5193 3313 5224 ³
3345 5195 3572 5250 rebella-

286 5258 336 5289 ³⁸
362 5256 536 5311 ferdia
571 5257 626 5310 2.
657 5256 795 5313 fredi
823 5259 875 5311 7.
972 5259 1019 5289 "
1052 5265 1269 5328 patrata
1298 5257 1349 5312 6.
1386 5258 1438 5312 7.
1545 5261 1590 5292 ”
1643 5262 1695 5315 in
1735 5264 1881 5317 theo-
1988 5273 2111 5321 rent
2144 5256 2200 5317 1.
2282 5263 2304 5294 ’δ
2332 5262 2643 5316 theotwaldi
2693 5256 2760 5315 1.’
2796 5263 3086 5316 theodmali
3125 5263 3177 5316 6.
3217 5265 3570 5320 theotmallim

286 5328 489 5406 doan
519 5328 705 5406 villam
757 5328 812 5406 Ζ.
859 5328 1144 5406 theodonis
1174 5328 1354 5406 villam
1378 5329 1460 5406 “9.
1519 5329 1586 5406 _”
1614 5332 1794 5406 ibique
1819 5341 1874 5388 et
1985 5336 2036 5389 7.
2090 5333 2400 5406 theodmalli
2431 5333 2483 5387 9.
2581 5333 2602 5363 ⁸
2629 5347 2863 5402 pugnam
2901 5332 2947 5384 1.
2999 5331 3052 5384 5.
3103 5332 3154 5386 6.
3186 5334 3236 5386 7.
3335 5333 3489 5406 fqno
3515 5335 3568 5392 7.

283 5396 344 5472 ξ.
386 5398 475 5472 9.,
518 5397 725 5451 "deest
757 5399 809 5452 7.
862 5399 914 5472 9.
1001 5399 1340 5472 ἐξόρμα.--
1377 5400 1429 5472 ’ζ
1466 5400 1534 5472 ad
1575 5396 1876 5458 eum'deest
1985 5407 2126 5459 deest
2173 5406 2224 5458 l.
2341 5405 2360 5435 τ
2393 5411 2447 5458 et
2503 5396 2734 5457 saxo'nes
2795 5410 2944 5472 terga
3000 5412 3269 5460 vertentes
3313 5396 3454 5461 deest
3508 5406 3570 5462 ‘2.

285 5467 343 5520 9.
431 5466 475 5499 ³⁸
507 5484 566 5524 se
595 5477 838 5524 moveret
865 5470 918 5526 9.
995 5469 1041 5500 ”
1071 5469 1376 5539 biltigardis
1399 5469 1452 5524 5.
1481 5471 1809 5544 bildegardis
1823 5476 1873 5529 7.
1987 5476 2008 5507 ⁸
2039 5483 2311 5531 vertentes
2357 5473 2576 5528 domino
2611 5472 2662 5524 7.

1820 5564 2050 5624 ΝΟΤᾸΞ.

367 5657 392 5685 ι
437 5642 654 5702 Verden.

371 5716 398 5753 δ
441 5715 624 5782 Recte,
651 5720 778 5791 quia
809 5721 1011 5792 pascha
1043 5720 1094 5776 in
1129 5720 1271 5776 diem
1301 5719 1372 5775 23
1400 5719 1576 5776 Martii
1605 5722 1820 5780 cecidit.
2081 5736 2101 5763 ο
2146 5722 2404 5778 Delmold.
