  <div class='ocr_page' id='page_1' title='image "/cluster/home/n/w/nwhite01/storage/ocr_20150623/104/hvd.32044052819794/215.png"; bbox 0 0 3988 6178; ppageno 0'>
   <div class='ocr_carea' id='block_1_1' title="bbox 992 228 1022 258">
    <p class='ocr_par' dir='ltr' id='par_1_1' title="bbox 992 228 1022 258">
     <span class='ocr_line' id='line_1_1' title="bbox 992 228 1022 258; baseline 0 0"><span class='ocrx_word' id='word_1_1' title='bbox 992 228 1022 258; x_wconf 70' lang='grc' dir='ltr'><em>ο</em></span> 
     </span>
    </p>
   </div>
   <div class='ocr_carea' id='block_1_2' title="bbox 471 292 574 348">
    <p class='ocr_par' dir='ltr' id='par_1_2' title="bbox 471 292 574 348">
     <span class='ocr_line' id='line_1_2' title="bbox 471 292 574 348; baseline 0.029 -3"><span class='ocrx_word' id='word_1_2' title='bbox 471 292 574 348; x_wconf 72' lang='grc'><strong>419</strong></span> 
     </span>
    </p>
   </div>
   <div class='ocr_carea' id='block_1_3' title="bbox 936 413 1606 456">
    <p class='ocr_par' dir='ltr' id='par_1_3' title="bbox 936 413 1606 456">
     <span class='ocr_line' id='line_1_3' title="bbox 936 413 1606 456; baseline -0.006 0"><span class='ocrx_word' id='word_1_3' title='bbox 936 415 1167 456; x_wconf 61' lang='grc' dir='ltr'><strong>Αςκλιεε</strong></span> <span class='ocrx_word' id='word_1_4' title='bbox 1206 413 1606 454; x_wconf 68' lang='grc' dir='ltr'><strong>ιΑυιιιεει-ικεεθ.</strong></span> 
     </span>
    </p>
   </div>
   <div class='ocr_carea' id='block_1_4' title="bbox 473 489 2049 561">
    <p class='ocr_par' dir='ltr' id='par_1_4' title="bbox 473 489 2049 561">
     <span class='ocr_line' id='line_1_4' title="bbox 473 489 2049 561; baseline -0.007 -8"><span class='ocrx_word' id='word_1_5' title='bbox 473 499 781 561; x_wconf 80' lang='lat' dir='ltr'><strong>auxiliante,</strong></span> <span class='ocrx_word' id='word_1_6' title='bbox 805 494 996 548; x_wconf 84' lang='lat' dir='ltr'><strong>Franci</strong></span> <span class='ocrx_word' id='word_1_7' title='bbox 1018 494 1250 547; x_wconf 76' lang='lat' dir='ltr'><strong>victores</strong></span> <span class='ocrx_word' id='word_1_8' title='bbox 1271 493 1584 546; x_wconf 84' lang='lat' dir='ltr'><strong>extiterunt.</strong></span> <span class='ocrx_word' id='word_1_9' title='bbox 1619 491 1683 544; x_wconf 79' lang='lat' dir='ltr'><strong>Et</strong></span> <span class='ocrx_word' id='word_1_10' title='bbox 1705 490 1900 545; x_wconf 77' lang='lat' dir='ltr'><strong>cecidit</strong></span> <span class='ocrx_word' id='word_1_11' title='bbox 1931 489 2002 543; x_wconf 88' lang='lat' dir='ltr'><strong>ibi</strong></span> <span class='ocrx_word' id='word_1_12' title='bbox 2033 489 2049 518; x_wconf 82' lang='grc'>¹</span> 
     </span>
    </p>
   </div>
   <div class='ocr_carea' id='block_1_5' title="bbox 475 579 2054 652">
    <p class='ocr_par' dir='ltr' id='par_1_5' title="bbox 475 579 2054 652">
     <span class='ocr_line' id='line_1_5' title="bbox 475 579 2054 652; baseline -0.008 -6"><span class='ocrx_word' id='word_1_13' title='bbox 475 592 710 646; x_wconf 82' lang='lat' dir='ltr'><strong>maxima</strong></span> <span class='ocrx_word' id='word_1_14' title='bbox 738 591 757 619; x_wconf 80' lang='lat'>&#39;</span> <span class='ocrx_word' id='word_1_15' title='bbox 791 586 1075 641; x_wconf 90' lang='lat' dir='ltr'><strong>multitudo</strong></span> <span class='ocrx_word' id='word_1_16' title='bbox 1107 583 1400 648; x_wconf 78' lang='lat' dir='ltr'><strong>Saxonum,</strong></span> <span class='ocrx_word' id='word_1_17' title='bbox 1444 584 1520 638; x_wconf 91' lang='lat' dir='ltr'><strong>ita</strong></span> <span class='ocrx_word' id='word_1_18' title='bbox 1549 590 1610 636; x_wconf 90' lang='lat' dir='ltr'><strong>ut</strong></span> <span class='ocrx_word' id='word_1_19' title='bbox 1638 582 1793 652; x_wconf 89' lang='lat' dir='ltr'><strong>pauci</strong></span> <span class='ocrx_word' id='word_1_20' title='bbox 1829 581 2005 650; x_wconf 92' lang='lat' dir='ltr'><strong>fugam</strong></span> <span class='ocrx_word' id='word_1_21' title='bbox 2033 579 2054 610; x_wconf 85' lang='grc'>⁸</span> 
     </span>
    </p>
   </div>
   <div class='ocr_carea' id='block_1_6' title="bbox 472 673 2055 743">
    <p class='ocr_par' dir='ltr' id='par_1_6' title="bbox 472 673 2055 743">
     <span class='ocr_line' id='line_1_6' title="bbox 472 673 2055 743; baseline -0.008 -4"><span class='ocrx_word' id='word_1_22' title='bbox 472 683 788 740; x_wconf 81' lang='lat' dir='ltr'><strong>evasissent.</strong></span> <span class='ocrx_word' id='word_1_23' title='bbox 820 679 888 733; x_wconf 87' lang='lat' dir='ltr'><strong>Et</strong></span> <span class='ocrx_word' id='word_1_24' title='bbox 917 679 1040 733; x_wconf 92' lang='lat' dir='ltr'><strong>inde</strong></span> <span class='ocrx_word' id='word_1_25' title='bbox 1069 693 1190 731; x_wconf 88' lang='lat' dir='ltr'><strong>cum</strong></span> <span class='ocrx_word' id='word_1_26' title='bbox 1217 677 1441 730; x_wconf 83' lang='lat' dir='ltr'><strong>victoria</strong></span> <span class='ocrx_word' id='word_1_27' title='bbox 1476 675 1622 730; x_wconf 80' lang='lat' dir='ltr'><strong>venit</strong></span> <span class='ocrx_word' id='word_1_28' title='bbox 1659 673 2055 743; x_wconf 84' lang='lat' dir='ltr'><strong>suprascriptus</strong></span> 
     </span>
    </p>
   </div>
   <div class='ocr_carea' id='block_1_7' title="bbox 473 763 2055 843">
    <p class='ocr_par' dir='ltr' id='par_1_7' title="bbox 473 763 2055 843">
     <span class='ocr_line' id='line_1_7' title="bbox 473 763 2055 843; baseline -0.008 -17"><span class='ocrx_word' id='word_1_29' title='bbox 473 773 740 843; x_wconf 85' lang='lat' dir='ltr'><strong>gloriosus</strong></span> <span class='ocrx_word' id='word_1_30' title='bbox 779 783 875 823; x_wconf 91' lang='lat' dir='ltr'><strong>rex</strong></span> <span class='ocrx_word' id='word_1_31' title='bbox 917 767 984 821; x_wconf 91' lang='lat' dir='ltr'><strong>ad</strong></span> <span class='ocrx_word' id='word_1_32' title='bbox 1030 766 1449 820; x_wconf 88' lang='lat' dir='ltr'><strong>Paderbrunnen</strong></span> <span class='ocrx_word' id='word_1_33' title='bbox 1503 764 1547 829; x_wconf 61' lang='lat'><strong>*,</strong></span> <span class='ocrx_word' id='word_1_34' title='bbox 1593 764 1668 818; x_wconf 91' lang='lat' dir='ltr'><strong>ibi</strong></span> <span class='ocrx_word' id='word_1_35' title='bbox 1723 763 2055 831; x_wconf 80' lang='lat' dir='ltr'><strong>coniungens</strong></span> 
     </span>
    </p>
   </div>
   <div class='ocr_carea' id='block_1_8' title="bbox 471 853 2057 924">
    <p class='ocr_par' dir='ltr' id='par_1_8' title="bbox 471 853 2057 924">
     <span class='ocr_line' id='line_1_8' title="bbox 471 853 2057 924; baseline -0.008 -9"><span class='ocrx_word' id='word_1_36' title='bbox 471 861 772 916; x_wconf 85' lang='lat' dir='ltr'><strong>exercitum</strong></span> <span class='ocrx_word' id='word_1_37' title='bbox 793 873 971 913; x_wconf 88' lang='lat' dir='ltr'><strong>suum.</strong></span> <span class='ocrx_word' id='word_1_38' title='bbox 1002 856 1070 909; x_wconf 88' lang='lat' dir='ltr'><strong>Et</strong></span> <span class='ocrx_word' id='word_1_39' title='bbox 1093 855 1330 924; x_wconf 83' lang='lat' dir='ltr'><strong>perrexit</strong></span> <span class='ocrx_word' id='word_1_40' title='bbox 1352 855 1442 908; x_wconf 89' lang='lat' dir='ltr'><strong>ubi</strong></span> <span class='ocrx_word' id='word_1_41' title='bbox 1465 855 1658 908; x_wconf 87' lang='lat' dir='ltr'><strong>iterum</strong></span> <span class='ocrx_word' id='word_1_42' title='bbox 1685 853 1706 884; x_wconf 79' lang='grc'><strong><em>⁵</em></strong></span> <span class='ocrx_word' id='word_1_43' title='bbox 1728 853 1967 907; x_wconf 76' lang='lat' dir='ltr'><strong>Saxones</strong></span> <span class='ocrx_word' id='word_1_44' title='bbox 1999 865 2057 905; x_wconf 91' lang='lat' dir='ltr'><strong>se</strong></span> 
     </span>
    </p>
   </div>
   <div class='ocr_carea' id='block_1_9' title="bbox 473 943 2052 1026">
    <p class='ocr_par' dir='ltr' id='par_1_9' title="bbox 473 943 2052 1026">
     <span class='ocr_line' id='line_1_9' title="bbox 473 943 2052 1026; baseline -0.008 -19"><span class='ocrx_word' id='word_1_45' title='bbox 473 953 862 1008; x_wconf 88' lang='lat' dir='ltr'><strong>coniunxerunt</strong></span> <span class='ocrx_word' id='word_1_46' title='bbox 893 948 959 1002; x_wconf 93' lang='lat' dir='ltr'><strong>ad</strong></span> <span class='ocrx_word' id='word_1_47' title='bbox 982 947 1203 1001; x_wconf 87' lang='lat' dir='ltr'><strong>ﬂuvium</strong></span> <span class='ocrx_word' id='word_1_48' title='bbox 1224 947 1376 1002; x_wconf 91' lang='lat' dir='ltr'><strong>cuius</strong></span> <span class='ocrx_word' id='word_1_49' title='bbox 1397 945 1714 1026; x_wconf 73' lang='lat' dir='ltr'><strong>vocabulum</strong></span> <span class='ocrx_word' id='word_1_50' title='bbox 1739 952 1823 999; x_wconf 90' lang='lat' dir='ltr'><strong>est</strong></span> <span class='ocrx_word' id='word_1_51' title='bbox 1851 943 1993 997; x_wconf 83' lang='lat' dir='ltr'><strong>Hasa</strong></span> <span class='ocrx_word' id='word_1_52' title='bbox 2007 955 2052 994; x_wconf 75' lang='grc' dir='ltr'><strong>ι.</strong></span> 
     </span>
    </p>
   </div>
   <div class='ocr_carea' id='block_1_10' title="bbox 473 1033 2054 1109">
    <p class='ocr_par' dir='ltr' id='par_1_10' title="bbox 473 1033 2054 1109">
     <span class='ocr_line' id='line_1_10' title="bbox 473 1033 2054 1109; baseline -0.008 -12"><span class='ocrx_word' id='word_1_53' title='bbox 473 1044 550 1098; x_wconf 84' lang='lat' dir='ltr'><strong>Ibi</strong></span> <span class='ocrx_word' id='word_1_54' title='bbox 576 1043 595 1071; x_wconf 82' lang='grc'>⁶</span> <span class='ocrx_word' id='word_1_55' title='bbox 613 1043 809 1095; x_wconf 88' lang='lat' dir='ltr'><strong>iterum</strong></span> <span class='ocrx_word' id='word_1_56' title='bbox 828 1053 1003 1109; x_wconf 87' lang='lat' dir='ltr'><strong>pugna</strong></span> <span class='ocrx_word' id='word_1_57' title='bbox 1029 1037 1160 1090; x_wconf 89' lang='lat' dir='ltr'><strong>inita</strong></span> <span class='ocrx_word' id='word_1_58' title='bbox 1172 1077 1185 1101; x_wconf 91' lang='lat'><strong>,</strong></span> <span class='ocrx_word' id='word_1_59' title='bbox 1200 1053 1306 1090; x_wconf 88' lang='lat' dir='ltr'><strong>non</strong></span> <span class='ocrx_word' id='word_1_60' title='bbox 1324 1036 1499 1089; x_wconf 90' lang='lat' dir='ltr'><strong>minor</strong></span> <span class='ocrx_word' id='word_1_61' title='bbox 1512 1049 1768 1088; x_wconf 88' lang='lat' dir='ltr'><strong>numerus</strong></span> <span class='ocrx_word' id='word_1_62' title='bbox 1783 1033 2054 1086; x_wconf 81' lang='lat' dir='ltr'><strong>Saxonum</strong></span> 
     </span>
    </p>
   </div>
   <div class='ocr_carea' id='block_1_11' title="bbox 474 1121 2058 1190">
    <p class='ocr_par' dir='ltr' id='par_1_11' title="bbox 474 1121 2058 1190">
     <span class='ocr_line' id='line_1_11' title="bbox 474 1121 2058 1190; baseline -0.009 -4"><span class='ocrx_word' id='word_1_63' title='bbox 474 1132 548 1186; x_wconf 89' lang='lat' dir='ltr'><strong>ibi</strong></span> <span class='ocrx_word' id='word_1_64' title='bbox 584 1130 796 1190; x_wconf 86' lang='lat' dir='ltr'><strong>cecidit,</strong></span> <span class='ocrx_word' id='word_1_65' title='bbox 821 1135 878 1182; x_wconf 91' lang='lat' dir='ltr'><strong>et</strong></span> <span class='ocrx_word' id='word_1_66' title='bbox 908 1126 1134 1180; x_wconf 91' lang='lat' dir='ltr'><strong>Domino</strong></span> <span class='ocrx_word' id='word_1_67' title='bbox 1165 1125 1457 1178; x_wconf 85' lang='lat' dir='ltr'><strong>auxiliante</strong></span> <span class='ocrx_word' id='word_1_68' title='bbox 1481 1122 1672 1175; x_wconf 87' lang='lat' dir='ltr'><strong>Franci</strong></span> <span class='ocrx_word' id='word_1_69' title='bbox 1703 1121 1935 1175; x_wconf 89' lang='lat' dir='ltr'><strong>victores</strong></span> <span class='ocrx_word' id='word_1_70' title='bbox 1964 1135 2058 1174; x_wconf 81' lang='lat' dir='ltr'><strong>ex-</strong></span> 
     </span>
    </p>
   </div>
   <div class='ocr_carea' id='block_1_12' title="bbox 478 1207 2058 1284">
    <p class='ocr_par' dir='ltr' id='par_1_12' title="bbox 478 1207 2058 1284">
     <span class='ocr_line' id='line_1_12' title="bbox 478 1207 2058 1284; baseline -0.01 -8"><span class='ocrx_word' id='word_1_71' title='bbox 478 1223 716 1276; x_wconf 91' lang='lat' dir='ltr'><strong>titerunt.</strong></span> <span class='ocrx_word' id='word_1_72' title='bbox 741 1218 808 1272; x_wconf 88' lang='lat' dir='ltr'><strong>Et</strong></span> <span class='ocrx_word' id='word_1_73' title='bbox 848 1218 950 1270; x_wconf 85' lang='lat' dir='ltr'><strong>iter</strong></span> <span class='ocrx_word' id='word_1_74' title='bbox 978 1223 1240 1284; x_wconf 82' lang='lat' dir='ltr'><strong>peragens</strong></span> <span class='ocrx_word' id='word_1_75' title='bbox 1265 1215 1371 1267; x_wconf 89' lang='lat' dir='ltr'><strong>iam</strong></span> <span class='ocrx_word' id='word_1_76' title='bbox 1405 1213 1580 1266; x_wconf 89' lang='lat' dir='ltr'><strong>dictus</strong></span> <span class='ocrx_word' id='word_1_77' title='bbox 1602 1212 1828 1265; x_wconf 90' lang='lat' dir='ltr'><strong>domnus</strong></span> <span class='ocrx_word' id='word_1_78' title='bbox 1863 1209 1909 1273; x_wconf 87' lang='lat'><strong>&quot;,</strong></span> <span class='ocrx_word' id='word_1_79' title='bbox 1945 1207 2058 1261; x_wconf 84' lang='lat' dir='ltr'><strong>Wi-</strong></span> 
     </span>
    </p>
   </div>
   <div class='ocr_carea' id='block_1_13' title="bbox 474 1299 2059 1370">
    <p class='ocr_par' dir='ltr' id='par_1_13' title="bbox 474 1299 2059 1370">
     <span class='ocr_line' id='line_1_13' title="bbox 474 1299 2059 1370; baseline -0.011 -2"><span class='ocrx_word' id='word_1_80' title='bbox 474 1329 654 1368; x_wconf 90' lang='lat' dir='ltr'><strong>soram</strong></span> <span class='ocrx_word' id='word_1_81' title='bbox 698 1310 917 1364; x_wconf 89' lang='lat' dir='ltr'><strong>ﬂuvium</strong></span> <span class='ocrx_word' id='word_1_82' title='bbox 956 1307 1188 1370; x_wconf 85' lang='lat' dir='ltr'><strong>transiit,</strong></span> <span class='ocrx_word' id='word_1_83' title='bbox 1231 1305 1298 1358; x_wconf 91' lang='lat' dir='ltr'><strong>ad</strong></span> <span class='ocrx_word' id='word_1_84' title='bbox 1353 1303 1563 1358; x_wconf 90' lang='lat' dir='ltr'><strong>Albiam</strong></span> <span class='ocrx_word' id='word_1_85' title='bbox 1591 1303 1612 1333; x_wconf 83' lang='grc'>⁸</span> <span class='ocrx_word' id='word_1_86' title='bbox 1642 1299 1862 1354; x_wconf 89' lang='lat' dir='ltr'><strong>ﬂuvium</strong></span> <span class='ocrx_word' id='word_1_87' title='bbox 1888 1313 2059 1366; x_wconf 89' lang='lat' dir='ltr'><strong>usque</strong></span> 
     </span>
    </p>
   </div>
   <div class='ocr_carea' id='block_1_14' title="bbox 474 1388 2060 1473">
    <p class='ocr_par' dir='ltr' id='par_1_14' title="bbox 474 1388 2060 1473">
     <span class='ocr_line' id='line_1_14' title="bbox 474 1388 2060 1473; baseline -0.01 -16"><span class='ocrx_word' id='word_1_88' title='bbox 474 1402 752 1473; x_wconf 88' lang='lat' dir='ltr'><strong>pervenit;</strong></span> <span class='ocrx_word' id='word_1_89' title='bbox 780 1408 836 1454; x_wconf 93' lang='lat' dir='ltr'><strong>et</strong></span> <span class='ocrx_word' id='word_1_90' title='bbox 869 1398 993 1452; x_wconf 91' lang='lat' dir='ltr'><strong>inde</strong></span> <span class='ocrx_word' id='word_1_91' title='bbox 1027 1411 1277 1450; x_wconf 87' lang='lat' dir='ltr'><strong>reversus</strong></span> <span class='ocrx_word' id='word_1_92' title='bbox 1311 1393 1585 1462; x_wconf 81' lang='lat' dir='ltr'><strong>praefatus</strong></span> <span class='ocrx_word' id='word_1_93' title='bbox 1619 1405 1843 1461; x_wconf 89' lang='lat' dir='ltr'><strong>magnus</strong></span> <span class='ocrx_word' id='word_1_94' title='bbox 1873 1405 1967 1443; x_wconf 85' lang='lat' dir='ltr'><strong>rex</strong></span> <span class='ocrx_word' id='word_1_95' title='bbox 2006 1388 2060 1441; x_wconf 91' lang='lat' dir='ltr'><strong>in</strong></span> 
     </span>
    </p>
   </div>
   <div class='ocr_carea' id='block_1_15' title="bbox 475 1480 2059 1547">
    <p class='ocr_par' dir='ltr' id='par_1_15' title="bbox 475 1480 2059 1547">
     <span class='ocr_line' id='line_1_15' title="bbox 475 1480 2059 1547; baseline -0.009 0"><span class='ocrx_word' id='word_1_96' title='bbox 475 1493 784 1547; x_wconf 90' lang='lat' dir='ltr'><strong>Franciam.</strong></span> <span class='ocrx_word' id='word_1_97' title='bbox 816 1490 882 1543; x_wconf 89' lang='lat' dir='ltr'><strong>Et</strong></span> <span class='ocrx_word' id='word_1_98' title='bbox 909 1489 962 1541; x_wconf 95' lang='lat' dir='ltr'><strong>in</strong></span> <span class='ocrx_word' id='word_1_99' title='bbox 993 1487 1182 1541; x_wconf 90' lang='lat' dir='ltr'><strong>eodem</strong></span> <span class='ocrx_word' id='word_1_100' title='bbox 1223 1501 1364 1539; x_wconf 90' lang='lat' dir='ltr'><strong>anno</strong></span> <span class='ocrx_word' id='word_1_101' title='bbox 1389 1484 1524 1538; x_wconf 92' lang='lat' dir='ltr'><strong>obiit</strong></span> <span class='ocrx_word' id='word_1_102' title='bbox 1549 1483 1722 1536; x_wconf 89' lang='lat' dir='ltr'><strong>bonae</strong></span> <span class='ocrx_word' id='word_1_103' title='bbox 1765 1480 2059 1535; x_wconf 86' lang='lat' dir='ltr'><strong>memoriae</strong></span> 
     </span>
    </p>
   </div>
   <div class='ocr_carea' id='block_1_16' title="bbox 476 1570 2058 1645">
    <p class='ocr_par' dir='ltr' id='par_1_16' title="bbox 476 1570 2058 1645">
     <span class='ocr_line' id='line_1_16' title="bbox 476 1570 2058 1645; baseline -0.008 -8"><span class='ocrx_word' id='word_1_104' title='bbox 476 1583 674 1637; x_wconf 90' lang='lat' dir='ltr'><strong>domna</strong></span> <span class='ocrx_word' id='word_1_105' title='bbox 717 1579 877 1633; x_wconf 90' lang='lat' dir='ltr'><strong>Berta</strong></span> <span class='ocrx_word' id='word_1_106' title='bbox 909 1577 1095 1645; x_wconf 77' lang='lat' dir='ltr'><strong>regina</strong></span> <span class='ocrx_word' id='word_1_107' title='bbox 1123 1575 1156 1628; x_wconf 73' lang='grc'>4</span> <span class='ocrx_word' id='word_1_108' title='bbox 1186 1574 1310 1628; x_wconf 88' lang='lat' dir='ltr'><strong>ldus</strong></span> <span class='ocrx_word' id='word_1_109' title='bbox 1336 1572 1432 1627; x_wconf 91' lang='lat' dir='ltr'><strong>Iul.</strong></span> <span class='ocrx_word' id='word_1_110' title='bbox 1464 1573 1528 1606; x_wconf 63' lang='lat'>&quot;</span> <span class='ocrx_word' id='word_1_111' title='bbox 1556 1572 1622 1625; x_wconf 88' lang='lat' dir='ltr'><strong>Et</strong></span> <span class='ocrx_word' id='word_1_112' title='bbox 1653 1587 1776 1625; x_wconf 91' lang='lat' dir='ltr'><strong>cum</strong></span> <span class='ocrx_word' id='word_1_113' title='bbox 1802 1570 2058 1625; x_wconf 86' lang='lat' dir='ltr'><strong>Worma-</strong></span> 
     </span>
    </p>
   </div>
   <div class='ocr_carea' id='block_1_17' title="bbox 476 1661 2060 1739">
    <p class='ocr_par' dir='ltr' id='par_1_17' title="bbox 476 1661 2060 1739">
     <span class='ocr_line' id='line_1_17' title="bbox 476 1661 2060 1739; baseline -0.009 -12"><span class='ocrx_word' id='word_1_114' title='bbox 476 1673 614 1727; x_wconf 88' lang='lat' dir='ltr'><strong>ciam</strong></span> <span class='ocrx_word' id='word_1_115' title='bbox 659 1670 679 1700; x_wconf 85' lang='grc'><strong>⁹</strong></span> <span class='ocrx_word' id='word_1_116' title='bbox 723 1667 1059 1739; x_wconf 89' lang='lat' dir='ltr'><strong>pervenisset</strong></span> <span class='ocrx_word' id='word_1_117' title='bbox 1112 1665 1341 1720; x_wconf 91' lang='lat' dir='ltr'><strong>domnus</strong></span> <span class='ocrx_word' id='word_1_118' title='bbox 1383 1678 1480 1717; x_wconf 88' lang='lat' dir='ltr'><strong>rex</strong></span> <span class='ocrx_word' id='word_1_119' title='bbox 1539 1661 1787 1726; x_wconf 88' lang='lat' dir='ltr'><strong>Carolus,</strong></span> <span class='ocrx_word' id='word_1_120' title='bbox 1835 1661 2060 1715; x_wconf 89' lang='lat' dir='ltr'><strong>sociavit</strong></span> 
     </span>
    </p>
   </div>
   <div class='ocr_carea' id='block_1_18' title="bbox 475 1745 2136 1818">
    <p class='ocr_par' dir='ltr' id='par_1_18' title="bbox 475 1745 2136 1818">
     <span class='ocr_line' id='line_1_18' title="bbox 475 1745 2136 1818; baseline -0.007 -4"><span class='ocrx_word' id='word_1_121' title='bbox 475 1760 578 1814; x_wconf 84' lang='lat' dir='ltr'><strong>sibi</strong></span> <span class='ocrx_word' id='word_1_122' title='bbox 609 1761 662 1813; x_wconf 93' lang='lat' dir='ltr'><strong>in</strong></span> <span class='ocrx_word' id='word_1_123' title='bbox 694 1757 1101 1812; x_wconf 84' lang='lat' dir='ltr'><strong>matrimonium</strong></span> <span class='ocrx_word' id='word_1_124' title='bbox 1132 1755 1172 1786; x_wconf 87' lang='grc'><strong>¹⁰</strong></span> <span class='ocrx_word' id='word_1_125' title='bbox 1203 1754 1395 1808; x_wconf 91' lang='lat' dir='ltr'><strong>domna</strong></span> <span class='ocrx_word' id='word_1_126' title='bbox 1430 1752 1759 1807; x_wconf 85' lang='lat' dir='ltr'><strong>Fastradane</strong></span> <span class='ocrx_word' id='word_1_127' title='bbox 1781 1751 1964 1818; x_wconf 87' lang='lat' dir='ltr'><strong>regina</strong></span> <span class='ocrx_word' id='word_1_128' title='bbox 1994 1752 2055 1803; x_wconf 85' lang='lat'><strong>“.</strong></span> <span class='ocrx_word' id='word_1_129' title='bbox 2089 1745 2136 1804; x_wconf 93' lang='grc' dir='ltr'><strong>Β</strong></span> 
     </span>
    </p>
   </div>
   <div class='ocr_carea' id='block_1_19' title="bbox 475 1842 2062 1911">
    <p class='ocr_par' dir='ltr' id='par_1_19' title="bbox 475 1842 2062 1911">
     <span class='ocr_line' id='line_1_19' title="bbox 475 1842 2062 1911; baseline -0.007 -5"><span class='ocrx_word' id='word_1_130' title='bbox 475 1852 542 1906; x_wconf 88' lang='lat' dir='ltr'><strong>Et</strong></span> <span class='ocrx_word' id='word_1_131' title='bbox 571 1850 866 1906; x_wconf 88' lang='lat' dir='ltr'><strong>celebravit</strong></span> <span class='ocrx_word' id='word_1_132' title='bbox 909 1847 1142 1902; x_wconf 89' lang='lat' dir='ltr'><strong>natalem</strong></span> <span class='ocrx_word' id='word_1_133' title='bbox 1187 1845 1399 1900; x_wconf 91' lang='lat' dir='ltr'><strong>Domini</strong></span> <span class='ocrx_word' id='word_1_134' title='bbox 1436 1845 1491 1897; x_wconf 92' lang='lat' dir='ltr'><strong>in</strong></span> <span class='ocrx_word' id='word_1_135' title='bbox 1534 1843 1658 1897; x_wconf 90' lang='lat' dir='ltr'><strong>villa</strong></span> <span class='ocrx_word' id='word_1_136' title='bbox 1702 1857 1822 1911; x_wconf 62' lang='lat' dir='ltr'><strong>quae</strong></span> <span class='ocrx_word' id='word_1_137' title='bbox 1863 1842 2062 1897; x_wconf 86' lang='lat' dir='ltr'><strong>dicitur</strong></span> 
     </span>
    </p>
   </div>
   <div class='ocr_carea' id='block_1_20' title="bbox 477 1937 2065 2009">
    <p class='ocr_par' dir='ltr' id='par_1_20' title="bbox 477 1937 2065 2009">
     <span class='ocr_line' id='line_1_20' title="bbox 477 1937 2065 2009; baseline -0.005 -10"><span class='ocrx_word' id='word_1_138' title='bbox 477 1943 787 2000; x_wconf 85' lang='lat' dir='ltr'><strong>llaristallio</strong></span> <span class='ocrx_word' id='word_1_139' title='bbox 836 1942 900 2006; x_wconf 82' lang='lat'><strong>“,</strong></span> <span class='ocrx_word' id='word_1_140' title='bbox 926 1950 980 1995; x_wconf 88' lang='lat' dir='ltr'><strong>et</strong></span> <span class='ocrx_word' id='word_1_141' title='bbox 1021 1940 1232 2009; x_wconf 87' lang='lat' dir='ltr'><strong>pascha.</strong></span> <span class='ocrx_word' id='word_1_142' title='bbox 1259 1937 1524 1992; x_wconf 87' lang='lat' dir='ltr'><strong>similiter.</strong></span> <span class='ocrx_word' id='word_1_143' title='bbox 1569 1937 1636 1990; x_wconf 89' lang='lat' dir='ltr'><strong>Et</strong></span> <span class='ocrx_word' id='word_1_144' title='bbox 1677 1937 1960 1990; x_wconf 90' lang='lat' dir='ltr'><strong>inmutavit</strong></span> <span class='ocrx_word' id='word_1_145' title='bbox 2006 1952 2065 1991; x_wconf 89' lang='lat' dir='ltr'><strong>se</strong></span> 
     </span>
    </p>
   </div>
   <div class='ocr_carea' id='block_1_21' title="bbox 475 2031 1110 2091">
    <p class='ocr_par' dir='ltr' id='par_1_21' title="bbox 475 2031 1110 2091">
     <span class='ocr_line' id='line_1_21' title="bbox 475 2031 1110 2091; baseline -0.011 0"><span class='ocrx_word' id='word_1_146' title='bbox 475 2050 736 2091; x_wconf 86' lang='lat' dir='ltr'><strong>numerus</strong></span> <span class='ocrx_word' id='word_1_147' title='bbox 765 2047 1029 2087; x_wconf 89' lang='lat' dir='ltr'><strong>annorum</strong></span> <span class='ocrx_word' id='word_1_148' title='bbox 1057 2031 1110 2084; x_wconf 90' lang='lat' dir='ltr'><strong>in</strong></span> 
     </span>
    </p>
   </div>
   <div class='ocr_carea' id='block_1_22' title="bbox 545 2119 2062 2197">
    <p class='ocr_par' dir='ltr' id='par_1_22' title="bbox 545 2119 2062 2197">
     <span class='ocr_line' id='line_1_22' title="bbox 545 2119 2062 2197; baseline -0.003 -18"><span class='ocrx_word' id='word_1_149' title='bbox 545 2128 578 2162; x_wconf 60' lang='grc' dir='ltr'><strong><em>ἰ</em></strong></span> <span class='ocrx_word' id='word_1_150' title='bbox 603 2126 679 2197; x_wconf 89' lang='lat' dir='ltr'><strong>[et</strong></span> <span class='ocrx_word' id='word_1_151' title='bbox 719 2125 923 2195; x_wconf 90' lang='lat' dir='ltr'><strong>sepulta</strong></span> <span class='ocrx_word' id='word_1_152' title='bbox 959 2133 1044 2178; x_wconf 88' lang='lat' dir='ltr'><strong>est</strong></span> <span class='ocrx_word' id='word_1_153' title='bbox 1077 2124 1234 2197; x_wconf 80' lang='lat' dir='ltr'><strong>iuxta</strong></span> <span class='ocrx_word' id='word_1_154' title='bbox 1265 2121 1464 2197; x_wconf 77' lang='lat' dir='ltr'><strong>urbem</strong></span> <span class='ocrx_word' id='word_1_155' title='bbox 1493 2119 1810 2197; x_wconf 62' lang='lat' dir='ltr'><strong>Mettensem</strong></span> <span class='ocrx_word' id='word_1_156' title='bbox 1838 2120 1890 2174; x_wconf 93' lang='lat' dir='ltr'><strong>in</strong></span> <span class='ocrx_word' id='word_1_157' title='bbox 1920 2119 2062 2174; x_wconf 82' lang='lat' dir='ltr'><strong>basi-</strong></span> 
     </span>
    </p>
   </div>
   <div class='ocr_carea' id='block_1_23' title="bbox 476 2189 1642 2262">
    <p class='ocr_par' dir='ltr' id='par_1_23' title="bbox 476 2189 1642 2262">
     <span class='ocr_line' id='line_1_23' title="bbox 476 2189 1642 2262; baseline -0.009 -9"><span class='ocrx_word' id='word_1_158' title='bbox 476 2199 582 2253; x_wconf 85' lang='lat' dir='ltr'><strong>lica</strong></span> <span class='ocrx_word' id='word_1_159' title='bbox 605 2189 972 2262; x_wconf 68' lang='lat' dir='ltr'><strong>apostolorum</strong></span> <span class='ocrx_word' id='word_1_160' title='bbox 997 2203 1051 2248; x_wconf 92' lang='lat' dir='ltr'><strong>et</strong></span> <span class='ocrx_word' id='word_1_161' title='bbox 1077 2194 1218 2248; x_wconf 83' lang='lat' dir='ltr'><strong>beati</strong></span> <span class='ocrx_word' id='word_1_162' title='bbox 1250 2190 1474 2246; x_wconf 81' lang='lat' dir='ltr'><strong>Arnulfi.</strong></span> <span class='ocrx_word' id='word_1_163' title='bbox 1502 2192 1534 2262; x_wconf 85' lang='lat'><strong>9</strong></span> <span class='ocrx_word' id='word_1_164' title='bbox 1562 2189 1642 2262; x_wconf 81' lang='lat' dir='ltr'><strong>b.]</strong></span> 
     </span>
    </p>
   </div>
   <div class='ocr_carea' id='block_1_24' title="bbox 548 2260 2063 2334">
    <p class='ocr_par' dir='ltr' id='par_1_24' title="bbox 548 2260 2063 2334">
     <span class='ocr_line' id='line_1_24' title="bbox 548 2260 2063 2334; baseline -0.005 -13"><span class='ocrx_word' id='word_1_165' title='bbox 548 2269 612 2301; x_wconf 57' lang='lat' dir='ltr'><strong>H‘</strong></span> <span class='ocrx_word' id='word_1_166' title='bbox 640 2260 716 2334; x_wconf 88' lang='lat' dir='ltr'><strong>[et</strong></span> <span class='ocrx_word' id='word_1_167' title='bbox 741 2265 948 2334; x_wconf 90' lang='lat' dir='ltr'><strong>sepulta</strong></span> <span class='ocrx_word' id='word_1_168' title='bbox 983 2275 1069 2319; x_wconf 90' lang='lat' dir='ltr'><strong>est</strong></span> <span class='ocrx_word' id='word_1_169' title='bbox 1098 2263 1150 2317; x_wconf 94' lang='lat' dir='ltr'><strong>in</strong></span> <span class='ocrx_word' id='word_1_170' title='bbox 1191 2262 1471 2334; x_wconf 86' lang='lat' dir='ltr'><strong>Causiaco.</strong></span> <span class='ocrx_word' id='word_1_171' title='bbox 1505 2260 1770 2334; x_wconf 31' lang='lat' dir='ltr'><strong>Sed‘inde</strong></span> <span class='ocrx_word' id='word_1_172' title='bbox 1801 2260 2063 2334; x_wconf 81' lang='lat' dir='ltr'><strong>translata</strong></span> 
     </span>
    </p>
   </div>
   <div class='ocr_carea' id='block_1_25' title="bbox 481 2331 2062 2404">
    <p class='ocr_par' dir='ltr' id='par_1_25' title="bbox 481 2331 2062 2404">
     <span class='ocr_line' id='line_1_25' title="bbox 481 2331 2062 2404; baseline -0.004 -14"><span class='ocrx_word' id='word_1_173' title='bbox 481 2331 739 2399; x_wconf 81' lang='lat' dir='ltr'><strong>Parisius,</strong></span> <span class='ocrx_word' id='word_1_174' title='bbox 769 2331 973 2404; x_wconf 79' lang='lat' dir='ltr'><strong>sepulta</strong></span> <span class='ocrx_word' id='word_1_175' title='bbox 1020 2341 1103 2388; x_wconf 90' lang='lat' dir='ltr'><strong>est</strong></span> <span class='ocrx_word' id='word_1_176' title='bbox 1143 2333 1510 2404; x_wconf 15' lang='lat' dir='ltr'><strong>iuxtaivirum</strong></span> <span class='ocrx_word' id='word_1_177' title='bbox 1539 2347 1697 2386; x_wconf 92' lang='lat' dir='ltr'><strong>suum</strong></span> <span class='ocrx_word' id='word_1_178' title='bbox 1742 2332 1796 2385; x_wconf 88' lang='lat' dir='ltr'><strong>in</strong></span> <span class='ocrx_word' id='word_1_179' title='bbox 1833 2331 2062 2386; x_wconf 86' lang='lat' dir='ltr'><strong>ecclesia</strong></span> 
     </span>
    </p>
   </div>
   <div class='ocr_carea' id='block_1_26' title="bbox 474 2400 1386 2477">
    <p class='ocr_par' dir='ltr' id='par_1_26' title="bbox 474 2400 1386 2477">
     <span class='ocr_line' id='line_1_26' title="bbox 474 2400 1386 2477; baseline -0.008 -16"><span class='ocrx_word' id='word_1_180' title='bbox 474 2407 652 2462; x_wconf 87' lang='lat' dir='ltr'><strong>sancti</strong></span> <span class='ocrx_word' id='word_1_181' title='bbox 683 2400 924 2477; x_wconf 62' lang='lat' dir='ltr'><strong>Dionvsii</strong></span> <span class='ocrx_word' id='word_1_182' title='bbox 955 2403 1228 2474; x_wconf 87' lang='lat' dir='ltr'><strong>martyris.</strong></span> <span class='ocrx_word' id='word_1_183' title='bbox 1255 2403 1287 2458; x_wconf 89' lang='lat'>9</span> <span class='ocrx_word' id='word_1_184' title='bbox 1308 2400 1386 2472; x_wconf 91' lang='lat' dir='ltr'><strong>b.]</strong></span> 
     </span>
    </p>
   </div>
   <div class='ocr_carea' id='block_1_27' title="bbox 1061 3131 1478 3189">
    <p class='ocr_par' dir='ltr' id='par_1_27' title="bbox 1061 3131 1478 3189">
     <span class='ocr_line' id='line_1_27' title="bbox 1061 3131 1478 3189; baseline -0.017 1"><span class='ocrx_word' id='word_1_185' title='bbox 1061 3131 1478 3189; x_wconf 78' lang='lat' dir='ltr'><strong>DCCLXXXIV.</strong></span> 
     </span>
    </p>
   </div>
   <div class='ocr_carea' id='block_1_28' title="bbox 551 3216 2060 3284">
    <p class='ocr_par' dir='ltr' id='par_1_28' title="bbox 551 3216 2060 3284">
     <span class='ocr_line' id='line_1_28' title="bbox 551 3216 2060 3284; baseline -0.009 0"><span class='ocrx_word' id='word_1_186' title='bbox 551 3231 620 3284; x_wconf 89' lang='lat' dir='ltr'><strong>Et</strong></span> <span class='ocrx_word' id='word_1_187' title='bbox 650 3238 778 3283; x_wconf 92' lang='lat' dir='ltr'><strong>tunc</strong></span> <span class='ocrx_word' id='word_1_188' title='bbox 818 3227 860 3258; x_wconf 81' lang='grc'><strong>¹³</strong></span> <span class='ocrx_word' id='word_1_189' title='bbox 897 3224 1138 3279; x_wconf 89' lang='lat' dir='ltr'><strong>rebellati</strong></span> <span class='ocrx_word' id='word_1_190' title='bbox 1171 3232 1298 3278; x_wconf 89' lang='lat' dir='ltr'><strong>sunt</strong></span> <span class='ocrx_word' id='word_1_191' title='bbox 1330 3223 1371 3252; x_wconf 65' lang='grc' dir='ltr'>’δ</span> <span class='ocrx_word' id='word_1_192' title='bbox 1399 3223 1596 3276; x_wconf 87' lang='lat' dir='ltr'><strong>iterum</strong></span> <span class='ocrx_word' id='word_1_193' title='bbox 1627 3220 1872 3274; x_wconf 81' lang='lat' dir='ltr'><strong>Saxones</strong></span> <span class='ocrx_word' id='word_1_194' title='bbox 1903 3216 2060 3271; x_wconf 90' lang='lat' dir='ltr'><strong>solito</strong></span> 
     </span>
    </p>
   </div>
   <div class='ocr_carea' id='block_1_29' title="bbox 415 3308 2061 3385">
    <p class='ocr_par' dir='ltr' id='par_1_29' title="bbox 415 3308 2061 3385">
     <span class='ocr_line' id='line_1_29' title="bbox 415 3308 2061 3385; baseline -0.01 -7"><span class='ocrx_word' id='word_1_195' title='bbox 415 3367 418 3370; x_wconf 86' lang='lat'><strong>.</strong></span> <span class='ocrx_word' id='word_1_196' title='bbox 479 3335 654 3385; x_wconf 88' lang='lat' dir='ltr'><strong>more,</strong></span> <span class='ocrx_word' id='word_1_197' title='bbox 681 3329 883 3374; x_wconf 90' lang='lat' dir='ltr'><strong>etcum</strong></span> <span class='ocrx_word' id='word_1_198' title='bbox 926 3317 1006 3371; x_wconf 92' lang='lat' dir='ltr'><strong>eis</strong></span> <span class='ocrx_word' id='word_1_199' title='bbox 1031 3330 1160 3384; x_wconf 91' lang='lat' dir='ltr'><strong>pars</strong></span> <span class='ocrx_word' id='word_1_200' title='bbox 1191 3315 1237 3344; x_wconf 83' lang='grc'>¹⁸</span> <span class='ocrx_word' id='word_1_201' title='bbox 1269 3314 1447 3382; x_wconf 89' lang='lat' dir='ltr'><strong>aliqua</strong></span> <span class='ocrx_word' id='word_1_202' title='bbox 1482 3311 1790 3366; x_wconf 88' lang='lat' dir='ltr'><strong>Frisonum.</strong></span> <span class='ocrx_word' id='word_1_203' title='bbox 1834 3309 1875 3340; x_wconf 74' lang='grc'><strong>¹⁶</strong></span> <span class='ocrx_word' id='word_1_204' title='bbox 1911 3308 2061 3362; x_wconf 90' lang='lat' dir='ltr'><strong>Tunc</strong></span> 
     </span>
    </p>
   </div>
   <div class='ocr_carea' id='block_1_30' title="bbox 479 3399 2060 3471">
    <p class='ocr_par' dir='ltr' id='par_1_30' title="bbox 479 3399 2060 3471">
     <span class='ocr_line' id='line_1_30' title="bbox 479 3399 2060 3471; baseline -0.012 -1"><span class='ocrx_word' id='word_1_205' title='bbox 479 3411 676 3469; x_wconf 89' lang='lat' dir='ltr'><strong>deinde</strong></span> <span class='ocrx_word' id='word_1_206' title='bbox 728 3408 958 3464; x_wconf 91' lang='lat' dir='ltr'><strong>domnus</strong></span> <span class='ocrx_word' id='word_1_207' title='bbox 995 3406 1220 3460; x_wconf 87' lang='lat' dir='ltr'><strong>Carolus</strong></span> <span class='ocrx_word' id='word_1_208' title='bbox 1261 3419 1356 3457; x_wconf 87' lang='lat' dir='ltr'><strong>rex</strong></span> <span class='ocrx_word' id='word_1_209' title='bbox 1389 3403 1492 3457; x_wconf 90' lang='lat' dir='ltr'><strong>iter</strong></span> <span class='ocrx_word' id='word_1_210' title='bbox 1529 3415 1813 3471; x_wconf 77' lang='lat' dir='ltr'><strong>peragens,</strong></span> <span class='ocrx_word' id='word_1_211' title='bbox 1851 3399 2060 3453; x_wconf 81' lang='lat' dir='ltr'><strong>Renum</strong></span> 
     </span>
    </p>
   </div>
   <div class='ocr_carea' id='block_1_31' title="bbox 477 3490 2063 3569">
    <p class='ocr_par' dir='ltr' id='par_1_31' title="bbox 477 3490 2063 3569">
     <span class='ocr_line' id='line_1_31' title="bbox 477 3490 2063 3569; baseline -0.011 -10"><span class='ocrx_word' id='word_1_212' title='bbox 477 3503 694 3559; x_wconf 77' lang='lat' dir='ltr'><strong>transiit</strong></span> <span class='ocrx_word' id='word_1_213' title='bbox 725 3501 792 3556; x_wconf 89' lang='lat' dir='ltr'><strong>ad</strong></span> <span class='ocrx_word' id='word_1_214' title='bbox 827 3500 1113 3569; x_wconf 89' lang='lat' dir='ltr'><strong>Lippiham</strong></span> <span class='ocrx_word' id='word_1_215' title='bbox 1148 3497 1215 3561; x_wconf 84' lang='lat'><strong>&quot;’,</strong></span> <span class='ocrx_word' id='word_1_216' title='bbox 1248 3505 1304 3550; x_wconf 92' lang='lat' dir='ltr'><strong>et</strong></span> <span class='ocrx_word' id='word_1_217' title='bbox 1339 3496 1616 3564; x_wconf 79' lang='lat' dir='ltr'><strong>ingressus</strong></span> <span class='ocrx_word' id='word_1_218' title='bbox 1651 3499 1735 3546; x_wconf 92' lang='lat' dir='ltr'><strong>est</strong></span> <span class='ocrx_word' id='word_1_219' title='bbox 1770 3490 2063 3544; x_wconf 78' lang='lat' dir='ltr'><strong>Saxoniam</strong></span> 
     </span>
    </p>
   </div>
   <div class='ocr_carea' id='block_1_32' title="bbox 476 3578 2061 3654">
    <p class='ocr_par' dir='ltr' id='par_1_32' title="bbox 476 3578 2061 3654">
     <span class='ocr_line' id='line_1_32' title="bbox 476 3578 2061 3654; baseline -0.011 -6"><span class='ocrx_word' id='word_1_220' title='bbox 476 3591 788 3648; x_wconf 90' lang='lat' dir='ltr'><strong>circuiendo</strong></span> <span class='ocrx_word' id='word_1_221' title='bbox 826 3589 870 3620; x_wconf 78' lang='lat'><strong>“&#39;</strong></span> <span class='ocrx_word' id='word_1_222' title='bbox 896 3597 952 3643; x_wconf 92' lang='lat' dir='ltr'><strong>et</strong></span> <span class='ocrx_word' id='word_1_223' title='bbox 977 3585 1260 3650; x_wconf 84' lang='lat' dir='ltr'><strong>vastando,</strong></span> <span class='ocrx_word' id='word_1_224' title='bbox 1291 3598 1462 3654; x_wconf 90' lang='lat' dir='ltr'><strong>usque</strong></span> <span class='ocrx_word' id='word_1_225' title='bbox 1502 3582 1644 3652; x_wconf 89' lang='lat' dir='ltr'><strong>quod</strong></span> <span class='ocrx_word' id='word_1_226' title='bbox 1673 3581 1716 3611; x_wconf 78' lang='grc'>¹⁹</span> <span class='ocrx_word' id='word_1_227' title='bbox 1743 3579 1988 3650; x_wconf 88' lang='lat' dir='ltr'><strong>pervenit</strong></span> <span class='ocrx_word' id='word_1_228' title='bbox 2016 3578 2061 3608; x_wconf 75' lang='grc' dir='ltr'><strong>’θ</strong></span> 
     </span>
    </p>
   </div>
   <div class='ocr_carea' id='block_1_33' title="bbox 475 3671 2061 3741">
    <p class='ocr_par' dir='ltr' id='par_1_33' title="bbox 475 3671 2061 3741">
     <span class='ocr_line' id='line_1_33' title="bbox 475 3671 2061 3741; baseline -0.009 -3"><span class='ocrx_word' id='word_1_229' title='bbox 475 3685 544 3738; x_wconf 92' lang='lat' dir='ltr'><strong>ad</strong></span> <span class='ocrx_word' id='word_1_230' title='bbox 574 3681 800 3736; x_wconf 83' lang='lat' dir='ltr'><strong>Huculvi</strong></span> <span class='ocrx_word' id='word_1_231' title='bbox 834 3681 878 3711; x_wconf 75' lang='grc' dir='ltr'><strong>ἰ</strong></span> <span class='ocrx_word' id='word_1_232' title='bbox 912 3681 961 3732; x_wconf 73' lang='lat' dir='ltr'><strong>b.</strong></span> <span class='ocrx_word' id='word_1_233' title='bbox 999 3679 1075 3733; x_wconf 91' lang='lat' dir='ltr'><strong>lbi</strong></span> <span class='ocrx_word' id='word_1_234' title='bbox 1127 3676 1355 3733; x_wconf 89' lang='lat' dir='ltr'><strong>consilio</strong></span> <span class='ocrx_word' id='word_1_235' title='bbox 1384 3675 1540 3739; x_wconf 91' lang='lat' dir='ltr'><strong>inito,</strong></span> <span class='ocrx_word' id='word_1_236' title='bbox 1578 3688 1663 3738; x_wconf 90' lang='lat' dir='ltr'><strong>eo,</strong></span> <span class='ocrx_word' id='word_1_237' title='bbox 1697 3673 1742 3703; x_wconf 84' lang='grc'><strong><em>²²</em></strong></span> <span class='ocrx_word' id='word_1_238' title='bbox 1777 3671 1924 3741; x_wconf 87' lang='lat' dir='ltr'><strong>quod</strong></span> <span class='ocrx_word' id='word_1_239' title='bbox 1977 3671 2061 3725; x_wconf 80' lang='grc' dir='ltr'><strong>ηἰ-</strong></span> 
     </span>
    </p>
   </div>
   <div class='ocr_carea' id='block_1_34' title="bbox 1578 284 2646 340">
    <p class='ocr_par' dir='ltr' id='par_1_34' title="bbox 1578 284 2646 340">
     <span class='ocr_line' id='line_1_34' title="bbox 1578 284 2646 340; baseline -0.001 -1"><span class='ocrx_word' id='word_1_240' title='bbox 1578 284 1958 340; x_wconf 78' lang='lat' dir='ltr'><strong>EGINHARDI</strong></span> <span class='ocrx_word' id='word_1_241' title='bbox 1998 284 2291 340; x_wconf 75' lang='lat' dir='ltr'><strong>ABBATIS</strong></span> <span class='ocrx_word' id='word_1_242' title='bbox 2327 285 2646 340; x_wconf 76' lang='lat' dir='ltr'><strong>ANNALES</strong></span> 
     </span>
    </p>
   </div>
   <div class='ocr_carea' id='block_1_35' title="bbox 2079 403 2127 461">
    <p class='ocr_par' dir='ltr' id='par_1_35' title="bbox 2079 403 2127 461">
     <span class='ocr_line' id='line_1_35' title="bbox 2079 403 2127 461; baseline 0 0"><span class='ocrx_word' id='word_1_243' title='bbox 2079 403 2127 461; x_wconf 80' lang='grc' dir='ltr'><strong>Α</strong></span> 
     </span>
    </p>
   </div>
   <div class='ocr_carea' id='block_1_36' title="bbox 3622 295 3728 348">
    <p class='ocr_par' dir='ltr' id='par_1_36' title="bbox 3622 295 3728 348">
     <span class='ocr_line' id='line_1_36' title="bbox 3622 295 3728 348; baseline 0.019 -2"><span class='ocrx_word' id='word_1_244' title='bbox 3622 295 3728 348; x_wconf 71' lang='grc'><strong>420</strong></span> 
     </span>
    </p>
   </div>
   <div class='ocr_carea' id='block_1_37' title="bbox 2653 407 3227 449">
    <p class='ocr_par' dir='ltr' id='par_1_37' title="bbox 2653 407 3227 449">
     <span class='ocr_line' id='line_1_37' title="bbox 2653 407 3227 449; baseline -0.005 -1"><span class='ocrx_word' id='word_1_245' title='bbox 2653 408 2888 448; x_wconf 72' lang='grc' dir='ltr'><strong>ΑΝΝΑιΕε</strong></span> <span class='ocrx_word' id='word_1_246' title='bbox 2921 407 3227 449; x_wconf 74' lang='lat' dir='ltr'><strong>EGINHARDI.</strong></span> 
     </span>
    </p>
   </div>
   <div class='ocr_carea' id='block_1_38' title="bbox 2155 484 3734 556">
    <p class='ocr_par' dir='ltr' id='par_1_38' title="bbox 2155 484 3734 556">
     <span class='ocr_line' id='line_1_38' title="bbox 2155 484 3734 556; baseline 0.005 -17"><span class='ocrx_word' id='word_1_247' title='bbox 2155 485 2332 539; x_wconf 88' lang='lat' dir='ltr'><strong>funeri</strong></span> <span class='ocrx_word' id='word_1_248' title='bbox 2368 499 2490 539; x_wconf 92' lang='lat' dir='ltr'><strong>cum</strong></span> <span class='ocrx_word' id='word_1_249' title='bbox 2525 485 2541 515; x_wconf 77' lang='grc'>³</span> <span class='ocrx_word' id='word_1_250' title='bbox 2574 500 2726 540; x_wconf 92' lang='lat' dir='ltr'><strong>more</strong></span> <span class='ocrx_word' id='word_1_251' title='bbox 2764 484 2988 540; x_wconf 84' lang='lat' dir='ltr'><strong>solemni</strong></span> <span class='ocrx_word' id='word_1_252' title='bbox 3034 485 3176 539; x_wconf 85' lang='lat' dir='ltr'><strong>iusta</strong></span> <span class='ocrx_word' id='word_1_253' title='bbox 3223 486 3558 553; x_wconf 89' lang='lat' dir='ltr'><strong>persolveret</strong></span> <span class='ocrx_word' id='word_1_254' title='bbox 3594 492 3635 556; x_wconf 77' lang='lat'><strong>&#39;,</strong></span> <span class='ocrx_word' id='word_1_255' title='bbox 3676 495 3734 547; x_wconf 90' lang='lat' dir='ltr'><strong>in</strong></span> 
     </span>
    </p>
   </div>
   <div class='ocr_carea' id='block_1_39' title="bbox 2158 574 3738 645">
    <p class='ocr_par' dir='ltr' id='par_1_39' title="bbox 2158 574 3738 645">
     <span class='ocr_line' id='line_1_39' title="bbox 2158 574 3738 645; baseline 0.004 -15"><span class='ocrx_word' id='word_1_256' title='bbox 2158 574 2474 642; x_wconf 89' lang='lat' dir='ltr'><strong>Saxoniam,</strong></span> <span class='ocrx_word' id='word_1_257' title='bbox 2504 577 2646 630; x_wconf 90' lang='lat' dir='ltr'><strong>sicut</strong></span> <span class='ocrx_word' id='word_1_258' title='bbox 2671 575 2991 645; x_wconf 89' lang='lat' dir='ltr'><strong>dispositum</strong></span> <span class='ocrx_word' id='word_1_259' title='bbox 3020 575 3256 631; x_wconf 85' lang='lat' dir='ltr'><strong>habebat</strong></span> <span class='ocrx_word' id='word_1_260' title='bbox 3294 577 3315 607; x_wconf 85' lang='grc'><strong>⁸</strong></span> <span class='ocrx_word' id='word_1_261' title='bbox 3341 577 3497 632; x_wconf 80' lang='lat' dir='ltr'><strong>duxit</strong></span> <span class='ocrx_word' id='word_1_262' title='bbox 3531 585 3738 637; x_wconf 87' lang='lat' dir='ltr'><strong>exerci-</strong></span> 
     </span>
    </p>
   </div>
   <div class='ocr_carea' id='block_1_40' title="bbox 2157 671 3742 742">
    <p class='ocr_par' dir='ltr' id='par_1_40' title="bbox 2157 671 3742 742">
     <span class='ocr_line' id='line_1_40' title="bbox 2157 671 3742 742; baseline 0.003 -18"><span class='ocrx_word' id='word_1_263' title='bbox 2157 681 2290 725; x_wconf 88' lang='lat' dir='ltr'><strong>tum.</strong></span> <span class='ocrx_word' id='word_1_264' title='bbox 2328 672 2571 742; x_wconf 88' lang='lat' dir='ltr'><strong>Cumque</strong></span> <span class='ocrx_word' id='word_1_265' title='bbox 2619 671 2861 727; x_wconf 79' lang='lat' dir='ltr'><strong>Saxones</strong></span> <span class='ocrx_word' id='word_1_266' title='bbox 2897 672 2950 725; x_wconf 91' lang='lat' dir='ltr'><strong>in</strong></span> <span class='ocrx_word' id='word_1_267' title='bbox 2992 685 3059 727; x_wconf 92' lang='lat' dir='ltr'><strong>eo</strong></span> <span class='ocrx_word' id='word_1_268' title='bbox 3104 671 3225 726; x_wconf 91' lang='lat' dir='ltr'><strong>loco</strong></span> <span class='ocrx_word' id='word_1_269' title='bbox 3254 673 3345 742; x_wconf 86' lang='lat' dir='ltr'><strong>qui</strong></span> <span class='ocrx_word' id='word_1_270' title='bbox 3373 673 3694 730; x_wconf 86' lang='lat' dir='ltr'><strong>Theotmelli</strong></span> <span class='ocrx_word' id='word_1_271' title='bbox 3717 677 3742 708; x_wconf 67' lang='grc' dir='ltr'><strong>ι</strong></span> 
     </span>
    </p>
   </div>
   <div class='ocr_carea' id='block_1_41' title="bbox 2158 765 3744 836">
    <p class='ocr_par' dir='ltr' id='par_1_41' title="bbox 2158 765 3744 836">
     <span class='ocr_line' id='line_1_41' title="bbox 2158 765 3744 836; baseline 0.004 -20"><span class='ocrx_word' id='word_1_272' title='bbox 2158 774 2183 804; x_wconf 75' lang='grc' dir='ltr'>α</span> <span class='ocrx_word' id='word_1_273' title='bbox 2213 771 2457 830; x_wconf 86' lang='lat' dir='ltr'><strong>vocatur,</strong></span> <span class='ocrx_word' id='word_1_274' title='bbox 2476 766 2541 818; x_wconf 85' lang='lat' dir='ltr'><strong>ad</strong></span> <span class='ocrx_word' id='word_1_275' title='bbox 2571 779 2804 835; x_wconf 82' lang='lat' dir='ltr'><strong>pugnam</strong></span> <span class='ocrx_word' id='word_1_276' title='bbox 2840 779 2898 819; x_wconf 90' lang='lat' dir='ltr'><strong>se</strong></span> <span class='ocrx_word' id='word_1_277' title='bbox 2926 779 3254 834; x_wconf 86' lang='lat' dir='ltr'><strong>praeparare</strong></span> <span class='ocrx_word' id='word_1_278' title='bbox 3274 765 3295 796; x_wconf 82' lang='grc'><strong>⁸</strong></span> <span class='ocrx_word' id='word_1_279' title='bbox 3318 767 3670 836; x_wconf 86' lang='lat' dir='ltr'><strong>comperisset</strong></span> <span class='ocrx_word' id='word_1_280' title='bbox 3693 770 3744 834; x_wconf 84' lang='grc'><strong>⁸,</strong></span> 
     </span>
    </p>
   </div>
   <div class='ocr_carea' id='block_1_42' title="bbox 2157 855 3747 926">
    <p class='ocr_par' dir='ltr' id='par_1_42' title="bbox 2157 855 3747 926">
     <span class='ocr_line' id='line_1_42' title="bbox 2157 855 3747 926; baseline 0.004 -17"><span class='ocrx_word' id='word_1_281' title='bbox 2157 857 2224 910; x_wconf 89' lang='lat' dir='ltr'><strong>ad</strong></span> <span class='ocrx_word' id='word_1_282' title='bbox 2249 871 2343 911; x_wconf 91' lang='lat' dir='ltr'><strong>eos</strong></span> <span class='ocrx_word' id='word_1_283' title='bbox 2389 866 2592 926; x_wconf 88' lang='lat' dir='ltr'><strong>quanta</strong></span> <span class='ocrx_word' id='word_1_284' title='bbox 2636 856 2812 925; x_wconf 92' lang='lat' dir='ltr'><strong>potuit</strong></span> <span class='ocrx_word' id='word_1_285' title='bbox 2859 857 2879 887; x_wconf 88' lang='grc'><strong>⁶¹</strong></span> <span class='ocrx_word' id='word_1_286' title='bbox 2914 855 3193 910; x_wconf 87' lang='lat' dir='ltr'><strong>celeritate</strong></span> <span class='ocrx_word' id='word_1_287' title='bbox 3239 858 3546 924; x_wconf 85' lang='lat' dir='ltr'><strong>contendit;</strong></span> <span class='ocrx_word' id='word_1_288' title='bbox 3587 873 3747 915; x_wconf 85' lang='lat' dir='ltr'><strong>com-</strong></span> 
     </span>
    </p>
   </div>
   <div class='ocr_carea' id='block_1_43' title="bbox 2157 945 3746 1019">
    <p class='ocr_par' dir='ltr' id='par_1_43' title="bbox 2157 945 3746 1019">
     <span class='ocr_line' id='line_1_43' title="bbox 2157 945 3746 1019; baseline 0.005 -21"><span class='ocrx_word' id='word_1_289' title='bbox 2157 945 2430 1015; x_wconf 89' lang='lat' dir='ltr'><strong>missoque</strong></span> <span class='ocrx_word' id='word_1_290' title='bbox 2459 961 2582 1000; x_wconf 92' lang='lat' dir='ltr'><strong>cum</strong></span> <span class='ocrx_word' id='word_1_291' title='bbox 2617 946 2697 999; x_wconf 92' lang='lat' dir='ltr'><strong>eis</strong></span> <span class='ocrx_word' id='word_1_292' title='bbox 2715 945 2948 1015; x_wconf 83' lang='lat' dir='ltr'><strong>proelio,</strong></span> <span class='ocrx_word' id='word_1_293' title='bbox 2987 953 3137 999; x_wconf 87' lang='lat' dir='ltr'><strong>tanta</strong></span> <span class='ocrx_word' id='word_1_294' title='bbox 3167 961 3263 1000; x_wconf 92' lang='lat' dir='ltr'><strong>eos</strong></span> <span class='ocrx_word' id='word_1_295' title='bbox 3305 948 3471 1004; x_wconf 87' lang='lat' dir='ltr'><strong>caede</strong></span> <span class='ocrx_word' id='word_1_296' title='bbox 3496 959 3746 1019; x_wconf 80' lang='lat' dir='ltr'><strong>prostra-</strong></span> 
     </span>
    </p>
   </div>
   <div class='ocr_carea' id='block_1_44' title="bbox 2157 1034 3750 1111">
    <p class='ocr_par' dir='ltr' id='par_1_44' title="bbox 2157 1034 3750 1111">
     <span class='ocr_line' id='line_1_44' title="bbox 2157 1034 3750 1111; baseline 0.008 -26"><span class='ocrx_word' id='word_1_297' title='bbox 2157 1034 2254 1099; x_wconf 89' lang='lat' dir='ltr'><strong>vit,</strong></span> <span class='ocrx_word' id='word_1_298' title='bbox 2293 1043 2353 1088; x_wconf 94' lang='lat' dir='ltr'><strong>ut</strong></span> <span class='ocrx_word' id='word_1_299' title='bbox 2379 1035 2444 1089; x_wconf 92' lang='lat' dir='ltr'><strong>de</strong></span> <span class='ocrx_word' id='word_1_300' title='bbox 2477 1035 2856 1090; x_wconf 89' lang='lat' dir='ltr'><strong>innumerabili</strong></span> <span class='ocrx_word' id='word_1_301' title='bbox 2899 1048 3086 1089; x_wconf 90' lang='lat' dir='ltr'><strong>eorum</strong></span> <span class='ocrx_word' id='word_1_302' title='bbox 3119 1037 3460 1093; x_wconf 89' lang='lat' dir='ltr'><strong>multitudine</strong></span> <span class='ocrx_word' id='word_1_303' title='bbox 3486 1043 3750 1111; x_wconf 90' lang='lat' dir='ltr'><strong>perpauci</strong></span> 
     </span>
    </p>
   </div>
   <div class='ocr_carea' id='block_1_45' title="bbox 2157 1124 3748 1196">
    <p class='ocr_par' dir='ltr' id='par_1_45' title="bbox 2157 1124 3748 1196">
     <span class='ocr_line' id='line_1_45' title="bbox 2157 1124 3748 1196; baseline 0.005 -18"><span class='ocrx_word' id='word_1_304' title='bbox 2157 1125 2395 1180; x_wconf 89' lang='lat' dir='ltr'><strong>evasisse</strong></span> <span class='ocrx_word' id='word_1_305' title='bbox 2431 1126 2698 1180; x_wconf 85' lang='lat' dir='ltr'><strong>dicantur.</strong></span> <span class='ocrx_word' id='word_1_306' title='bbox 2725 1124 2965 1194; x_wconf 88' lang='lat' dir='ltr'><strong>Cumque</strong></span> <span class='ocrx_word' id='word_1_307' title='bbox 2991 1126 3058 1180; x_wconf 86' lang='lat' dir='ltr'><strong>de</strong></span> <span class='ocrx_word' id='word_1_308' title='bbox 3082 1125 3201 1181; x_wconf 90' lang='lat' dir='ltr'><strong>loco</strong></span> <span class='ocrx_word' id='word_1_309' title='bbox 3225 1128 3416 1196; x_wconf 89' lang='lat' dir='ltr'><strong>proelii</strong></span> <span class='ocrx_word' id='word_1_310' title='bbox 3443 1129 3511 1184; x_wconf 90' lang='lat' dir='ltr'><strong>ad</strong></span> <span class='ocrx_word' id='word_1_311' title='bbox 3537 1129 3748 1185; x_wconf 86' lang='lat' dir='ltr'><strong>Padra—</strong></span> 
     </span>
    </p>
   </div>
   <div class='ocr_carea' id='block_1_46' title="bbox 2158 1215 3751 1290">
    <p class='ocr_par' dir='ltr' id='par_1_46' title="bbox 2158 1215 3751 1290">
     <span class='ocr_line' id='line_1_46' title="bbox 2158 1215 3751 1290; baseline 0.004 -20"><span class='ocrx_word' id='word_1_312' title='bbox 2158 1215 2408 1270; x_wconf 91' lang='lat' dir='ltr'><strong>brunnon</strong></span> <span class='ocrx_word' id='word_1_313' title='bbox 2457 1215 2479 1246; x_wconf 83' lang='grc'><strong>⁸</strong></span> <span class='ocrx_word' id='word_1_314' title='bbox 2519 1231 2576 1270; x_wconf 89' lang='lat' dir='ltr'><strong>se</strong></span> <span class='ocrx_word' id='word_1_315' title='bbox 2621 1230 2745 1270; x_wconf 90' lang='lat' dir='ltr'><strong>cum</strong></span> <span class='ocrx_word' id='word_1_316' title='bbox 2791 1216 3033 1270; x_wconf 89' lang='lat' dir='ltr'><strong>exercitu</strong></span> <span class='ocrx_word' id='word_1_317' title='bbox 3083 1219 3403 1287; x_wconf 87' lang='lat' dir='ltr'><strong>recepisset,</strong></span> <span class='ocrx_word' id='word_1_318' title='bbox 3455 1227 3617 1290; x_wconf 90' lang='lat' dir='ltr'><strong>atque</strong></span> <span class='ocrx_word' id='word_1_319' title='bbox 3667 1220 3751 1276; x_wconf 88' lang='lat' dir='ltr'><strong>ibi</strong></span> 
     </span>
    </p>
   </div>
   <div class='ocr_carea' id='block_1_47' title="bbox 2159 1307 3754 1379">
    <p class='ocr_par' dir='ltr' id='par_1_47' title="bbox 2159 1307 3754 1379">
     <span class='ocr_line' id='line_1_47' title="bbox 2159 1307 3754 1379; baseline 0.003 -15"><span class='ocrx_word' id='word_1_320' title='bbox 2159 1309 2352 1364; x_wconf 86' lang='lat' dir='ltr'><strong>castris</strong></span> <span class='ocrx_word' id='word_1_321' title='bbox 2366 1307 2558 1377; x_wconf 88' lang='lat' dir='ltr'><strong>positis</strong></span> <span class='ocrx_word' id='word_1_322' title='bbox 2576 1317 2785 1377; x_wconf 89' lang='lat' dir='ltr'><strong>partem</strong></span> <span class='ocrx_word' id='word_1_323' title='bbox 2809 1309 3104 1375; x_wconf 86' lang='lat' dir='ltr'><strong>exercitus,</strong></span> <span class='ocrx_word' id='word_1_324' title='bbox 3129 1324 3269 1379; x_wconf 83' lang='lat' dir='ltr'><strong>quae</strong></span> <span class='ocrx_word' id='word_1_325' title='bbox 3289 1312 3466 1367; x_wconf 86' lang='lat' dir='ltr'><strong>adhuc</strong></span> <span class='ocrx_word' id='word_1_326' title='bbox 3486 1313 3553 1368; x_wconf 88' lang='lat' dir='ltr'><strong>de</strong></span> <span class='ocrx_word' id='word_1_327' title='bbox 3577 1313 3754 1368; x_wconf 85' lang='lat' dir='ltr'><strong>Fran-</strong></span> 
     </span>
    </p>
   </div>
   <div class='ocr_carea' id='block_1_48' title="bbox 2160 1397 3750 1469">
    <p class='ocr_par' dir='ltr' id='par_1_48' title="bbox 2160 1397 3750 1469">
     <span class='ocr_line' id='line_1_48' title="bbox 2160 1397 3750 1469; baseline 0.006 -20"><span class='ocrx_word' id='word_1_328' title='bbox 2160 1397 2244 1450; x_wconf 91' lang='lat' dir='ltr'><strong>cia</strong></span> <span class='ocrx_word' id='word_1_329' title='bbox 2271 1397 2456 1452; x_wconf 88' lang='lat' dir='ltr'><strong>venire</strong></span> <span class='ocrx_word' id='word_1_330' title='bbox 2488 1399 2768 1464; x_wconf 89' lang='lat' dir='ltr'><strong>debuerat,</strong></span> <span class='ocrx_word' id='word_1_331' title='bbox 2805 1400 3133 1469; x_wconf 89' lang='lat' dir='ltr'><strong>operiretur,</strong></span> <span class='ocrx_word' id='word_1_332' title='bbox 3180 1399 3386 1456; x_wconf 84' lang='lat' dir='ltr'><strong>audivit</strong></span> <span class='ocrx_word' id='word_1_333' title='bbox 3416 1401 3659 1459; x_wconf 84' lang='lat' dir='ltr'><strong>Saxones</strong></span> <span class='ocrx_word' id='word_1_334' title='bbox 3687 1404 3750 1458; x_wconf 87' lang='lat' dir='ltr'><strong>in</strong></span> 
     </span>
    </p>
   </div>
   <div class='ocr_carea' id='block_1_49' title="bbox 2161 1488 3752 1560">
    <p class='ocr_par' dir='ltr' id='par_1_49' title="bbox 2161 1488 3752 1560">
     <span class='ocr_line' id='line_1_49' title="bbox 2161 1488 3752 1560; baseline 0.004 -18"><span class='ocrx_word' id='word_1_335' title='bbox 2161 1489 2358 1545; x_wconf 90' lang='lat' dir='ltr'><strong>ﬁnibus</strong></span> <span class='ocrx_word' id='word_1_336' title='bbox 2387 1489 2805 1545; x_wconf 86' lang='lat' dir='ltr'><strong>Westfalaorum</strong></span> <span class='ocrx_word' id='word_1_337' title='bbox 2847 1505 3010 1560; x_wconf 88' lang='lat' dir='ltr'><strong>super</strong></span> <span class='ocrx_word' id='word_1_338' title='bbox 3049 1488 3271 1546; x_wconf 88' lang='lat' dir='ltr'><strong>ﬂuvium</strong></span> <span class='ocrx_word' id='word_1_339' title='bbox 3301 1490 3499 1546; x_wconf 86' lang='lat' dir='ltr'><strong>Hasam</strong></span> <span class='ocrx_word' id='word_1_340' title='bbox 3545 1493 3612 1547; x_wconf 88' lang='lat' dir='ltr'><strong>ad</strong></span> <span class='ocrx_word' id='word_1_341' title='bbox 3640 1494 3752 1550; x_wconf 87' lang='lat' dir='ltr'><strong>hoc</strong></span> 
     </span>
    </p>
   </div>
   <div class='ocr_carea' id='block_1_50' title="bbox 2161 1579 3750 1649">
    <p class='ocr_par' dir='ltr' id='par_1_50' title="bbox 2161 1579 3750 1649">
     <span class='ocr_line' id='line_1_50' title="bbox 2161 1579 3750 1649; baseline 0.004 -17"><span class='ocrx_word' id='word_1_342' title='bbox 2161 1579 2498 1649; x_wconf 88' lang='lat' dir='ltr'><strong>congregari,</strong></span> <span class='ocrx_word' id='word_1_343' title='bbox 2535 1586 2596 1633; x_wconf 89' lang='lat' dir='ltr'><strong>ut</strong></span> <span class='ocrx_word' id='word_1_344' title='bbox 2642 1579 2716 1634; x_wconf 88' lang='lat' dir='ltr'><strong>ibi</strong></span> <span class='ocrx_word' id='word_1_345' title='bbox 2743 1594 2866 1634; x_wconf 92' lang='lat' dir='ltr'><strong>cum</strong></span> <span class='ocrx_word' id='word_1_346' title='bbox 2907 1593 3004 1643; x_wconf 91' lang='lat' dir='ltr'><strong>eo,</strong></span> <span class='ocrx_word' id='word_1_347' title='bbox 3046 1579 3092 1634; x_wconf 89' lang='lat' dir='ltr'><strong>si</strong></span> <span class='ocrx_word' id='word_1_348' title='bbox 3115 1581 3376 1646; x_wconf 85' lang='lat' dir='ltr'><strong>venisset,</strong></span> <span class='ocrx_word' id='word_1_349' title='bbox 3413 1581 3531 1637; x_wconf 89' lang='lat' dir='ltr'><strong>acie</strong></span> <span class='ocrx_word' id='word_1_350' title='bbox 3553 1582 3574 1613; x_wconf 83' lang='lat'><strong>’</strong></span> <span class='ocrx_word' id='word_1_351' title='bbox 3610 1597 3750 1638; x_wconf 89' lang='lat' dir='ltr'><strong>con-</strong></span> 
     </span>
    </p>
   </div>
   <div class='ocr_carea' id='block_1_51' title="bbox 2161 1667 3750 1742">
    <p class='ocr_par' dir='ltr' id='par_1_51' title="bbox 2161 1667 3750 1742">
     <span class='ocr_line' id='line_1_51' title="bbox 2161 1667 3750 1742; baseline 0.004 -20"><span class='ocrx_word' id='word_1_352' title='bbox 2161 1667 2425 1739; x_wconf 89' lang='lat' dir='ltr'><strong>ﬂigerent.</strong></span> <span class='ocrx_word' id='word_1_353' title='bbox 2464 1668 2581 1737; x_wconf 90' lang='lat' dir='ltr'><strong>Quo</strong></span> <span class='ocrx_word' id='word_1_354' title='bbox 2610 1669 2800 1725; x_wconf 91' lang='lat' dir='ltr'><strong>nuntio</strong></span> <span class='ocrx_word' id='word_1_355' title='bbox 2823 1679 3145 1736; x_wconf 88' lang='lat' dir='ltr'><strong>commotus,</strong></span> <span class='ocrx_word' id='word_1_356' title='bbox 3180 1671 3432 1728; x_wconf 89' lang='lat' dir='ltr'><strong>adunatis</strong></span> <span class='ocrx_word' id='word_1_357' title='bbox 3457 1687 3597 1742; x_wconf 88' lang='lat' dir='ltr'><strong>quae</strong></span> <span class='ocrx_word' id='word_1_358' title='bbox 3629 1682 3750 1728; x_wconf 88' lang='lat' dir='ltr'><strong>tum</strong></span> 
     </span>
    </p>
   </div>
   <div class='ocr_carea' id='block_1_52' title="bbox 2164 1759 3756 1832">
    <p class='ocr_par' dir='ltr' id='par_1_52' title="bbox 2164 1759 3756 1832">
     <span class='ocr_line' id='line_1_52' title="bbox 2164 1759 3756 1832; baseline 0.003 -17"><span class='ocrx_word' id='word_1_359' title='bbox 2164 1759 2232 1815; x_wconf 90' lang='lat' dir='ltr'><strong>ad</strong></span> <span class='ocrx_word' id='word_1_360' title='bbox 2259 1775 2317 1815; x_wconf 90' lang='lat' dir='ltr'><strong>se</strong></span> <span class='ocrx_word' id='word_1_361' title='bbox 2347 1769 2629 1828; x_wconf 87' lang='lat' dir='ltr'><strong>venerant,</strong></span> <span class='ocrx_word' id='word_1_362' title='bbox 2660 1777 2902 1832; x_wconf 85' lang='lat' dir='ltr'><strong>quasque</strong></span> <span class='ocrx_word' id='word_1_363' title='bbox 2931 1771 3055 1817; x_wconf 90' lang='lat' dir='ltr'><strong>ante</strong></span> <span class='ocrx_word' id='word_1_364' title='bbox 3083 1778 3267 1819; x_wconf 87' lang='lat' dir='ltr'><strong>secum</strong></span> <span class='ocrx_word' id='word_1_365' title='bbox 3296 1764 3550 1830; x_wconf 86' lang='lat' dir='ltr'><strong>habebat,</strong></span> <span class='ocrx_word' id='word_1_366' title='bbox 3572 1763 3756 1820; x_wconf 83' lang='lat' dir='ltr'><strong>Fran-</strong></span> 
     </span>
    </p>
   </div>
   <div class='ocr_carea' id='block_1_53' title="bbox 2165 1853 3756 1929">
    <p class='ocr_par' dir='ltr' id='par_1_53' title="bbox 2165 1853 3756 1929">
     <span class='ocr_line' id='line_1_53' title="bbox 2165 1853 3756 1929; baseline 0.005 -23"><span class='ocrx_word' id='word_1_367' title='bbox 2165 1867 2354 1908; x_wconf 89' lang='lat' dir='ltr'><strong>corum</strong></span> <span class='ocrx_word' id='word_1_368' title='bbox 2379 1853 2568 1923; x_wconf 88' lang='lat' dir='ltr'><strong>copiis,</strong></span> <span class='ocrx_word' id='word_1_369' title='bbox 2607 1855 2677 1910; x_wconf 91' lang='lat' dir='ltr'><strong>ad</strong></span> <span class='ocrx_word' id='word_1_370' title='bbox 2701 1853 2879 1910; x_wconf 91' lang='lat' dir='ltr'><strong>locum</strong></span> <span class='ocrx_word' id='word_1_371' title='bbox 2897 1855 2988 1910; x_wconf 90' lang='lat' dir='ltr'><strong>ubi</strong></span> <span class='ocrx_word' id='word_1_372' title='bbox 3017 1857 3059 1887; x_wconf 83' lang='grc'><strong>¹⁰</strong></span> <span class='ocrx_word' id='word_1_373' title='bbox 3087 1858 3401 1929; x_wconf 78' lang='lat' dir='ltr'><strong>congregati</strong></span> <span class='ocrx_word' id='word_1_374' title='bbox 3427 1867 3603 1925; x_wconf 88' lang='lat' dir='ltr'><strong>erant,</strong></span> <span class='ocrx_word' id='word_1_375' title='bbox 3630 1859 3756 1914; x_wconf 89' lang='lat' dir='ltr'><strong>sine</strong></span> 
     </span>
    </p>
   </div>
   <div class='ocr_carea' id='block_1_54' title="bbox 2165 1943 3755 2017">
    <p class='ocr_par' dir='ltr' id='par_1_54' title="bbox 2165 1943 3755 2017">
     <span class='ocr_line' id='line_1_54' title="bbox 2165 1943 3755 2017; baseline 0.004 -19"><span class='ocrx_word' id='word_1_376' title='bbox 2165 1943 2422 1998; x_wconf 89' lang='lat' dir='ltr'><strong>dilatione</strong></span> <span class='ocrx_word' id='word_1_377' title='bbox 2451 1943 2725 2013; x_wconf 90' lang='lat' dir='ltr'><strong>profectus</strong></span> <span class='ocrx_word' id='word_1_378' title='bbox 2752 1953 2854 2009; x_wconf 88' lang='lat' dir='ltr'><strong>est,</strong></span> <span class='ocrx_word' id='word_1_379' title='bbox 2883 1959 3314 2017; x_wconf 82' lang='lat' dir='ltr'><strong>congressusque</strong></span> <span class='ocrx_word' id='word_1_380' title='bbox 3343 1964 3466 2004; x_wconf 91' lang='lat' dir='ltr'><strong>cum</strong></span> <span class='ocrx_word' id='word_1_381' title='bbox 3507 1951 3609 2014; x_wconf 86' lang='lat' dir='ltr'><strong>eis,</strong></span> <span class='ocrx_word' id='word_1_382' title='bbox 3652 1965 3755 2005; x_wconf 86' lang='lat' dir='ltr'><strong>ea-</strong></span> 
     </span>
    </p>
   </div>
   <div class='ocr_carea' id='block_1_55' title="bbox 2166 2031 3764 2102">
    <p class='ocr_par' dir='ltr' id='par_1_55' title="bbox 2166 2031 3764 2102">
     <span class='ocr_line' id='line_1_55' title="bbox 2166 2031 3764 2102; baseline 0.005 -15"><span class='ocrx_word' id='word_1_383' title='bbox 2166 2032 2287 2087; x_wconf 88' lang='lat' dir='ltr'><strong>dem</strong></span> <span class='ocrx_word' id='word_1_384' title='bbox 2313 2047 2421 2101; x_wconf 91' lang='lat' dir='ltr'><strong>qua</strong></span> <span class='ocrx_word' id='word_1_385' title='bbox 2457 2041 2512 2087; x_wconf 92' lang='lat' dir='ltr'><strong>et</strong></span> <span class='ocrx_word' id='word_1_386' title='bbox 2541 2033 2690 2102; x_wconf 90' lang='lat' dir='ltr'><strong>prius</strong></span> <span class='ocrx_word' id='word_1_387' title='bbox 2716 2031 2974 2089; x_wconf 80' lang='lat' dir='ltr'><strong>felicitate</strong></span> <span class='ocrx_word' id='word_1_388' title='bbox 3002 2036 3298 2091; x_wconf 88' lang='lat' dir='ltr'><strong>dimicavit.</strong></span> <span class='ocrx_word' id='word_1_389' title='bbox 3341 2037 3510 2094; x_wconf 88' lang='lat' dir='ltr'><strong>Caesa</strong></span> <span class='ocrx_word' id='word_1_390' title='bbox 3540 2048 3625 2094; x_wconf 89' lang='lat' dir='ltr'><strong>est</strong></span> <span class='ocrx_word' id='word_1_391' title='bbox 3658 2055 3764 2095; x_wconf 88' lang='lat' dir='ltr'><strong>eo-</strong></span> 
     </span>
    </p>
   </div>
   <div class='ocr_carea' id='block_1_56' title="bbox 2167 2126 3756 2200">
    <p class='ocr_par' dir='ltr' id='par_1_56' title="bbox 2167 2126 3756 2200">
     <span class='ocr_line' id='line_1_56' title="bbox 2167 2126 3756 2200; baseline 0.004 -20"><span class='ocrx_word' id='word_1_392' title='bbox 2167 2141 2288 2180; x_wconf 91' lang='lat' dir='ltr'><strong>rum</strong></span> <span class='ocrx_word' id='word_1_393' title='bbox 2323 2126 2533 2180; x_wconf 88' lang='lat' dir='ltr'><strong>inﬁnita</strong></span> <span class='ocrx_word' id='word_1_394' title='bbox 2579 2126 2883 2192; x_wconf 86' lang='lat' dir='ltr'><strong>multitudo,</strong></span> <span class='ocrx_word' id='word_1_395' title='bbox 2925 2128 3202 2198; x_wconf 89' lang='lat' dir='ltr'><strong>spoliaque</strong></span> <span class='ocrx_word' id='word_1_396' title='bbox 3239 2130 3467 2200; x_wconf 86' lang='lat' dir='ltr'><strong>direpta,</strong></span> <span class='ocrx_word' id='word_1_397' title='bbox 3499 2131 3756 2200; x_wconf 84' lang='lat' dir='ltr'><strong>captivo-</strong></span> 
     </span>
    </p>
   </div>
   <div class='ocr_carea' id='block_1_57' title="bbox 2167 2217 3763 2288">
    <p class='ocr_par' dir='ltr' id='par_1_57' title="bbox 2167 2217 3763 2288">
     <span class='ocr_line' id='line_1_57' title="bbox 2167 2217 3763 2288; baseline 0.003 -16"><span class='ocrx_word' id='word_1_398' title='bbox 2167 2233 2288 2272; x_wconf 89' lang='lat' dir='ltr'><strong>rum</strong></span> <span class='ocrx_word' id='word_1_399' title='bbox 2338 2232 2554 2288; x_wconf 90' lang='lat' dir='ltr'><strong>quoque</strong></span> <span class='ocrx_word' id='word_1_400' title='bbox 2609 2232 2836 2287; x_wconf 88' lang='lat' dir='ltr'><strong>magnus</strong></span> <span class='ocrx_word' id='word_1_401' title='bbox 2880 2217 3144 2273; x_wconf 89' lang='lat' dir='ltr'><strong>abductus</strong></span> <span class='ocrx_word' id='word_1_402' title='bbox 3190 2227 3275 2274; x_wconf 91' lang='lat' dir='ltr'><strong>est</strong></span> <span class='ocrx_word' id='word_1_403' title='bbox 3314 2234 3591 2275; x_wconf 89' lang='lat' dir='ltr'><strong>numerus.</strong></span> <span class='ocrx_word' id='word_1_404' title='bbox 3622 2222 3763 2277; x_wconf 88' lang='lat' dir='ltr'><strong>Inde</strong></span> 
     </span>
    </p>
   </div>
   <div class='ocr_carea' id='block_1_58' title="bbox 2165 2306 3762 2381">
    <p class='ocr_par' dir='ltr' id='par_1_58' title="bbox 2165 2306 3762 2381">
     <span class='ocr_line' id='line_1_58' title="bbox 2165 2306 3762 2381; baseline 0.003 -19"><span class='ocrx_word' id='word_1_405' title='bbox 2165 2309 2341 2363; x_wconf 84' lang='lat' dir='ltr'><strong>victor</strong></span> <span class='ocrx_word' id='word_1_406' title='bbox 2368 2306 2435 2362; x_wconf 91' lang='lat' dir='ltr'><strong>ad</strong></span> <span class='ocrx_word' id='word_1_407' title='bbox 2459 2307 2724 2362; x_wconf 88' lang='lat' dir='ltr'><strong>orientem</strong></span> <span class='ocrx_word' id='word_1_408' title='bbox 2752 2307 2856 2362; x_wconf 88' lang='lat' dir='ltr'><strong>iter</strong></span> <span class='ocrx_word' id='word_1_409' title='bbox 2887 2309 2928 2339; x_wconf 84' lang='lat'>“</span> <span class='ocrx_word' id='word_1_410' title='bbox 2959 2310 3244 2374; x_wconf 89' lang='lat' dir='ltr'><strong>convertit,</strong></span> <span class='ocrx_word' id='word_1_411' title='bbox 3276 2311 3559 2380; x_wconf 89' lang='lat' dir='ltr'><strong>primoque</strong></span> <span class='ocrx_word' id='word_1_412' title='bbox 3578 2327 3762 2381; x_wconf 86' lang='lat' dir='ltr'><strong>usque</strong></span> 
     </span>
    </p>
   </div>
   <div class='ocr_carea' id='block_1_59' title="bbox 2165 2396 3762 2468">
    <p class='ocr_par' dir='ltr' id='par_1_59' title="bbox 2165 2396 3762 2468">
     <span class='ocr_line' id='line_1_59' title="bbox 2165 2396 3762 2468; baseline 0.003 -16"><span class='ocrx_word' id='word_1_413' title='bbox 2165 2397 2232 2452; x_wconf 92' lang='lat' dir='ltr'><strong>ad</strong></span> <span class='ocrx_word' id='word_1_414' title='bbox 2262 2396 2560 2463; x_wconf 84' lang='lat' dir='ltr'><strong>Wisuram,</strong></span> <span class='ocrx_word' id='word_1_415' title='bbox 2589 2397 2784 2452; x_wconf 91' lang='lat' dir='ltr'><strong>deinde</strong></span> <span class='ocrx_word' id='word_1_416' title='bbox 2815 2413 2986 2468; x_wconf 88' lang='lat' dir='ltr'><strong>usque</strong></span> <span class='ocrx_word' id='word_1_417' title='bbox 3019 2399 3083 2454; x_wconf 92' lang='lat' dir='ltr'><strong>ad</strong></span> <span class='ocrx_word' id='word_1_418' title='bbox 3111 2399 3320 2454; x_wconf 84' lang='lat' dir='ltr'><strong>Albiam</strong></span> <span class='ocrx_word' id='word_1_419' title='bbox 3358 2402 3401 2432; x_wconf 70' lang='grc' dir='ltr'>υ</span> <span class='ocrx_word' id='word_1_420' title='bbox 3428 2411 3623 2457; x_wconf 90' lang='lat' dir='ltr'><strong>cuncta</strong></span> <span class='ocrx_word' id='word_1_421' title='bbox 3653 2403 3762 2457; x_wconf 81' lang='lat' dir='ltr'><strong>de-</strong></span> 
     </span>
    </p>
   </div>
   <div class='ocr_carea' id='block_1_60' title="bbox 2168 2493 3765 2564">
    <p class='ocr_par' dir='ltr' id='par_1_60' title="bbox 2168 2493 3765 2564">
     <span class='ocr_line' id='line_1_60' title="bbox 2168 2493 3765 2564; baseline 0.001 -17"><span class='ocrx_word' id='word_1_422' title='bbox 2168 2493 2432 2548; x_wconf 89' lang='lat' dir='ltr'><strong>vastando</strong></span> <span class='ocrx_word' id='word_1_423' title='bbox 2477 2493 2804 2564; x_wconf 81' lang='lat' dir='ltr'><strong>peragravit.</strong></span> <span class='ocrx_word' id='word_1_424' title='bbox 2856 2493 2984 2548; x_wconf 88' lang='lat' dir='ltr'><strong>Inde</strong></span> <span class='ocrx_word' id='word_1_425' title='bbox 3037 2507 3286 2550; x_wconf 86' lang='lat' dir='ltr'><strong>reversus</strong></span> <span class='ocrx_word' id='word_1_426' title='bbox 3337 2495 3393 2548; x_wconf 92' lang='lat' dir='ltr'><strong>in</strong></span> <span class='ocrx_word' id='word_1_427' title='bbox 3441 2495 3765 2560; x_wconf 86' lang='lat' dir='ltr'><strong>Franciam,</strong></span> 
     </span>
    </p>
   </div>
   <div class='ocr_carea' id='block_1_61' title="bbox 2167 2582 3768 2640">
    <p class='ocr_par' dir='ltr' id='par_1_61' title="bbox 2167 2582 3768 2640">
     <span class='ocr_line' id='line_1_61' title="bbox 2167 2582 3768 2640; baseline 0.001 -3"><span class='ocrx_word' id='word_1_428' title='bbox 2167 2584 2320 2638; x_wconf 90' lang='lat' dir='ltr'><strong>duxit</strong></span> <span class='ocrx_word' id='word_1_429' title='bbox 2345 2598 2569 2637; x_wconf 82' lang='lat' dir='ltr'><strong>uxorem</strong></span> <span class='ocrx_word' id='word_1_430' title='bbox 2600 2582 2763 2636; x_wconf 87' lang='lat' dir='ltr'><strong>ﬁliam</strong></span> <span class='ocrx_word' id='word_1_431' title='bbox 2789 2582 2998 2638; x_wconf 84' lang='lat' dir='ltr'><strong>Radolﬁ</strong></span> <span class='ocrx_word' id='word_1_432' title='bbox 3034 2582 3077 2614; x_wconf 82' lang='grc'>¹³</span> <span class='ocrx_word' id='word_1_433' title='bbox 3105 2583 3318 2638; x_wconf 93' lang='lat' dir='ltr'><strong>comitis</strong></span> <span class='ocrx_word' id='word_1_434' title='bbox 3345 2584 3562 2640; x_wconf 89' lang='lat' dir='ltr'><strong>natione</strong></span> <span class='ocrx_word' id='word_1_435' title='bbox 3583 2583 3768 2639; x_wconf 87' lang='lat' dir='ltr'><strong>Fran-</strong></span> 
     </span>
    </p>
   </div>
   <div class='ocr_carea' id='block_1_62' title="bbox 2168 2673 3768 2745">
    <p class='ocr_par' dir='ltr' id='par_1_62' title="bbox 2168 2673 3768 2745">
     <span class='ocr_line' id='line_1_62' title="bbox 2168 2673 3768 2745; baseline 0.001 -17"><span class='ocrx_word' id='word_1_436' title='bbox 2168 2689 2309 2740; x_wconf 91' lang='lat' dir='ltr'><strong>cam,</strong></span> <span class='ocrx_word' id='word_1_437' title='bbox 2342 2673 2558 2729; x_wconf 88' lang='lat' dir='ltr'><strong>nomine</strong></span> <span class='ocrx_word' id='word_1_438' title='bbox 2583 2673 2929 2739; x_wconf 87' lang='lat' dir='ltr'><strong>Fastradam,</strong></span> <span class='ocrx_word' id='word_1_439' title='bbox 2958 2688 3027 2728; x_wconf 83' lang='lat' dir='ltr'><strong>ex</strong></span> <span class='ocrx_word' id='word_1_440' title='bbox 3050 2689 3156 2743; x_wconf 84' lang='lat' dir='ltr'><strong>qua</strong></span> <span class='ocrx_word' id='word_1_441' title='bbox 3179 2676 3313 2730; x_wconf 90' lang='lat' dir='ltr'><strong>duas</strong></span> <span class='ocrx_word' id='word_1_442' title='bbox 3336 2674 3475 2730; x_wconf 86' lang='lat' dir='ltr'><strong>ﬁlias</strong></span> <span class='ocrx_word' id='word_1_443' title='bbox 3501 2689 3768 2745; x_wconf 82' lang='lat' dir='ltr'><strong>procrea-</strong></span> 
     </span>
    </p>
   </div>
   <div class='ocr_carea' id='block_1_63' title="bbox 2167 2761 3769 2818">
    <p class='ocr_par' dir='ltr' id='par_1_63' title="bbox 2167 2761 3769 2818">
     <span class='ocr_line' id='line_1_63' title="bbox 2167 2761 3769 2818; baseline 0.002 -3"><span class='ocrx_word' id='word_1_444' title='bbox 2167 2763 2265 2816; x_wconf 90' lang='lat' dir='ltr'><strong>vit.</strong></span> <span class='ocrx_word' id='word_1_445' title='bbox 2293 2761 2496 2816; x_wconf 86' lang='lat' dir='ltr'><strong>Eodem</strong></span> <span class='ocrx_word' id='word_1_446' title='bbox 2520 2777 2664 2818; x_wconf 91' lang='lat' dir='ltr'><strong>anno</strong></span> <span class='ocrx_word' id='word_1_447' title='bbox 2691 2761 2945 2817; x_wconf 88' lang='lat' dir='ltr'><strong>defuncta</strong></span> <span class='ocrx_word' id='word_1_448' title='bbox 2967 2769 3052 2816; x_wconf 89' lang='lat' dir='ltr'><strong>est</strong></span> <span class='ocrx_word' id='word_1_449' title='bbox 3072 2761 3246 2818; x_wconf 89' lang='lat' dir='ltr'><strong>bonae</strong></span> <span class='ocrx_word' id='word_1_450' title='bbox 3267 2764 3560 2818; x_wconf 89' lang='lat' dir='ltr'><strong>memoriae</strong></span> <span class='ocrx_word' id='word_1_451' title='bbox 3581 2770 3769 2818; x_wconf 83' lang='lat' dir='ltr'><strong>mater</strong></span> 
     </span>
    </p>
   </div>
   <div class='ocr_carea' id='block_1_64' title="bbox 2165 2849 3766 2921">
    <p class='ocr_par' dir='ltr' id='par_1_64' title="bbox 2165 2849 3766 2921">
     <span class='ocr_line' id='line_1_64' title="bbox 2165 2849 3766 2921; baseline 0.002 -16"><span class='ocrx_word' id='word_1_452' title='bbox 2165 2851 2312 2921; x_wconf 86' lang='lat' dir='ltr'><strong>regis</strong></span> <span class='ocrx_word' id='word_1_453' title='bbox 2338 2850 2637 2905; x_wconf 87' lang='lat' dir='ltr'><strong>Berbtrada</strong></span> <span class='ocrx_word' id='word_1_454' title='bbox 2666 2850 2708 2881; x_wconf 78' lang='lat'><em>“</em></span> <span class='ocrx_word' id='word_1_455' title='bbox 2737 2850 2789 2904; x_wconf 76' lang='grc'><strong>4.</strong></span> <span class='ocrx_word' id='word_1_456' title='bbox 2822 2849 2877 2905; x_wconf 91' lang='lat' dir='ltr'><strong>Id</strong></span> <span class='ocrx_word' id='word_1_457' title='bbox 2912 2849 3009 2903; x_wconf 92' lang='lat' dir='ltr'><strong>Iul.</strong></span> <span class='ocrx_word' id='word_1_458' title='bbox 3040 2851 3158 2920; x_wconf 91' lang='lat' dir='ltr'><strong>Ipse</strong></span> <span class='ocrx_word' id='word_1_459' title='bbox 3189 2851 3244 2905; x_wconf 92' lang='lat' dir='ltr'><strong>in</strong></span> <span class='ocrx_word' id='word_1_460' title='bbox 3275 2850 3587 2907; x_wconf 82' lang='lat' dir='ltr'><strong>Heristallio</strong></span> <span class='ocrx_word' id='word_1_461' title='bbox 3628 2853 3766 2908; x_wconf 88' lang='lat' dir='ltr'><strong>villa</strong></span> 
     </span>
    </p>
   </div>
   <div class='ocr_carea' id='block_1_65' title="bbox 2166 2941 3768 3012">
    <p class='ocr_par' dir='ltr' id='par_1_65' title="bbox 2166 2941 3768 3012">
     <span class='ocr_line' id='line_1_65' title="bbox 2166 2941 3768 3012; baseline 0.002 -18"><span class='ocrx_word' id='word_1_462' title='bbox 2166 2941 2365 2996; x_wconf 88' lang='lat' dir='ltr'><strong>ibidem</strong></span> <span class='ocrx_word' id='word_1_463' title='bbox 2397 2942 2441 2972; x_wconf 75' lang='grc' dir='ltr'><strong>ίδ</strong></span> <span class='ocrx_word' id='word_1_464' title='bbox 2470 2941 2806 2995; x_wconf 84' lang='lat' dir='ltr'><strong>hiematurus</strong></span> <span class='ocrx_word' id='word_1_465' title='bbox 2850 2941 3116 3006; x_wconf 86' lang='lat' dir='ltr'><strong>consedit,</strong></span> <span class='ocrx_word' id='word_1_466' title='bbox 3150 2941 3330 3012; x_wconf 89' lang='lat' dir='ltr'><strong>ibique</strong></span> <span class='ocrx_word' id='word_1_467' title='bbox 3372 2943 3606 2998; x_wconf 86' lang='lat' dir='ltr'><strong>natalem</strong></span> <span class='ocrx_word' id='word_1_468' title='bbox 3654 2943 3768 2997; x_wconf 90' lang='lat' dir='ltr'><strong>Do-</strong></span> 
     </span>
    </p>
   </div>
   <div class='ocr_carea' id='block_1_66' title="bbox 2169 3030 3230 3100">
    <p class='ocr_par' dir='ltr' id='par_1_66' title="bbox 2169 3030 3230 3100">
     <span class='ocr_line' id='line_1_66' title="bbox 2169 3030 3230 3100; baseline -0.001 -16"><span class='ocrx_word' id='word_1_469' title='bbox 2169 3031 2302 3085; x_wconf 90' lang='lat' dir='ltr'><strong>mini</strong></span> <span class='ocrx_word' id='word_1_470' title='bbox 2326 3046 2389 3085; x_wconf 88' lang='lat' dir='ltr'><strong>ac</strong></span> <span class='ocrx_word' id='word_1_471' title='bbox 2415 3038 2662 3086; x_wconf 83' lang='lat' dir='ltr'><strong>sanctum</strong></span> <span class='ocrx_word' id='word_1_472' title='bbox 2691 3031 2894 3100; x_wconf 89' lang='lat' dir='ltr'><strong>pascha</strong></span> <span class='ocrx_word' id='word_1_473' title='bbox 2919 3030 3230 3085; x_wconf 90' lang='lat' dir='ltr'><strong>celebravit.</strong></span> 
     </span>
    </p>
   </div>
   <div class='ocr_carea' id='block_1_67' title="bbox 2749 3129 3162 3185">
    <p class='ocr_par' dir='ltr' id='par_1_67' title="bbox 2749 3129 3162 3185">
     <span class='ocr_line' id='line_1_67' title="bbox 2749 3129 3162 3185; baseline -0.005 -1"><span class='ocrx_word' id='word_1_474' title='bbox 2749 3129 3162 3185; x_wconf 76' lang='lat' dir='ltr'><strong>DCCLXXXIV.</strong></span> 
     </span>
    </p>
   </div>
   <div class='ocr_carea' id='block_1_68' title="bbox 2234 3222 3766 3293">
    <p class='ocr_par' dir='ltr' id='par_1_68' title="bbox 2234 3222 3766 3293">
     <span class='ocr_line' id='line_1_68' title="bbox 2234 3222 3766 3293; baseline 0.001 -15"><span class='ocrx_word' id='word_1_475' title='bbox 2234 3223 2367 3278; x_wconf 88' lang='lat' dir='ltr'><strong>Cum</strong></span> <span class='ocrx_word' id='word_1_476' title='bbox 2420 3224 2656 3293; x_wconf 89' lang='lat' dir='ltr'><strong>primum</strong></span> <span class='ocrx_word' id='word_1_477' title='bbox 2702 3222 3042 3293; x_wconf 90' lang='lat' dir='ltr'><strong>oportunitas</strong></span> <span class='ocrx_word' id='word_1_478' title='bbox 3077 3223 3337 3292; x_wconf 90' lang='lat' dir='ltr'><strong>temporis</strong></span> <span class='ocrx_word' id='word_1_479' title='bbox 3383 3224 3639 3289; x_wconf 89' lang='lat' dir='ltr'><strong>advenit,</strong></span> <span class='ocrx_word' id='word_1_480' title='bbox 3691 3228 3766 3280; x_wconf 85' lang='lat' dir='ltr'><strong>ad</strong></span> 
     </span>
    </p>
   </div>
   <div class='ocr_carea' id='block_1_69' title="bbox 2165 3317 3761 3388">
    <p class='ocr_par' dir='ltr' id='par_1_69' title="bbox 2165 3317 3761 3388">
     <span class='ocr_line' id='line_1_69' title="bbox 2165 3317 3761 3388; baseline 0 -16"><span class='ocrx_word' id='word_1_481' title='bbox 2165 3317 2421 3388; x_wconf 73' lang='lat' dir='ltr'><strong>reliquias</strong></span> <span class='ocrx_word' id='word_1_482' title='bbox 2444 3317 2576 3372; x_wconf 84' lang='lat' dir='ltr'><strong>belli</strong></span> <span class='ocrx_word' id='word_1_483' title='bbox 2615 3317 2868 3372; x_wconf 85' lang='lat' dir='ltr'><strong>Saxonici</strong></span> <span class='ocrx_word' id='word_1_484' title='bbox 2900 3317 3263 3373; x_wconf 86' lang='lat' dir='ltr'><strong>conﬁciendas</strong></span> <span class='ocrx_word' id='word_1_485' title='bbox 3307 3333 3401 3372; x_wconf 89' lang='lat' dir='ltr'><strong>rex</strong></span> <span class='ocrx_word' id='word_1_486' title='bbox 3435 3319 3615 3372; x_wconf 91' lang='lat' dir='ltr'><strong>animo</strong></span> <span class='ocrx_word' id='word_1_487' title='bbox 3665 3319 3761 3372; x_wconf 83' lang='lat' dir='ltr'><strong>in-</strong></span> 
     </span>
    </p>
   </div>
   <div class='ocr_carea' id='block_1_70' title="bbox 2164 3409 3762 3480">
    <p class='ocr_par' dir='ltr' id='par_1_70' title="bbox 2164 3409 3762 3480">
     <span class='ocr_line' id='line_1_70' title="bbox 2164 3409 3762 3480; baseline 0 -16"><span class='ocrx_word' id='word_1_488' title='bbox 2164 3419 2332 3475; x_wconf 91' lang='lat' dir='ltr'><strong>tento,</strong></span> <span class='ocrx_word' id='word_1_489' title='bbox 2364 3425 2487 3464; x_wconf 90' lang='lat' dir='ltr'><strong>cum</strong></span> <span class='ocrx_word' id='word_1_490' title='bbox 2512 3409 2756 3464; x_wconf 88' lang='lat' dir='ltr'><strong>exercitu</strong></span> <span class='ocrx_word' id='word_1_491' title='bbox 2781 3409 2835 3463; x_wconf 93' lang='lat' dir='ltr'><strong>in</strong></span> <span class='ocrx_word' id='word_1_492' title='bbox 2860 3410 2976 3464; x_wconf 89' lang='lat' dir='ltr'><strong>loco</strong></span> <span class='ocrx_word' id='word_1_493' title='bbox 3003 3410 3092 3479; x_wconf 91' lang='lat' dir='ltr'><strong>qui</strong></span> <span class='ocrx_word' id='word_1_494' title='bbox 3121 3410 3414 3480; x_wconf 87' lang='lat' dir='ltr'><strong>Lippeham</strong></span> <span class='ocrx_word' id='word_1_495' title='bbox 3439 3411 3482 3442; x_wconf 83' lang='grc'><strong>¹⁶</strong></span> <span class='ocrx_word' id='word_1_496' title='bbox 3508 3421 3762 3474; x_wconf 82' lang='lat' dir='ltr'><strong>vocatur,</strong></span> 
     </span>
    </p>
   </div>
   <div class='ocr_carea' id='block_1_71' title="bbox 2164 3499 3762 3572">
    <p class='ocr_par' dir='ltr' id='par_1_71' title="bbox 2164 3499 3762 3572">
     <span class='ocr_line' id='line_1_71' title="bbox 2164 3499 3762 3572; baseline 0.001 -18"><span class='ocrx_word' id='word_1_497' title='bbox 2164 3499 2415 3556; x_wconf 85' lang='lat' dir='ltr'><strong>Rhenum</strong></span> <span class='ocrx_word' id='word_1_498' title='bbox 2443 3501 2659 3555; x_wconf 89' lang='lat' dir='ltr'><strong>traiecit</strong></span> <span class='ocrx_word' id='word_1_499' title='bbox 2691 3501 2754 3566; x_wconf 84' lang='lat'><strong>&quot;,</strong></span> <span class='ocrx_word' id='word_1_500' title='bbox 2795 3509 2849 3555; x_wconf 92' lang='lat' dir='ltr'><strong>et</strong></span> <span class='ocrx_word' id='word_1_501' title='bbox 2875 3503 3102 3557; x_wconf 87' lang='lat' dir='ltr'><strong>vastatis</strong></span> <span class='ocrx_word' id='word_1_502' title='bbox 3131 3501 3547 3556; x_wconf 83' lang='lat' dir='ltr'><strong>WestfalaOrum</strong></span> <span class='ocrx_word' id='word_1_503' title='bbox 3575 3503 3762 3572; x_wconf 88' lang='lat' dir='ltr'><strong>pagis,</strong></span> 
     </span>
    </p>
   </div>
   <div class='ocr_carea' id='block_1_72' title="bbox 2163 3590 3762 3660">
    <p class='ocr_par' dir='ltr' id='par_1_72' title="bbox 2163 3590 3762 3660">
     <span class='ocr_line' id='line_1_72' title="bbox 2163 3590 3762 3660; baseline 0.003 -15"><span class='ocrx_word' id='word_1_504' title='bbox 2163 3593 2310 3646; x_wconf 87' lang='lat' dir='ltr'><strong>venit</strong></span> <span class='ocrx_word' id='word_1_505' title='bbox 2336 3593 2402 3647; x_wconf 89' lang='lat' dir='ltr'><strong>ad</strong></span> <span class='ocrx_word' id='word_1_506' title='bbox 2430 3591 2726 3648; x_wconf 87' lang='lat' dir='ltr'><strong>Wisuram.</strong></span> <span class='ocrx_word' id='word_1_507' title='bbox 2755 3591 2998 3660; x_wconf 86' lang='lat' dir='ltr'><strong>Cumque</strong></span> <span class='ocrx_word' id='word_1_508' title='bbox 3034 3593 3085 3645; x_wconf 92' lang='lat' dir='ltr'><strong>in</strong></span> <span class='ocrx_word' id='word_1_509' title='bbox 3128 3607 3192 3646; x_wconf 91' lang='lat' dir='ltr'><strong>eo</strong></span> <span class='ocrx_word' id='word_1_510' title='bbox 3233 3591 3350 3646; x_wconf 85' lang='lat' dir='ltr'><strong>loco</strong></span> <span class='ocrx_word' id='word_1_511' title='bbox 3379 3591 3473 3660; x_wconf 90' lang='lat' dir='ltr'><strong>qui</strong></span> <span class='ocrx_word' id='word_1_512' title='bbox 3519 3590 3762 3649; x_wconf 85' lang='lat' dir='ltr'><strong>Huculbi</strong></span> 
     </span>
    </p>
   </div>
   <div class='ocr_carea' id='block_1_73' title="bbox 2164 3681 3756 3752">
    <p class='ocr_par' dir='ltr' id='par_1_73' title="bbox 2164 3681 3756 3752">
     <span class='ocr_line' id='line_1_73' title="bbox 2164 3681 3756 3752; baseline 0.001 -16"><span class='ocrx_word' id='word_1_513' title='bbox 2164 3683 2379 3747; x_wconf 84' lang='lat' dir='ltr'><strong>dicitur,</strong></span> <span class='ocrx_word' id='word_1_514' title='bbox 2432 3684 2628 3738; x_wconf 89' lang='lat' dir='ltr'><strong>castris</strong></span> <span class='ocrx_word' id='word_1_515' title='bbox 2683 3697 2848 3751; x_wconf 90' lang='lat' dir='ltr'><strong>super</strong></span> <span class='ocrx_word' id='word_1_516' title='bbox 2881 3681 3103 3738; x_wconf 89' lang='lat' dir='ltr'><strong>ﬂuvium</strong></span> <span class='ocrx_word' id='word_1_517' title='bbox 3147 3683 3340 3752; x_wconf 86' lang='lat' dir='ltr'><strong>positis</strong></span> <span class='ocrx_word' id='word_1_518' title='bbox 3391 3683 3756 3747; x_wconf 84' lang='lat' dir='ltr'><strong>consedisset,</strong></span> 
     </span>
    </p>
   </div>
   <div class='ocr_carea' id='block_1_74' title="bbox 476 3761 2059 3844">
    <p class='ocr_par' dir='ltr' id='par_1_74' title="bbox 476 3761 2059 3837">
     <span class='ocr_line' id='line_1_74' title="bbox 476 3761 2059 3837; baseline -0.008 -8"><span class='ocrx_word' id='word_1_519' title='bbox 476 3775 645 3829; x_wconf 89' lang='lat' dir='ltr'><strong>mium</strong></span> <span class='ocrx_word' id='word_1_520' title='bbox 677 3771 1064 3827; x_wconf 89' lang='lat' dir='ltr'><strong>inundaciones</strong></span> <span class='ocrx_word' id='word_1_521' title='bbox 1094 3782 1357 3837; x_wconf 86' lang='lat' dir='ltr'><strong>aquarum</strong></span> <span class='ocrx_word' id='word_1_522' title='bbox 1391 3765 1621 3820; x_wconf 84' lang='lat' dir='ltr'><strong>fuissent</strong></span> <span class='ocrx_word' id='word_1_523' title='bbox 1651 3763 1718 3829; x_wconf 78' lang='grc'>³³,</span> <span class='ocrx_word' id='word_1_524' title='bbox 1751 3772 1810 3816; x_wconf 85' lang='grc' dir='ltr'><strong>ιιι</strong></span> <span class='ocrx_word' id='word_1_525' title='bbox 1834 3776 1932 3832; x_wconf 91' lang='lat' dir='ltr'><strong>per</strong></span> <span class='ocrx_word' id='word_1_526' title='bbox 1966 3761 2059 3816; x_wconf 92' lang='lat' dir='ltr'><strong>To-</strong></span> 
     </span>
    </p>
   </div>
   <div class='ocr_carea' id='block_1_75' title="bbox 2164 3761 3757 3844">
    <p class='ocr_par' dir='ltr' id='par_1_75' title="bbox 2164 3773 3757 3844">
     <span class='ocr_line' id='line_1_75' title="bbox 2164 3773 3757 3844; baseline 0.001 -17"><span class='ocrx_word' id='word_1_527' title='bbox 2164 3774 2299 3828; x_wconf 88' lang='lat' dir='ltr'><strong>vidit</strong></span> <span class='ocrx_word' id='word_1_528' title='bbox 2324 3790 2380 3829; x_wconf 91' lang='lat' dir='ltr'><strong>se</strong></span> <span class='ocrx_word' id='word_1_529' title='bbox 2408 3774 2462 3829; x_wconf 92' lang='lat' dir='ltr'><strong>in</strong></span> <span class='ocrx_word' id='word_1_530' title='bbox 2490 3773 2824 3844; x_wconf 88' lang='lat' dir='ltr'><strong>aquilonales</strong></span> <span class='ocrx_word' id='word_1_531' title='bbox 2855 3774 2897 3805; x_wconf 79' lang='grc'><strong>¹⁸</strong></span> <span class='ocrx_word' id='word_1_532' title='bbox 2926 3773 3193 3828; x_wconf 84' lang='lat' dir='ltr'><strong>Saxoniae</strong></span> <span class='ocrx_word' id='word_1_533' title='bbox 3219 3782 3418 3843; x_wconf 90' lang='lat' dir='ltr'><strong>partes,</strong></span> <span class='ocrx_word' id='word_1_534' title='bbox 3452 3774 3595 3829; x_wconf 90' lang='lat' dir='ltr'><strong>sicut</strong></span> <span class='ocrx_word' id='word_1_535' title='bbox 3635 3783 3757 3829; x_wconf 82' lang='lat' dir='ltr'><strong>sta-</strong></span> 
     </span>
    </p>
   </div>
   <div class='ocr_carea' id='block_1_76' title="bbox 478 3852 2064 3934">
    <p class='ocr_par' dir='ltr' id='par_1_76' title="bbox 478 3852 2064 3934">
     <span class='ocr_line' id='line_1_76' title="bbox 478 3852 2064 3934; baseline -0.008 -14"><span class='ocrx_word' id='word_1_536' title='bbox 478 3865 714 3934; x_wconf 85' lang='lat' dir='ltr'><strong>ringiam</strong></span> <span class='ocrx_word' id='word_1_537' title='bbox 736 3862 783 3893; x_wconf 74' lang='lat'>&quot;</span> <span class='ocrx_word' id='word_1_538' title='bbox 810 3861 876 3916; x_wconf 92' lang='lat' dir='ltr'><strong>de</strong></span> <span class='ocrx_word' id='word_1_539' title='bbox 909 3859 1173 3915; x_wconf 87' lang='lat' dir='ltr'><strong>orientale</strong></span> <span class='ocrx_word' id='word_1_540' title='bbox 1203 3865 1355 3928; x_wconf 88' lang='lat' dir='ltr'><strong>parte</strong></span> <span class='ocrx_word' id='word_1_541' title='bbox 1391 3857 1669 3910; x_wconf 88' lang='lat' dir='ltr'><strong>introisset</strong></span> <span class='ocrx_word' id='word_1_542' title='bbox 1699 3869 1860 3924; x_wconf 90' lang='lat' dir='ltr'><strong>super</strong></span> <span class='ocrx_word' id='word_1_543' title='bbox 1885 3852 2064 3909; x_wconf 88' lang='lat' dir='ltr'><strong>Ostfa-</strong></span> 
     </span>
    </p>
   </div>
   <div class='ocr_carea' id='block_1_77' title="bbox 2166 3863 3762 3934">
    <p class='ocr_par' dir='ltr' id='par_1_77' title="bbox 2166 3863 3762 3934">
     <span class='ocr_line' id='line_1_77' title="bbox 2166 3863 3762 3934; baseline 0 -15"><span class='ocrx_word' id='word_1_544' title='bbox 2166 3873 2358 3928; x_wconf 89' lang='lat' dir='ltr'><strong>tuerat,</strong></span> <span class='ocrx_word' id='word_1_545' title='bbox 2389 3871 2612 3934; x_wconf 90' lang='lat' dir='ltr'><strong>propter</strong></span> <span class='ocrx_word' id='word_1_546' title='bbox 2635 3863 2832 3918; x_wconf 90' lang='lat' dir='ltr'><strong>nimias</strong></span> <span class='ocrx_word' id='word_1_547' title='bbox 2873 3877 3137 3932; x_wconf 87' lang='lat' dir='ltr'><strong>aquarum</strong></span> <span class='ocrx_word' id='word_1_548' title='bbox 3179 3863 3578 3928; x_wconf 88' lang='lat' dir='ltr'><strong>inundationes,</strong></span> <span class='ocrx_word' id='word_1_549' title='bbox 3612 3879 3762 3934; x_wconf 89' lang='lat' dir='ltr'><strong>quae</strong></span> 
     </span>
    </p>
   </div>
   <div class='ocr_carea' id='block_1_78' title="bbox 479 3949 3764 4028">
    <p class='ocr_par' dir='ltr' id='par_1_78' title="bbox 479 3949 3764 4028">
     <span class='ocr_line' id='line_1_78' title="bbox 479 3949 3764 4028; baseline -0.003 -5"><span class='ocrx_word' id='word_1_550' title='bbox 479 3959 598 4012; x_wconf 68' lang='grc'><strong>1³03</strong></span> <span class='ocrx_word' id='word_1_551' title='bbox 632 3957 700 4023; x_wconf 69' lang='grc'><strong>⁸⁵,</strong></span> <span class='ocrx_word' id='word_1_552' title='bbox 725 3965 778 4010; x_wconf 73' lang='grc' dir='ltr'><strong>ει</strong></span> <span class='ocrx_word' id='word_1_553' title='bbox 807 3955 979 4009; x_wconf 73' lang='lat' dir='ltr'><strong>mium</strong></span> <span class='ocrx_word' id='word_1_554' title='bbox 1015 3969 1170 4009; x_wconf 74' lang='lat' dir='ltr'><strong>suum</strong></span> <span class='ocrx_word' id='word_1_555' title='bbox 1196 3953 1453 4007; x_wconf 77' lang='lat' dir='ltr'><strong>domnum</strong></span> <span class='ocrx_word' id='word_1_556' title='bbox 1494 3949 1744 4006; x_wconf 70' lang='lat' dir='ltr'><strong>Carolum</strong></span> <span class='ocrx_word' id='word_1_557' title='bbox 1771 3949 2067 4004; x_wconf 77' lang='lat' dir='ltr'><strong>dimiSissel</strong></span> <span class='ocrx_word' id='word_1_558' title='bbox 2165 3965 2278 4011; x_wconf 92' lang='lat' dir='ltr'><strong>tum</strong></span> <span class='ocrx_word' id='word_1_559' title='bbox 2298 3957 2336 3987; x_wconf 75' lang='grc' dir='ltr'>ιθ</span> <span class='ocrx_word' id='word_1_560' title='bbox 2365 3957 2544 4012; x_wconf 89' lang='lat' dir='ltr'><strong>subito</strong></span> <span class='ocrx_word' id='word_1_561' title='bbox 2567 3972 2634 4011; x_wconf 78' lang='lat' dir='ltr'><strong>ex</strong></span> <span class='ocrx_word' id='word_1_562' title='bbox 2657 3957 2880 4028; x_wconf 87' lang='lat' dir='ltr'><strong>iugitate</strong></span> <span class='ocrx_word' id='word_1_563' title='bbox 2907 3956 3210 4025; x_wconf 90' lang='lat' dir='ltr'><strong>pluviarum</strong></span> <span class='ocrx_word' id='word_1_564' title='bbox 3229 3959 3557 4024; x_wconf 88' lang='lat' dir='ltr'><strong>acciderant,</strong></span> <span class='ocrx_word' id='word_1_565' title='bbox 3583 3970 3764 4014; x_wconf 78' lang='lat' dir='ltr'><strong>trans-</strong></span> 
     </span>
    </p>
   </div>
   <div class='ocr_carea' id='block_1_79' title="bbox 477 4041 2062 4110">
    <p class='ocr_par' dir='ltr' id='par_1_79' title="bbox 477 4041 2062 4110">
     <span class='ocr_line' id='line_1_79' title="bbox 477 4041 2062 4110; baseline -0.006 -7"><span class='ocrx_word' id='word_1_566' title='bbox 477 4063 585 4103; x_wconf 90' lang='lat' dir='ltr'><strong>una</strong></span> <span class='ocrx_word' id='word_1_567' title='bbox 618 4063 742 4102; x_wconf 90' lang='lat' dir='ltr'><strong>cum</strong></span> <span class='ocrx_word' id='word_1_568' title='bbox 773 4062 930 4101; x_wconf 89' lang='lat' dir='ltr'><strong>scara</strong></span> <span class='ocrx_word' id='word_1_569' title='bbox 965 4053 1154 4100; x_wconf 88' lang='lat' dir='ltr'><strong>contra</strong></span> <span class='ocrx_word' id='word_1_570' title='bbox 1183 4042 1514 4097; x_wconf 87' lang='lat' dir='ltr'><strong>Westfalaos</strong></span> <span class='ocrx_word' id='word_1_571' title='bbox 1543 4041 1590 4072; x_wconf 78' lang='lat'>“</span> <span class='ocrx_word' id='word_1_572' title='bbox 1619 4057 1633 4095; x_wconf 89' lang='lat'><strong>:</strong></span> <span class='ocrx_word' id='word_1_573' title='bbox 1663 4041 1806 4110; x_wconf 90' lang='lat' dir='ltr'><strong>quod</strong></span> <span class='ocrx_word' id='word_1_574' title='bbox 1839 4049 1893 4095; x_wconf 92' lang='lat' dir='ltr'><strong>et</strong></span> <span class='ocrx_word' id='word_1_575' title='bbox 1920 4042 1992 4095; x_wconf 90' lang='lat' dir='ltr'><strong>ita</strong></span> <span class='ocrx_word' id='word_1_576' title='bbox 2021 4042 2062 4072; x_wconf 77' lang='grc'><strong>’⁷</strong></span> 
     </span>
    </p>
   </div>
   <div class='ocr_carea' id='block_1_80' title="bbox 478 4131 2065 4202">
    <p class='ocr_par' dir='ltr' id='par_1_80' title="bbox 478 4131 2065 4202">
     <span class='ocr_line' id='line_1_80' title="bbox 478 4131 2065 4202; baseline -0.006 -10"><span class='ocrx_word' id='word_1_577' title='bbox 478 4139 683 4192; x_wconf 79' lang='lat' dir='ltr'><strong>factum</strong></span> <span class='ocrx_word' id='word_1_578' title='bbox 711 4144 815 4191; x_wconf 90' lang='lat' dir='ltr'><strong>est.</strong></span> <span class='ocrx_word' id='word_1_579' title='bbox 843 4135 1088 4191; x_wconf 87' lang='lat' dir='ltr'><strong>Domnus</strong></span> <span class='ocrx_word' id='word_1_580' title='bbox 1112 4149 1208 4187; x_wconf 87' lang='lat' dir='ltr'><strong>rex</strong></span> <span class='ocrx_word' id='word_1_581' title='bbox 1236 4133 1462 4188; x_wconf 88' lang='lat' dir='ltr'><strong>Carolus</strong></span> <span class='ocrx_word' id='word_1_582' title='bbox 1482 4133 1723 4202; x_wconf 90' lang='lat' dir='ltr'><strong>perrexit</strong></span> <span class='ocrx_word' id='word_1_583' title='bbox 1749 4145 1849 4200; x_wconf 90' lang='lat' dir='ltr'><strong>per</strong></span> <span class='ocrx_word' id='word_1_584' title='bbox 1875 4131 2065 4184; x_wconf 86' lang='lat' dir='ltr'><strong>Torin-</strong></span> 
     </span>
    </p>
   </div>
   <div class='ocr_carea' id='block_1_81' title="bbox 477 4220 2064 4298">
    <p class='ocr_par' dir='ltr' id='par_1_81' title="bbox 477 4220 2064 4298">
     <span class='ocr_line' id='line_1_81' title="bbox 477 4220 2064 4298; baseline -0.004 -17"><span class='ocrx_word' id='word_1_585' title='bbox 477 4229 623 4298; x_wconf 87' lang='lat' dir='ltr'><strong>giam</strong></span> <span class='ocrx_word' id='word_1_586' title='bbox 650 4227 696 4257; x_wconf 81' lang='lat'><strong>&quot;&#39;</strong></span> <span class='ocrx_word' id='word_1_587' title='bbox 726 4241 900 4294; x_wconf 88' lang='lat' dir='ltr'><strong>usque</strong></span> <span class='ocrx_word' id='word_1_588' title='bbox 947 4225 1016 4279; x_wconf 90' lang='lat' dir='ltr'><strong>ad</strong></span> <span class='ocrx_word' id='word_1_589' title='bbox 1048 4223 1266 4278; x_wconf 91' lang='lat' dir='ltr'><strong>ﬂuvium</strong></span> <span class='ocrx_word' id='word_1_590' title='bbox 1319 4223 1552 4287; x_wconf 84' lang='lat' dir='ltr'><strong>Albiam,</strong></span> <span class='ocrx_word' id='word_1_591' title='bbox 1596 4229 1649 4274; x_wconf 92' lang='lat' dir='ltr'><strong>et</strong></span> <span class='ocrx_word' id='word_1_592' title='bbox 1685 4221 1809 4276; x_wconf 92' lang='lat' dir='ltr'><strong>inde</strong></span> <span class='ocrx_word' id='word_1_593' title='bbox 1842 4221 1910 4275; x_wconf 88' lang='lat' dir='ltr'><strong>ad</strong></span> <span class='ocrx_word' id='word_1_594' title='bbox 1940 4220 2064 4276; x_wconf 90' lang='lat' dir='ltr'><strong>Sta-</strong></span> 
     </span>
    </p>
   </div>
   <div class='ocr_carea' id='block_1_82' title="bbox 848 4309 1675 4369">
    <p class='ocr_par' dir='ltr' id='par_1_82' title="bbox 848 4309 1675 4369">
     <span class='ocr_line' id='line_1_82' title="bbox 848 4309 1675 4369; baseline -0.005 0"><span class='ocrx_word' id='word_1_595' title='bbox 848 4313 1238 4369; x_wconf 82' lang='lat' dir='ltr'><strong>VARIANTES</strong></span> <span class='ocrx_word' id='word_1_596' title='bbox 1274 4309 1675 4367; x_wconf 85' lang='lat' dir='ltr'><strong>LECTIONES.</strong></span> 
     </span>
    </p>
   </div>
   <div class='ocr_carea' id='block_1_83' title="bbox 2165 4047 3755 4118">
    <p class='ocr_par' dir='ltr' id='par_1_83' title="bbox 2165 4047 3755 4118">
     <span class='ocr_line' id='line_1_83' title="bbox 2165 4047 3755 4118; baseline 0.003 -18"><span class='ocrx_word' id='word_1_597' title='bbox 2165 4047 2246 4102; x_wconf 90' lang='lat' dir='ltr'><strong>ire</strong></span> <span class='ocrx_word' id='word_1_598' title='bbox 2270 4063 2376 4102; x_wconf 93' lang='lat' dir='ltr'><strong>non</strong></span> <span class='ocrx_word' id='word_1_599' title='bbox 2405 4063 2582 4117; x_wconf 92' lang='lat' dir='ltr'><strong>posse.</strong></span> <span class='ocrx_word' id='word_1_600' title='bbox 2635 4048 2844 4103; x_wconf 86' lang='lat' dir='ltr'><strong>Idcirco</strong></span> <span class='ocrx_word' id='word_1_601' title='bbox 2875 4048 2977 4102; x_wconf 90' lang='lat' dir='ltr'><strong>iter</strong></span> <span class='ocrx_word' id='word_1_602' title='bbox 3002 4049 3055 4102; x_wconf 92' lang='lat' dir='ltr'><strong>in</strong></span> <span class='ocrx_word' id='word_1_603' title='bbox 3085 4048 3439 4118; x_wconf 83' lang='lat' dir='ltr'><strong>Thuringiam</strong></span> <span class='ocrx_word' id='word_1_604' title='bbox 3461 4052 3755 4116; x_wconf 86' lang='lat' dir='ltr'><strong>convertit,</strong></span> 
     </span>
    </p>
   </div>
   <div class='ocr_carea' id='block_1_84' title="bbox 2166 4134 3755 4208">
    <p class='ocr_par' dir='ltr' id='par_1_84' title="bbox 2166 4134 3755 4208">
     <span class='ocr_line' id='line_1_84' title="bbox 2166 4134 3755 4208; baseline 0.003 -19"><span class='ocrx_word' id='word_1_605' title='bbox 2166 4144 2222 4189; x_wconf 91' lang='lat' dir='ltr'><strong>et</strong></span> <span class='ocrx_word' id='word_1_606' title='bbox 2250 4134 2422 4189; x_wconf 87' lang='lat' dir='ltr'><strong>ﬁlium</strong></span> <span class='ocrx_word' id='word_1_607' title='bbox 2463 4151 2618 4190; x_wconf 91' lang='lat' dir='ltr'><strong>suum</strong></span> <span class='ocrx_word' id='word_1_608' title='bbox 2646 4135 2903 4190; x_wconf 85' lang='lat' dir='ltr'><strong>Karolum</strong></span> <span class='ocrx_word' id='word_1_609' title='bbox 2953 4137 2998 4167; x_wconf 77' lang='grc' dir='ltr'><strong>ὀ</strong></span> <span class='ocrx_word' id='word_1_610' title='bbox 3033 4153 3156 4192; x_wconf 92' lang='lat' dir='ltr'><strong>cum</strong></span> <span class='ocrx_word' id='word_1_611' title='bbox 3199 4147 3353 4208; x_wconf 90' lang='lat' dir='ltr'><strong>parte</strong></span> <span class='ocrx_word' id='word_1_612' title='bbox 3379 4139 3648 4193; x_wconf 89' lang='lat' dir='ltr'><strong>exercitus</strong></span> <span class='ocrx_word' id='word_1_613' title='bbox 3699 4141 3755 4193; x_wconf 92' lang='lat' dir='ltr'><strong>in</strong></span> 
     </span>
    </p>
   </div>
   <div class='ocr_carea' id='block_1_85' title="bbox 2165 4225 3758 4300">
    <p class='ocr_par' dir='ltr' id='par_1_85' title="bbox 2165 4225 3758 4300">
     <span class='ocr_line' id='line_1_85' title="bbox 2165 4225 3758 4300; baseline 0.004 -20"><span class='ocrx_word' id='word_1_614' title='bbox 2165 4225 2584 4281; x_wconf 87' lang='lat' dir='ltr'><strong>Westfalaorum</strong></span> <span class='ocrx_word' id='word_1_615' title='bbox 2613 4227 2812 4282; x_wconf 89' lang='lat' dir='ltr'><strong>ﬁnibus</strong></span> <span class='ocrx_word' id='word_1_616' title='bbox 2852 4227 3039 4283; x_wconf 90' lang='lat' dir='ltr'><strong>sedere</strong></span> <span class='ocrx_word' id='word_1_617' title='bbox 3068 4230 3110 4260; x_wconf 80' lang='grc'>¹¹</span> <span class='ocrx_word' id='word_1_618' title='bbox 3143 4230 3314 4284; x_wconf 91' lang='lat' dir='ltr'><strong>iussit.</strong></span> <span class='ocrx_word' id='word_1_619' title='bbox 3347 4230 3464 4300; x_wconf 90' lang='lat' dir='ltr'><strong>Ipse</strong></span> <span class='ocrx_word' id='word_1_620' title='bbox 3489 4245 3585 4300; x_wconf 91' lang='lat' dir='ltr'><strong>per</strong></span> <span class='ocrx_word' id='word_1_621' title='bbox 3606 4230 3758 4286; x_wconf 82' lang='lat' dir='ltr'><strong>Thu-</strong></span> 
     </span>
    </p>
   </div>
   <div class='ocr_carea' id='block_1_86' title="bbox 2165 4317 3756 4392">
    <p class='ocr_par' dir='ltr' id='par_1_86' title="bbox 2165 4317 3756 4392">
     <span class='ocr_line' id='line_1_86' title="bbox 2165 4317 3756 4392; baseline 0.004 -22"><span class='ocrx_word' id='word_1_622' title='bbox 2165 4318 2391 4387; x_wconf 89' lang='lat' dir='ltr'><strong>ringiam</strong></span> <span class='ocrx_word' id='word_1_623' title='bbox 2425 4319 2469 4348; x_wconf 84' lang='grc'><strong>²¹</strong></span> <span class='ocrx_word' id='word_1_624' title='bbox 2501 4319 2606 4372; x_wconf 87' lang='lat' dir='ltr'><strong>iter</strong></span> <span class='ocrx_word' id='word_1_625' title='bbox 2632 4317 2838 4373; x_wconf 88' lang='lat' dir='ltr'><strong>faciens</strong></span> <span class='ocrx_word' id='word_1_626' title='bbox 2863 4320 2931 4384; x_wconf 81' lang='grc'><strong>⁸³,</strong></span> <span class='ocrx_word' id='word_1_627' title='bbox 2961 4321 3109 4376; x_wconf 91' lang='lat' dir='ltr'><strong>venit</strong></span> <span class='ocrx_word' id='word_1_628' title='bbox 3135 4323 3192 4376; x_wconf 93' lang='lat' dir='ltr'><strong>in</strong></span> <span class='ocrx_word' id='word_1_629' title='bbox 3223 4325 3541 4392; x_wconf 86' lang='lat' dir='ltr'><strong>campestria</strong></span> <span class='ocrx_word' id='word_1_630' title='bbox 3582 4323 3756 4378; x_wconf 84' lang='lat' dir='ltr'><strong>Saxo-</strong></span> 
     </span>
    </p>
   </div>
   <div class='ocr_carea' id='block_1_87' title="bbox 552 4401 3726 4497">
    <p class='ocr_par' dir='ltr' id='par_1_87' title="bbox 552 4401 3726 4497">
     <span class='ocr_line' id='line_1_87' title="bbox 552 4401 3726 4497; baseline 0.002 -35"><span class='ocrx_word' id='word_1_631' title='bbox 552 4412 568 4438; x_wconf 81' lang='grc'><strong><em>³</em></strong></span> <span class='ocrx_word' id='word_1_632' title='bbox 583 4407 671 4497; x_wconf 39' lang='lat' dir='ltr'><strong>tibi</strong></span> <span class='ocrx_word' id='word_1_633' title='bbox 701 4407 845 4497; x_wconf 61' lang='lat' dir='ltr'><strong>deest</strong></span> <span class='ocrx_word' id='word_1_634' title='bbox 892 4403 1411 4497; x_wconf 48' lang='lat' dir='ltr'><strong>2;=:_m_axint&#39;em2;</strong></span> <span class='ocrx_word' id='word_1_635' title='bbox 1489 4403 1510 4433; x_wconf 84' lang='grc'>³</span> <span class='ocrx_word' id='word_1_636' title='bbox 1536 4401 1864 4497; x_wconf 36' lang='grc' dir='ltr'><strong>ΐὲιξξεὸὶι</strong></span> <span class='ocrx_word' id='word_1_637' title='bbox 1923 4403 2062 4497; x_wconf 62' lang='lat' dir='ltr'><strong>:pg-</strong></span> <span class='ocrx_word' id='word_1_638' title='bbox 2086 4437 2140 4497; x_wconf 71' lang='grc' dir='ltr'><strong>Ι)</strong></span> <span class='ocrx_word' id='word_1_639' title='bbox 2165 4407 2286 4462; x_wconf 89' lang='lat' dir='ltr'><strong>niae</strong></span> <span class='ocrx_word' id='word_1_640' title='bbox 2309 4449 2322 4474; x_wconf 94' lang='lat'><strong>,</strong></span> <span class='ocrx_word' id='word_1_641' title='bbox 2372 4422 2509 4477; x_wconf 89' lang='lat' dir='ltr'><strong>quae</strong></span> <span class='ocrx_word' id='word_1_642' title='bbox 2550 4409 2670 4464; x_wconf 84' lang='lat' dir='ltr'><strong>Albi</strong></span> <span class='ocrx_word' id='word_1_643' title='bbox 2713 4417 2877 4480; x_wconf 86' lang='lat' dir='ltr'><strong>atque</strong></span> <span class='ocrx_word' id='word_1_644' title='bbox 2923 4410 3080 4466; x_wconf 89' lang='lat' dir='ltr'><strong>Salae</strong></span> <span class='ocrx_word' id='word_1_645' title='bbox 3127 4411 3438 4469; x_wconf 86' lang='lat' dir='ltr'><strong>ﬂuminibus</strong></span> <span class='ocrx_word' id='word_1_646' title='bbox 3473 4414 3726 4469; x_wconf 84' lang='lat' dir='ltr'><strong>adiacent</strong></span> 
     </span>
    </p>
   </div>
   <div class='ocr_carea' id='block_1_88' title="bbox 479 4473 2056 4534">
    <p class='ocr_par' dir='ltr' id='par_1_88' title="bbox 479 4473 2056 4534">
     <span class='ocr_line' id='line_1_88' title="bbox 479 4473 2056 4534; baseline -0.004 -1"><span class='ocrx_word' id='word_1_647' title='bbox 479 4479 720 4534; x_wconf 89' lang='lat' dir='ltr'><strong>denbrun</strong></span> <span class='ocrx_word' id='word_1_648' title='bbox 776 4478 826 4530; x_wconf 98' lang='grc'><strong>1.</strong></span> <span class='ocrx_word' id='word_1_649' title='bbox 932 4477 1169 4530; x_wconf 65' lang='lat' dir='ltr'><strong>“iterum</strong></span> <span class='ocrx_word' id='word_1_650' title='bbox 1213 4474 1356 4528; x_wconf 83' lang='lat' dir='ltr'><strong>deest</strong></span> <span class='ocrx_word' id='word_1_651' title='bbox 1390 4474 1441 4527; x_wconf 83' lang='lat' dir='ltr'><strong>l.</strong></span> <span class='ocrx_word' id='word_1_652' title='bbox 1555 4473 1576 4504; x_wconf 83' lang='grc'>⁶</span> <span class='ocrx_word' id='word_1_653' title='bbox 1605 4473 1678 4528; x_wconf 90' lang='lat' dir='ltr'><strong>ibi</strong></span> <span class='ocrx_word' id='word_1_654' title='bbox 1725 4474 1864 4527; x_wconf 80' lang='lat' dir='ltr'><strong>deest</strong></span> <span class='ocrx_word' id='word_1_655' title='bbox 1921 4473 2056 4533; x_wconf 47' lang='grc'><strong>1.“7,</strong></span> 
     </span>
    </p>
   </div>
   <div class='ocr_carea' id='block_1_89' title="bbox 477 4542 2062 4603">
    <p class='ocr_par' dir='ltr' id='par_1_89' title="bbox 477 4542 2062 4603">
     <span class='ocr_line' id='line_1_89' title="bbox 477 4542 2062 4603; baseline -0.003 0"><span class='ocrx_word' id='word_1_656' title='bbox 477 4552 496 4580; x_wconf 79' lang='grc'>⁷</span> <span class='ocrx_word' id='word_1_657' title='bbox 536 4549 764 4603; x_wconf 91' lang='lat' dir='ltr'><strong>domnus</strong></span> <span class='ocrx_word' id='word_1_658' title='bbox 814 4562 908 4602; x_wconf 80' lang='lat' dir='ltr'><strong>rex</strong></span> <span class='ocrx_word' id='word_1_659' title='bbox 959 4547 1008 4599; x_wconf 93' lang='grc'><strong>1.</strong></span> <span class='ocrx_word' id='word_1_660' title='bbox 1067 4546 1120 4599; x_wconf 87' lang='lat'><strong>7.</strong></span> <span class='ocrx_word' id='word_1_661' title='bbox 1225 4544 1246 4576; x_wconf 80' lang='grc'>⁸</span> <span class='ocrx_word' id='word_1_662' title='bbox 1277 4544 1479 4599; x_wconf 90' lang='lat' dir='ltr'><strong>albium</strong></span> <span class='ocrx_word' id='word_1_663' title='bbox 1526 4542 1579 4598; x_wconf 85' lang='lat'><strong>5.</strong></span> <span class='ocrx_word' id='word_1_664' title='bbox 1679 4543 2062 4603; x_wconf 72' lang='lat' dir='ltr'><strong>’uurmaciam</strong></span> 
     </span>
    </p>
   </div>
   <div class='ocr_carea' id='block_1_90' title="bbox 476 4613 2060 4672">
    <p class='ocr_par' dir='ltr' id='par_1_90' title="bbox 476 4613 2060 4672">
     <span class='ocr_line' id='line_1_90' title="bbox 476 4613 2060 4672; baseline -0.001 0"><span class='ocrx_word' id='word_1_665' title='bbox 476 4619 529 4672; x_wconf 85' lang='lat'><strong>5.</strong></span> <span class='ocrx_word' id='word_1_666' title='bbox 575 4619 918 4672; x_wconf 80' lang='lat' dir='ltr'><strong>warmaciam</strong></span> <span class='ocrx_word' id='word_1_667' title='bbox 960 4617 1010 4670; x_wconf 89' lang='lat'><strong>7.</strong></span> <span class='ocrx_word' id='word_1_668' title='bbox 1090 4615 1132 4646; x_wconf 77' lang='grc'><strong>¹⁰</strong></span> <span class='ocrx_word' id='word_1_669' title='bbox 1162 4615 1262 4670; x_wconf 90' lang='lat' dir='ltr'><strong>sibi</strong></span> <span class='ocrx_word' id='word_1_670' title='bbox 1305 4615 1538 4670; x_wconf 89' lang='lat' dir='ltr'><strong>matrim.</strong></span> <span class='ocrx_word' id='word_1_671' title='bbox 1569 4613 1620 4668; x_wconf 83' lang='lat'><strong>5.</strong></span> <span class='ocrx_word' id='word_1_672' title='bbox 1720 4614 1759 4644; x_wconf 85' lang='lat'>”</span> <span class='ocrx_word' id='word_1_673' title='bbox 1788 4615 2060 4670; x_wconf 90' lang='lat' dir='ltr'><strong>dominam</strong></span> 
     </span>
    </p>
   </div>
   <div class='ocr_carea' id='block_1_91' title="bbox 475 4683 2062 4757">
    <p class='ocr_par' dir='ltr' id='par_1_91' title="bbox 475 4683 2062 4757">
     <span class='ocr_line' id='line_1_91' title="bbox 475 4683 2062 4757; baseline -0.007 -11"><span class='ocrx_word' id='word_1_674' title='bbox 475 4689 791 4746; x_wconf 85' lang='lat' dir='ltr'><strong>Fastradam</strong></span> <span class='ocrx_word' id='word_1_675' title='bbox 823 4688 1064 4757; x_wconf 86' lang='lat' dir='ltr'><strong>reginam</strong></span> <span class='ocrx_word' id='word_1_676' title='bbox 1113 4685 1468 4757; x_wconf 17' lang='lat' dir='ltr'><strong>Lidomnarn</strong></span> <span class='ocrx_word' id='word_1_677' title='bbox 1510 4683 1876 4757; x_wconf 78' lang='lat' dir='ltr'><strong>fastradanern</strong></span> <span class='ocrx_word' id='word_1_678' title='bbox 1929 4687 2062 4755; x_wconf 84' lang='lat' dir='ltr'><strong>regi-</strong></span> 
     </span>
    </p>
   </div>
   <div class='ocr_carea' id='block_1_92' title="bbox 478 4753 2058 4814">
    <p class='ocr_par' dir='ltr' id='par_1_92' title="bbox 478 4753 2058 4814">
     <span class='ocr_line' id='line_1_92' title="bbox 478 4753 2058 4814; baseline -0.003 0"><span class='ocrx_word' id='word_1_679' title='bbox 478 4775 604 4814; x_wconf 90' lang='lat' dir='ltr'><strong>nam</strong></span> <span class='ocrx_word' id='word_1_680' title='bbox 633 4759 684 4811; x_wconf 89' lang='lat'><strong>7.</strong></span> <span class='ocrx_word' id='word_1_681' title='bbox 774 4759 816 4790; x_wconf 80' lang='lat'><strong><em>“</em></strong></span> <span class='ocrx_word' id='word_1_682' title='bbox 841 4753 1139 4812; x_wconf 74' lang='lat' dir='ltr'><strong>haristalho</strong></span> <span class='ocrx_word' id='word_1_683' title='bbox 1179 4756 1231 4808; x_wconf 94' lang='grc'><strong>1.</strong></span> <span class='ocrx_word' id='word_1_684' title='bbox 1339 4757 1383 4786; x_wconf 81' lang='grc'><strong>¹³</strong></span> <span class='ocrx_word' id='word_1_685' title='bbox 1414 4754 1658 4808; x_wconf 81' lang='lat' dir='ltr'><strong>Saxones</strong></span> <span class='ocrx_word' id='word_1_686' title='bbox 1695 4761 1823 4806; x_wconf 90' lang='lat' dir='ltr'><strong>tunc</strong></span> <span class='ocrx_word' id='word_1_687' title='bbox 1863 4753 2058 4810; x_wconf 80' lang='lat' dir='ltr'><strong>iterum</strong></span> 
     </span>
    </p>
   </div>
   <div class='ocr_carea' id='block_1_93' title="bbox 478 4822 2060 4890">
    <p class='ocr_par' dir='ltr' id='par_1_93' title="bbox 478 4822 2060 4890">
     <span class='ocr_line' id='line_1_93' title="bbox 478 4822 2060 4890; baseline -0.009 -5"><span class='ocrx_word' id='word_1_688' title='bbox 478 4829 810 4885; x_wconf 85' lang='lat' dir='ltr'><strong>rebellarunt</strong></span> <span class='ocrx_word' id='word_1_689' title='bbox 857 4827 906 4879; x_wconf 89' lang='grc'><strong>1.</strong></span> <span class='ocrx_word' id='word_1_690' title='bbox 988 4825 1441 4880; x_wconf 75' lang='lat' dir='ltr'><strong>“rebellaveruut</strong></span> <span class='ocrx_word' id='word_1_691' title='bbox 1469 4822 1522 4876; x_wconf 87' lang='lat'><strong>5.</strong></span> <span class='ocrx_word' id='word_1_692' title='bbox 1587 4822 1821 4890; x_wconf 77' lang='lat' dir='ltr'><strong>&quot;par2.</strong></span> <span class='ocrx_word' id='word_1_693' title='bbox 1894 4823 2060 4881; x_wconf 71' lang='lat' dir='ltr'><strong>“fre-</strong></span> 
     </span>
    </p>
   </div>
   <div class='ocr_carea' id='block_1_94' title="bbox 478 4892 2059 4966">
    <p class='ocr_par' dir='ltr' id='par_1_94' title="bbox 478 4892 2059 4966">
     <span class='ocr_line' id='line_1_94' title="bbox 478 4892 2059 4966; baseline -0.005 -12"><span class='ocrx_word' id='word_1_694' title='bbox 478 4915 670 4954; x_wconf 92' lang='lat' dir='ltr'><strong>sonum</strong></span> <span class='ocrx_word' id='word_1_695' title='bbox 719 4897 770 4951; x_wconf 86' lang='lat'><strong>5.</strong></span> <span class='ocrx_word' id='word_1_696' title='bbox 814 4896 1111 4951; x_wconf 86' lang='lat' dir='ltr'><strong>forisonum</strong></span> <span class='ocrx_word' id='word_1_697' title='bbox 1147 4895 1199 4966; x_wconf 35' lang='lat' dir='ltr'><strong>6A.</strong></span> <span class='ocrx_word' id='word_1_698' title='bbox 1299 4894 1339 4966; x_wconf 48' lang='grc' dir='ltr'><em>εἴ</em></span> <span class='ocrx_word' id='word_1_699' title='bbox 1398 4892 1806 4966; x_wconf 80' lang='lat' dir='ltr'><strong>lippiam_l._2.</strong></span> <span class='ocrx_word' id='word_1_700' title='bbox 1858 4893 1912 4966; x_wconf 74' lang='lat'><strong>7.</strong></span> <span class='ocrx_word' id='word_1_701' title='bbox 1958 4895 2059 4966; x_wconf 87' lang='lat' dir='ltr'><strong>lip-</strong></span> 
     </span>
    </p>
   </div>
   <div class='ocr_carea' id='block_1_95' title="bbox 473 4962 2056 5040">
    <p class='ocr_par' dir='ltr' id='par_1_95' title="bbox 473 4962 2056 5040">
     <span class='ocr_line' id='line_1_95' title="bbox 473 4962 2056 5040; baseline -0.001 -17"><span class='ocrx_word' id='word_1_702' title='bbox 473 4970 692 5040; x_wconf 87' lang='lat' dir='ltr'><strong>piaham</strong></span> <span class='ocrx_word' id='word_1_703' title='bbox 739 4967 814 5040; x_wconf 84' lang='lat'><strong>_5.</strong></span> <span class='ocrx_word' id='word_1_704' title='bbox 861 4962 1215 5040; x_wconf 64' lang='lat' dir='ltr'><strong>lippihamﬁ.</strong></span> <span class='ocrx_word' id='word_1_705' title='bbox 1262 4965 1341 5040; x_wconf 39' lang='lat' dir='ltr'><strong>ﬂ“</strong></span> <span class='ocrx_word' id='word_1_706' title='bbox 1391 4963 1681 5040; x_wconf 80' lang='lat' dir='ltr'><strong>circuendo</strong></span> <span class='ocrx_word' id='word_1_707' title='bbox 1723 4963 1783 5040; x_wconf 68' lang='grc' dir='ltr'><strong>1.Δ</strong></span> <span class='ocrx_word' id='word_1_708' title='bbox 1853 4962 2056 5040; x_wconf 30' lang='lat' dir='ltr'><strong>&quot;Aquod</strong></span> 
     </span>
    </p>
   </div>
   <div class='ocr_carea' id='block_1_96' title="bbox 475 5032 2055 5106">
    <p class='ocr_par' dir='ltr' id='par_1_96' title="bbox 475 5032 2055 5106">
     <span class='ocr_line' id='line_1_96' title="bbox 475 5032 2055 5106; baseline -0.001 -14"><span class='ocrx_word' id='word_1_709' title='bbox 475 5032 615 5093; x_wconf 72' lang='lat' dir='ltr'><strong>deest</strong></span> <span class='ocrx_word' id='word_1_710' title='bbox 645 5038 696 5092; x_wconf 86' lang='grc'><strong>1.</strong></span> <span class='ocrx_word' id='word_1_711' title='bbox 727 5037 779 5092; x_wconf 78' lang='lat'><strong>6.</strong></span> <span class='ocrx_word' id='word_1_712' title='bbox 804 5032 975 5105; x_wconf 70' lang='lat' dir='ltr'><strong>usque</strong></span> <span class='ocrx_word' id='word_1_713' title='bbox 999 5050 1106 5106; x_wconf 84' lang='lat' dir='ltr'><strong>quo</strong></span> <span class='ocrx_word' id='word_1_714' title='bbox 1133 5032 1186 5087; x_wconf 83' lang='lat'><strong>7.</strong></span> <span class='ocrx_word' id='word_1_715' title='bbox 1261 5033 1307 5106; x_wconf 60' lang='grc' dir='ltr'><strong>ξ’</strong></span> <span class='ocrx_word' id='word_1_716' title='bbox 1331 5034 1582 5106; x_wconf 69' lang='lat' dir='ltr'><strong>pervenit</strong></span> <span class='ocrx_word' id='word_1_717' title='bbox 1602 5034 1739 5106; x_wconf 69' lang='lat' dir='ltr'><strong>deest</strong></span> <span class='ocrx_word' id='word_1_718' title='bbox 1764 5035 1814 5087; x_wconf 92' lang='grc'><strong>1.</strong></span> <span class='ocrx_word' id='word_1_719' title='bbox 1892 5032 2055 5090; x_wconf 69' lang='lat' dir='ltr'><strong>“ltu-</strong></span> 
     </span>
    </p>
   </div>
   <div class='ocr_carea' id='block_1_97' title="bbox 475 5103 2052 5164">
    <p class='ocr_par' dir='ltr' id='par_1_97' title="bbox 475 5103 2052 5164">
     <span class='ocr_line' id='line_1_97' title="bbox 475 5103 2052 5164; baseline -0.002 0"><span class='ocrx_word' id='word_1_720' title='bbox 475 5109 659 5164; x_wconf 89' lang='lat' dir='ltr'><strong>culum</strong></span> <span class='ocrx_word' id='word_1_721' title='bbox 691 5109 740 5162; x_wconf 94' lang='grc'><strong>1.</strong></span> <span class='ocrx_word' id='word_1_722' title='bbox 772 5103 1091 5162; x_wconf 71' lang='grc' dir='ltr'><strong>Ιιυούιὶη.”7.</strong></span> <span class='ocrx_word' id='word_1_723' title='bbox 1124 5103 1343 5159; x_wconf 90' lang='lat' dir='ltr'><strong>hucului</strong></span> <span class='ocrx_word' id='word_1_724' title='bbox 1365 5104 1417 5158; x_wconf 91' lang='lat'><strong>2.</strong></span> <span class='ocrx_word' id='word_1_725' title='bbox 1447 5105 1500 5158; x_wconf 93' lang='lat'><strong>5.</strong></span> <span class='ocrx_word' id='word_1_726' title='bbox 1524 5103 1576 5158; x_wconf 96' lang='lat'><strong>5.</strong></span> <span class='ocrx_word' id='word_1_727' title='bbox 1603 5103 1656 5157; x_wconf 91' lang='grc'><strong>6.</strong></span> <span class='ocrx_word' id='word_1_728' title='bbox 1684 5103 1736 5156; x_wconf 88' lang='lat'><strong>8.</strong></span> <span class='ocrx_word' id='word_1_729' title='bbox 1764 5106 1815 5159; x_wconf 92' lang='lat'><strong>9.</strong></span> <span class='ocrx_word' id='word_1_730' title='bbox 1918 5106 1962 5136; x_wconf 82' lang='grc'><strong>²¹</strong></span> <span class='ocrx_word' id='word_1_731' title='bbox 1988 5121 2052 5161; x_wconf 89' lang='lat' dir='ltr'><strong>eo</strong></span> 
     </span>
    </p>
   </div>
   <div class='ocr_carea' id='block_1_98' title="bbox 474 5174 2053 5247">
    <p class='ocr_par' dir='ltr' id='par_1_98' title="bbox 474 5174 2053 5247">
     <span class='ocr_line' id='line_1_98' title="bbox 474 5174 2053 5247; baseline -0.002 -15"><span class='ocrx_word' id='word_1_732' title='bbox 474 5180 613 5234; x_wconf 82' lang='lat' dir='ltr'><strong>deest</strong></span> <span class='ocrx_word' id='word_1_733' title='bbox 642 5177 694 5233; x_wconf 89' lang='lat'><strong>6.</strong></span> <span class='ocrx_word' id='word_1_734' title='bbox 770 5179 818 5209; x_wconf 77' lang='grc'>⁸³</span> <span class='ocrx_word' id='word_1_735' title='bbox 856 5177 997 5247; x_wconf 91' lang='lat' dir='ltr'><strong>quod</strong></span> <span class='ocrx_word' id='word_1_736' title='bbox 1025 5176 1246 5247; x_wconf 83' lang='lat' dir='ltr'><strong>minime</strong></span> <span class='ocrx_word' id='word_1_737' title='bbox 1262 5183 1456 5247; x_wconf 84' lang='lat' dir='ltr'><strong>essent</strong></span> <span class='ocrx_word' id='word_1_738' title='bbox 1486 5175 1524 5247; x_wconf 69' lang='lat' dir='ltr'><strong>i.</strong></span> <span class='ocrx_word' id='word_1_739' title='bbox 1557 5175 1692 5247; x_wconf 35' lang='lat' dir='ltr'><strong>ari.</strong></span> <span class='ocrx_word' id='word_1_740' title='bbox 1771 5174 2053 5247; x_wconf 46' lang='grc' dir='ltr'><strong>’ἥψω-ἰμ-</strong></span> 
     </span>
    </p>
   </div>
   <div class='ocr_carea' id='block_1_99' title="bbox 474 5243 2048 5320">
    <p class='ocr_par' dir='ltr' id='par_1_99' title="bbox 474 5243 2048 5320">
     <span class='ocr_line' id='line_1_99' title="bbox 474 5243 2048 5320; baseline -0.001 -18"><span class='ocrx_word' id='word_1_741' title='bbox 474 5249 616 5320; x_wconf 88' lang='lat' dir='ltr'><strong>giam</strong></span> <span class='ocrx_word' id='word_1_742' title='bbox 640 5249 690 5303; x_wconf 90' lang='grc'><strong>1.</strong></span> <span class='ocrx_word' id='word_1_743' title='bbox 715 5243 1047 5320; x_wconf 81' lang='lat' dir='ltr'><strong>durringiam</strong></span> <span class='ocrx_word' id='word_1_744' title='bbox 1059 5246 1111 5300; x_wconf 88' lang='lat'><strong>6.</strong></span> <span class='ocrx_word' id='word_1_745' title='bbox 1131 5245 1456 5320; x_wconf 80' lang='lat' dir='ltr'><strong>thoringiam</strong></span> <span class='ocrx_word' id='word_1_746' title='bbox 1486 5245 1539 5320; x_wconf 77' lang='lat'><strong>7.</strong></span> <span class='ocrx_word' id='word_1_747' title='bbox 1554 5315 1567 5320; x_wconf 93' lang='lat'><em>_</em></span> <span class='ocrx_word' id='word_1_748' title='bbox 1613 5245 1660 5275; x_wconf 76' lang='lat'>”</span> <span class='ocrx_word' id='word_1_749' title='bbox 1681 5243 1975 5320; x_wconf 71' lang='lat' dir='ltr'><strong>hostfalaos</strong></span> <span class='ocrx_word' id='word_1_750' title='bbox 1996 5246 2048 5320; x_wconf 69' lang='lat'><strong>5.</strong></span> 
     </span>
    </p>
   </div>
   <div class='ocr_carea' id='block_1_100' title="bbox 474 5314 2052 5386">
    <p class='ocr_par' dir='ltr' id='par_1_100' title="bbox 474 5314 2052 5386">
     <span class='ocr_line' id='line_1_100' title="bbox 474 5314 2052 5386; baseline -0.002 -12"><span class='ocrx_word' id='word_1_751' title='bbox 474 5314 750 5374; x_wconf 78' lang='lat' dir='ltr'><strong>6stualaos</strong></span> <span class='ocrx_word' id='word_1_752' title='bbox 790 5322 841 5373; x_wconf 82' lang='grc'><strong>1.</strong></span> <span class='ocrx_word' id='word_1_753' title='bbox 909 5314 972 5350; x_wconf 64' lang='grc'><strong>⁷¹⁶</strong></span> <span class='ocrx_word' id='word_1_754' title='bbox 996 5314 1363 5386; x_wconf 80' lang='lat' dir='ltr'><strong>westualosl.</strong></span> <span class='ocrx_word' id='word_1_755' title='bbox 1391 5314 1668 5386; x_wconf 83' lang='lat' dir='ltr'><strong>wetfalaos</strong></span> <span class='ocrx_word' id='word_1_756' title='bbox 1710 5315 1762 5369; x_wconf 87' lang='lat'><strong>5.</strong></span> <span class='ocrx_word' id='word_1_757' title='bbox 1842 5317 1884 5347; x_wconf 73' lang='lat'><strong>‘7</strong></span> <span class='ocrx_word' id='word_1_758' title='bbox 1909 5317 2052 5386; x_wconf 90' lang='lat' dir='ltr'><strong>quod</strong></span> 
     </span>
    </p>
   </div>
   <div class='ocr_carea' id='block_1_101' title="bbox 476 5385 2049 5459">
    <p class='ocr_par' dir='ltr' id='par_1_101' title="bbox 476 5385 2049 5459">
     <span class='ocr_line' id='line_1_101' title="bbox 476 5385 2049 5459; baseline -0.001 -17"><span class='ocrx_word' id='word_1_759' title='bbox 476 5389 551 5442; x_wconf 90' lang='lat' dir='ltr'><strong>ita</strong></span> <span class='ocrx_word' id='word_1_760' title='bbox 609 5389 660 5442; x_wconf 91' lang='grc'><strong>1.</strong></span> <span class='ocrx_word' id='word_1_761' title='bbox 709 5390 763 5443; x_wconf 92' lang='lat'><strong>2.</strong></span> <span class='ocrx_word' id='word_1_762' title='bbox 796 5389 848 5443; x_wconf 90' lang='lat'><strong>7.</strong></span> <span class='ocrx_word' id='word_1_763' title='bbox 885 5397 941 5446; x_wconf 89' lang='lat' dir='ltr'><strong>et</strong></span> <span class='ocrx_word' id='word_1_764' title='bbox 963 5389 1106 5459; x_wconf 83' lang='lat' dir='ltr'><strong>quod</strong></span> <span class='ocrx_word' id='word_1_765' title='bbox 1156 5387 1229 5459; x_wconf 84' lang='lat' dir='ltr'><strong>ita</strong></span> <span class='ocrx_word' id='word_1_766' title='bbox 1270 5385 1322 5459; x_wconf 78' lang='lat'><strong>6_.</strong></span> <span class='ocrx_word' id='word_1_767' title='bbox 1401 5385 1763 5459; x_wconf 49' lang='lat' dir='ltr'><strong>’{turingiam</strong></span> <span class='ocrx_word' id='word_1_768' title='bbox 1797 5386 1848 5438; x_wconf 94' lang='grc'><strong>1.</strong></span> <span class='ocrx_word' id='word_1_769' title='bbox 1881 5385 2049 5442; x_wconf 84' lang='lat' dir='ltr'><strong>toria-</strong></span> 
     </span>
    </p>
   </div>
   <div class='ocr_carea' id='block_1_102' title="bbox 476 5456 1483 5530">
    <p class='ocr_par' dir='ltr' id='par_1_102' title="bbox 476 5456 1483 5530">
     <span class='ocr_line' id='line_1_102' title="bbox 476 5456 1483 5530; baseline -0.003 -18"><span class='ocrx_word' id='word_1_770' title='bbox 476 5473 596 5526; x_wconf 84' lang='lat' dir='ltr'><strong>gam</strong></span> <span class='ocrx_word' id='word_1_771' title='bbox 608 5459 661 5512; x_wconf 91' lang='lat'><strong>2.</strong></span> <span class='ocrx_word' id='word_1_772' title='bbox 679 5456 997 5530; x_wconf 73' lang='lat' dir='ltr'><strong>durringani</strong></span> <span class='ocrx_word' id='word_1_773' title='bbox 1005 5458 1056 5513; x_wconf 91' lang='lat'><strong>6.</strong></span> <span class='ocrx_word' id='word_1_774' title='bbox 1083 5456 1408 5528; x_wconf 83' lang='lat' dir='ltr'><strong>thoringiam</strong></span> <span class='ocrx_word' id='word_1_775' title='bbox 1433 5456 1483 5510; x_wconf 92' lang='lat'><strong>7.</strong></span> 
     </span>
    </p>
   </div>
   <div class='ocr_carea' id='block_1_103' title="bbox 2566 4569 3393 4628">
    <p class='ocr_par' dir='ltr' id='par_1_103' title="bbox 2566 4569 3393 4628">
     <span class='ocr_line' id='line_1_103' title="bbox 2566 4569 3393 4628; baseline 0 -3"><span class='ocrx_word' id='word_1_776' title='bbox 2566 4569 2956 4626; x_wconf 82' lang='lat' dir='ltr'><strong>VARIANTES</strong></span> <span class='ocrx_word' id='word_1_777' title='bbox 2994 4571 3393 4628; x_wconf 84' lang='lat' dir='ltr'><strong>LECTIONES.</strong></span> 
     </span>
    </p>
   </div>
   <div class='ocr_carea' id='block_1_104' title="bbox 2242 4684 2660 4740">
    <p class='ocr_par' dir='ltr' id='par_1_104' title="bbox 2242 4684 2660 4740">
     <span class='ocr_line' id='line_1_104' title="bbox 2242 4684 2660 4740; baseline -0.007 1"><span class='ocrx_word' id='word_1_778' title='bbox 2242 4686 2256 4715; x_wconf 88' lang='grc'>¹</span> <span class='ocrx_word' id='word_1_779' title='bbox 2286 4693 2572 4740; x_wconf 78' lang='lat' dir='ltr'><strong>postquam</strong></span> <span class='ocrx_word' id='word_1_780' title='bbox 2610 4684 2660 4738; x_wconf 92' lang='lat'><strong>7.</strong></span> 
     </span>
    </p>
   </div>
   <div class='ocr_carea' id='block_1_105' title="bbox 2169 4693 3750 4825">
    <p class='ocr_par' dir='ltr' id='par_1_105' title="bbox 2169 4693 3750 4825">
     <span class='ocr_line' id='line_1_105' title="bbox 2242 4693 3748 4755; baseline 0 -15"><span class='ocrx_word' id='word_1_781' title='bbox 2242 4693 2256 4715; x_wconf 83' lang='grc'>¹</span> <span class='ocrx_word' id='word_1_782' title='bbox 2286 4693 2572 4755; x_wconf 88' lang='lat' dir='ltr'><strong>postquam</strong></span> <span class='ocrx_word' id='word_1_783' title='bbox 2610 4693 2660 4738; x_wconf 87' lang='lat'><strong>7.</strong></span> <span class='ocrx_word' id='word_1_784' title='bbox 2761 4693 2782 4715; x_wconf 84' lang='lat'><strong>&#39;</strong></span> <span class='ocrx_word' id='word_1_785' title='bbox 2811 4693 3148 4754; x_wconf 89' lang='lat' dir='ltr'><strong>persolverat</strong></span> <span class='ocrx_word' id='word_1_786' title='bbox 3197 4693 3247 4739; x_wconf 92' lang='lat'><strong>7.</strong></span> <span class='ocrx_word' id='word_1_787' title='bbox 3294 4693 3643 4755; x_wconf 86' lang='lat' dir='ltr'><strong>persolvisset</strong></span> <span class='ocrx_word' id='word_1_788' title='bbox 3692 4693 3748 4740; x_wconf 87' lang='lat'><strong>9.</strong></span> 
     </span>
     <span class='ocr_line' id='line_1_106' title="bbox 2169 4754 3750 4825; baseline 0 -15"><span class='ocrx_word' id='word_1_789' title='bbox 2169 4754 2190 4786; x_wconf 88' lang='grc'><strong><em>³</em></strong></span> <span class='ocrx_word' id='word_1_790' title='bbox 2224 4756 2563 4825; x_wconf 89' lang='lat' dir='ltr'><strong>disposuerat</strong></span> <span class='ocrx_word' id='word_1_791' title='bbox 2589 4756 2644 4810; x_wconf 88' lang='lat'><strong>9.</strong></span> <span class='ocrx_word' id='word_1_792' title='bbox 2721 4755 2742 4785; x_wconf 71' lang='grc'><strong><em>⁸</em></strong></span> <span class='ocrx_word' id='word_1_793' title='bbox 2770 4756 3027 4812; x_wconf 89' lang='lat' dir='ltr'><strong>teotmelli</strong></span> <span class='ocrx_word' id='word_1_794' title='bbox 3061 4755 3114 4809; x_wconf 73' lang='grc'><strong>4.</strong></span> <span class='ocrx_word' id='word_1_795' title='bbox 3146 4755 3482 4812; x_wconf 89' lang='lat' dir='ltr'><strong>theothmelli</strong></span> <span class='ocrx_word' id='word_1_796' title='bbox 3519 4754 3568 4807; x_wconf 91' lang='lat'><strong>7.</strong></span> <span class='ocrx_word' id='word_1_797' title='bbox 3599 4756 3750 4810; x_wconf 83' lang='lat' dir='ltr'><strong>theo-</strong></span> 
     </span>
    </p>
   </div>
   <div class='ocr_carea' id='block_1_106' title="bbox 2168 4825 3750 4896">
    <p class='ocr_par' dir='ltr' id='par_1_106' title="bbox 2168 4825 3750 4896">
     <span class='ocr_line' id='line_1_107' title="bbox 2168 4825 3750 4896; baseline 0.001 -18"><span class='ocrx_word' id='word_1_798' title='bbox 2168 4825 2334 4880; x_wconf 91' lang='lat' dir='ltr'><strong>Iinelli</strong></span> <span class='ocrx_word' id='word_1_799' title='bbox 2383 4826 2437 4879; x_wconf 88' lang='lat'><strong>6.</strong></span> <span class='ocrx_word' id='word_1_800' title='bbox 2482 4825 2784 4880; x_wconf 90' lang='lat' dir='ltr'><strong>thietmelle</strong></span> <span class='ocrx_word' id='word_1_801' title='bbox 2825 4827 2878 4881; x_wconf 90' lang='lat'><strong>9.</strong></span> <span class='ocrx_word' id='word_1_802' title='bbox 2956 4828 2976 4858; x_wconf 81' lang='grc'><strong><em>⁵</em></strong></span> <span class='ocrx_word' id='word_1_803' title='bbox 3002 4840 3352 4896; x_wconf 88' lang='lat' dir='ltr'><strong>praeparasse</strong></span> <span class='ocrx_word' id='word_1_804' title='bbox 3377 4826 3427 4879; x_wconf 93' lang='lat'><strong>7.</strong></span> <span class='ocrx_word' id='word_1_805' title='bbox 3497 4825 3750 4896; x_wconf 58' lang='lat' dir='ltr'><strong>fcogno-</strong></span> 
     </span>
    </p>
   </div>
   <div class='ocr_carea' id='block_1_107' title="bbox 2165 4895 3748 4964">
    <p class='ocr_par' dir='ltr' id='par_1_107' title="bbox 2165 4895 3748 4964">
     <span class='ocr_line' id='line_1_108' title="bbox 2165 4895 3748 4964; baseline 0.002 -15"><span class='ocrx_word' id='word_1_806' title='bbox 2165 4896 2330 4950; x_wconf 87' lang='lat' dir='ltr'><strong>visset</strong></span> <span class='ocrx_word' id='word_1_807' title='bbox 2363 4897 2416 4950; x_wconf 90' lang='lat'><strong>9.</strong></span> <span class='ocrx_word' id='word_1_808' title='bbox 2523 4898 2541 4928; x_wconf 83' lang='grc'><strong>⁷</strong></span> <span class='ocrx_word' id='word_1_809' title='bbox 2575 4910 2670 4951; x_wconf 91' lang='lat' dir='ltr'><strong>eos</strong></span> <span class='ocrx_word' id='word_1_810' title='bbox 2714 4911 2922 4950; x_wconf 90' lang='lat' dir='ltr'><strong>summa</strong></span> <span class='ocrx_word' id='word_1_811' title='bbox 2954 4897 3055 4952; x_wconf 94' lang='lat' dir='ltr'><strong>cel.</strong></span> <span class='ocrx_word' id='word_1_812' title='bbox 3090 4895 3146 4951; x_wconf 79' lang='lat'><strong>9.</strong></span> <span class='ocrx_word' id='word_1_813' title='bbox 3250 4897 3271 4928; x_wconf 83' lang='grc'><strong>⁸</strong></span> <span class='ocrx_word' id='word_1_814' title='bbox 3301 4895 3748 4964; x_wconf 84' lang='lat' dir='ltr'><strong>patherbrunnon</strong></span> 
     </span>
    </p>
   </div>
   <div class='ocr_carea' id='block_1_108' title="bbox 2163 4965 3742 5037">
    <p class='ocr_par' dir='ltr' id='par_1_108' title="bbox 2163 4965 3742 5037">
     <span class='ocr_line' id='line_1_109' title="bbox 2163 4965 3742 5037; baseline 0.001 -19"><span class='ocrx_word' id='word_1_815' title='bbox 2163 4966 2216 5019; x_wconf 76' lang='grc'><strong>4.</strong></span> <span class='ocrx_word' id='word_1_816' title='bbox 2263 4965 2701 5037; x_wconf 83' lang='lat' dir='ltr'><strong>padrabrunnam</strong></span> <span class='ocrx_word' id='word_1_817' title='bbox 2762 4967 2815 5021; x_wconf 91' lang='lat'><strong>9.</strong></span> <span class='ocrx_word' id='word_1_818' title='bbox 2856 4967 3266 5036; x_wconf 89' lang='lat' dir='ltr'><strong>padrabunnum</strong></span> <span class='ocrx_word' id='word_1_819' title='bbox 3317 4965 3371 5037; x_wconf 76' lang='lat'><strong>7.</strong></span> <span class='ocrx_word' id='word_1_820' title='bbox 3474 4965 3650 5037; x_wconf 79' lang='lat' dir='ltr'><strong>’_acre</strong></span> <span class='ocrx_word' id='word_1_821' title='bbox 3689 4967 3742 5037; x_wconf 85' lang='lat'><strong>9.</strong></span> 
     </span>
    </p>
   </div>
   <div class='ocr_carea' id='block_1_109' title="bbox 2163 5035 3740 5092">
    <p class='ocr_par' dir='ltr' id='par_1_109' title="bbox 2163 5035 3740 5092">
     <span class='ocr_line' id='line_1_110' title="bbox 2163 5035 3740 5092; baseline -0.001 0"><span class='ocrx_word' id='word_1_822' title='bbox 2163 5036 2206 5067; x_wconf 85' lang='grc'><strong>¹⁰</strong></span> <span class='ocrx_word' id='word_1_823' title='bbox 2242 5035 2349 5092; x_wconf 80' lang='lat' dir='ltr'><strong>duo</strong></span> <span class='ocrx_word' id='word_1_824' title='bbox 2391 5035 2442 5088; x_wconf 89' lang='lat'><strong>7.</strong></span> <span class='ocrx_word' id='word_1_825' title='bbox 2545 5037 2586 5067; x_wconf 84' lang='lat'>“</span> <span class='ocrx_word' id='word_1_826' title='bbox 2623 5037 2764 5090; x_wconf 82' lang='lat' dir='ltr'><strong>deest</strong></span> <span class='ocrx_word' id='word_1_827' title='bbox 2791 5035 2869 5090; x_wconf 77' lang='lat'><strong>5‘?</strong></span> <span class='ocrx_word' id='word_1_828' title='bbox 2904 5037 2957 5092; x_wconf 93' lang='lat'><strong>9.</strong></span> <span class='ocrx_word' id='word_1_829' title='bbox 3037 5037 3079 5067; x_wconf 81' lang='lat'>“</span> <span class='ocrx_word' id='word_1_830' title='bbox 3114 5037 3281 5091; x_wconf 87' lang='lat' dir='ltr'><strong>albim</strong></span> <span class='ocrx_word' id='word_1_831' title='bbox 3308 5035 3404 5092; x_wconf 87' lang='lat' dir='ltr'><strong>Ba.</strong></span> <span class='ocrx_word' id='word_1_832' title='bbox 3485 5035 3528 5066; x_wconf 82' lang='grc'><strong>¹³</strong></span> <span class='ocrx_word' id='word_1_833' title='bbox 3551 5035 3740 5090; x_wconf 86' lang='lat' dir='ltr'><strong>radulli</strong></span> 
     </span>
    </p>
   </div>
   <div class='ocr_carea' id='block_1_110' title="bbox 2160 5054 3742 5161">
    <p class='ocr_par' dir='ltr' id='par_1_110' title="bbox 2160 5054 3742 5161">
     <span class='ocr_line' id='line_1_111' title="bbox 2164 5054 3740 5092; baseline 0 -2"><span class='ocrx_word' id='word_1_834' title='bbox 2164 5054 2205 5067; x_wconf 76' lang='lat'><strong>&quot;</strong></span> <span class='ocrx_word' id='word_1_835' title='bbox 2281 5054 2349 5092; x_wconf 93' lang='lat' dir='ltr'><strong>uo</strong></span> <span class='ocrx_word' id='word_1_836' title='bbox 2400 5054 2442 5088; x_wconf 89' lang='lat' dir='ltr'><strong>I.</strong></span> <span class='ocrx_word' id='word_1_837' title='bbox 2545 5054 2586 5067; x_wconf 85' lang='lat'><strong><em>--</em></strong></span> <span class='ocrx_word' id='word_1_838' title='bbox 2623 5054 2764 5090; x_wconf 76' lang='lat' dir='ltr'><strong>aeesl</strong></span> <span class='ocrx_word' id='word_1_839' title='bbox 2791 5054 2864 5090; x_wconf 69' lang='grc' dir='ltr'><strong>οε</strong></span> <span class='ocrx_word' id='word_1_840' title='bbox 2904 5054 2957 5092; x_wconf 69' lang='grc' dir='ltr'><strong>υ.</strong></span> <span class='ocrx_word' id='word_1_841' title='bbox 3037 5054 3079 5067; x_wconf 87' lang='grc'>·-</span> <span class='ocrx_word' id='word_1_842' title='bbox 3114 5054 3281 5091; x_wconf 76' lang='lat' dir='ltr'><strong>alnum</strong></span> <span class='ocrx_word' id='word_1_843' title='bbox 3308 5054 3350 5088; x_wconf 73' lang='grc' dir='ltr'><strong><em>υ</em></strong></span> <span class='ocrx_word' id='word_1_844' title='bbox 3392 5076 3404 5087; x_wconf 94' lang='grc'><strong>.</strong></span> <span class='ocrx_word' id='word_1_845' title='bbox 3487 5054 3740 5090; x_wconf 69' lang='grc' dir='ltr'><strong>--τεσιιιιι</strong></span> 
     </span>
     <span class='ocr_line' id='line_1_112' title="bbox 2160 5054 3742 5161; baseline -0.001 -1"><span class='ocrx_word' id='word_1_846' title='bbox 2160 5107 2214 5160; x_wconf 88' lang='grc'><strong>5.</strong></span> <span class='ocrx_word' id='word_1_847' title='bbox 2324 5106 2528 5160; x_wconf 89' lang='lat' dir='ltr'><strong>radoldi</strong></span> <span class='ocrx_word' id='word_1_848' title='bbox 2551 5105 2606 5159; x_wconf 72' lang='grc'><strong>4.</strong></span> <span class='ocrx_word' id='word_1_849' title='bbox 2633 5104 2822 5160; x_wconf 76' lang='lat' dir='ltr'><strong>rddolﬁ</strong></span> <span class='ocrx_word' id='word_1_850' title='bbox 2850 5105 2884 5160; x_wconf 85' lang='lat'><strong>5</strong></span> <span class='ocrx_word' id='word_1_851' title='bbox 2960 5107 3003 5139; x_wconf 73' lang='lat'>“</span> <span class='ocrx_word' id='word_1_852' title='bbox 3040 5105 3334 5161; x_wconf 87' lang='lat' dir='ltr'><strong>berthrada</strong></span> <span class='ocrx_word' id='word_1_853' title='bbox 3450 5105 3502 5158; x_wconf 89' lang='lat'><strong>5.</strong></span> <span class='ocrx_word' id='word_1_854' title='bbox 3536 5106 3588 5160; x_wconf 88' lang='lat'><strong>9.</strong></span> <span class='ocrx_word' id='word_1_855' title='bbox 3619 5107 3742 5160; x_wconf 90' lang='lat' dir='ltr'><strong>ber-</strong></span> 
     </span>
    </p>
   </div>
   <div class='ocr_carea' id='block_1_111' title="bbox 2162 5175 3741 5245">
    <p class='ocr_par' dir='ltr' id='par_1_111' title="bbox 2162 5175 3741 5245">
     <span class='ocr_line' id='line_1_113' title="bbox 2162 5175 3741 5245; baseline 0 -16"><span class='ocrx_word' id='word_1_856' title='bbox 2162 5177 2315 5230; x_wconf 90' lang='lat' dir='ltr'><strong>trada</strong></span> <span class='ocrx_word' id='word_1_857' title='bbox 2356 5175 2411 5228; x_wconf 72' lang='grc'><strong>4.</strong></span> <span class='ocrx_word' id='word_1_858' title='bbox 2455 5176 2507 5232; x_wconf 94' lang='lat'><strong>7.</strong></span> <span class='ocrx_word' id='word_1_859' title='bbox 2539 5175 2862 5232; x_wconf 87' lang='lat' dir='ltr'><strong>berchtrada</strong></span> <span class='ocrx_word' id='word_1_860' title='bbox 2903 5176 2956 5230; x_wconf 89' lang='lat'><strong>6.</strong></span> <span class='ocrx_word' id='word_1_861' title='bbox 3059 5178 3103 5209; x_wconf 75' lang='grc'>⁸⁸</span> <span class='ocrx_word' id='word_1_862' title='bbox 3127 5177 3270 5231; x_wconf 84' lang='lat' dir='ltr'><strong>deest</strong></span> <span class='ocrx_word' id='word_1_863' title='bbox 3299 5175 3350 5229; x_wconf 86' lang='lat'><strong>5.</strong></span> <span class='ocrx_word' id='word_1_864' title='bbox 3443 5175 3484 5206; x_wconf 85' lang='grc'><strong>¹⁴</strong></span> <span class='ocrx_word' id='word_1_865' title='bbox 3510 5175 3741 5245; x_wconf 89' lang='lat' dir='ltr'><strong>lippeam</strong></span> 
     </span>
    </p>
   </div>
   <div class='ocr_carea' id='block_1_112' title="bbox 2157 5245 3742 5318">
    <p class='ocr_par' dir='ltr' id='par_1_112' title="bbox 2157 5245 3742 5318">
     <span class='ocr_line' id='line_1_114' title="bbox 2157 5245 3742 5318; baseline 0.001 -20"><span class='ocrx_word' id='word_1_866' title='bbox 2157 5245 2499 5318; x_wconf 12' lang='lat' dir='ltr'><strong>5.4.7lippea</strong></span> <span class='ocrx_word' id='word_1_867' title='bbox 2544 5246 2596 5300; x_wconf 88' lang='grc'><strong>5.</strong></span> <span class='ocrx_word' id='word_1_868' title='bbox 2629 5247 2686 5318; x_wconf 79' lang='grc'><strong>6.</strong></span> <span class='ocrx_word' id='word_1_869' title='bbox 2735 5245 2899 5316; x_wconf 89' lang='lat' dir='ltr'><strong>lippia</strong></span> <span class='ocrx_word' id='word_1_870' title='bbox 2939 5248 2990 5301; x_wconf 94' lang='lat'><strong>7.</strong></span> <span class='ocrx_word' id='word_1_871' title='bbox 3043 5247 3334 5318; x_wconf 86' lang='lat' dir='ltr'><strong>lippeheim</strong></span> <span class='ocrx_word' id='word_1_872' title='bbox 3364 5246 3416 5300; x_wconf 91' lang='lat'><strong>9.</strong></span> <span class='ocrx_word' id='word_1_873' title='bbox 3446 5247 3539 5318; x_wconf 15' lang='lat' dir='ltr'><strong>ﬂ&quot;</strong></span> <span class='ocrx_word' id='word_1_874' title='bbox 3567 5255 3742 5318; x_wconf 46' lang='lat' dir='ltr'><strong>transf</strong></span> 
     </span>
    </p>
   </div>
   <div class='ocr_carea' id='block_1_113' title="bbox 2159 5316 3744 5385">
    <p class='ocr_par' dir='ltr' id='par_1_113' title="bbox 2159 5316 3744 5385">
     <span class='ocr_line' id='line_1_115' title="bbox 2159 5316 3744 5385; baseline 0 -15"><span class='ocrx_word' id='word_1_875' title='bbox 2159 5316 2255 5370; x_wconf 89' lang='lat' dir='ltr'><strong>ivit</strong></span> <span class='ocrx_word' id='word_1_876' title='bbox 2296 5317 2357 5371; x_wconf 84' lang='lat'><strong>&#39;5.</strong></span> <span class='ocrx_word' id='word_1_877' title='bbox 2419 5316 2471 5370; x_wconf 87' lang='lat'><strong>6.</strong></span> <span class='ocrx_word' id='word_1_878' title='bbox 2652 5316 2694 5348; x_wconf 78' lang='lat'><strong>“</strong></span> <span class='ocrx_word' id='word_1_879' title='bbox 2723 5318 3064 5385; x_wconf 86' lang='lat' dir='ltr'><strong>aquilonares</strong></span> <span class='ocrx_word' id='word_1_880' title='bbox 3083 5316 3096 5318; x_wconf 63' lang='grc'>⁷</span> <span class='ocrx_word' id='word_1_881' title='bbox 3119 5316 3196 5371; x_wconf 88' lang='lat'><strong>5?</strong></span> <span class='ocrx_word' id='word_1_882' title='bbox 3224 5317 3276 5372; x_wconf 94' lang='lat'><strong>9.</strong></span> <span class='ocrx_word' id='word_1_883' title='bbox 3441 5316 3484 5347; x_wconf 81' lang='lat'><strong>&quot;</strong></span> <span class='ocrx_word' id='word_1_884' title='bbox 3529 5323 3638 5369; x_wconf 87' lang='lat' dir='ltr'><strong>tam</strong></span> <span class='ocrx_word' id='word_1_885' title='bbox 3667 5316 3744 5370; x_wconf 81' lang='lat'><strong>5?</strong></span> 
     </span>
    </p>
   </div>
   <div class='ocr_carea' id='block_1_114' title="bbox 2157 5386 3740 5456">
    <p class='ocr_par' dir='ltr' id='par_1_114' title="bbox 2157 5386 3740 5456">
     <span class='ocr_line' id='line_1_116' title="bbox 2157 5386 3740 5456; baseline -0.001 -15"><span class='ocrx_word' id='word_1_886' title='bbox 2157 5386 2210 5441; x_wconf 93' lang='lat'><strong>9.</strong></span> <span class='ocrx_word' id='word_1_887' title='bbox 2287 5386 2589 5442; x_wconf 79' lang='lat' dir='ltr'><strong>&quot;karolum</strong></span> <span class='ocrx_word' id='word_1_888' title='bbox 2615 5387 2664 5440; x_wconf 89' lang='grc'><strong>1.</strong></span> <span class='ocrx_word' id='word_1_889' title='bbox 2741 5387 2784 5418; x_wconf 79' lang='grc'><strong>²¹</strong></span> <span class='ocrx_word' id='word_1_890' title='bbox 2813 5389 3108 5443; x_wconf 87' lang='lat' dir='ltr'><strong>subsistere</strong></span> <span class='ocrx_word' id='word_1_891' title='bbox 3125 5389 3179 5442; x_wconf 83' lang='lat'><strong>9.</strong></span> <span class='ocrx_word' id='word_1_892' title='bbox 3256 5388 3301 5418; x_wconf 83' lang='lat'><strong>&quot;</strong></span> <span class='ocrx_word' id='word_1_893' title='bbox 3324 5386 3628 5456; x_wconf 81' lang='lat' dir='ltr'><strong>thorginatn</strong></span> <span class='ocrx_word' id='word_1_894' title='bbox 3643 5387 3740 5440; x_wconf 73' lang='lat' dir='ltr'><strong>hac</strong></span> 
     </span>
    </p>
   </div>
   <div class='ocr_carea' id='block_1_115' title="bbox 2159 5457 3490 5529">
    <p class='ocr_par' dir='ltr' id='par_1_115' title="bbox 2159 5457 3490 5529">
     <span class='ocr_line' id='line_1_117' title="bbox 2159 5457 3490 5529; baseline -0.001 -19"><span class='ocrx_word' id='word_1_895' title='bbox 2159 5458 2265 5512; x_wconf 83' lang='lat' dir='ltr'><strong>vice</strong></span> <span class='ocrx_word' id='word_1_896' title='bbox 2291 5458 2344 5512; x_wconf 87' lang='lat'><strong>2.</strong></span> <span class='ocrx_word' id='word_1_897' title='bbox 2421 5459 2468 5488; x_wconf 79' lang='lat'><strong>&quot;</strong></span> <span class='ocrx_word' id='word_1_898' title='bbox 2495 5473 2660 5529; x_wconf 83' lang='lat' dir='ltr'><strong>agens</strong></span> <span class='ocrx_word' id='word_1_899' title='bbox 2687 5458 2740 5510; x_wconf 93' lang='lat'><strong>7.</strong></span> <span class='ocrx_word' id='word_1_900' title='bbox 2770 5459 3017 5527; x_wconf 88' lang='lat' dir='ltr'><strong>perciens</strong></span> <span class='ocrx_word' id='word_1_901' title='bbox 3039 5457 3348 5529; x_wconf 88' lang='lat' dir='ltr'><strong>(perﬁciens</strong></span> <span class='ocrx_word' id='word_1_902' title='bbox 3368 5457 3414 5526; x_wconf 86' lang='lat'><strong>?)</strong></span> <span class='ocrx_word' id='word_1_903' title='bbox 3433 5457 3490 5510; x_wconf 84' lang='lat'><strong>2.</strong></span> 
     </span>
    </p>
   </div>
   <div class='ocr_carea' id='block_1_116' title="bbox 2761 4684 3748 4755">
    <p class='ocr_par' dir='ltr' id='par_1_116' title="bbox 2761 4684 3748 4755">
     <span class='ocr_line' id='line_1_118' title="bbox 2761 4684 3748 4755; baseline 0.001 -16"><span class='ocrx_word' id='word_1_904' title='bbox 2761 4687 2782 4715; x_wconf 84' lang='lat'><strong>’</strong></span> <span class='ocrx_word' id='word_1_905' title='bbox 2811 4686 3148 4754; x_wconf 88' lang='lat' dir='ltr'><strong>persolverat</strong></span> <span class='ocrx_word' id='word_1_906' title='bbox 3197 4687 3247 4739; x_wconf 93' lang='lat'><strong>7.</strong></span> <span class='ocrx_word' id='word_1_907' title='bbox 3294 4684 3643 4755; x_wconf 85' lang='lat' dir='ltr'><strong>persolvisset</strong></span> <span class='ocrx_word' id='word_1_908' title='bbox 3692 4687 3748 4740; x_wconf 91' lang='lat'><strong>9.</strong></span> 
     </span>
    </p>
   </div>
   <div class='ocr_carea' id='block_1_117' title="bbox 1949 5544 2179 5602">
    <p class='ocr_par' dir='ltr' id='par_1_117' title="bbox 1949 5544 2179 5602">
     <span class='ocr_line' id='line_1_119' title="bbox 1949 5544 2179 5602; baseline 0.009 -2"><span class='ocrx_word' id='word_1_909' title='bbox 1949 5544 2179 5602; x_wconf 68' lang='lat' dir='ltr'><strong>NOTAE,</strong></span> 
     </span>
    </p>
   </div>
   <div class='ocr_carea' id='block_1_118' title="bbox 547 5619 1355 5689">
    <p class='ocr_par' dir='ltr' id='par_1_118' title="bbox 547 5619 1355 5689">
     <span class='ocr_line' id='line_1_120' title="bbox 547 5619 1355 5689; baseline 0.002 -17"><span class='ocrx_word' id='word_1_910' title='bbox 547 5620 575 5658; x_wconf 70' lang='grc' dir='ltr'>δ</span> <span class='ocrx_word' id='word_1_911' title='bbox 602 5619 658 5689; x_wconf 81' lang='lat' dir='ltr'><strong>In</strong></span> <span class='ocrx_word' id='word_1_912' title='bbox 687 5619 839 5689; x_wconf 86' lang='lat' dir='ltr'><strong>cujus</strong></span> <span class='ocrx_word' id='word_1_913' title='bbox 870 5621 986 5689; x_wconf 88' lang='lat' dir='ltr'><strong>ripa</strong></span> <span class='ocrx_word' id='word_1_914' title='bbox 1020 5620 1355 5677; x_wconf 77' lang='lat' dir='ltr'><strong>Osnabrﬁck.</strong></span> 
     </span>
    </p>
   </div>
   <div class='ocr_carea' id='block_1_119' title="bbox 549 5685 3404 5771">
    <p class='ocr_par' dir='ltr' id='par_1_119' title="bbox 549 5685 3404 5771">
     <span class='ocr_line' id='line_1_121' title="bbox 549 5685 3404 5771; baseline -0.002 -27"><span class='ocrx_word' id='word_1_915' title='bbox 549 5702 570 5729; x_wconf 73' lang='grc' dir='ltr'><strong>ε</strong></span> <span class='ocrx_word' id='word_1_916' title='bbox 601 5685 868 5763; x_wconf 83' lang='lat' dir='ltr'><strong>Oppidum</strong></span> <span class='ocrx_word' id='word_1_917' title='bbox 916 5685 1283 5771; x_wconf 57' lang='lat' dir='ltr'><strong>Peters/augeri,</strong></span> <span class='ocrx_word' id='word_1_918' title='bbox 1333 5690 1462 5744; x_wconf 91' lang='lat' dir='ltr'><strong>olim</strong></span> <span class='ocrx_word' id='word_1_919' title='bbox 1519 5685 1818 5754; x_wconf 74' lang='lat' dir='ltr'><strong>Hockeleve,</strong></span> <span class='ocrx_word' id='word_1_920' title='bbox 1851 5704 2046 5746; x_wconf 91' lang='lat' dir='ltr'><strong>nomen</strong></span> <span class='ocrx_word' id='word_1_921' title='bbox 2085 5691 2405 5748; x_wconf 87' lang='lat' dir='ltr'><strong>hodiernum</strong></span> <span class='ocrx_word' id='word_1_922' title='bbox 2437 5705 2541 5745; x_wconf 90' lang='lat' dir='ltr'><strong>una</strong></span> <span class='ocrx_word' id='word_1_923' title='bbox 2569 5703 2690 5744; x_wconf 91' lang='lat' dir='ltr'><strong>cum</strong></span> <span class='ocrx_word' id='word_1_924' title='bbox 2717 5689 2839 5760; x_wconf 87' lang='lat' dir='ltr'><strong>jure</strong></span> <span class='ocrx_word' id='word_1_925' title='bbox 2865 5688 3105 5744; x_wconf 87' lang='lat' dir='ltr'><strong>civitatis</strong></span> <span class='ocrx_word' id='word_1_926' title='bbox 3133 5685 3404 5744; x_wconf 84' lang='lat' dir='ltr'><strong>sortitum.</strong></span> 
     </span>
    </p>
   </div>
  </div>
