3986 6174
262 318 358 373 121

769 432 1006 472 Ακκλιεε
1045 431 1355 471 εσικιιλιιυι.

260 533 711 608 depopulatisque
747 528 1092 584 orientalium
1122 525 1398 582 Saxonum
1439 541 1583 596 agris
1625 538 1689 577 ac
1715 521 1854 576 villis

263 628 526 691 incensis,
566 625 632 681 de
663 622 956 692 Scahningi
985 623 1000 652 ¹
1033 634 1141 662 α-
1179 622 1282 675 hoc
1306 620 1423 673 loco
1456 631 1650 672 nomen
1686 624 1804 671 erat
1833 617 1852 646 ¹

263 752 329 763 -
359 721 413 774 in
445 717 736 773 Franciam
768 728 1050 785 regressus
1089 712 1110 743 ³
1149 720 1249 766 est.
1298 711 1494 764 Karlus
1535 725 1666 762 vero
1715 708 1856 763 ﬁlius

262 813 398 876 eius,
445 824 570 863 cum
600 807 650 860 ei
681 807 784 859 iter
809 803 987 875 agenti
1031 803 1085 856 in
1125 816 1262 872 pago
1312 799 1530 869 Draigni
1567 801 1586 830 δ
1627 798 1654 836 δ
1705 799 1855 852 iuxta

262 901 511 972 Lippiam
550 897 770 952 ﬂuvium
813 895 1090 950 Saxonum
1137 892 1158 923 ⁵
1199 891 1528 946 occurrisset
1559 891 1852 953 exercitus,

263 992 557 1048 commisso
579 1005 702 1044 cum
727 988 807 1043 eis
826 983 1064 1057 equestri
1094 983 1320 1054 proelio,
1351 981 1489 1036 felici
1515 997 1575 1035 ac
1598 995 1856 1050 prospero

262 1093 460 1140 eventu
490 1079 775 1135 dimicavit
799 1078 858 1143 ⁶;
908 1093 1032 1132 nam
1081 1090 1276 1145 magno
1302 1091 1491 1129 eorum
1528 1089 1753 1129 numero
1776 1075 1858 1128 in-

262 1174 519 1235 terfecto,
548 1169 782 1226 caeteris
809 1169 828 1200 ⁷
847 1169 913 1222 ιίη
959 1167 1172 1222 diversa
1201 1163 1420 1234 fugatis,
1466 1165 1642 1219 victor
1667 1165 1733 1218 ad
1760 1180 1855 1233 pa-

265 1274 402 1319 trem
441 1261 812 1317 Wormaciam
858 1272 1111 1313 reversus
1158 1265 1262 1311 est.
1317 1255 1429 1310 Rex
1479 1265 1682 1319 autem,
1731 1272 1858 1311 con-

261 1366 488 1429 gregato
516 1357 710 1409 iterum
741 1353 1002 1417 exercitu,
1046 1351 1100 1406 in
1127 1351 1419 1406 Saxoniam
1447 1351 1723 1423 profectus
1751 1361 1853 1413 est,

264 1447 654 1514 cclebratoque
681 1443 737 1496 in
772 1442 967 1498 castris
1002 1441 1259 1496 natalicio
1310 1442 1523 1496 Domini
1568 1444 1656 1497 die
1697 1459 1859 1512 super

266 1537 531 1591 Ambram
572 1546 594 1574 ε
641 1532 861 1588 ﬂuvium
909 1533 962 1586 in
1032 1548 1172 1604 pago
1221 1532 1519 1602 Huettagoe
1555 1533 1575 1566 ⁸
1621 1533 1669 1586 ἀ.
1710 1535 1858 1588 iuxta

267 1635 510 1680 castrum
553 1623 829 1678 Saxonum
869 1624 1012 1693 quod
1051 1623 1251 1678 dicitur
1290 1623 1620 1696 Skidroburg
1647 1623 1668 1654 ⁹
1705 1636 1756 1688 ε,
1792 1625 1858 1678 ad

269 1719 444 1772 locum
468 1715 734 1770 vocabulo
765 1717 807 1746 ¹⁰
842 1715 984 1770 Rimi
1018 1717 1080 1780 “,
1109 1716 1163 1770 in
1192 1731 1300 1785 quo
1325 1716 1368 1746 ¹²
1402 1714 1619 1770 Wisura
1649 1725 1704 1771 et
1731 1715 1859 1770 Wa-

1334 303 1478 360 CUM
1518 295 2114 357 LAURISSENSIBUS
2155 295 2466 351 COLLATl.

3439 301 3544 356 4:1";

2394 422 2627 462 ANNAIES
2662 421 3061 464 l..\CRlSSENSES.

1956 516 2196 587 gnfurd‘
2247 517 2264 555 τ
2304 527 2359 571 et
2399 517 2520 572 inde
2581 519 2646 572 ad
2709 517 3023 589 Scahiningi
3059 520 3080 550 ¹
3111 561 3126 585 ,
3170 520 3353 591 ibique
3411 538 3544 579 con-

1955 609 2265 662 ventionem
2318 607 2512 662 factam
2552 608 2603 672 ⁸,
2667 624 2918 665 reversus
2961 620 3044 665 est
3093 611 3146 666 in
3197 612 3488 670 Franciam
3527 619 3546 648 ⁸

1956 701 2297 771 supradictus
2334 702 2601 772 gloriosus
2625 718 2742 757 rex.
2775 703 3056 758 Westfalai
3083 721 3212 761 vero
3259 708 3548 764 voluerunt

1957 807 2016 846 se
2048 807 2378 862 congregare
2407 793 2473 847 ad
2510 792 2772 862 Lippiam.
2814 794 2834 824 ⁵
2870 794 2985 860 Quo
3017 795 3201 851 auditu
3234 814 3263 851 a
3300 798 3320 828 °
3357 814 3548 874 supra-

1957 883 2102 936 dicto
2133 882 2243 936 ﬁlio
2274 882 2458 937 domni
2487 881 2663 937 Caroli
2707 885 2868 955 regis,
2895 885 3108 948 obviam
3145 888 3225 941 eis
3263 891 3493 944 accessit
3524 893 3542 920 ⁷

1957 988 2065 1026 una
2115 989 2238 1026 cum
2275 989 2431 1027 scara
2477 990 2614 1043 quae
2665 991 2786 1029 cum
2815 991 2880 1030 eo
2916 977 3138 1031 dimissa
3178 977 3296 1044 fuit,
3330 981 3381 1034 in
3408 997 3548 1052 pago

1957 1063 2049 1130 qui
2092 1061 2290 1117 dicitur
2337 1064 2554 1133 Dragini
2591 1065 2612 1094 ⁸
2640 1106 2653 1129 ,
2703 1073 2757 1118 et
2804 1066 3042 1119 inierunt
3089 1067 3309 1123 bellum.
3374 1071 3546 1126 Auxi-

1958 1152 2123 1208 liante
2151 1155 2397 1220 Domino,
2428 1157 2656 1210 domnus
2684 1156 2938 1220 Carolus,
2971 1157 3109 1212 ﬁlius
3139 1159 3159 1188 °
3195 1162 3375 1232 magni
3405 1164 3547 1231 regis

1957 1245 2155 1310 Caroli,
2188 1247 2366 1302 victor
2401 1248 2578 1302 extitit
2606 1263 2714 1301 una
2741 1264 2863 1303 cum
2878 1248 3121 1315 Francis,
3155 1251 3340 1306 multis
3369 1252 3543 1308 Saxo—

1959 1341 2119 1394 nibus
2147 1339 2464 1396 interfectis.
2500 1339 2724 1395 Volente
2752 1341 2884 1405 Deo,
2915 1340 3149 1396 inlaesus
3180 1344 3443 1398 remeavit
3476 1345 3544 1398 ad

1960 1431 2256 1502 genitorem
2288 1446 2444 1486 suum
2483 1431 2535 1484 in
2563 1430 2926 1484 Wormaciam
2953 1431 3228 1484 civitatem
3257 1451 3267 1484 :
3298 1433 3475 1503 ibique
3504 1435 3548 1464 ¹⁶

1960 1523 2094 1577 inito
2123 1523 2349 1578 consilio
2393 1539 2514 1578 cum
2541 1522 2783 1584 Francis,
2817 1531 2875 1576 ut
2906 1523 3099 1576 iterum
3129 1523 3305 1579 hieme
3337 1527 3379 1557 ¹¹
3413 1535 3549 1582 tem-

1960 1627 2091 1682 pore
2115 1613 2218 1667 iter
2240 1612 2458 1668 fecisset
2488 1614 2531 1643 ¹²
2559 1613 2902 1682 supradictus
2923 1611 3152 1668 domnus
3175 1629 3266 1668 rex
3300 1615 3351 1669 in
3385 1615 3552 1673 Saxo-

1963 1701 2140 1766 niam;
2174 1703 2318 1770 quod
2342 1703 2415 1755 ita
2443 1710 2496 1756 et
2530 1700 2728 1755 factum
2756 1709 2858 1755 est.
2898 1700 2964 1754 Et
2989 1701 3283 1756 celebravit
3316 1705 3547 1762 natalem

270 1808 440 1861 harna
469 1806 515 1837 ¹³
579 1805 878 1873 conﬂuunt,
937 1807 1349 1877 populabundus
1396 1807 1643 1861 accessit.
1692 1806 1854 1862 Cum-

1963 1791 2173 1847 Domini
2227 1794 2378 1848 iuxta
2430 1793 2784 1863 Skidrioburg
2815 1793 2857 1823 ¹⁸
2890 1793 2944 1846 in
3001 1807 3140 1863 pago
3189 1793 3549 1868 Waizzagawi

270 1913 376 1968 que
415 1897 460 1928 ”
495 1913 620 1952 eum
651 1897 877 1952 ulterius
907 1897 1156 1968 progredi
1188 1904 1297 1950 tam
1327 1896 1577 1952 hiemalis
1605 1898 1864 1966 temporis

272 1989 539 2058 asperitas
607 2004 770 2058 quam
838 2004 1105 2058 aquarum
1181 1988 1461 2042 inundatio
1525 1989 1860 2060 prohiberet,

274 2080 686 2150 Aeresburgum
714 2089 953 2134 castrum
982 2081 1025 2110 ιδ
1051 2081 1104 2133 in
1143 2080 1365 2134 hiberna
1392 2081 1678 2135 concessit.

863 2189 1261 2247 DCCLxxxv.
1797 2251 1811 2263 ,

347 2282 478 2334 Cum
508 2282 580 2335 ibi
614 2282 852 2337 hiemare
879 2282 1240 2348 decrevisset,
1286 2282 1474 2336 accitis
1502 2291 1664 2352 atque
1690 2285 1861 2339 addu-

275 2372 377 2424 ctis
404 2373 472 2426 ad
498 2387 556 2427 se
583 2387 752 2427 uxore
772 2388 835 2428 ac
868 2373 909 2403 ¹⁶
935 2373 1140 2437 liberis,
1166 2373 1458 2442 relictoque
1490 2375 1530 2405 ¹⁷
1548 2391 1671 2429 cum
1698 2376 1779 2430 eis
1811 2377 1862 2430 in

274 2462 466 2516 eodem
513 2472 692 2517 castro
723 2463 764 2494 ⁸⁸
795 2463 928 2518 satis
956 2463 1062 2518 ﬁdo
1106 2478 1169 2518 ac
1214 2464 1370 2519 ﬁrmo
1404 2465 1706 2534 praesidio,
1751 2467 1864 2536 ipse

277 2566 403 2604 cum
449 2553 701 2622 expedita
735 2569 894 2607 manu
924 2554 992 2608 ad
1039 2551 1310 2608 Saxonum
1363 2569 1528 2624 pagos
1574 2548 1864 2610 vastandos

280 2658 348 2696 ac
375 2641 534 2697 villas
561 2641 896 2713 diripiendas
941 2659 1209 2714 egressus,
1260 2645 1554 2713 inquietam
1591 2645 1722 2698 satis
1752 2645 1864 2700 hie-

281 2749 444 2797 mem,
488 2736 690 2804 ubique
725 2736 1076 2790 discurrendo
1105 2744 1160 2790 et
1185 2745 1378 2791 cuncta
1419 2737 1674 2790 caedibus
1703 2746 1865 2806 atque

281 2826 552 2881 incendiis
579 2826 972 2896 permiscendo,
1008 2835 1113 2881 tam
1144 2843 1241 2897 per
1275 2829 1532 2898 seipsum,
1581 2844 1742 2897 quam
1770 2844 1867 2899 per

283 2915 449 2969 duces
484 2931 622 2986 quos
660 2917 924 2980 miserat,
977 2914 1280 2970 Saxonibus
1324 2917 1572 2971 reddidit.
1623 2917 1866 2987 Cumque

285 3006 594 3061 huiusmodi
629 3006 1021 3062 vastationibus
1065 3021 1162 3076 per
1199 3014 1367 3060 totum
1404 3006 1613 3061 hiberni
1659 3014 1867 3077 tempo-

285 3097 364 3151 ris
395 3096 630 3166 spatium
659 3097 699 3127 ¹⁹
735 3111 923 3151 omnes
944 3096 1058 3151 fere
1085 3095 1357 3150 Saxonum
1390 3098 1635 3167 regiones
1662 3098 1864 3166 ingenti

1967 1881 2012 1912 “
2060 1897 2222 1952 super
2246 1883 2461 1937 ﬂuvium
2510 1883 2711 1937 Ambra
2742 1883 2787 1914 ’⁵
2835 1883 2888 1936 in
2915 1883 3035 1938 villa
3059 1883 3270 1939 Liudihi
3306 1886 3346 1918 "
3380 1889 3424 1940 ε.
3485 1888 3552 1941 Et

1966 1974 2248 2029 inmutavit
2283 1991 2342 2030 se
2369 1990 2624 2029 numerus
2658 1990 2922 2030 annorum
2952 1975 3006 2030 in

2569 2191 2957 2247 DCCLXXXV’.

2039 2282 2188 2338 Tunc
2207 2283 2436 2338 domnus
2461 2282 2688 2338 Carolus
2709 2298 2802 2336 rex
2822 2283 2860 2313 ¹⁷
2884 2283 3251 2352 supradictum
3276 2286 3377 2340 iter
3401 2301 3554 2357 pera-

1965 2389 2120 2444 gens,
2152 2387 2327 2441 usque
2351 2372 2419 2425 ad
2452 2372 2626 2426 Rimi'e
2655 2373 2696 2404 ³⁸
2726 2374 2972 2442 pervenit
3001 2388 3162 2441 super
3191 2374 3410 2429 ﬂuvium
3442 2374 3556 2428 Wi-

1965 2477 2088 2516 sora
2120 2463 2191 2525 ¹⁹,
2233 2463 2324 2518 ubi
2360 2462 2581 2517 conﬂuit
2625 2462 2922 2516 Waharma
2955 2463 2998 2492 ¹⁰
3031 2463 3079 2514 ιι.
3119 2463 3187 2516 Ει
3223 2473 3444 2534 propter
3473 2467 3556 2519 ni-

1967 2554 2104 2607 mias
2131 2553 2174 2583 ¹¹
2208 2554 2587 2608 inundationes
2623 2554 2666 2582 ²⁹
2697 2567 2959 2623 aquarum
3007 2554 3132 2608 inde
3176 2570 3426 2610 reversus
3473 2568 3556 2611 est

1964 2639 2363 2711 Aeresburgum
2410 2641 2454 2671 "
2485 2660 2497 2694 :
2530 2656 2752 2695 uxorem
2794 2656 2947 2695 suam
2979 2642 3235 2696 domnam
3266 2643 3555 2700 Fastrada-

1967 2747 2089 2788 nem
2121 2732 2168 2764 “
2195 2733 2434 2801 reginam
2463 2749 2570 2787 una
2597 2749 2718 2788 eum
2756 2732 2883 2788 ﬁliis
2927 2743 2981 2788 et
3006 2733 3219 2789 ﬁliabus
3254 2735 3367 2791 suis
3396 2736 3464 2790 ad
3498 2751 3556 2790 se

1967 2822 2153 2878 venire
2181 2823 2356 2878 iussit.
2392 2823 2465 2878 lbi
2499 2831 2610 2879 tota
2636 2824 2814 2879 hieme
2845 2825 3100 2880 resedens
3131 2825 3197 2890 ",
3237 2833 3293 2879 et
3339 2826 3412 2881 ibi
3461 2841 3556 2896 pa-

1946 2914 2248 2992 schaiam
2286 2913 2427 2968 fatus
2475 2914 2968 2970 excellentissimus
3009 2931 3102 2969 rex
3135 2916 3448 2971 celebravit.
3490 2917 3558 2972 Et

1968 3004 2096 3058 dum
2149 3003 2223 3058 ibi
2274 3004 2553 3070 resideret,
2584 3004 2897 3060 multotiens
2928 3021 3083 3060 scara
3113 3006 3158 3036 ’⁸
3187 3007 3354 3073 misit,
3381 3017 3434 3062 et
3461 3022 3557 3079 per

1969 3095 2319 3165 semetipsum
2349 3095 2453 3150 iter
2485 3096 2694 3166 peregit
2720 3097 2763 3127 "
2796 3111 2810 3150 :
2843 3096 3104 3161 Saxones,
3137 3100 3227 3168 qui
3258 3100 3485 3156 rebelles
3509 3102 3556 3132 “

283 3162 441 3244 clade
484 3189 794 3250 adfecisset,
834 3197 1106 3244 transacta
1159 3189 1372 3243 tandem
1418 3162 1596 3246 hieme
1623 3198 1678 3245 et
1706 3162 1866 3246 adve-
1893 3162 1936 3224 (ἶ
1969 3162 2188 3242 fuerunt
2217 3187 2286 3252 ⁸³,
2317 3162 2682 3258 depraedavit,
2710 3196 2764 3242 et
2791 3197 2966 3243 castra
3008 3162 3207 3260 coepit,
3236 3201 3290 3246 et
3316 3191 3434 3248 loca
3461 3206 3555 3246 eo-

287 3283 389 3336 ctis
415 3283 460 3312 ¹⁰
489 3297 556 3336 ex
583 3281 811 3336 Francia
839 3271 1248 3345 commeatibus,
1279 3282 1547 3352 publicum
1576 3283 1758 3354 populi
1783 3286 1865 3339 sui

286 3381 614 3428 conventum
675 3373 729 3428 in
789 3375 908 3430 loco
952 3375 1044 3444 qui
1093 3374 1478 3430 Padrabrunno
1526 3377 1569 3406 ¹¹
1620 3385 1864 3443 vocatur,

287 3479 439 3519 more
477 3463 707 3519 solemni
746 3465 953 3519 habuit.
1005 3464 1084 3519 Ac
1120 3465 1354 3533 peractis
1389 3465 1473 3519 his
1515 3466 1580 3531 “,
1624 3482 1760 3536 quae
1802 3469 1869 3522 ad

287 3555 430 3609 illius
454 3563 755 3610 conventus
783 3555 1045 3610 rationem
1078 3555 1437 3625 pertinebant,
1471 3556 1525 3610 in
1557 3572 1753 3628 pagum
1782 3573 1871 3612 vo-

285 3646 481 3700 cabulo
510 3645 559 3678 ¹⁸
589 3646 907 3718 Bardengoo
932 3647 978 3678 ”
1013 3646 1394 3717 proﬁciscitur,
1440 3648 1620 3719 ibique
1647 3649 1872 3706 audiens

739 3886 1126 3942 VARIANTES
1163 3887 1565 3944 LECTIONES.

369 4001 386 4033 ⁸
406 4000 650 4083 scaningi
680 4001 1006 4083 2._scanign_i
1036 4001 1088 4056 5.
1113 4002 1401 4083 schaningi
1426 4002 1478 4056 5.
1511 4001 1874 4083 6.s‘eban‘mc_o

289 4072 364 4143 et.
383 4072 709 4143 schahningi
724 4074 774 4143 7_.
804 4073 1097 4143 schaninge
1111 4073 1162 4128 9.
1210 4142 1214 4143 ί
1240 4074 1260 4103 ¹
1287 4073 1340 4126 h.
1360 4072 1467 4126 l.n.
1491 4086 1540 4125 e.
1569 4073 1709 4143 deest
1734 4073 1788 4128 9.
1821 4075 1875 4127 in

293 4139 329 4212 _5
356 4142 566 4194 nonnisi
597 4139 716 4212 loco
743 4141 970 4212 legitur;
1003 4139 1105 4198 hoc
1132 4142 1278 4197 enim
1305 4153 1425 4197 erat
1460 4156 1656 4199 nomen
1687 4142 1790 4197 loci
1820 4144 1872 4196 7.

292 4209 314 4280 ἒ
343 4225 596 4280 reversus
621 4211 672 4265 4.
705 4213 757 4266 6.
795 4209 808 4212 ⁷
888 4211 907 4242 ⁸
933 4213 1128 4280 daigno
1157 4214 1209 4266 7.
1317 4213 1338 4243 ⁵
1371 4213 1510 4268 deest
1543 4213 1594 4268 9.
1691 4213 1712 4243 '
1742 4213 1793 4268 d.
1822 4229 1872 4268 e.

488 4281 542 4335 9.
615 4281 864 4364 :exteris
893 4281 958 4364 9..
1073 4290 1338 4364 vvettagoe
1365 4283 1430 4364 ‘6.
1465 4283 1736 4364 ltu_tha_goe
1776 4300 1872 4364 ηιξ.

293 4350 591 4424 huettagoe
615 4351 666 4404 7.
757 4353 792 4424 _°
821 4353 967 4424 quod
991 4350 1501 4424 diciturrkidroburg
1524 4350 1662 4424 5.,q‘.
1691 4353 1743 4406 d.
1772 4354 1879 4407 ski-

293 4419 532 4495 droburc
565 4420 706 4495 t._q.
739 4422 792 4495 d.
825 4419 1143 4495 skridoburg
1349 4419 1491 4495 quod
1516 4419 1876 4495 dekidroburg

292 4487 346 4562 9.
429 4488 470 4518 "
494 4487 713 4562 nomine
751 4492 803 4546 9.
883 4493 920 4523 ”
951 4509 1069 4546 rum
1099 4487 1149 4546 7.
1229 4492 1272 4522 ”
1312 4487 1417 4562 qua
1446 4493 1498 4546 5.
1531 4494 1582 4547 9.
1666 4495 1707 4524 ¹³
1738 4487 1877 4546 war:

295 4557 496 4637 har-na“
521 4559 573 4612 2.
628 4562 921 4637 yaharnna
968 4557 1405 4637 5.‘vaga_rna'_9.
1488 4562 1531 4637 ff
1578 4579 1786 4637 conque
1820 4563 1872 4616 2.

297 4629 343 4702 ‘_'
371 4627 516 4702 inii}.
547 4644 598 4683 c.
628 4629 680 4683 7.
724 4631 785 4702 _E.
816 4647 994 4687 arcem
1030 4631 1082 4686 9.
1143 4627 1222 4664 ’⁸⁸
1253 4641 1309 4686 et
1334 4634 1386 4688 9.
1483 4634 1526 4664 "’
1553 4627 1879 4702 reduétoque

293 4697 348 4751 9.
434 4698 474 4728 "'
511 4706 688 4753 castra
715 4700 768 4754 2.
801 4702 940 4755 intra
969 4702 1154 4756 eadem
1178 4713 1354 4758 castra
1386 4704 1436 4756 7.
1471 4703 1525 4756 in
1545 4705 1731 4758 eadem
1754 4697 1878 4758 arce

296 4767 349 4842 9.
400 4766 476 4842 _”
502 4783 547 4822 s.
580 4778 638 4842 t._
648 4770 699 4824 7.
779 4771 820 4842 το
848 4772 1168 4842 adductis7.
1248 4775 1286 4803 ²¹
1319 4773 1742 4842 patherbrunno,
1783 4788 1878 4841 pa—

298 4836 584 4892 drabunno
607 4838 658 4891 7.
692 4840 1066 4898 nadrabrunna
1090 4841 1142 4896 9.
1219 4842 1263 4872 ²²
1289 4836 1356 4898 iis
1380 4842 1432 4895 9.
1509 4843 1555 4873 “
1581 4836 1800 4898 nomine
1819 4843 1872 4898 9.

297 4906 345 4936 ’⁸
369 4906 647 4981 bardengo
673 4906 728 4963 2.
756 4909 1123 4981 bardengoum
1160 4911 1210 4964 7.
1245 4913 1557 4983 bardengau
1583 4913 1637 4968 9.

2382 3472 2774 3529 VARIANTES
2813 3473 3214 3532 LECTIO'NES.

2045 3581 2060 3611 ¹
2089 3581 2408 3654 ειςιίηζᾳτη.
2442 3581 2719 3654 εῑᾳεηῆζυό
2747 3583 2782 3636 2
2831 3584 3100 3654 stangfurt
3120 3585 3172 3637 5.
3205 3583 3475 3654 stagnfurt
3500 3584 3554 3637 6.

1971 3651 2988 3736 stangfurdz.stagnftirdSLStangford
3215 3651 3476 3736 sclialingi
3505 3655 3556 3706 1.

1972 3722 2234 3790 scainingi
2259 3722 2313 3775 5.
2352 3723 2402 3774 6.
2434 3722 2636 3791 Seaingi
2667 3724 2717 3776 7.
2752 3722 2936 3778 sea'nin
2977 3724 3071 3778 i9.
3151 3723 3172 3754 ³
3201 3722 3561 3778 conventione

1972 3789 2116 3845 facta
2150 3791 2195 3843 1.
2219 3792 2272 3844 5.
2299 3791 2351 3844 6.
2369 3793 2543 3846 7.etc.
2620 3793 2641 3822 ‘
2676 3741 3063 3846 frantiamgﬁ.
3134 3793 3558 3846 'adnhilinniam

1972 3789 2116 3845 facta
2150 3789 2272 3844 1.5.
2299 3791 2351 3844 6.
2369 3793 2543 3846 7.etc.
2596 3789 2641 3822 ἠδ
2676 3789 3063 3846 frantian15.6.
3134 3793 3558 3862 'adphilippiam

1973 3860 2027 3932 6.
2106 3861 2126 3890 ⁸
2149 3862 2342 3932 auditu
2369 3877 2435 3932 eo
2475 3865 2670 3932 (ortum
2693 3877 2757 3914 ex
2780 3863 2952 3930 forma
2975 3872 3098 3915 tunc
3116 3864 3311 3915 usitata
3335 3862 3560 3932 litterae)

1972 3930 2026 3984 2.
2058 3929 2247 4000 audito
2267 3945 2295 3982 a
2320 3931 2370 3982 1.
2397 3929 2450 3982 5.
2475 3929 2525 3983 6.
2555 3931 2606 3983 7.
2639 3939 2746 3984 etc.
2783 3929 2788 3930 “
2849 3933 2868 3962 ⁷
2902 3932 2965 3998 Q.
2993 3947 3023 3984 a
3050 3933 3392 4000 supradictus
3422 3929 3564 3986 ﬁlius

1975 3999 2028 4053 d.
2052 3999 2412 4071 e._r._obviam
2434 4000 2644 4071 iviteis
2672 4001 2722 4052 1.
2756 4001 2857 4071 (eis
2883 3999 3130 4071 accessit)
3156 4004 3207 4056 7.
3238 4002 3290 4056 9.

2067 4069 2133 4122 i1
2165 4068 2390 4139 dragani
2421 4069 2470 4122 6.
2550 4069 2569 4100 ⁹
2597 4068 2838 4124 ῆιίιιηιῖ.
2920 4072 2962 4102 ¹⁰
2990 4071 3062 4125 ibi
3090 4068 3136 4125 1⁷.

3391 4003 3413 4033 ⁸
3439 4017 3562 4056 ora-

2016 4179 2028 4192 .
2068 4209 2081 4213 _
2107 4139 2148 4213 ‘f
2173 4139 2382 4213 faceret
2407 4141 2457 4193 1.
2478 4140 2715 4213 _7.Ainter
2735 4139 2953 4213 fecisset
2972 4143 3027 4194 2.
3107 4144 3149 4174 “
3175 4143 3486 4213 kidrioburg
3507 4143 3559 4195 1.

1975 4209 2320 4284 kydrioburg‘
2353 4209 2789 4284 6,_hidrioburg
2823 4212 2895 4284 9.
2999 4213 3041 4242 ί*
3085 4209 3479 4284 νυεηεςεηηῗ
3508 4213 3558 4266 1.

1977 4279 2324 4350 vvaizzagawi
2354 4279 2408 4333 2.
2433 4282 2487 4334 5.
2515 4279 2837 4350 vvaizzagavi
2866 4282 2921 4336 5.
2952 4279 3378 4354 wazzagaiuu'ti.
3416 4297 3564 4336 wau—

1981 4364 2181 4385 -ηησιηει
2212 4349 2242 4385 -τ
2288 4351 2597 4385 “mnsam;
2623 4351 2654 4385 ρ
2705 4351 3012 4385 ...περυσιηά
3041 4356 3073 4385 ο
3172 4353 3212 4385 ιιι
3235 4355 3476 4385 “mum...
3508 4352 3530 4385 Α

1980 4349 2263 4420 zanaga‘l.
2288 4351 2598 4421 waizzgawi
2621 4351 2674 4405 8.
2705 4349 3013 4423 \vaisagawi
3041 4356 3091 4407 9.
3140 4349 3212 4385 ’⁸⁸
3234 4355 3479 4407 ambram
3508 4352 3558 4405 1.

1981 4419 2050 4500 ξε,
2075 4419 2299 4500 itii-until.
2330 4420 2704 4500 1.-_l.ittdihi_2.
2741 4422 2793 4474 δ.
2841 4423 3028 4500 Iiuhidi
3056 4423 3483 4500 _5.__8.Alit_llhil‘d_i
3510 4424 3561 4500 (ξ.

1981 4488 2110 4543 luidi
2138 4491 2189 4542 7.
2227 4489 2446 4544 luichidi
2469 4492 2520 4544 9.
2601 4493 2640 4522 "
2675 4506 2768 4545 rex
2798 4492 3012 4546 carolus
3049 4493 3096 4544 1.
3123 4493 3175 4545 5.
3207 4492 3259 4545 6.
3291 4493 3342 4544 7.
3421 4492 3464 4522 ³⁸
3492 4492 3564 4544 ri-

1987 4574 2106 4630 mee
2133 4559 2185 4611 1.
2218 4559 2278 4630 5.
2305 4560 2354 4612 7.
2390 4561 2556 4630 rimee
2577 4560 2628 4613 6.
2660 4561 2814 4615 rimie
2842 4562 2895 4614 2.
2928 4563 2980 4616 8.
3005 4562 3056 4614 9.
3137 4563 3180 4593 ¹⁹
3213 4561 3479 4614 wisoraha
3507 4561 3559 4630 1.

1985 4629 2240 4683 wisoram
2270 4629 2319 4682 7.
2399 4631 2442 4661 ²⁰
2477 4629 2740 4684 vinharna
2773 4631 2821 4682 1.
2899 4632 2942 4660 “
2975 4631 3194 4684 nimiam
3237 4632 3287 4683 1.
3329 4630 3384 4682 2.
3421 4630 3472 4682 6.
3507 4629 3560 4682 7.

1987 4701 2031 4770 ’7'
2066 4700 2468 4754 inundationem
2509 4700 2559 4752 1.
2591 4700 2643 4752 7.
2718 4699 2765 4730 "
2795 4700 3137 4770 eresburgam
3167 4700 3218 4754 6.
3250 4768 3260 4770 Α
3295 4701 3344 4730 ἰ
3373 4700 3566 4770 rastra-

1985 4769 2109 4824 dam
2141 4771 2190 4823 1.
2217 4770 2580 4824 fastradanam
2603 4770 2654 4822 6.
2733 4770 2780 4801 ’⁵
2812 4768 3052 4825 residens
3072 4771 3120 4824 1.
3150 4771 3203 4824 5.
3237 4768 3290 4824 6.
3318 4769 3566 4824 residens

1986 4838 2186 4910 ibidem
2211 4841 2263 4893 7.
2339 4841 2388 4872 “
2415 4855 2599 4896 scaras
2626 4840 2675 4893 1.
2711 4839 2764 4893 5.
2793 4840 2846 4894 6.
2880 4841 2932 4894 7.
2962 4854 3172 4895 scaram
3200 4840 3254 4894 2.
3330 4841 3373 4871 "
3402 4853 3564 4910 pera-

1984 4909 2063 4977 git
2087 4908 2140 4962 5.
2218 4911 2264 4941 ³⁸
2289 4912 2380 4980 qui
2419 4910 2646 4968 rebelles
2682 4910 2820 4965 deest
2847 4910 2901 4964 2.
2978 4911 3022 4943 "
3050 4911 3277 4966 rebelles
3315 4908 3474 4965 erant
3509 4908 3565 4962 1.

1829 5037 2060 5096 NOTAE.

376 5145 406 5174 ⁸
441 5133 672 5190 Sithonia
708 5153 792 5190 en.

375 5203 405 5242 δ
440 5203 608 5276 ln_eo,
639 5154 827 5261 Fglkio
851 5205 1056 5261 Tradit.
1083 5205 1295 5262 Corbei.
1319 5223 1373 5276 p.
1417 5207 1544 5271 518,
1571 5206 1698 5272 519,
1726 5212 1882 5269 teste,

297 5273 422 5331 loca
459 5274 720 5400 Ilergeld,
754 5276 996 5344 Lisborn,
1024 5276 1238 5343 Werne,
1280 5273 1389 5332 imo
1425 5284 1482 5332 et
1527 5276 1880 5347 Capoenberg.

375 5355 399 5384 ε
440 5345 533 5399 Dte
607 5364 790 5401 mmer.

381 5415 410 5454 ἀ
808 5416 1190 5488 Pyronntano,
1239 5415 1673 5488 Swalenbergico
1707 5425 1761 5470 et
1791 5418 1886 5470 ad-

295 5485 923 5567 jacen'tibusterrisncfz
950 5486 1115 5542 Fallte
1144 5487 1180 5540 l.
1215 5502 1261 5542 c.
1289 5502 1344 5556 p.
1371 5486 1423 5543 6.

382 5571 408 5598 ο
440 5555 690 5611 Schieder
712 5558 778 5611 ad
805 5555 1081 5611 Ambram.
1291 5555 1306 5556 ”

385 5629 408 5668 ί
450 5625 682 5696 Stasfurt
717 5627 784 5680 ad
813 5626 1056 5681 Budam?
1091 5626 1251 5682 Certe
1293 5627 1442 5682 locus
1469 5627 1522 5681 in
1552 5626 1690 5680 vado
1714 5626 1888 5680 ﬂumi-

308 5700 399 5754 nis
434 5697 714 5766 cujusdam
751 5698 890 5752 inter
919 5697 1124 5768 sylvam
1150 5696 1468 5766 Hercyniam
1493 5705 1548 5768 et
1573 5697 1784 5752 Albiam
1808 5698 1888 5750 in-

313 5769 662 5840 vestigandus
687 5777 790 5834 est,
837 5783 934 5824 nec
979 5767 1114 5826 alius
1143 5776 1252 5823 tam
1293 5767 1603 5825 commodus
1629 5768 1888 5832 occurrit,

1986 5147 2110 5190 cum
2151 5141 2206 5186 et
2237 5131 2495 5203 Pippinns
2524 5147 2665 5187 anno
2708 5133 2811 5203 7-18
2838 5135 3027 5188 eadem
3055 5135 3139 5186 via
3167 5147 3265 5203 per
3295 5131 3569 5203 Hochsee-

1986 5206 2125 5274 burg
2151 5210 2207 5256 et
2234 5201 2516 5274 Stagnfurt
2541 5203 2610 5257 ad
2637 5203 2753 5258 loca
2779 5202 3102 5274 Scahaningi
3129 5201 3183 5258 et
3220 5202 3442 5258 Orhaim
3470 5205 3576 5258 ac-'

1986 5273 2218 5330 cessisse
2244 5273 2506 5326 videatur.

2065 5348 2091 5385 8
2119 5341 2457 5396 Olden-Lftde
2498 5340 2612 5410 jam
2655 5342 2954 5398 desolatum
3000 5342 3290 5396 secundum
3321 5341 3566 5398 Falkium

1989 5431 2044 5486 p.
2072 5413 2200 5477 549,
2230 5414 2321 5480 qui
2347 5413 2524 5486 vicum
2552 5412 2709 5467 hodie
2732 5419 3030 5486 exstantem
3057 5411 3205 5467 Lude
3234 5427 3400 5486 prope
3435 5413 3568 5486 Pyr:

1991 5481 2234 5540 inontum
2263 5483 2436 5537 serius
2465 5489 2831 5553 constructum
2875 5481 3042 5537 fuisse
3066 5481 3343 5538 contendit
3363 5501 3377 5548 ;
3425 5481 3567 5553 quod

1992 5555 2065 5626 ita
2095 5567 2154 5626 se
2183 5553 2402 5626 habere,
2433 5566 2497 5606 eo
2526 5552 2809 5626 probatur,
2842 5553 2985 5626 quod
3013 5553 3284 5626 Scliieder
3298 5552 3510 5626 longius
3537 5569 3569 5626 ιι

1992 5625 2140 5679 Lude
2179 5622 2371 5687 distat,
2419 5636 2580 5690 quam
2625 5629 2683 5676 ut
2713 5621 2867 5692 juxta
2907 5622 3036 5680 illud
3067 5624 3228 5680 situm
3261 5621 3426 5682 fuisse
3463 5625 3568 5679 dici

1991 5695 2176 5766 possit.

2065 5766 2091 5805 ιι
2133 5763 2227 5818 Die
2253 5762 2462 5818 Werue.

3218 4072 3258 4103 ”
3290 4072 3486 4126 hiemis
3507 4072 3558 4124 1.
3620 4095 3629 4103 -
