3988 6178
1507 224 1887 283 EGINHARDI
1925 220 2223 279 ABBATIS
2260 218 2584 275 ANNALES
3563 209 3674 264 ΗΔ

832 366 1066 410 Ακκλιεθ
1103 362 1505 405 ιΑυιιιεεεΝεεε.

2582 347 2819 388 ΑκΝΑιεε
2855 346 3165 387 εθικιιλιωι.

404 469 526 510 rum
562 449 769 506 munita
804 441 1167 504 intervenit‘,
1206 447 1262 494 et
1298 439 1413 492 vias
1447 435 1728 492 mundavit
1761 435 1814 499 ’,
1856 443 1916 488 ut
1960 433 1981 463 ³
2084 426 2470 485 Widokindum
2514 427 2528 457 ¹
2581 441 2646 481 ac
2700 425 2720 454 ¹
2760 422 3059 479 Abbionem
3104 422 3125 453 ³
3169 436 3289 477 esse
3344 422 3397 476 in
3443 421 3680 479 transal-

405 543 571 598 ‘dum
593 548 804 611 tempus
824 544 1121 603 congruum
1149 529 1406 594 venisset,
1438 527 1687 582 sinodum
1710 523 1982 596 publicum
2084 519 2247 575 biana
2277 518 2299 549 ⁸
2329 517 2606 573 Saxonum
2645 513 2884 586 regione.
2929 514 3104 585 primo
3136 515 3216 570 eis
3242 514 3263 545 '
3288 528 3386 584 per
3414 512 3682 583 Saxones,

410 632 577 688 ιεηυίι
604 628 674 683 ad
699 605 761 653 δ’
782 624 1224 681 Paderbrunncn.
1272 621 1341 676 Et
1383 621 1507 676 inde
1546 620 1650 675 iter
1694 632 1982 690 peragens,
2087 618 2150 664 ut
2173 609 2372 665 omissa
2401 607 2625 678 perfidia
2668 607 2735 661 ad
2776 620 2928 660 suam
2959 605 3119 660 ﬁdem
3145 605 3333 661 venire
3366 621 3473 661 non
3504 607 3684 661 ambio

407 724 524 778 vias
553 725 769 791 apertas
821 714 875 783 ⁸,
907 714 1110 771 nemini
1148 715 1168 745 ⁷
1205 713 1632 777 contradicente,
1676 726 1773 782 per
1818 718 1987 765 totam
2090 709 2279 770 gerent
2307 698 2348 764 ⁸,
2396 698 2626 753 suadere
2680 696 2878 766 οοθρίῐ·
2915 695 3158 766 Cumque
3202 697 3325 767 iPSi.
3377 695 3686 752 Γεεὶηοΐυῐη

400 242 505 300 425

406 812 699 868 Saxoniam
734 822 1075 882 quocumque
1115 806 1137 837 ⁸
1185 805 1374 860 voluit.
1411 805 1479 859 Et
1517 803 1537 835 θ
1585 814 1713 857 tunc
1755 802 1811 856 in
1856 799 1990 855 Bar-

407 902 652 975 dengavvi
675 903 717 933 ¹⁰
730 902 898 966 venit,
914 900 1095 969 ibique
1114 898 1336 952 mittens
1364 905 1488 967 post
1508 893 1931 951 Widochindum
1947 892 1987 923 ¹¹

409 1002 466 1049 et
511 993 848 1057 Abbionem,
893 996 949 1044 et
996 997 1253 1057 utrosque
1309 987 1351 1017 ¹²
1399 986 1466 1040 ad
1512 1000 1571 1039 se
1617 981 1895 1045 conduxit,
1937 987 1993 1036 et

410 1083 666 1147 ﬁrmavit,
696 1090 756 1135 ut
780 1096 886 1134 non
912 1093 971 1132 se
997 1062 1397 1132 subtrahissent
1427 1075 1491 1140 ”,
1529 1074 1635 1128 nisi
1664 1073 1705 1103 ”
1738 1073 1792 1126 in
1820 1072 1991 1127 Fran-

410 1176 550 1230 ciam
590 1175 633 1205 ¹⁵
668 1174 736 1226 ad
789 1187 914 1226 eum
959 1169 1375 1240 pervenissent:
1414 1166 1722 1237 petentibus
1762 1164 1897 1226 illis,
1934 1172 1994 1218 ut

410 1264 718 1319 credentias
744 1262 1025 1325 haberent,
1056 1260 1200 1329 quod
1227 1258 1420 1313 inlaesi
1450 1256 1679 1311 fuissent
1709 1274 1722 1309 :
1752 1256 1894 1310 sicut
1941 1263 1995 1310 et

410 1358 616 1411 factum
640 1363 742 1410 est.
762 1353 970 1407 “Tunc
995 1353 1226 1407 domnus
1246 1366 1341 1405 rex
1366 1364 1619 1404 reversus
1644 1356 1727 1403 est
1749 1349 1802 1401 in
1826 1347 1996 1401 Fran-

412 1448 571 1510 ciam,
608 1453 665 1499 et
692 1444 914 1499 mittens
938 1442 1006 1497 ad
1032 1441 1400 1511 supradictum
1432 1439 1471 1470 ¹⁷
1500 1438 1921 1493 Widochindum
1952 1436 1995 1469 ¹⁸

412 1548 468 1595 et
489 1540 787 1595 Abbionem
815 1536 1031 1592 obsides
1062 1550 1161 1606 per
1195 1534 1423 1589 missum
1479 1547 1637 1587 suum
1665 1530 1707 1561 ¹⁹
1743 1529 1997 1584 Amalwi-

2090 805 2310 845 suorum
2347 790 2451 845 sibi
2493 790 2513 820 '
2544 788 2769 853 conscii,
2830 788 2975 859 regis
3009 787 3132 842 ﬁdei
3173 802 3231 843 se
3289 788 3632 843 committere
3667 789 3691 820 ⁸

2093 881 2424 946 dubitarent,
2477 880 2697 934 tandem
2741 889 2962 949 accepta
2993 880 3060 933 ab
3091 895 3177 943 eo,
3209 896 3371 950 quam
3401 881 3688 950 optabant,

2092 970 2416 1041 inpunitatis
2462 970 2789 1040 sponsione,
2842 979 3002 1040 atque
3034 971 3360 1039 impetratis,
3407 985 3544 1039 quos
3583 971 3690 1027 sibi

2095 1063 2212 1118 dari
2259 1063 2642 1133 precabantur,
2691 1078 2821 1117 suae
2865 1062 3054 1117 salutis
3087 1062 3396 1127 obsidibus,
3445 1078 3582 1133 quos
3610 1063 3693 1118 eis

2095 1154 2453 1220 Amalwinus,
2491 1171 2632 1209 unus
2657 1154 2978 1220 aulicorum,
3012 1170 3040 1208 a
3070 1169 3196 1226 rege
3221 1155 3422 1210 missus
3449 1156 3694 1211 adduxe—

2096 1256 2200 1313 rat,
2239 1262 2362 1302 cum
2391 1247 2580 1301 eodem
2610 1246 2726 1315 ipso
2768 1248 2792 1281 '
2838 1247 2905 1301 ad
2953 1246 3070 1300 eius
3097 1246 3442 1315 praesentiam
3473 1246 3527 1300 in
3551 1246 3695 1300 Atti-

2097 1337 2253 1392 niaco
2289 1338 2329 1368 ¹⁰
2352 1336 2478 1390 villa
2517 1344 2804 1401 venerunt,
2840 1342 3002 1406 atque
3038 1336 3109 1391 ibi
3156 1335 3413 1405 baptizati
3458 1336 3499 1366 ³¹
3540 1343 3689 1390 sunt.

2097 1427 2232 1483 Nam
2264 1444 2382 1493 rex,
2415 1436 2698 1498 postquam
2728 1428 2795 1482 ad
2822 1442 2915 1482 eos
2943 1427 3317 1482 accersiendos
3349 1428 3394 1458 ¹¹
3426 1443 3695 1482 memora-

2100 1528 2215 1574 tum
2242 1519 2603 1574 Amalvvinum
2626 1518 2843 1583 direxit,
2877 1519 2931 1573 in
2978 1518 3265 1573 Franciam
3293 1534 3547 1574 reversus
3575 1527 3655 1574 est
3675 1562 3689 1585 ,

414 1648 547 1687 num
580 1632 658 1697 ὀς
687 1631 780 1700 qui
810 1644 934 1684 cum
980 1628 1298 1698 recipissent
1333 1626 1376 1656 ²¹
1407 1625 1622 1680 obsides
1649 1623 1787 1678 illos.
1813 1638 1995 1678 secum
2101 1612 2414 1682 quievitque
2439 1611 2531 1666 illa
2559 1610 2861 1666 Saxonicae
2886 1610 3143 1681 perﬁdiae
3163 1611 3522 1680 pervicacitas
3543 1611 3698 1680 “per

415 1718 742 1772 deducentes
774 1717 850 1780 “,
894 1714 1290 1770 coniunxerunt
1318 1712 1364 1742 “
1403 1726 1462 1766 se
1497 1711 1564 1765 ad
1591 1710 1638 1741 “
1667 1710 1996 1764 Attiniacum
2026 1707 2072 1766 B
2101 1716 2272 1755 annos
2298 1700 2503 1771 aliquot
2534 1700 2597 1765 ν’,
2640 1701 2709 1756 ob
2754 1703 2855 1755 hoc
2883 1700 3135 1768 maxime,
3166 1700 3424 1770 quoniam
3457 1702 3699 1756 occasio-

414 1809 539 1863 villa
568 1809 614 1839 ³⁵
639 1807 708 1862 ad
736 1808 989 1862 domnum
1015 1819 1195 1875 regem
1220 1802 1457 1858 Cariam.
1488 1802 1535 1833 ²⁶
1559 1801 1627 1856 Ει
1655 1802 1698 1832 ’⁷
1728 1801 1802 1856 ibi
1827 1800 2003 1870 bapti-
2101 1807 2201 1847 nes
2231 1791 2515 1846 deﬁciendi
2543 1792 2612 1847 ad
2651 1807 2764 1847 rem
2810 1792 3148 1862 pertinentes
3177 1791 3424 1846 invenire
3448 1807 3553 1845 non
3600 1807 3698 1864 po-

416 1901 525 1955 zati
569 1908 697 1955 sunt
738 1896 1167 1969 supranominati
1203 1895 1599 1950 Widochindus
1629 1894 1675 1926 ²⁸
1705 1902 1760 1948 et
1785 1894 1923 1949 Abbi
1956 1892 2001 1924 ²⁹
2101 1895 2342 1942 tuerunt.
2383 1886 2551 1942 Facta
2586 1895 2669 1942 est
2695 1886 2888 1941 eodem
2917 1899 3060 1940 anno
3092 1893 3244 1940 trans
3277 1883 3528 1939 Rhenum
3556 1885 3701 1955 apud

416 2006 524 2045 una
554 1988 599 2021 '°
629 2004 752 2044 cum
800 1989 963 2043 sociis
1008 2002 1215 2042 eorum.
1260 1985 1327 2040 Et
1358 1985 1399 2016 ³¹
1434 1994 1561 2040 tunc
1611 1992 1723 2040 tota
1766 1981 2004 2037 Saxonia
2101 1978 2394 2035 orientales
2419 1977 2659 2035 Francos
2689 1978 2949 2033 adversus
2992 1990 3176 2046 regem
3224 1975 3514 2031 immodica
3562 1990 3729 2031 con--

419 2081 702 2152 subiugata
733 2088 836 2135 est.
869 2077 1181 2134 Coniuratio
1209 2076 1253 2107 ³³
1290 2075 1552 2130 liardradi
1580 2083 1634 2128 et
1660 2074 2005 2130 orientalium

2104 2069 2331 2134 iuratio,
2403 2069 2559 2125 cuius
2606 2075 2885 2124 auctorem
2959 2066 3298 2121 Hardradum
3351 2066 3395 2097 ¹⁸
3444 2067 3701 2121 comitem

418 2174 774 2238 Francorum,
829 2186 964 2242 quas
998 2178 1186 2225 contra
1230 2168 1276 2201 ³³
1319 2184 1499 2241 regem
1541 2168 2002 2238 conspiraverant,
2046 2180 2060 2209 ι
2105 2160 2272 2217 fuisse
2296 2162 2602 2217 constabat.
2652 2160 2761 2216 Sed
2794 2159 2956 2214 huius
2981 2158 3241 2214 indicium
3280 2159 3386 2220 cito
3420 2160 3488 2214 ad
3518 2174 3703 2228 regem

422 2265 757 2335 deprehensa
788 2271 890 2329 est,
936 2270 992 2316 et
1020 2269 1270 2316 auctores
1297 2274 1486 2340 eorum
1516 2258 1563 2289 “
1591 2258 1788 2328 partim
1834 2263 2008 2311 morte

422 2355 621 2425 partim
647 2353 812 2410 exilio
837 2351 1077 2407 damnati
1108 2359 1253 2406 sunt.
1284 2350 1350 2407 Et
1378 2351 1433 2404 in
1476 2349 1665 2404 eadem
1708 2347 1834 2402 villa
1869 2347 2009 2402 cele-

422 2444 601 2499 bravit
637 2443 978 2514 saepedictus
1006 2441 1052 2473 ³⁸
1097 2439 1362 2512 gloriosus
1387 2453 1483 2494 rex
1510 2437 1747 2492 natalem
1773 2436 2006 2502 Domini,

424 2542 479 2589 et
507 2535 709 2605 pascha
734 2533 1004 2590 similiter.
1041 2532 1109 2587 Et
1137 2531 1421 2587 inmutavit
1462 2545 1521 2586 se
1549 2542 1806 2586 numerus
1834 2543 2007 2585 anno-

426 2641 548 2682 rum
577 2641 634 2680 ιιι

1013 2711 1428 2769 DCCLXXXVI.

499 2828 653 2883 Tunc
692 2826 922 2882 domnus
959 2825 1187 2882 Carolus
1217 2841 1313 2881 rex
1352 2824 1499 2880 misit
1525 2812 1826 2881 exercitum
1854 2840 2014 2893 suum

427 2923 675 2995 partibus
699 2920 997 2975 Brittaniae
1020 2919 1067 2951 “
1102 2934 1206 2974 una
1244 2934 1366 2976 cum
1392 2918 1560 2974 misso
1580 2934 1685 2979 suo
1709 2918 1942 2975 Audulfo
1965 2918 2010 2952 ³¹

2107 2251 2346 2308 delatum
2376 2260 2483 2317 est,
2529 2250 2757 2321 eiusque
2794 2249 3033 2305 sollertia
3062 2258 3175 2304 tam
3219 2248 3396 2303 valida
3424 2249 3704 2320 conspira-

2107 2342 2186 2397 tio
2226 2342 2363 2397 citra
2387 2342 2557 2396 ullum
2603 2339 2805 2413 grande
2843 2339 3148 2411 periculum
3180 2338 3412 2394 in‘brevi
3443 2339 3704 2409 conquie-

2107 2437 2229 2504 vit,
2282 2437 2596 2493 auctoribus
2646 2435 2764 2490 eius
2811 2432 3013 2505 partim
3062 2432 3363 2502 privatione
3414 2432 3700 2496 luminum,

2109 2529 2310 2600 partim
2338 2528 2487 2584 exilii
2519 2525 2896 2598 deportatione
2929 2524 2974 2555 ¹⁶
3002 2523 3393 2580 condemnatis.

2690 2720 3108 2778 DCCLXXXVI.

2182 2817 2319 2875 Cum
2344 2825 2401 2874 et
2442 2816 2637 2873 hiemis
2666 2824 2878 2885 tempus
2903 2810 3175 2885 expletum
3201 2854 3217 2880 ,
3249 2822 3305 2868 et
3331 2822 3577 2869 sanctum
3604 2830 3703 2885 pa-

2112 2908 2242 2965 scha
2281 2908 2336 2962 in
2380 2906 2653 2962 Attiniaco
2694 2904 2822 2959 villa
2867 2904 3059 2959 fuisset
3095 2920 3125 2957 a
3171 2918 3299 2975 rege
3345 2903 3702 2967 celebratum,

430 2992 730 3069 sinescalco
779 3011 858 3076 ³⁸,
906 3018 963 3065 et
1010 3009 1082 3066 ibi
1131 3009 1329 3066 multos
1365 3008 1636 3064 Brittones
1692 3008 2013 3080 conquesie-
2041 3059 2083 3080 η
2110 2997 2423 3055 exercitum
2444 2997 2500 3052 in
2542 2995 2903 3051 Brittanniam
2939 2994 2978 3025 "
3027 2992 3372 3048 cismarinam
3415 2992 3456 3024 ’³
3496 2993 3714 3047 mittere

429 3106 619 3163 runt”
639 3122 744 3160 una
758 3120 882 3161 eum
896 3103 1136 3160 eastellis
1157 3102 1511 3158 etﬁrmitates
1533 3101 1578 3132 “’
1595 3117 1783 3157 eorum
1800 3059 1854 3132 2‘
1879 3101 2013 3158 locis
2038 3059 2086 3125 Ο
2115 3089 2415 3147 constituit.
2456 3087 2592 3143 Nam
2636 3103 2760 3143 cum
2800 3087 2868 3141 ab
2908 3085 3096 3156 Anglis
3138 3100 3202 3140 ac
3241 3082 3546 3139 Saxonibus
3570 3084 3715 3137 Brit-

430 3198 788 3270 palustribus,
839 3210 932 3251 seu
978 3202 1035 3250 et
1062 3196 1107 3226 δ’
1140 3194 1196 3249 in
1236 3194 1428 3250 caesis.
1477 3192 1524 3225 “
1554 3192 1622 3248 Et
1665 3194 1807 3250 sicut
1851 3209 2015 3264 supra

434 3286 708 3350 diximus,
746 3285 801 3339 in
829 3283 1014 3339 multis
1057 3283 1403 3338 ﬁrmitatibus
1445 3282 1751 3336 Brittonum
1789 3297 2017 3353 praeva-

434 3374 651 3431 luerunt
698 3373 916 3441 Franci,
961 3381 1017 3429 et
1059 3388 1183 3429 cum
1209 3372 1432 3428 victoria
1459 3412 1475 3439 ,
1515 3371 1743 3428 Domino
1779 3372 2013 3430 volente.

536 3473 559 3499 Ι

823 3554 1218 3612 mammas
1254 3510 1655 3611 LECTIONES.

515 3676 530 3706 ⁸
561 3674 785 3729 intravit
814 3673 862 3726 l.
940 3672 960 3701 ’
994 3669 1275 3724 inundavit
1309 3669 1360 3723 1.
1438 3669 1459 3701 ⁸
1485 3678 1546 3724 ut
1595 3669 1734 3724 deest
1767 3668 1817 3723 7.
1895 3669 1919 3702 ⁸
1945 3670 2020 3725 si-

438 3744 637 3800 nodum
680 3759 812 3799 vero
850 3741 1118 3812 publicam
1139 3739 1482 3812 5.‘Sinadum
1509 3755 1639 3812 vero
1662 3739 1935 3812 publicum
1961 3741 2016 3794 6.

440 3817 462 3847 ⁸⁸
484 3815 776 3870 celebravit
797 3809 939 3883 apud
976 3812 1029 3883 i.
1062 3810 1113 3864 7.
1182 3810 1210 3883 _‘
1244 3819 1484 3883 apertas,
1530 3809 1734 3883 faciens
1758 3811 1810 3883 7._
1886 3812 1905 3843 ⁷
1933 3825 2023 3883 ne-

439 3886 586 3940 mine
614 3886 667 3945 1.
700 3884 754 3938 5.
789 3880 848 3939 6ῖ
879 3883 932 3936 7.
1005 3881 1429 3952 'quodcumque
1454 3881 1536 3952 7.-Δ
1607 3880 1629 3912 ’
1668 3881 1737 3936 Et
1776 3881 1917 3935 deest
1964 3881 2017 3952 1.

443 3956 487 3988 ιο
556 3954 956 4023 bardnnsanioe
1004 3949 1091 4023 ίοῖ
1118 3949 1451 4023 δξιτιϋηεὲιννί
1481 3949 1559 4023 _5-
1599 3952 1917 4023 Padansowi
1965 3951 2020 4023 6-

444 4026 487 4056 “
545 4020 910 4077 vindikitidem
934 4022 984 4075 1.
1027 4020 1459 4076 windocbindum
1481 4020 1531 4075 7.
1556 4020 1942 4076 widichindum
1964 4022 2019 4076 6.

445 4096 488 4126 ¹¹
517 4093 802 4147 abbionem
821 4101 1079 4147 utrosaue
1103 4090 1157 4143 2.
1187 4091 1239 4144 7.
1318 4090 1362 4122 ¹⁸
1390 4090 1773 4145 subtraherent
1806 4091 1857 4144 1.
1897 4092 2025 4146 sub-

445 4105 488 4126 "
517 4105 802 4147 δυωοιιθω
821 4105 1079 4190 utrosque
1103 4105 1157 4143 Ζ.
1188 4105 1239 4144 Ἰ.
1318 4105 1362 4122 ⁸⁸
1390 4105 1773 4145 ευβιηηθιδθηι
1806 4105 1857 4144 ι.
1897 4105 2024 4146 sul)-

444 4161 748 4242 εῗδξὶθδθηὲ
763 4160 821 4242 5°.
844 4161 910 4242 ⁷·.
943 4227 966 4242 .
1012 4158 1098 4242 ⁸.⁸’
1124 4159 1437 4242 Ρΐίυδίὲἓηω
1460 4160 1513 4213 in
1534 4158 1576 4242 ξε
1600 4160 1651 4242 ‘3
1735 4159 2024 4242 ."I’al'cia

445 4233 500 4286 5.
519 4230 629 4284 6.7.
705 4230 749 4261 ¹⁶
779 4230 918 4284 sicut
938 4227 1139 4283 factum
1162 4229 1211 4282 1.
1289 4227 1331 4261 ί⁷
1361 4229 1699 4299 supradictos
1728 4230 1779 4285 1.
1803 4229 1856 4283 5.
1887 4231 1942 4284 6.
1968 4232 2020 4285 7.

450 4301 495 4333 η
584 4299 978 4356 windekindem
1000 4299 1052 4351 1.
1082 4298 1517 4354 windochindum
1547 4299 1600 4355 5.
1644 4299 1694 4353 7.
1787 4300 1830 4332 ι’
1866 4314 2024 4356 suum

449 4371 591 4425 deest
614 4369 666 4424 6.
740 4369 785 4401 “
817 4368 1162 4425 amulwinum
1187 4367 1241 4422 2.
1282 4368 1659 4427 amalwionem
1681 4371 1733 4425 7.
1766 4417 1776 4428 .
1808 4371 1852 4401 ἰ
1880 4385 2029 4426 rece-

447 4406 735 4524 sset...
755 4406 1470 4524 §.'=§‘§.;e93;;j;?
1483 4406 2029 4524 attiguae“:
2051 4406 2105 4466 υ

451 4507 742 4580 iunxerunt
763 4510 816 4565 6.
891 4510 939 4542 "
959 4510 1100 4580 apud
1128 4507 1179 4563 1.
1211 4579 1217 4580 ί
1255 4510 1301 4541 ’⁵
1329 4509 1513 4580 villam
1534 4512 1586 4564 1.
1609 4510 1662 4565 5.
1697 4511 1748 4564 7.
1824 4511 1870 4542 ²⁶
1900 4526 2025 4565 car-

450 4581 565 4636 lum
589 4579 644 4634 2.
718 4582 761 4613 ’⁷
796 4589 852 4637 et
873 4579 1013 4636 deest
1052 4581 1104 4634 7.
1180 4579 1226 4612 ’⁸
1262 4579 1577 4636 windiltind.
1615 4581 1667 4634 1.
1697 4581 2031 4636 windochin-

453 4652 555 4707 dus
580 4650 635 4705 5.
671 4651 1029 4707 widicbindus
1065 4650 1120 4705 6.
1214 4650 1261 4681 "
1286 4649 1445 4705 abbio
1476 4651 1528 4703 1.
1571 4651 1624 4704 7.
1654 4650 1849 4706 abbion
1888 4666 2024 4705 corr.

450 4720 613 4777 abbio
636 4720 690 4775 6.
720 4722 777 4775 in
804 4722 979 4776 codice
1005 4720 1058 4774 6.
1102 4719 1270 4788 ω»...
1302 4735 1353 4788 9.
1380 4720 1439 4772 in
1475 4734 1595 4773 voce
1630 4720 1768 4773 abba
1795 4719 1883 4773 ubi
1910 4719 2031 4774 nul-

449 4789 562 4845 lum
588 4806 650 4844 ea
673 4790 740 4844 de
773 4806 828 4844 re
870 4788 1087 4859 dubiant
1111 4787 1167 4842 Π)
1194 4786 1272 4859 (at
1296 4786 1433 4859 alios
1470 4803 1542 4859 pp
1573 4789 1739 4859 =rlp)
1765 4791 2028 4856 scribitur,

448 4861 526 4915 ita
548 4868 606 4913 et
627 4859 931 4913 vocabulum
964 4857 1088 4913 abbi
1109 4866 1159 4911 et
1185 4856 1381 4928 abbio,_
1394 4856 1534 4928 quod
1560 4858 1648 4928 qui
1675 4856 1933 4914 nesciebat
1955 4860 2033 4915 al-

450 4929 543 4985 bio
582 4928 859 4999 legendum
899 4944 1008 4999 esse
1045 4926 1284 4999 putavit._
1365 4926 1413 4958 '°
1456 4926 1730 4999 ttna’deest
1758 4930 1809 4983 1.
1899 4929 1942 4962 ’ί
1965 4931 2034 4986 Et

450 5000 592 5054 deest
623 4997 674 5053 1.
750 4998 796 5030 ³³
822 4997 1221 5053 Coniuratio....
1252 4997 1491 5052 damnati
1520 5006 1647 5053 sunt
1670 4998 1811 5054 deest
1837 5000 1893 5054 in
1922 5015 2033 5054 om-

451 5069 604 5140 nibus
639 5066 1264 5140 codicibgsexceptisﬁ.
1302 5076 1351 5120 et
1388 5067 1460 5133 6;
1507 5068 1699 5140 legitur
1741 5071 1797 5124 in
1835 5069 2030 5124 Annal.

389 5166 403 5178 -
454 5137 717 5209 Einhardi
741 5148 789 5194 et
818 5136 1078 5209 Fuldens.
1152 5136 1196 5168 ³³
1227 5152 1367 5206 quae
1382 5136 1583 5209 contra
1599 5138 1653 5193 5.
1688 5139 1811 5209 quia
1845 5149 2034 5196 contra

456 5207 510 5261 6.
586 5208 632 5240 ⁸⁸
661 5209 779 5265 eius
803 5208 858 5265 6.
883 5218 1119 5263 auctores
1161 5222 1341 5261 eorum
1370 5206 1424 5261 It.
1461 5225 1507 5263 e.
1538 5206 1720 5271 duces,
1745 5210 2034 5265 incentores

452 5275 810 5348 Francorum.
907 5279 954 5311 ³⁸
979 5278 1317 5348 supradictus
1354 5276 1406 5332 6.
1502 5277 1549 5310 ⁸⁸
1571 5279 1858 5334 brittaniae
1892 5281 1942 5333 1.
1968 5280 2022 5335 2.

452 5347 778 5420 brittanniae
804 5348 863 5420 5.
889 5349 943 5404 6.
987 5347 1292 5420 britanniae
1329 5348 1381 5401 7.
1428 5349 1503 5420 ita
1529 5347 1787 5420 deinceps.
1865 5350 1910 5383 ³⁷
1936 5366 2030 5405 an-

452 5414 599 5496 ἀμυο
647 5419 936 5496 deestan
988 5419 1041 5496 ξι
1082 5487 1105 5496 -
1171 5418 1216 5496 ἐξ
1245 5417 1547 5496 είεξεεεεεινρ
1568 5419 1642 5496 δξ-
1685 5414 1720 5496 ,⁷
1742 5418 1786 5451 ³⁸
1810 5422 2032 5496 maui-

452 5487 663 5541 sierunt
688 5487 740 5542 5.
766 5488 818 5541 6.
860 5489 912 5542 7.
996 5489 1041 5521 ⁸ο
1075 5487 1420 5553 ﬁrmitatibus
1440 5489 1489 5543 l.
1516 5490 1567 5544 7.
1601 5489 1646 5521 δι
1676 5489 1816 5547 ﬁrm.
1843 5487 2034 5548 britto-

453 5569 583 5610 num
608 5555 660 5609 in
680 5556 812 5613 locis
843 5557 893 5612 1.
968 5558 1014 5589 ⁸¹
1040 5567 1094 5615 et
1120 5560 1262 5617 deest
1291 5559 1342 5613 1.
1418 5560 1464 5592 ⁸⁸
1496 5560 1722 5618 incessis
1758 5561 2033 5619 Lincesis

451 5622 508 5680 2.
534 5625 585 5680 7.
617 5624 826 5684 incesos
848 5629 900 5683 6.

2118 3181 2304 3236 tannia
2350 3179 2527 3234 insula
2560 3178 2752 3234 fuisset
2788 3178 2976 3231 invasa
3007 3175 3074 3241 ’9,
3104 3190 3295 3245 magna
3340 3191 3466 3246 pars
3510 3174 3716 3229 incola-

2118 3286 2240 3326 rum
2268 3271 2389 3325 eius
2418 3284 2569 3326 mare
2599 3268 2878 3332 traiciens,
2917 3267 2972 3321 in
3016 3265 3221 3321 ultimis
3266 3264 3473 3321 Galliae
3512 3264 3714 3319 ﬁnibus

2118 3360 2449 3417 Venetorum
2480 3369 2536 3416 et
2561 3359 3012 3417 Coriosolitarum
3044 3358 3089 3389 ³ο
3118 3359 3367 3429 reg'ones
3406 3358 3710 3427 occupavit.

2117 3453 2167 3508 [s
2187 3453 2415 3523 populus
2437 3469 2468 3506 ει
2498 3453 2715 3523 regibus
2749 3450 3082 3506 Francorum
3106 3449 3362 3505 subactus
3387 3464 3452 3504 ac
3482 3450 3717 3505 tributa-

2123 3544 2235 3599 rius
2265 3542 2457 3608 factus,
2505 3542 2799 3611 inpositum
2848 3540 2953 3614 sibi
3000 3528 3272 3610 vectigal,
3325 3539 3448 3595 licet
3489 3541 3713 3607 imitus,

2121 3633 2331 3689 solvere
2360 3632 2591 3688 solebat.
2637 3630 2881 3700 Cumque
2927 3646 2993 3685 eo
3028 3638 3270 3700 tempore
3313 3630 3458 3685 dicto
3488 3632 3717 3686 audiens

2122 3738 2230 3778 non
2275 3732 2453 3788 esset,
2486 3723 2687 3778 missus
2723 3721 2850 3776 illuc
2895 3720 3079 3791 regiae
3110 3735 3332 3775 mensae
3377 3721 3717 3791 praepositus

2121 3813 2406 3879 Audulfus,
2442 3812 2679 3884 perﬁdae
2698 3811 2877 3882 gentis
2908 3811 3297 3866 contumatiam
3333 3811 3471 3865 mira
3502 3811 3545 3842 ²¹
3577 3811 3719 3866 cele-

2123 3906 2286 3962 ritate
2310 3904 2665 3975 compressit,
2707 3903 2930 3974 regique
2954 3901 3097 3971 apud
3123 3901 3492 3958 Wormaciam
3527 3911 3584 3957 et
3614 3903 3715 3958 ob-

2124 3999 2267 4055 sides
2295 4013 2431 4068 quos
2458 4001 2765 4066 acceperat,
2797 4002 2852 4050 et
2878 3994 3182 4065 complures
3213 4008 3280 4049 ex
3303 3994 3486 4065 populi
3513 3995 3714 4064 primo-

2123 4089 2276 4145 ribus
2299 4089 2541 4144 adduxit.
2572 4089 2707 4153 Rex,
2741 4102 2876 4157 pace
2910 4087 3149 4157 undique
3176 4096 3351 4158 parta,
3389 4089 3584 4143 statuit
3614 4088 3717 4144 Ro-

2126 4196 2268 4237 mam
2296 4181 2601 4252 proﬁcisci,
2649 4191 2703 4236 et
2734 4188 2944 4251 partem
2989 4178 3176 4234 italiae
3202 4195 3342 4250 quae
3372 4195 3516 4236 nunc
3542 4180 3715 4236 Bene-

2125 4280 2319 4326 ventus
2345 4272 2393 4302 “
2418 4280 2645 4326 vocatur
2677 4270 2724 4302 "
2755 4270 3035 4338 adgredi,‘
3055 4270 3384 4326 conveniens
3420 4286 3544 4326 esse
3570 4272 3718 4326 arbi-

2128 4369 2340 4427 tratus,
2392 4370 2454 4416 ut
2506 4361 2651 4416 illius
2698 4361 2852 4431 regni
2904 4358 3175 4417 residuam
3229 4361 3532 4430 portionem
3586 4377 3718 4417 suae

2527 4467 2917 4525 VARIANTES
2954 4467 3360 4526 LECTIONES.

2167 4583 2185 4614 ⁸
2200 4579 2578 4653 Widogindum
2590 4580 2643 4653 2.
2657 4579 3007 4653 widﬁikindum
3019 4580 3071 4635 5.
3086 4580 3140 4653 7.
3156 4580 3211 4635 9.
3261 4582 3281 4611 ⁸
3294 4579 3360 4635 ad
3376 4598 3552 4653 omnes
3565 4600 3718 4653 prac-

2129 4661 2210 4734 ter
2313 4649 2404 4722 φῑὶ
2427 4659 2484 4707 et
2509 4649 2675 4734 legit;
2708 4652 2776 4734 ad
2804 4650 3092 4707 abbionem
3122 4650 3409 4734 locoapud
3430 4649 3715 4734 abbionem

2130 4723 2237 4793 dici
2265 4720 2423 4793 posse
2458 4720 2571 4775 non
2590 4720 2825 4793 tg'detur,
2868 4737 3032 4792 quare
3056 4735 3122 4775 ac
3152 4720 3501 4793 recipiendum
3528 4725 3712 4777 statui.

2133 4789 2325 4863 Poeta
2356 4791 2514 4863 etiam
2596 4789 2740 4863 Saago
2776 4789 2903 4863 “aut
2953 4805 3017 4846 ac
3071 4800 3165 4863 aut
3218 4789 3272 4863 et
3319 4790 3517 4863 legisse
3569 4793 3715 4847 ride~

2132 4872 2237 4917 tur.
2313 4862 2332 4893 '
2368 4862 2654 4925 albionem,
2680 4859 2825 4928 facili
2859 4860 3172 4931 corruptela,
3221 4860 3275 4915 ὅ.
3317 4859 3385 4916 Διί
3402 4862 3454 4916 5.
3492 4862 3546 4917 6.
3580 4862 3630 4916 7.
3660 4863 3712 4917 9.

2134 4932 2158 4963 ’⁵
2181 4932 2545 4995 transalbiona
2570 4931 2623 4984 9.
2652 4931 3418 5001 transalbinam—regionem
3444 4932 3495 4985 7.
3573 4934 3596 4964 ⁸
3622 4948 3716 4988 eos

2136 5019 2313 5056 omnes
2357 5010 2564 5058 praeter
2610 5000 2663 5053 7.
2709 5008 2765 5055 et
2805 5002 2858 5057 9.
2971 5000 2993 5031 ⁸
3036 5001 3337 5056 ambierent
3382 5000 3433 5055 1’.
3475 5002 3530 5056 2.
3577 5002 3631 5057 5.
3658 5004 3709 5058 6.

2133 5073 2153 5104 "
2185 5072 2325 5126 deest
2353 5069 2405 5124 7.
2533 5071 2555 5102 ⁸
2585 5085 2634 5125 c.
2666 5085 2724 5125 se
2753 5072 2806 5128 7.
2920 5069 2942 5101 ’
2979 5071 3120 5124 deest
3144 5070 3199 5124 9.
3326 5072 3370 5104 ιο
3394 5073 3617 5127 attinico
3660 5074 3710 5126 1.

2138 5142 2179 5173 ³⁸
2211 5139 2465 5212 baptisati
2494 5139 2558 5212 2.
2585 5140 2654 5212 7.,
2676 5140 2729 5194 9.
2826 5141 2870 5172 ι’
2900 5141 3259 5212 accersendos
3287 5141 3339 5194 7.
3373 5141 3427 5196 9.
3526 5143 3573 5175 ⁸³
3597 5158 3714 5212 per-

2134 5209 2368 5268 versitas
2394 5210 2448 5280 2.
2524 5209 2569 5242 “’
2591 5209 2799 5280 aliquot
2830 5225 3001 5265 annos
3025 5210 3079 5264 2.
3158 5210 3203 5242 "
3228 5211 3543 5267 hartradum
3578 5209 3631 5268 5.
3658 5212 3712 5267 9.

2140 5281 2184 5313 ⁸⁸
2210 5279 2464 5351 poena9.
2495 5347 2511 5351 Α
2542 5280 2583 5311 ¹⁷
2605 5280 2917 5336 brittaniam
2943 5280 2997 5333 4.
3027 5280 3351 5351 britanniam
3376 5281 3428 5335 3.
3465 5283 3516 5336 7.
3544 5283 3714 5338 brita-

2136 5347 2279 5407 niam
2302 5351 2356 5406 9.
2382 5350 2455 5403 ita
2485 5347 2592 5418 fere
2619 5360 2934 5406 constanter.
3011 5350 3054 5383 ¹⁸
3075 5366 3140 5404 ac
3161 5351 3430 5406 maritima
3458 5353 3509 5405 7.
3584 5352 3719 5407 "in-

2136 5436 2294 5476 versa
2317 5421 2371 5476 9.
2402 5435 2527 5473 nam
2569 5420 2647 5491 ab
2661 5422 2834 5491 anglis
2866 5435 2930 5476 ac
2954 5420 3248 5476 saxonihus
3269 5422 3718 5478 cum‘brittannia

2140 5491 2314 5546 insula
2340 5498 2599 5560 occupata
2624 5488 2815 5546 fuisset
2837 5491 2889 5546 6.
2946 5492 2995 5523 ⁸ο
3017 5490 3430 5546 corosolitarum
3456 5492 3508 5546 7.
3585 5492 3630 5523 ¹¹
3661 5492 3717 5547 in

2140 5562 2223 5617 ira
2251 5561 2307 5625 2,
2380 5562 2425 5591 “
2451 5560 2819 5617 beneventana
2844 5561 2895 5615 7.

2991 5561 3037 5594 ¹²
3061 5561 3116 5616 in
3137 5574 3245 5631 qua
3264 5560 3620 5618 beneventum
3646 5562 3719 5617 si-

2144 5642 2255 5686 tum
2287 5638 2369 5687 est
2396 5630 2447 5687 9.
