3986 6174
450 223 556 280 427

888 346 1123 388 ANNAlJ-ZS
1160 342 1537 385 LAURISSENSES

443 443 568 483 cum
595 423 963 482 sacerdotibus
986 421 1069 476 vel
1091 418 1288 475 ceteris
1316 416 1665 472 obtimatibus
1680 413 1811 479 suis,
1843 422 2019 467 utnon

444 530 589 575 terra
625 516 894 573 deleretur
942 510 1053 576 illa,
1084 518 1139 563 et
1191 505 1462 577 episcopia
1520 504 1605 563 vel
1655 500 2017 557 monasteria‘

441 626 548 665 non
601 608 1003 662 desertarentur
1028 602 1071 666 ξ
1113 598 1276 669 elegit
1338 595 1620 651 duodecim
1685 591 1923 656 obsides,
1968 597 2023 643 et

441 701 657 754 tertium
705 696 973 751 decimum
1015 691 1057 757 ³,
1111 689 1278 744 ﬁlium
1312 684 1615 757 supradicti
1651 682 1804 738 ducis
1842 682 1869 713 ’⁵
1924 695 2023 735 no—

439 793 582 847 mine
646 786 1014 845 Grimoaldum
1055 784 1095 837 ³⁵.
1137 782 1204 836 Et
1248 789 1467 850 accepta
1508 792 1733 832 munera
1767 775 1820 841 ⁸,
1873 775 2020 829 iura-

437 888 631 936 verunt
679 893 866 933 omnes
914 871 1313 936 Beneventani,
1370 878 1480 923 tam
1527 866 1868 937 supradictus
1912 863 2019 917 dux

436 989 601 1046 quam
641 978 696 1026 et
721 956 1018 1023 Rumaldus
1041 964 1084 1016 ⁷.
1116 954 1183 1016 Et
1212 973 1460 1016 reversus
1487 965 1571 1013 est
1614 954 2023 1046 saepenomina-

437 1044 523 1121 tus
548 1060 825 1134 piissimus
850 1056 872 1086 ³
921 1068 1036 1117 rex,
1061 1059 1117 1105 et
1135 1048 1428 1105 celebravit
1456 1047 1657 1117 pascha
1680 1059 1802 1098 cum
1826 1044 2022 1134 domno

436 1132 733 1226 apostolico
789 1148 844 1202 in
903 1144 1094 1198 Roma.
1158 1142 1174 1161 ‘
1237 1138 1424 1209 Ibique
1482 1136 1763 1191 venientes
1819 1132 1971 1187 missi
2000 1132 2020 1163 θ

437 1243 705 1303 Tassiloni
748 1241 789 1272 ‘°
830 1237 1021 1302 ducis,
1082 1234 1159 1288 bii
1221 1240 1347 1287 sunt
1396 1230 1577 1285 Arnus
1618 1229 1903 1298 episcopus
1968 1235 2023 1281 et

434 1335 705 1392 Hunricus
734 1331 774 1362 “
814 1330 951 1384 abba
990 1326 1039 1393 ι),
1074 1332 1129 1379 et
1153 1323 1424 1393 petierunt
1470 1322 1512 1352 “
1548 1319 1933 1391 apostolicum,
1962 1326 2023 1372 ut

434 1439 621 1499 pacem
648 1421 1006 1477 terminarent
1034 1416 1078 1446 ¹⁸
1105 1414 1247 1469 inter
1267 1413 1523 1467 domuum
1555 1409 1804 1465 Carolum
1837 1422 2020 1478 regem

422 1526 488 1573 et
517 1514 855 1571 Tassilonem
901 1509 1112 1565 ducem.
1156 1503 1308 1560 Unde
1351 1510 1405 1557 et
1436 1503 1665 1557 domnus
1693 1501 2021 1573 apostolicus

434 1608 661 1665 multum
719 1618 780 1660 se
834 1603 1181 1671 interponens
1207 1638 1222 1665 ,
1283 1598 1604 1669 postolando
1661 1597 1702 1627 η
1762 1597 2016 1652 iamdicto

1557 210 1931 269 EGINHARDI
1969 207 2264 265 ABBATIS
2305 210 2626 266 ANNALES

2046 324 2099 384 Α

3593 213 3721 291 tes

2619 340 2647 376 Α
2656 338 2854 378 ΝΝΑιεε
2889 338 3194 379 ΕΕΙΝΗΛΒυΙ.

2125 408 2230 465 tuit
2248 412 2263 441 ¹
2291 411 2546 467 instantia
2568 412 2710 480 apud
2728 426 2909 481 regem
2933 412 3265 468 intercedere
3289 412 3522 478 curavit,
3540 422 3601 469 ut
3617 416 3702 472 in-

2127 510 2208 555 ter
2237 510 2331 556 eos
2351 516 2454 571 pax
2482 511 2538 557 et
2563 503 2854 558 concordia
2887 516 2951 556 ex
2983 520 3113 558 suae
3146 503 3473 572 apostolicae
3515 515 3703 563 aucto-

2123 592 2299 647 ritatis
2313 594 2702 649 ammonitione
2731 603 2896 664 atque
2937 595 3333 649 interveutione
3363 598 3698 664 proveniret.

2120 681 2221 737 Cui
2237 698 2359 737 cum
2381 699 2478 738 rex
2509 683 2652 739 idem
2679 698 2737 738 se
2770 699 3096 754 magnopere
3121 683 3258 739 velle
3287 668 3656 756 respondisset
3680 726 3701 755 τ

2122 773 2389 845 simulque
2410 790 2438 828 a
2461 774 2654 846 legatis
2673 776 2955 829 memorati
2977 775 3129 830 ducis
3150 775 3473 845 inquireret,
3495 793 3660 847 quam
3678 778 3704 812 ³

2122 864 2282 920 huius
2339 868 2644 937 paeationis
2688 869 2708 900 ⁸
2778 869 3092 941 ﬁrmitatem
3148 869 3330 926 facere
3400 871 3702 939 deberent,

2122 958 2540 1027 responderunt,
2565 958 2666 1013 sibi
2688 959 2754 1014 de
2781 959 2882 1014 hac
2904 975 2964 1014 re
2996 960 3129 1015 nihil
3161 975 3283 1016 esse
3321 962 3699 1029 commissum,

2122 1063 2224 1103 nec
2251 1062 2310 1103 se
2347 1048 2451 1103 hoc
2493 1050 2709 1120 negotio
2754 1050 2898 1104 aliud
2951 1050 3189 1106 facturos
3218 1051 3261 1116 ‘,
3310 1067 3475 1122 quam
3505 1061 3568 1109 ut
3609 1069 3699 1109 re-

2123 1156 2317 1211 sponsa
2354 1143 2497 1214 regis
2538 1151 2700 1212 atque
2742 1143 3016 1213 pontiﬁcis
3045 1144 3265 1198 domino
3312 1160 3410 1200 suo
3456 1154 3703 1215 reportas

2122 1239 2264 1288 rent.
2293 1231 2532 1300 Quorum
2567 1235 2748 1289 verbis
2768 1222 2905 1303 papa
2932 1245 3257 1301 commotus,
3293 1236 3444 1290 velut
3482 1235 3702 1293 fallaces

2121 1337 2187 1377 ac
2214 1321 2584 1378 fraudulentos
2609 1325 2972 1379 anathematis
2993 1323 3171 1396 gladio
3186 1326 3380 1381 statuit
3403 1325 3699 1393 feriendus,

2120 1414 2166 1471 si
2193 1414 2262 1469 ab
2282 1414 2413 1469 olim
2443 1416 2557 1486 regi
2581 1415 2849 1484 promissa
2872 1416 2976 1472 ﬁde
3008 1418 3381 1484 discederent,
3412 1427 3576 1488 atque
3600 1421 3701 1487 ita,

2120 1502 2320 1559 infecto
2351 1504 2503 1574 pacis
2554 1506 2772 1576 negotio
2815 1507 2855 1573 ⁸,
2907 1507 3110 1562 reversi
3137 1517 3282 1563 sunt.
3331 1509 3445 1564 Rex
3490 1520 3699 1576 autem,

2122 1594 2362 1650 adoratis
2413 1604 2725 1651 sanctorum
2770 1598 3138 1667 apostolorum
3161 1598 3182 1628 ⁸
3208 1599 3487 1655 liminibus
3526 1601 3702 1655 votis-

435 1704 634 1756 domno
660 1712 787 1768 rege
824 1696 890 1749 “'.
939 1694 1007 1749 Et
1042 1694 1156 1763 ipse
1182 1691 1412 1746 domnus
1452 1706 1544 1745 rex
1575 1689 1853 1760 respondit
1891 1704 2020 1758 apo-
2046 1672 2094 1731 Β
2120 1703 2226 1757 que
2273 1688 2465 1745 solutis
2493 1690 2541 1756 ",
2590 1690 2883 1760 apostolica
2913 1692 3290 1747 benedictione
3318 1700 3600 1762 percepta,
3645 1694 3703 1747 in

433 1788 644 1852 stolico,
672 1786 777 1841 hoc
818 1797 878 1839 se
901 1782 1135 1838 voluisse
1167 1788 1222 1835 ct
1246 1795 1343 1851 per
1372 1779 1539 1834 multa
1581 1787 1824 1848 tempora
1853 1794 2019 1849 quae-

430 1881 588 1943 sisse,
628 1882 684 1931 et
718 1870 1229 1930 minime-invenire
1277 1869 1453 1943 potuit
1500 1868 1568 1933 ¹⁸,
1618 1877 1673 1923 et
1706 1868 2018 1939 proferebat

431 1971 616 2028 statim
658 1967 797 2022 ﬁeri.
848 1965 915 2019 Et
957 1962 1125 2018 voluit
1170 1961 1512 2032 suprallictus
1556 1961 1785 2016 domnus
1826 1976 1921 2016 rex
1959 1961 2015 2015 in

431 2060 735 2135 praesentia
761 2056 946 2112 domui
971 2053 1251 2124 apostolici
1280 2070 1403 2109 cum
1429 2054 1563 2123 ipsis
1601 2054 1784 2110 missis
1826 2070 2013 2125 pacem

435 2156 650 2209 ﬁrmare
675 2169 687 2205 :
722 2158 777 2206 et
807 2146 1195 2203 rennuentibus
1226 2146 1551 2217 supradictis
1576 2146 1762 2201 missis
1797 2147 1858 2213 ι’,
1887 2149 2013 2218 quia

432 2263 539 2303 non
568 2245 693 2300 auxi
719 2243 763 2275 “
816 2241 1047 2296 fuissent
1087 2239 1155 2295 de
1181 2254 1370 2296 eorum
1414 2247 1571 2309 parte
1593 2241 1754 2295 ullam
1790 2241 2015 2296 ﬁrmita-

432 2349 540 2394 tem
588 2338 788 2392 facere.
833 2332 1175 2404 Apostolicus
1227 2347 1359 2388 vero
1378 2347 1514 2387 cum
1559 2334 1899 2401 cognovisset
1920 2348 1921 2351 ‘
1945 2333 2013 2389 de

431 2428 785 2486 instabilitate
816 2424 858 2456 ¹⁹
886 2424 966 2479 vel
991 2423 1273 2479 mendacia
1302 2422 1347 2454 ²⁰
1379 2438 1589 2491 eorum,
1623 2424 1806 2479 statim
1848 2440 2011 2495 supra

430 2521 622 2575 ducem
669 2518 714 2548 ἰ
764 2530 953 2572 eorum
1000 2513 1089 2568 vel
1143 2515 1257 2569 suis
1299 2514 1677 2569 consentaneis
1724 2515 2011 2569 anathema

429 2612 609 2683 posuit
650 2611 730 2675 ”,
765 2608 812 2663 si
854 2608 969 2678 ipse
1004 2606 1052 2638 "
1086 2613 1461 2672 sacramenta,
1509 2621 1647 2677 quae
1690 2606 2013 2675 promiserat

428 2710 626 2763 domno
658 2704 887 2775 Pippino
923 2716 1048 2772 rege
1078 2698 1125 2731 “
1146 2708 1202 2755 et
1230 2699 1426 2754 domno
1450 2697 1644 2754 Carolo
1672 2699 1945 2769 itemquae
1964 2697 2013 2732 “

429 2809 554 2866 rege
584 2793 631 2825 "
659 2807 768 2847 non
816 2788 1184 2860 adimplesset.
1221 2787 1286 2842 Et
1342 2783 1620 2843 obtestans
1674 2788 2013 2857 supradictus

430 2887 654 2950 missos,
699 2892 756 2938 ut
798 2886 1166 2937 eontestarent
1214 2877 1580 2945 Tassilonem,
1625 2887 1684 2933 ut
1710 2895 1816 2933 non
1856 2880 2015 2935 aliter

430 2975 680 3038 fecisset,
728 2971 833 3026 nisi
873 2971 929 3025 in
976 2968 1229 3024 omnibus
1264 2968 1557 3023 oboediens
1593 2965 1784 3023 fuisset
1814 2968 2012 3023 domno

430 3064 624 3121 Carolo
646 3078 773 3133 rege
793 3062 835 3093 ’⁷
863 3068 919 3115 et
948 3059 1071 3114 ﬁliis
1097 3060 1215 3114 eius
1237 3073 1301 3112 ac
1327 3059 1473 3127 genti
1493 3058 1538 3090 ‘°
1566 3057 1921 3122 Francorum,
1954 3066 2013 3112 ut

430 3171 497 3210 ne
535 3153 672 3209 forte
700 3150 980 3223 sanguinis
1001 3148 1194 3204 effusio
1218 3148 1263 3181 '°
1293 3150 1631 3220 provenisset
1655 3149 1699 3180 ’°
1735 3148 1821 3205 vel
1848 3149 2014 3205 laesio

500 3316 516 3329 '
552 3307 643 3366 [Et
659 3319 908 3360 reversus
933 3310 1016 3357 est
1032 3318 1125 3357 rex
1144 3301 1418 3366 piissimus
1434 3300 1677 3366 Carolus,
1704 3312 1758 3356 et
1774 3302 2015 3358 celebra-

430 3379 509 3434 vit
536 3359 739 3433 ﬁomae
754 3374 1108 3459 paschaﬂcur‘n
1135 3359 1333 3459 domno
1354 3359 1675 3459 apostolico.
1704 3372 1861 3459 Ecce,
1892 3381 2012 3459 o'rta

429 3458 513 3506 est
531 3440 805 3504 contentio
820 3459 915 3506 per
928 3442 1042 3498 dies
1056 3440 1223 3496 festos
1234 3442 1468 3506 paschae
1487 3442 1629 3496 inter
1647 3450 1897 3496 cantores
1912 3443 2016 3497 Ro-

432 3532 715 3576 manorum
725 3524 780 3570 et
790 3510 1085 3570 Gallorum.
1102 3510 1361 3566 Dicebant
1373 3510 1577 3565 seCalli
1592 3512 1783 3567 melius
1795 3522 2014 3569 cantare

429 3598 485 3647 et
521 3585 799 3660 pulchrius
821 3598 989 3660 quam
1019 3581 1269 3660 Romani.
1287 3581 1565 3660 _Diceban}
1594 3597 1651 3636 se
1682 3581 1909 3660 Romani
1926 3583 2015 3660 do:

429 3650 669 3716 ctissime
690 3650 988 3711 cantilenas
1001 3650 1396 3707 ecclesiasticas
1418 3650 1681 3717 proferre,
1708 3652 1849 3707 sicut
1869 3653 2013 3708 docti

432 3730 646 3786 fuerant
670 3732 901 3781 asancto
913 3722 1173 3793 Gregorio
1200 3736 1366 3793 papa:
1395 3720 1856 3793 Calloscorrupte
1884 3739 2014 3778 can.

432 3810 568 3865 tare,
580 3795 968 3865 etcantilenam
985 3792 1173 3848 sanam
1189 3792 1516 3865 destruendo
1532 3792 1845 3865 dilacerare.
1865 3794 2013 3865 Quae

431 3860 708 3925 contentio
759 3873 884 3920 ante
929 3863 1182 3934 domuum
1220 3876 1404 3934 regem
1445 3860 1704 3934 Carolum
1743 3864 2008 3934 pervenit.

431 3940 568 3996 Galli
584 3953 714 3993 vero
723 3943 945 4008 propter
955 3932 1189 4008 securita
1181 3932 1302 4008 _tem
1319 3932 1513 4008 domni_
1516 3932 1657 4003 regis
1667 3932 1844 4008 Caroli
1858 3934 2013 3989 valde

431 4001 1160 4079 exprobrabant'cantoribus
1181 4001 1458 4079 Romanis.
1478 4001 1707 4056 Romani
1733 4017 1863 4079 vero
1891 4020 2015 4074 pro-

432 4072 552 4148 pter
579 4077 953 4148 auctoritatem
986 4087 1214 4148 magnae
1242 4072 1650 4148 doctrinae__eos
1676 4072 2011 4148 εὲυιιοξίιθυ.

433 4141 596 4203 sticos
611 4156 666 4201 et
694 4145 962 4208 indoctos,
989 4141 1134 4196 velut
1157 4142 1318 4196 bruta
1345 4141 1619 4208 animalia,
1651 4141 2009 4209 afﬁrmabant,

832 4329 1217 4391 VARIANTES
1252 4332 1650 4392 LECTIONES.

506 4469 520 4500 ι
550 4463 878 4521 monasteria
913 4462 1286 4519 desolarentur
1322 4464 1375 4518 l.

435 4557 487 4594 ιι.
518 4538 631 4594 des.
659 4534 799 4590 deest
823 4535 879 4589 2.
980 4534 1001 4566 ³
1025 4541 1080 4590 et
1114 4533 1489 4589 duodecimum
1510 4534 1562 4590 5.
1658 4533 1684 4565 ³
1714 4534 1878 4589 ﬁlium
1901 4535 2006 4589 sci-

434 4610 559 4663 licet
583 4606 799 4678 p._d.l.
898 4603 919 4636 ⁸
942 4602 1264 4678 grimaldum
1296 4604 1348 4658 5.

434 4681 534 4734 bus
560 4673 687 4732 fecit
723 4676 901 4729 iurare
933 4673 1121 4729 omnes
1152 4675 1550 4729 beneventanos
1588 4688 1694 4727 una
1717 4687 1839 4727 cum
1872 4673 2008 4728 duce

433 4757 488 4803 et
513 4760 762 4802 reversus
789 4746 839 4798 l.
935 4744 955 4776 τ
988 4742 1264 4798 romaldus
1290 4742 1428 4811 5.76.
1524 4743 1549 4811 γε
1567 4741 1840 4811 piissimus
1868 4742 2009 4797 deest

437 4820 488 4873 7.
556 4818 588 4865 .9
618 4815 741 4870 misi
770 4813 822 4867 5.
901 4813 943 4844 "
965 4812 1238 4867 tassilonis
1261 4812 1313 4865 1.
1345 4810 1400 4867 5.
1427 4810 1480 4865 6.
1521 4810 1572 4863 7.
1651 4811 1690 4841 “
1713 4810 2009 4867 hunriehus

436 4889 602 4945 abbas
627 4893 688 4939 ut
708 4890 972 4955 ponerent
992 4880 1343 4955 apostolicum
1373 4881 1461 4955 l.__
1500 4880 1543 4912 “
1566 4880 1704 4955 abba
1738 4880 2011 4955 petierunt

435 4964 483 5011 ἰ.
563 4956 605 4989 ¹³
635 4949 951 5010 terminaret
993 4949 1047 5005 1.
1099 4951 1151 5006 5.
1187 4950 1241 5005 6.
1278 4950 1331 5004 7.
1395 4949 1471 5021 _“
1494 4949 1815 5021 postulando
1861 4951 1914 5006 6.
1952 4953 2003 5007 7.

433 5026 705 5096 precando
726 5024 811 5096 1.
871 5021 1148 5096 υἷι-θεῖα.
1178 5035 1357 5096 regem
1388 5019 1560 5096 Lg“
1587 5022 1826 5096 potuisse
1862 5022 1914 5096 1.
1951 5023 2004 5096 6.

436 5089 487 5151 7.
581 5098 623 5129 "
667 5093 849 5149 missis
892 5089 1119 5147 dicendo
1160 5089 1286 5159 quia
1323 5090 1374 5143 7.
1455 5089 1497 5122 ¹⁸
1532 5092 1648 5146 ausi
1684 5092 1734 5145 i.
1771 5092 1824 5147 5.
1870 5091 1921 5146 6.
1952 5093 2003 5147 7.

439 5167 478 5198 "
505 5165 909 5223 instabilitatem
949 5159 1185 5217 mandati
1218 5160 1267 5213 l.
1344 5161 1388 5191 ’⁸³
1412 5160 1693 5217 mendacio
1724 5162 1776 5214 7.
1852 5163 1894 5193 ’³
1919 5177 2010 5217 su-

434 5251 530 5305 pra
555 5238 755 5292 dictum
793 5235 986 5305 ducem
1034 5232 1110 5305 7._
1161 5231 1205 5262 "
1242 5230 1607 5305 supradictum
1648 5230 1843 5305 ducem
1869 5247 2011 5305 cum

436 5299 810 5363 consentaneis
834 5304 950 5361 suis
970 5299 1323 5358 anathemate
1340 5299 1483 5371 fer-iit
1520 5301 1601 5371 l._
1646 5301 1692 5332 “
1717 5300 1833 5371 ipsa
1860 5302 1912 5371 1.
1952 5303 2006 5357 7.

439 5375 485 5446 ἓξ
517 5375 631 5446 regi
677 5374 834 5446 με,
986 5373 1055 5446 7.
1152 5371 1199 5405 ⁸⁸
1241 5370 1447 5446 iten_17_.
1559 5369 1757 5446 ’ξηςρ
1788 5372 1839 5425 1.

438 5445 480 5515 ξ’
509 5439 620 5515 regi
645 5450 695 5515 _l_.
723 5443 776 5499 5.
803 5443 856 5515 6.
886 5444 964 5515 Ἰ.-
1014 5440 1061 5474 ’⁸
1080 5448 1137 5498 et
1161 5442 1304 5515 genti
1333 5439 1544 5515 ’ζάθεοι
1571 5440 1622 5497 1.
1697 5439 1742 5474 ⁵⁹
1768 5440 2010 5514 profusio

440 5513 490 5570 1.
517 5512 593 5568 7.’
641 5513 685 5545 ³ο
715 5513 923 5569 veniret
946 5513 995 5567 1.
1032 5514 1341 5581 proveniret
1364 5512 1416 5566 7.

1500 4465 1520 4494 ²
1540 4472 1595 4520 et
1623 4464 1788 4565 episc.
1820 4465 1906 4520 vel
1929 4480 2002 4519 ιιι.

1513 4534 1543 4565 ιι
1714 4534 1878 4565 Ml...“
1903 4535 2002 4565 ο..ιά

1448 4604 1469 4635 ⁸
1507 4603 1743 4672 acceptis
1770 4604 2008 4658 muneri-
2074 4659 2085 4669 ,

2118 1780 2405 1836 Franciam
2444 1796 2696 1838 reversus
2731 1791 2834 1838 est.
2866 1783 2935 1837 Et
2980 1798 3101 1838 cum
3125 1794 3351 1840 uxorem
3371 1800 3524 1840 suam
3572 1784 3705 1842 Fas-

2117 1871 2326 1925 tradam
2344 1869 2589 1940 ﬁliosque
2619 1888 2685 1927 ac
2708 1871 2846 1926 ﬁlias
2864 1882 2921 1927 et
2944 1887 3161 1928 omnem
3176 1874 3511 1942 comitatum,
3535 1892 3700 1946 quem

2112 1960 2254 2030 apud
2280 1975 2374 2015 eos
2397 1961 2696 2028 dimiserat,
2742 1962 3089 2019 Wormaciaé
3129 1963 3443 2030 invenisset,
3468 1980 3702 2037 genera-

2116 2049 2221 2105 lcm
2244 2051 2426 2120 populi
2452 2051 2534 2107 sui
2563 2061 2886 2108 conventum
2910 2055 2984 2109 ibi
3012 2054 3213 2111 habere
3237 2057 3447 2111 statuit.
3469 2058 3528 2112 ιιι
3554 2059 3701 2128 quo‘

2114 2158 2238 2196 cum
2295 2145 2499 2209 omnia,
2528 2161 2667 2215 quae
2717 2146 2770 2201 in
2821 2147 2976 2201 [talia
3013 2158 3290 2219 gesserat,
3328 2166 3513 2209 coram
3555 2155 3702 2224 apti-

2115 2236 2351 2291 matibus
2398 2237 2509 2292 suis
2539 2241 2808 2295 narrando
2847 2253 3348 2308 commemorasset,
3391 2254 3447 2301 et
3477 2246 3549 2301 ad
3594 2261 3695 2302 ex—

2114 2336 2347 2383 tremum
2377 2329 2442 2383 de
2468 2328 2661 2399 legatis
2690 2329 3007 2395 Tassilonis,
3044 2333 3137 2403 qui
3180 2335 3248 2389 ad
3280 2350 3338 2389 se
3370 2334 3572 2392 Romae
3605 2353 3672 2392 ve

2115 2428 2327 2482 nerant,
2369 2420 2573 2475 mentio
2632 2420 2773 2476 facta
2821 2420 3030 2485 fuisset,
3076 2424 3196 2478 iniit
3236 2418 3262 2455 ’⁸
3307 2425 3596 2481 consilium
3638 2439 3701 2482 ut

2112 2512 2475 2582 experiretur,
2505 2514 2636 2584 quid
2660 2513 2872 2569 Tassilo
2912 2514 2980 2570 de
3008 2516 3277 2586 promissa
3308 2517 3411 2573 sibi
3438 2517 3701 2575 ﬁdelitate

2116 2606 2293 2659 leeere
2317 2605 2359 2635 ¹⁰
2399 2605 2580 2670 vellet,
2627 2614 3063 2676 eongregatoque
3108 2608 3311 2679 ingenti
3337 2610 3583 2665 exercitu
3623 2620 3700 2666 at»

2112 2710 2218 2765 que
2247 2694 2301 2749 in
2323 2702 2433 2750 tres
2455 2705 2609 2766 parte
2633 2697 2825 2762 diviso,
2857 2696 3217 2753 Baioariam“
3254 2709 3444 2769 petere
3486 2703 3696 2756 consti-

2115 2789 2235 2843 tuit.
2267 2788 2511 2858 Cumque
2537 2787 2825 2858 Pippinum
2854 2789 3023 2844 ﬁlium
3049 2807 3172 2845 cum
3192 2791 3398 2848 Italicis
3432 2793 3605 2864 copiis
3642 2794 3696 2849 in

2114 2873 2497 2932 Tredentinam
2522 2878 2569 2908 “
2597 2877 2791 2933 vallem
2832 2879 3021 2934 venire
3064 2875 3340 2947 iussisset,
3395 2883 3698 2938 orientales

2113 2982 2328 3039 quoque
2345 2968 2542 3024 Franci
2565 2983 2630 3024 ac
2658 2968 2926 3036 Saxones,
2959 2978 3020 3026 ut
3038 2971 3171 3027 iussi
3202 2971 3435 3036 fuerant,
3478 2975 3549 3028 ad
3590 2974 3698 3029 Da-

2113 3058 2335 3113 nubium
2375 3057 2428 3111 in
2496 3058 2614 3116 loco
2683 3059 2777 3129 qui
2846 3060 3193 3132 Pferinga'"
3237 3072 3465 3117 vocatur
3512 3078 3699 3120 acces-

2112 3148 2333 3215 sissent,
2361 3149 2477 3218 ipse
2525 3165 2650 3205 cum
2692 3153 2937 3207 exercitu
2998 3168 3161 3222 quem
3200 3170 3385 3209 secum
3423 3157 3697 3222 duxerat,

2112 3259 2273 3313 super
2321 3243 2559 3301 Lecbum
2604 3245 2848 3311 ﬂuvium,
2888 3249 2980 3318 qui
3032 3248 3363 3306 Alamannos
3406 3261 3460 3307 et
3502 3253 3697 3308 Baioa-

2114 3335 2222 3391 rios
2249 3335 2451 3390 dirimit
2481 3337 2545 3403 ίδ,
2573 3338 2628 3392 in
2659 3336 2935 3409 Augustae
2964 3340 3200 3396 civitatis
3222 3342 3536 3399 suburbano
3562 3360 3695 3401 con-

2112 3424 2273 3491 sedit,
2293 3426 2414 3482 inde
2433 3425 2736 3482 Baioariam
2776 3444 2901 3483 cum
2943 3439 3054 3484 tam
3089 3430 3264 3485 valida
3295 3448 3457 3486 manu
3498 3434 3693 3502 procul

2111 3515 2276 3573 dubio
2296 3518 2584 3585 petiturus,
2614 3520 2718 3575 nisi
2750 3521 2961 3577 Tassilo
2989 3524 3094 3578 sibi
3122 3540 3185 3580 ac
3230 3527 3427 3595 populo
3473 3543 3574 3583 suo
3617 3529 3690 3584 ad

2111 3623 2292 3679 regem
2316 3611 2582 3666 veniendo
2608 3612 2913 3668 consuleret
2947 3615 3011 3668 “’.
3045 3615 3180 3671 Nam
3229 3616 3415 3673 videns
3439 3635 3499 3673 se
3529 3622 3692 3677 undi.

2112 3714 2217 3771 que
2243 3700 2682 3769 circumsessum,
2698 3705 2848 3758 venit
2868 3707 3114 3777 supplex,
3154 3724 3218 3763 ac
3242 3711 3450 3764 veniam
3474 3711 3542 3766 de
3564 3722 3693 3768 ante

2112 3791 2277 3861 gestis
2300 3792 2403 3846 sibi
2428 3793 2545 3847 dari
2578 3793 2893 3862 deprecatus
2944 3797 2985 3827 "
3012 3806 3114 3853 est.
3143 3798 3250 3854 Sed
3286 3808 3341 3854 et
3388 3815 3506 3866 rex,
3551 3802 3694 3857 sicut

2112 3894 2229 3940 erat
2254 3893 2446 3939 natura
2475 3885 2815 3954 mitissimus,
2857 3890 3085 3959 supplici
3130 3908 3192 3947 ac
3242 3892 3553 3963 deprecanti
3598 3910 3692 3964 pe-

2111 3976 2307 4045 percit,
2338 3978 2682 4048 acceptisque
2709 3979 2777 4033 ab
2818 3995 2884 4033 eo
2920 3989 3136 4048 praeter
3177 3981 3344 4037 ﬁlium
3374 3984 3490 4041 eius
3513 3984 3693 4041 Theo.
3732 4027 3742 4032 -

2112 4066 2305 4122 donem
2346 4067 2489 4133 aliis,
2513 4084 2651 4137 quos
2698 4069 2813 4139 ipse
2855 4071 3143 4141 imperavit
3174 4073 3236 4139 ³⁷,
3269 4074 3549 4130 duodecim
3592 4078 3693 4133 ob-

2112 4156 2340 4223 sidibus,
2374 4166 2424 4212 et
2455 4159 2651 4228 populo
2684 4168 2861 4216 terrae
2908 4177 3006 4231 per
3028 4175 3394 4230 sacramenta
3425 4165 3647 4223 ﬁrmato
3674 4211 3693 4234 ,

2112 4248 2167 4301 in
2196 4247 2478 4304 Franciam
2518 4266 2769 4306 reversus
2790 4265 2891 4308 est.
2924 4255 2991 4308 Et
3033 4255 3089 4309 in
3119 4257 3429 4313 suisurl’ano
3470 4257 3664 4330 Mogon

2034 4352 2086 4413 ι)
2114 4338 2350 4395 tiacense
2376 4340 2441 4406 ¹⁸,
2470 4340 2522 4395 in
2547 4341 2672 4395 villa
2692 4358 2829 4410 quae
2855 4353 3078 4399 vocatur
3098 4345 3454 4417 Ingilunheim
3478 4348 3693 4418 ",quia

2501 4748 2891 4806 VARIANTES
2928 4753 3326 4809 LECTIONES.

2186 4885 2321 4960 {sed
2344 4884 2527 4960 sedula
2556 4885 2843 4960 admodum
2870 4888 2923 4942 9.
2978 4888 3022 4960 *³
3050 4888 3265 4960 quando
3289 4889 3342 4960 5.
3359 4889 3411 4943 9.
3490 4891 3511 4922 ⁸
3535 4892 3693 4960 pacis

2111 4953 2235 5010 L5.
2251 4955 2305 5010 9.
2382 4952 2627 5010 "futuros
2657 4958 2707 5009 1.
2785 4957 2806 4988 ⁸
2829 4973 2885 5011 ιι.
2914 4958 3028 5015 ῐ).7.
3069 4952 3083 4957 ’
3106 4958 3127 4989 ⁸
3156 4958 3296 5011 deest
3320 4959 3372 5015 9.
3450 4960 3470 4991 "
3494 4952 3691 5015 salutis

2114 5025 2167 5079 1.
2270 5025 2423 5099 ‘_qu_a
2452 5024 2548 5099 9..Δ
2596 5026 2625 5099 _’
2654 5026 2809 5099 inivit
2833 5026 2886 5082 5.
2915 5024 2970 5083 9.
3049 5028 3091 5059 ⁸ο
3123 5029 3385 5097 promissa
3412 5029 3515 5084 ﬁde
3535 5045 3691 5099 prae-

2115 5095 2343 5167 stareg5.
2378 5096 2438 5167 9.
2510 5096 2553 5167 ίξ
2595 5095 2889 5167 baioariam
2934 5107 3097 5167 atque
3123 5095 3320 5167 ‘ipsum
3371 5095 3682 5156 tassilonem

2115 5165 2171 5240 9.
2232 5165 2685 5240 __“_tride_ntinam
2713 5166 2781 5240 5.
2829 5166 2883 5221 5.
2916 5168 2975 5240 6.
2998 5165 3047 5222 7.
3077 5167 3130 5222 9.
3166 5165 3251 5240 ί²³
3306 5167 3512 5240 feringa
3539 5168 3591 5223 ὅ.
3626 5169 3681 5224 6.

2119 5236 2163 5309 ξι
2204 5233 2404 5309 dividit
2449 5233 2501 5288 5.
2551 5234 2604 5309 9.
2709 5236 2754 5309 “f
2793 5239 3155 5294 consuluisset
3188 5238 3239 5293 7.
3288 5308 3291 5309 ν
3340 5239 3384 5270 ⁸⁸
3432 5233 3685 5309 precatus

2116 5304 2271 5408 is".
2332 5305 2372 5338 "
2392 5306 3027 5408 .l“‘:§.iﬁiﬁ.3£?:§at“
3041 5304 3681 5408 festinemus:

2113 5383 2200 5430 rat
2236 5374 2291 5429 5.
2392 5374 2435 5408 ⁸⁸
2486 5374 2908 5447 mogontiacensi
2954 5378 3008 5432 7.
3041 5379 3095 5434 9.
3146 5374 3588 5450 magonciacense
3620 5378 3679 5431 5.

2111 5445 2488 5529 magontiense
2531 5445 2600 5529 ι..
2653 5446 2763 5529 Δί’.
2803 5447 3175 5529 ingilumheim
3212 5448 3267 5504 2.
3306 5447 3682 5521 ingillunbeim

2112 5513 2167 5568 5.
2198 5513 2534 5586 ingilinheim
2571 5515 2625 5571 4.
2650 5514 2702 5571 6.
2731 5516 2781 5570 7.
2814 5513 3197 5588 ingelbeim.9.
