3986 6174
231 223 331 278 δεῖν

717 346 951 386 Ακκλιεε
985 346 1293 388 εοικιιιιιιιιι.

225 430 297 484 ibi
327 427 682 488 hiemaverat,
724 431 779 478 et
808 423 1042 478 natalem
1082 424 1291 478 Domini
1330 431 1382 476 ct
1424 424 1623 493 pascha
1668 424 1802 477 cele-

224 520 418 576 bravit.

224 660 277 705 et
302 649 602 705 doctrinam
634 648 805 719 sancti
834 643 1080 719 Gregorii
1108 646 1484 717 praeferebant
1514 646 1804 719 rusticitati

225 735 424 776 eorum.
460 719 529 773 Et
555 733 681 772 cum
705 716 985 772 altercatio
1014 717 1080 771 de
1111 725 1298 770 neutra
1322 725 1477 786 parte
1504 716 1703 782 ﬁniret,
1728 717 1805 770 ait

226 792 448 859 domnus
474 788 750 859 piissimus
772 802 868 859 rex
897 787 1121 841 Carolus
1148 786 1214 859 ad
1243 802 1371 859 suos
1390 798 1641 859 cantores
1668 804 1682 840 :
1716 786 1807 859 Di-

226 862 316 915 cite
340 856 542 932 palam,
567 858 684 932 quis
703 858 899 932 purior
917 865 1065 932 est_et
1098 857 1213 927 quis
1237 856 1439 932 melior,
1463 866 1557 910 aut
1584 857 1702 932 fons
1732 858 1806 910 vi-

228 926 455 993 rus,‘aut
484 926 639 982 rivali
667 926 778 980 eius
808 926 957 996 longe
981 927 1309 980 decurrentes
1336 927 1360 979 1’
1392 926 1808 996 Responderunt

227 1014 405 1056 omnes
437 1013 545 1052 una
571 1012 703 1052 voce
753 996 989 1062 fontem,
1035 996 1179 1050 velut
1214 1004 1375 1065 caput
1418 1005 1474 1050 et
1518 997 1800 1067 originem,

258 1070 494 1128 nriorem
522 1081 682 1130 esse;
715 1067 917 1121 rivulos
943 1076 1122 1121 autem
1145 1067 1281 1136 eius,
1316 1075 1520 1135 quanto
1540 1067 1750 1136 longius
1772 1082 1804 1120 a

258 1085 494 1128 nnorem
522 1085 682 1130 esse;
715 1085 917 1121 l'lVlllOS
943 1085 1122 1121 autem
1145 1085 1281 1130 eius,
1316 1085 1520 1135 quanto
1542 1085 1750 1136 longius
1772 1085 1804 1120 a

224 1085 366 1195 fonte
403 1137 761 1202 recesserint,
798 1145 947 1191 tanto
992 1135 1335 1190 turbulentos
1378 1144 1434 1190 et
1465 1137 1715 1191 sordibus
1740 1152 1805 1191 ac

226 1208 577 1278 immunditiis
618 1216 922 1278 corruptos.
960 1206 1025 1260 Et
1048 1208 1124 1260 ait
1154 1206 1383 1278 domnus
1409 1220 1509 1278 rex
1537 1205 1761 1278 Carolus
1788 1220 1802 1259 :

227 1276 560 1332 Revertimini
582 1293 671 1347 eos
701 1273 993 1347 ad'foutem
1012 1273 1455 1347 sancliﬂregorii,
1484 1277 1608 1347 quin
1636 1278 1807 1331 mani-

226 1347 348 1416 feste
376 1346 687 1417 corrupisti:
728 1344 1043 1417 cantilenam
1088 1344 1510 1417 ecclesiasticam;
1558 1345 1679 1401 Mox
1714 1362 1807 1415 pe-

227 1414 306 1471 tiit
331 1414 567 1472 domnus
598 1431 692 1470 rex
728 1416 953 1472 Carolus
992 1416 1062 1469 ab
1098 1414 1335 1470 Adriano
1368 1430 1513 1486 papa,
1531 1414 1802 1481 cantores,

227 1488 311 1555 qui
339 1486 631 1542 Franciam
666 1490 1003 1557 corrigcrcnt
1044 1486 1316 1557 deicantu.
1361 1485 1552 1557 Atille
1580 1487 1728 1557 dedit
1754 1487 1804 1541 ei

228 1557 569 1612 Theodorum
607 1566 663 1611 et
698 1556 1080 1618 Benedictum,
1116 1556 1390 1610 Romanae
1421 1556 1680 1611 ecclesiae
1714 1557 1808 1612 do-

229 1628 496 1682 ctissimos
521 1637 791 1691 cantores,
822 1628 914 1695 qui
940 1643 967 1681 a
992 1636 1183 1682 sancto
1198 1624 1456 1695 Gregorio
1467 1625 1665 1680 eruditi
1691 1625 1806 1682 fue.

233 1707 385 1751 rant:
430 1698 729 1767 tribuitque
750 1694 1350 1767 antiphonariosisancti
1381 1694 1647 1765 Gregorii,
1676 1712 1811 1767 quos

233 1767 338 1838 ipse
367 1765 656 1823 notaverat
682 1765 1109 1838 notaRomana.
1154 1766 1393 1838 Domnus
1421 1780 1551 1820 vero
1576 1780 1672 1820 rex
1693 1765 1810 1822 VCa-

233 1836 369 1893 ruins
397 1846 682 1892 revertens
711 1837 767 1891 in
798 1836 1101 1897 Franciam,
1150 1836 1297 1890 misit
1336 1851 1501 1890 unum
1528 1845 1808 1891 cautorem

234 1908 280 1961 in
321 1908 482 1962 Metis
530 1908 784 1970 civitate,
839 1907 1067 1962 alterum
1113 1905 1166 1959 in
1217 1905 1527 1960 Suessionis
1568 1907 1806 1972 civitate,

232 1979 565 2047 praecipiens
594 1978 662 2033 de
705 1978 955 2032 onmihus
989 1976 1298 2048 civitatibus
1340 1976 1601 2048 Franciae
1634 1978 1807 2048 magi-

232 2058 363 2129 stros
386 2046 615 2129 scholae
648 2046 1173 2129 .autiphonarioseis
1200 2046 1676 2129 adncorrigendum
1701 2046 1810 2103 tra-

233 2120 383 2180 dere,
421 2118 573 2172 etab
613 2118 693 2189 eis
735 2114 943 2173 discere
968 2124 1209 2172 cantare.
1258 2114 1498 2189 Correc‘ti
1530 2125 1655 2170 sunt
1679 2131 1810 2189 ergo

232 2188 988 2271 antiphonarii‘li‘rancorum,
1033 2202 1172 2256 quos
1185 2188 1567 2271 ‘unusquisque
1581 2202 1694 2271 Apro
1723 2188 1810 2242 ar-

232 2255 385 2313 bitrio
412 2273 516 2313 suo
544 2258 850 2323 vitiaverat,
880 2255 1084 2313 addens
1115 2255 1203 2311 vel
1234 2255 1515 2311 minuens:
1544 2265 1600 2312 et
1622 2272 1811 2313 omnes

232 2327 491 2383 Franciae
512 2338 764 2383 cantores
785 2328 1090 2398 didicerunt
1107 2334 1289 2382 notam
1305 2327 1622 2392 Romanam,
1650 2343 1811 2398 quam

233 2414 364 2453 nunc
399 2407 599 2455 vocant
631 2408 814 2452 notam
842 2397 1188 2467 Frauciscam
1213 2412 1229 2461 ;
1250 2466 1255 2467 γ
1276 2405 1503 2467 excepto
1539 2397 1684 2467 quod
1710 2407 1815 2453 tre-

232 2469 398 2524 mulas
431 2469 520 2522 vel
544 2468 796 2524 vinnulas
830 2479 879 2533 ⁸,
924 2468 1039 2522 sive
1075 2465 1383 2522 collisibiles
1414 2465 1506 2521 'vel
1553 2465 1814 2524 secabiles

232 2553 382 2593 voces
430 2540 489 2593 in
536 2548 701 2593 cantu
761 2553 868 2593 non
912 2547 1161 2607 poterant
1216 2536 1457 2607 perfecte
1507 2538 1813 2606 exprimere

232 2607 443 2674 Franci,
496 2609 733 2663 naturali
770 2605 1234 2664 voce—barbarica
1259 2605 1592 2678 frangentes
1613 2608 1670 2662 in
1693 2617 1815 2678 gut-

232 2687 340 2732 ture
365 2695 537 2734 voces
583 2679 763 2749 potius
789 2694 953 2749 quam
995 2676 1404 2801 exﬁrimentes.‘
1436 2676 1606 2733 Maius
1632 2676 1812 2733 autem

234 2749 602 2801 magisterium
650 2749 900 2801 cantandi
945 2749 999 2801 in
1101 2747 1203 2801 etis
1248 2747 1467 2801 civitate
1510 2749 1808 2801 remansit:

234 2747 602 2818 magisterium
650 2747 900 2803 cantandi
945 2749 999 2803 in
1050 2747 1203 2802 Metis
1248 2747 1467 2805 civitate
1510 2749 1808 2818 remansit:

232 2817 603 2889 quantumque
631 2819 995 2889 magisterium
1023 2819 1325 2889 Ruinanum
1348 2827 1566 2889 superat
1580 2817 1815 2874 Metense

233 2888 281 2940 in
304 2899 424 2944 arte
456 2888 786 2952 cantilenae,
833 2897 984 2943 tanto
1009 2896 1228 2958 superat
1266 2888 1518 2942 Metensis
1545 2889 1813 2958 cantilena

234 2968 436 3015 releras
468 2959 689 3015 scholas
711 2959 1006 3015 Gallorum.
1063 2957 1326 3014 Similiter
1349 2958 1669 3014 erudierunt
1707 2957 1818 3014 llo-

237 3030 365 3084 mani
392 3041 654 3086 cantores
677 3029 970 3099 supradicti
998 3028 1598 3099 cantoreslt'rancorum
1622 3027 1675 3099 in
1701 3039 1819 3085 arte

236 3101 547 3167 orgauandi.
606 3099 672 3153 Et
710 3097 938 3153 domnus
974 3114 1071 3153 rex
1108 3097 1334 3153 Carolus
1362 3100 1556 3153 iterum
1586 3112 1617 3151 a
1645 3098 1815 3154 Roma

236 3172 356 3224 artis
386 3170 787 3240 grammaticae
824 3177 878 3223 et
938 3169 1368 3239 compulatoriae
1401 3169 1687 3240 magistros
1728 3184 1818 3225 se-

238 3256 348 3294 cum
373 3238 610 3295 allduxit
635 3240 689 3294 iu
718 3238 1026 3304 Franciam,
1062 3238 1118 3294 et
1150 3240 1348 3308 ubique
1374 3239 1610 3294 studium
1636 3238 1819 3294 litera-

240 3326 346 3365 ruin
392 3310 707 3381 expandere
742 3310 951 3381 iussita
974 3310 1114 3381 Ante
1168 3310 1346 3381 ipsum
1387 3310 1535 3381 enim
1562 3310 1815 3381 domuum

241 3395 406 3450 regem
464 3378 733 3435 'Carolum
810 3381 864 3434 in
923 3378 1094 3434 Gallia
1159 3380 1363 3434 nullum
1418 3379 1652 3450 studium
1707 3379 1820 3435 fue-

242 3449 316 3503 rat
343 3451 656 3505 liberalium
707 3450 923 3504 artium.
981 3450 1085 3506 Per
1114 3451 1259 3520 ipsos
1302 3450 1419 3504 dies
1454 3449 1687 3520 paschae
1727 3465 1817 3504 ve-

242 3530 423 3576 nerunt
460 3521 695 3590 Romam
724 3521 792 3575 ad
829 3522 1093 3575 domnum-
1108 3519 1406 3590 piissimum
1447 3534 1624 3589 regem
1654 3519 1820 3575 Caro-

242 3591 338 3645 lum
377 3591 536 3647 missi
568 3589 865 3646 Tassilonis
894 3592 1080 3654 ducis,
1111 3589 1321 3646 etc.....
1382 3589 1477 3645 His
1512 3590 1694 3645 verbis
1726 3605 1819 3644 ex-

245 3660 389 3728 pletis
414 3702 430 3726 ,
482 3660 638 3715 missi
679 3660 974 3716 Tassilonis
1016 3661 1246 3716 absoluti
1296 3669 1439 3715 sunt.
1482 3660 1632 3714 Tunc
1659 3658 1709 3712 iu
1738 3659 1819 3713 in—

248 3731 404 3785 vicem
443 3731 553 3785 sibi
599 3730 829 3785 domnus
873 3732 1197 3800 apostolicus
1233 3739 1289 3785 et
1316 3730 1543 3785 domnus
1581 3745 1675 3784 rex
1706 3729 1819 3799 glo-

247 3801 408 3855 riosus
434 3800 671 3857 Carolus
695 3803 813 3856 vale
840 3800 1082 3856 dicentes
1098 3842 1112 3866 ,
1142 3800 1518 3870 benedictione
1542 3809 1818 3870 assumpta

244 3880 291 3922 et
315 3873 564 3926 oratione
592 3879 834 3941 peracta,
880 3872 934 3926 in
960 3871 1245 3927 Franciam
1286 3885 1409 3941 cum
1436 3869 1606 3941 gloria
1640 3869 1819 3924 rever-

244 3956 327 3995 sus
351 3950 466 4006 est,
527 3940 797 3996 adducens
839 3956 1023 3999 secum
1072 3951 1320 3997 cantores
1356 3940 1723 3996 Romanorum
1764 3948 1820 3994 et

244 4010 622 4076 grammaticos
648 4011 1025 4081 peritissimos,
1056 4022 1111 4065 et
1136 4010 1506 4066 calculatores.
1542 4008 1821 4064 Pervenit-

243 4094 339 4146 que
360 4081 504 4135 idem
535 4081 850 4136 mitissimus
883 4096 977 4135 rex
1007 4081 1232 4137 Carolus
1260 4082 1327 4136 ad
1354 4081 1638 4145 coniugem
1667 4094 1818 4133 suam

244 4152 487 4222 domitam
515 4150 836 4222 Fastradam
866 4153 1106 4222 reginam
1126 4221 1129 4222 ν
1153 4152 1208 4205 in
1250 4151 1471 4222 civitate
1502 4149 1817 4222 Warmatia,

244 4228 295 4271 ct
317 4219 386 4292 ibi
412 4220 742 4292 adginviccm
772 4218 953 4292 gavisi
971 4229 1097 4277 sunt
1122 4221 1473 4292 laetiﬁcantes
1510 4234 1575 4275 ac
1600 4218 1696 4274 Dei
1722 4220 1822 4275 iiii-

246 4289 591 4344 sericordiam
619 4289 1025 4346 conlaiidantes.
1061 4290 1173 4362 ‘11.]

1293 220 1435 277 CUM
1475 212 2066 275 LAURlSSENSlBUS
2106 214 2420 275 COLLA'I'I.

3373 230 3480 286 ὂεο

2350 351 2478 391 ΔΝΝΑ
2486 351 2579 391 LES
2614 352 2676 390 ιΑ
2685 352 2713 392 υ
2722 352 3012 394 κιςδεκδεε.

1907 434 2085 479 terrae
2115 422 2255 480 illius
2281 444 2295 491 ;
2334 428 2456 481 etsi
2484 428 2599 497 ipse
2642 428 2748 483 dux
2786 431 2800 460 ¹
2826 430 3089 487 obdurato
3111 437 3271 491 corde
3300 436 3483 497 verbis

1905 516 2198 584 supradicti
2238 517 2528 587 apostolica
2562 520 2583 549 ¹
2628 520 2847 574 minime
2889 521 3142 578 oboedire
3200 521 3480 597 voluisset,

1906 614 2034 660 tunc
2055 606 2283 662 domnus
2304 607 2526 663 Carolus
2547 624 2643 663 rex
2674 619 2727 664 et
2760 626 2857 665 suo
2886 613 2907 644 ³
2933 616 3205 671 exercitus
3246 618 3481 677 absoluti

1906 694 2135 752 fuissent
2174 698 2243 753 ab
2282 700 2430 753 omni
2473 700 2712 769 periculo
2753 702 2993 770 peccati,
3038 713 3094 757 et
3129 706 3384 777 quicquid
3426 700 3481 764 in

1906 788 2011 843 ista
2040 786 2061 819 ⁸
2090 798 2235 843 terra
2260 788 2461 844 factum
2498 790 2782 845 eveniebat
2809 791 2829 821 ⁸
2870 791 2923 846 in
2972 793 3284 861 incendiis“,
3308 806 3401 853 aut
3429 791 3483 854 in

1906 878 2209 933 homicidiis
2234 919 2248 943 ,
2299 878 2381 934 vel
2416 880 2472 933 in
2517 879 2905 951 qualecumque
2938 883 2958 913 '
2989 883 3198 939 malicia
3223 925 3241 951 ,
3276 895 3338 941 ut
3378 889 3487 944 hoc

1907 985 2068 1039 super
2102 968 2442 1037 Tassilonem
2467 972 2489 1002 ⁸
2524 979 2579 1026 et
2613 972 2732 1026 eius
2785 978 3160 1033 consentaneis
3191 976 3213 1009 ⁸
3270 982 3485 1037 evenis-

1906 1070 2008 1125 set,
2045 1067 2102 1114 et
2121 1061 2349 1115 domnus
2377 1076 2474 1116 rex
2500 1061 2726 1117 Carolus
2747 1079 2811 1119 ac
2847 1064 3073 1122 Francis
3113 1068 3154 1101 ¹⁰
3187 1070 3390 1128 innoxii
3416 1075 3488 1130 ab

1905 1151 2053 1208 omni
2092 1154 2248 1223 culpa
2282 1155 2476 1210 exinde
2520 1156 2962 1225 permansisseut.
3013 1160 3157 1218 Haec
3191 1166 3355 1222 verba
3388 1182 3488 1224 ex-

1905 1244 2076 1315 pleta,
2116 1246 2266 1301 missi
2303 1245 2569 1302 Tassiloni
2610 1243 2652 1279 ’ί
2692 1249 2922 1305 absoluti
2954 1261 3099 1308 sunt.
3156 1256 3223 1310 Et
3262 1266 3393 1313 tunc
3431 1259 3489 1314 in

1907 1338 2139 1392 invicem
2178 1338 2283 1393 sibi
2332 1338 2563 1393 domnus
2603 1340 2928 1410 apostolicus
2969 1343 3145 1413 adque
3186 1348 3229 1377 “
3259 1349 3492 1407 domnus

1907 1422 2173 1501 gloriosus
2204 1445 2298 1485 rex
2320 1428 2545 1486 Carolus
2572 1431 2937 1489 valedicentes
2957 1476 2971 1498 ,
2994 1434 3366 1496 benedictione
3390 1442 3490 1497 ad-

1908 1528 2140 1591 sumpta,
2168 1520 2415 1576 oratione
2445 1529 2683 1591 peracta,
2711 1522 2993 1580 Franciam
3018 1522 3301 1585 iamdictus
3333 1546 3493 1603 prae-

1909 1609 2324 1665 cellentissimus
2375 1625 2469 1665 rex
2513 1624 2767 1667 reversus
2812 1620 2915 1667 est.
2970 1614 3038 1668 Et
3068 1618 3313 1685 pervenit
3348 1619 3492 1675 idem

1837 1700 1884 1759 B
1916 1698 1959 1735 "
1976 1702 2294 1758 mitissimus
2314 1715 2409 1757 rex
2435 1704 2502 1758 ad
2527 1704 2812 1775 coniugem
2834 1720 2989 1760 suam
3011 1708 3260 1764 domnam
3281 1710 3474 1767 Fastra

1911 1794 2107 1849 danem
2155 1792 2200 1826 ιδ
2241 1796 2479 1866 reginam
2525 1796 2578 1850 in
2621 1797 2844 1853 civitate
2871 1797 3207 1855 Wormatia:
3246 1813 3303 1859 et
3328 1802 3400 1857 ibi
3427 1805 3495 1859 ad

1912 1884 2144 1940 invicem
2179 1887 2473 1957 gaudentes
2522 1896 2578 1942 et
2615 1886 2999 1955 laetiﬁcantes,
3044 1908 3110 1948 ac
3140 1890 3236 1949 Dei
3280 1895 3496 1951 miseri-

1911 1978 2097 2033 cordia
2125 1978 2169 2010 ³⁸
2192 1977 2608 2044 coulaudentes,
2658 1980 2905 2036 sinodum
2932 1997 3165 2054 namque
3193 1984 3236 2017 “
3271 2001 3497 2058 congre-

1912 2069 2059 2138 gavit
2103 2070 2508 2140 suprascriptus
2538 2071 2767 2126 domnus
2814 2087 2910 2128 rex
2946 2074 3013 2129 ad
3039 2075 3268 2132 eandem
3301 2078 3494 2134 civita-

1916 2170 2043 2221 tem,
2073 2160 2446 2217 sacerdotibus
2472 2163 2583 2217 suis
2608 2172 2662 2217 ct
2692 2158 2811 2219 aliis
2836 2160 3186 2224 obtimatibus
3207 2171 3495 2234 nuntiavit,

1912 2254 2146 2325 qualiter
2180 2256 2362 2309 omnia
2399 2256 2452 2309 in
2494 2255 2689 2311 itinere
2718 2272 2817 2312 suo
2841 2261 3256 2329 peragebantur,
3295 2272 3496 2317 etcum

1914 2346 2150 2400 venisset
2181 2345 2248 2399 ad
2273 2345 2418 2400 hunc
2460 2342 2637 2401 locum
2681 2347 2747 2413 ιτ,
2784 2348 2927 2417 quod
2953 2342 3133 2403 omnia
3160 2350 3501 2421 explanasset

1914 2436 1979 2490 de
2012 2444 2166 2504 parte
2201 2431 2532 2500 Tassilonis,
2584 2435 2725 2491 sicut
2753 2431 2896 2492 enim
2938 2446 3056 2492 erat
3099 2439 3161 2504 ³⁸,
3191 2447 3320 2496 tunc
3346 2456 3498 2510 pres-

1914 2523 2120 2599 picicns
2151 2524 2192 2559 ι’
2216 2526 2361 2581 idem
2399 2541 2493 2580 rex
2517 2566 2532 2591 ,
2571 2534 2632 2579 ut
2672 2524 2869 2582 missus
2902 2525 2947 2557 "
2978 2526 3254 2595 mitteret,
3304 2538 3359 2584 et
3387 2530 3498 2585 ius-

1914 2616 2041 2673 sit"
2058 2614 2393 2672 Tassilonem
2409 2616 2476 2681 ",
2500 2623 2560 2669 ut
2579 2616 2760 2670 omnia
2788 2615 3104 2687 adimpleret
3128 2618 3175 2651 ⁸³
3204 2619 3498 2675 secundum

1915 2707 2209 2762 iussionem
2261 2705 2583 2776 apostolici,
2632 2702 2718 2761 vel
2766 2705 2906 2761 sicut
2952 2708 3166 2763 iusticia
3221 2717 3382 2764 erat:
3433 2723 3499 2766 eo

1915 2797 2059 2866 quod
2096 2797 2147 2828 "
2192 2796 2293 2852 sub
2342 2796 2691 2852 iureiurando
2734 2797 3060 2867 promissum
3110 2800 3383 2856 habebant
3427 2802 3495 2866 ".

1916 2896 1975 2942 ut
2009 2884 2061 2942 iu
2112 2887 2370 2943 omnibus
2411 2886 2704 2942 oboediens
2748 2896 2804 2942 et
2850 2887 3020 2943 ﬁdelis
3066 2888 3257 2946 luisset
3299 2891 3499 2947 domno

1918 2995 2045 3052 rege
2075 2980 2122 3011 "
2145 2979 2339 3036 Carolo
2361 2989 2417 3035 et
2436 2976 2561 3035 liliis
2585 2980 2704 3035 eius
2726 2979 2812 3034 vel
2832 2972 3079 3049 Francis,
3104 2991 3159 3037 et
3180 2983 3426 3039 venirent
3450 2984 3494 3015 "

1842 3060 1887 3123 C
1919 3071 1986 3124 ad
2016 3070 2131 3125 eius
2156 3070 2556 3140 praesentiam:
2608 3070 2750 3141 quod
2778 3070 3023 3137 rennuit,
3060 3080 3115 3127 et
3141 3073 3326 3128 venire
3364 3089 3495 3129 con-

1920 3160 2134 3230 tempsit
2157 3160 2224 3213 ²⁸.
2249 3160 2401 3216 Tunc
2429 3160 2660 3217 domnus
2684 3176 2781 3218 rex
2800 3160 3023 3219 Carolus
3052 3178 3157 3219 una
3184 3180 3305 3220 cum
3329 3164 3500 3220 Fran-

1916 3253 1996 3308 cis
2026 3253 2213 3309 videns
2242 3250 2513 3309 iusticiam
2537 3268 2714 3321 suam,
2742 3254 2846 3310 iter
2874 3256 3051 3326 coepit
3083 3271 3343 3329 peragere
3368 3273 3496 3329 par-

1917 3345 2061 3400 tibus
2085 3344 2366 3400 Baioariae
2409 3360 2533 3399 cum
2585 3346 2830 3400 exercitu
2873 3361 3002 3411 suo,
3064 3356 3121 3403 et
3159 3363 3257 3417 per
3305 3359 3501 3405 semct-

1917 3437 2093 3508 ipsum
2128 3438 2276 3493 venit
2302 3438 2358 3492 in
2382 3437 2521 3504 loco,
2546 3435 2636 3491 ubi
2658 3436 2911 3493 Lechfeld
2936 3438 2982 3469 ”
3011 3438 3042 3478 ι»
3070 3451 3313 3505 vocatur,
3338 3455 3501 3510 super

1916 3527 2191 3583 civitatem
2212 3527 2534 3597 Augustam.
2567 3527 2633 3582 Et
2658 3528 2815 3583 iussit
2844 3528 3007 3583 alium
3032 3531 3329 3585 exercitum
3358 3530 3497 3593 fieri.

1916 3618 1971 3674 id
1994 3628 2078 3674 est
2102 3618 2295 3674 Franci
2318 3619 2364 3649 ³⁸
2386 3615 2811 3684 Austrasiorum,
2835 3618 3056 3688 Toringi
3080 3620 3147 3684 ³¹,
3171 3618 3415 3676 Saxones
3428 3622 3498 3681 ⁸².

1915 3715 1972 3761 ct
2004 3707 2334 3777 coniungere
2372 3723 2535 3778 super
2576 3707 2879 3762 Danubium
2904 3706 3147 3773 ﬂuvium,
3181 3709 3235 3762 in
3261 3708 3378 3764 loco
3406 3712 3496 3780 qui

1917 3798 2115 3855 dicitur
2144 3798 2375 3870 Faringa
2404 3810 2449 3852 ε.
2500 3799 2567 3853 Et
2592 3799 2813 3853 tertium
2842 3800 3141 3855 exercitum
3175 3800 3336 3856 iussit
3380 3799 3498 3859 ﬁeri

2328 3907 2719 3965 VARIANTES
2745 3908 3147 3967 LECTIONES.

1990 3999 2099 4053 ‘Et
2146 3999 2481 4071 saepedictus
2510 3999 2636 4071 Adux
2686 3998 2767 4071 l._
2796 3999 2869 4053 Et
2923 4000 2968 4054 si
3025 4016 3121 4071 per
3171 4017 3229 4057 se
3286 4003 3393 4059 dux
3441 4003 3494 4055 7.

1919 4072 1938 4102 ¹
1968 4070 2270 4140 apostolici
2299 4070 2350 4123 1.
2395 4068 2448 4123 5.
2496 4069 2550 4123 6.
2604 4068 2654 4122 7.
2751 4069 2773 4100 ³
2804 4085 2933 4125 suus
2979 4068 3041 4124 1.’
3069 4071 3121 4125 5.
3157 4072 3208 4126 6.
3242 4073 3293 4126 7.
3383 4073 3405 4104 ’⁵
3444 4072 3497 4127 in

1920 4139 2035 4198 ipsa
2065 4140 2116 4194 1.
2161 4140 2214 4194 5.
2247 4139 2299 4194 6.
2334 4140 2386 4193 7.
2463 4140 2486 4172 ⁵
2514 4140 2757 4195 eveniret
2792 4141 2843 4194 7.
2963 4141 2985 4172 ⁸
3007 4142 3291 4197 eveniebat
3318 4144 3500 4198 incen-

1958 4211 2023 4266 iis
2052 4210 2106 4265 2.
2181 4211 2201 4242 "
2237 4209 2616 4283 qualicumque
2638 4209 2696 4283 51
2722 4211 2776 4264 6.
2834 4211 2874 4283 7'
2918 4212 3264 4268 thassilonem
3320 4215 3372 4268 1.
3399 4214 3500 4283 (7.)

1920 4281 1941 4313 ’
1993 4278 2388 4336 consentaiieos
2429 4280 2480 4333 6.
2532 4278 2600 4311 "°
2670 4278 2865 4336 franci.
2894 4282 2947 4336 1.
2981 4283 3035 4338 5.
3062 4283 3113 4338 6.
3146 4282 3197 4337 7.
3277 4285 3318 4316 “
3344 4278 3503 4338 tassi-l

1923 4350 2218 4420 lonisl.5.
2261 4350 2313 4403 7.
2424 4351 2466 4380 η
2510 4358 2674 4420 atque
2700 4352 2752 4404 1.
2791 4352 2844 4406 5.
2874 4352 2926 4406 6.
2953 4352 3003 4406 7.
3102 4352 3146 4385 ιι
3178 4354 3317 4408 idem
3362 4355 3504 4408 deest

1847 4402 1896 4461 D
1920 4402 2109 4476 vim“;
2126 4402 2490 4475 {astradanam
2516 4402 2691 4473 6.17;"
2706 4402 3138 4477 misericordiam
3166 4402 3500 4478 {57-63:

1923 4492 2219 4546 civitatem.
2267 4490 2335 4545 Et
2381 4490 2751 4545 sacerdotibus
2778 4492 2828 4544 1.
2860 4491 2908 4544 7.
3009 4492 3052 4523 ¹⁶
3083 4493 3333 4547 sinodum
3371 4507 3503 4546 vero

1922 4578 1969 4616 c.
2014 4561 2068 4614 6.
2166 4560 2206 4591 ¹⁷
2234 4561 2567 4629 pervenisset
2617 4560 2686 4613 ad
2715 4561 2891 4613 locum
2930 4560 2980 4613 1.
3092 4562 3135 4591 ³⁸
3158 4562 3299 4617 sicut
3321 4570 3502 4617 actum

1923 4640 2040 4701 erat
2065 4631 2115 4684 1.
2135 4629 2247 4685 5.6.
2276 4630 2329 4684 7.
2362 4631 2501 4685 sicut
2514 4638 2810 4701 enumerat
2843 4630 2898 4684 2.
2928 4631 3068 4701 quod
3091 4632 3301 4701 quidem
3323 4647 3501 4685 veram

1925 4700 2194 4755 lectionem
2244 4701 2374 4755 satis
2431 4698 2648 4753 iudicat.
2755 4699 2796 4731 ⁸⁸
2835 4698 3163 4769 persliieiens
3191 4701 3240 4754 l.
3269 4701 3322 4756 5.
3358 4700 3411 4755 6.
3449 4701 3499 4754 7.

1926 4771 1971 4841 ἑο
1996 4770 2193 4841 missos
2218 4772 2270 4825 l.
2381 4771 2432 4825 6.
2459 4770 2511 4823 7.
2542 4839 2568 4841 μ
2587 4769 2643 4841 "_
2660 4769 2900 4841 mitteret
2926 4771 3316 4841 mandaretque
3343 4771 3505 4841 tassi-

1928 4840 2035 4893 Ioni
2063 4840 2115 4893 7.
2194 4842 2240 4873 "
2266 4840 2506 4896 tassiloni
2538 4839 2590 4891 5.
2614 4838 2666 4891 6.
2746 4842 2792 4872 “
2818 4840 3113 4909 adimplere
3142 4838 3422 4896 festinaret
3450 4839 3505 4893 7.

1927 4909 1973 4980 τῖ’
2002 4919 2200 4980 eratet
2226 4911 2368 4979 quod
2394 4912 2443 4965 1.
2522 4909 2567 4940 ⁸³⁵
2595 4908 2827 4980 habebat
2854 4911 2905 4963 1.
2937 4908 2988 4964 5.
3025 4910 3076 4965 6.
3108 4911 3158 4964 7.
3235 4912 3282 4942 '°
3305 4910 3419 4980 regi
3451 4909 3501 4962 1.

1928 4979 1979 5033 5.
2008 4978 2062 5033 6.
2091 4979 2144 5050 7.
2183 5049 2205 5050 ﬂ
2255 4983 2297 5012 ’7
2326 4981 2536 5035 veniret
2560 4980 2609 5050 l.
2641 4978 2694 5032 ὅ.
2730 4978 2785 5034 6.
2818 4982 2869 5034 7.
2974 4981 3021 5013 "
3040 4990 3153 5050 post
3183 4978 3509 5050 contempsit

1929 5065 2097 5119 unum
2102 5049 2301 5119 folium
2327 5051 2519 5104 codicis
2568 5048 2623 5102 2.
2661 5051 2876 5115 excidit,
2912 5048 3129 5119 sequens
3158 5050 3339 5119 incipit
3366 5049 3507 5119 egis-

1929 5133 2004 5191 se.
2071 5118 2221 5191 Tunc
2250 5120 2424 5191 denuo
2449 5129 2553 5191 etc.
2592 5187 2609 5191 _
2659 5119 2704 5151 ²⁹
2726 5120 2845 5175 loco
2860 5120 2953 5191 qui
2977 5118 3232 5191 leghl‘eldt
3256 5118 3421 5191 supra
3452 5118 3501 5171 1.

1931 5187 2049 5244 loco
2075 5189 2167 5258 qui
2193 5188 2347 5244 lecl'el
2376 5191 2430 5243 7.
2474 5187 2552 5259 ί³⁰
2584 5187 2895 5259 francoruni
2926 5189 2985 5259 l.
3014 5187 3065 5241 7.
3092 5257 3103 5259 _
3142 5189 3184 5221 ³⁸
3230 5187 3508 5259 thuringo-

1933 5273 2050 5381 :ng
2096 5257 2151 5312 1.
2189 5259 2411 5330 Turingi
2459 5258 2512 5314 6.
2560 5258 2929 5328 thoringorurn
2957 5258 3012 5311 7.
3086 5257 3209 5315 "et
3243 5257 3508 5317 sationem

1734 5437 1967 5496 ΝΟΤᾹΞ.

319 5532 348 5561 ι
384 5518 665 5597 γὲιεηοιαεα
700 5544 799 5583 eoa:
842 5538 929 5585 est
958 5530 1095 5586 lenis
1124 5538 1180 5583 et
1219 5527 1397 5584 mollis
1416 5534 1577 5597 atque
1617 5524 1823 5597 ﬂexibi-

255 5586 337 5651 lis,
364 5600 422 5663 et
441 5593 709 5651 einnolata
733 5599 878 5655 dicta
900 5616 930 5653 a
954 5601 1130 5663 vinno,
1150 5600 1251 5654 hoc
1273 5606 1358 5653 est
1376 5586 1628 5653 eine-iuno
1652 5595 1825 5651 molli-

256 5665 333 5713 ter
357 5658 515 5717 ﬂexo.
544 5665 733 5723 lsidori
754 5667 900 5740 Orig.
936 5671 1028 5726 lib.
1057 5658 1279 5738 iii',cap.
1315 5668 1400 5723 l9.

2000 5528 2031 5570 ι’
2072 5529 2179 5601 Dus
2207 5529 2451 5601 Lechfeld
2464 5530 2553 5601 [rei
2578 5528 2866 5601 Augsburg.

2006 5612 2028 5639 ε
2074 5598 2305 5673 Phoring
2330 5597 2425 5655 seu
2454 5597 2680 5672 ΡῙὸγξηῤ
2710 5597 2853 5656 intra
2881 5597 3192 5675 lngolstadt.
