3986 6174
396 374 504 433 433

848 493 1083 537 ANNALES
1119 490 1513 533 LAUBISSENSES.

399 578 542 641 bilis,
590 589 685 647 per
712 572 956 628 fraudem
995 568 1417 625 consiliaverunt
1454 566 1493 618 '.
1548 562 1750 631 Quarta
1788 570 1965 631 pugna

403 670 504 724 fuit
539 666 824 722 commissa
863 661 931 717 ab
964 661 1179 725 Avaris,
1215 659 1306 730 qui
1335 657 1622 713 voluerunt
1673 652 1967 707 vindictam

402 770 659 829 peragere
718 762 908 810 contra
971 752 1266 807 Baioarios.
1324 750 1398 804 lbi
1446 748 1697 804 similiter
1753 744 1973 799 fuerunt

403 847 552 902 missi
575 845 758 900 domui
782 841 957 898 Caroli
979 842 1143 912 regis,
1167 849 1221 896 et
1248 839 1473 894 Domino
1506 842 1844 907 protegente,
1892 834 1973 886 vi-

402 938 570 994 ctoria
593 936 1012 993 Christianorum
1028 932 1232 986 aderat.
1251 930 1411 986 Avari
1435 927 1614 998 fugam
1631 926 1975 995 incipientes,

403 1028 571 1084 multa
620 1026 821 1097 stragia
862 1026 881 1055 ¹
920 1023 1117 1077 ibidem
1143 1021 1286 1076 facta
1331 1027 1415 1075 est
1448 1016 1761 1079 occidendo,
1790 1022 1846 1068 et
1884 1013 1977 1079 alii

403 1120 456 1174 in
488 1117 728 1172 Danubio
757 1114 916 1169 ﬂuvio
938 1113 1103 1166 vitam
1128 1109 1371 1166 necando
1396 1106 1698 1162 amiserunt
1727 1104 1768 1158 ³.

1116 1229 1258 1241 ο--ο

471 1310 1009 1391 ANNALIU‘J
1081 1303 1901 1384 LAUBISSENSIUM

496 1437 958 1497 CONTINUATIO
989 1436 1219 1503 USQUE
1247 1435 1339 1490 AD
1373 1434 1485 1489 AN.
1512 1431 1880 1500 DCCCXXIX.

570 1544 1072 1618 AUCTOBE
1129 1543 1391 1617 EGIN
1410 1541 1834 1627 HABDO.

471 1652 601 1707 Post
630 1653 764 1707 haec
789 1652 966 1707 omnia
994 1644 1227 1715 domnus
1256 1667 1350 1706 rex
1388 1650 1614 1706 Carolus
1662 1665 1761 1719 per
1789 1658 1978 1704 semet

404 1742 576 1812 ipsum
629 1741 696 1794 ad
749 1740 1129 1811 Reganesburg
1175 1741 1443 1810 pervenit,
1494 1751 1550 1795 et
1596 1740 1672 1794 ibi
1725 1738 1862 1794 ﬂues
1892 1738 1977 1793 vel

403 1846 616 1887 marcas
665 1829 1035 1885 Baioariorum
1087 1832 1373 1901 disposuit,
1414 1831 1686 1902 quomodo
1728 1830 1905 1886 salvas
1933 1831 1973 1895 ⁸,
2009 1797 2058 1864 Ε

403 1921 629 1976 Domino
662 1929 1000 1995 protegente,
1056 1931 1247 1979 contra
1291 1921 1576 1977 iamdictos
1619 1921 1830 1976 Avaros
1854 1936 1978 1975 esse

404 1998 721 2082 potuissent.
754 2011 882 2066 Inde
942 2026 1071 2066 vero
1110 2026 1359 2066 reversus
1410 2011 1702 2066 celebravit
1743 2008 1976 2064 natalem

404 2100 615 2156 Domini
652 2101 703 2155 in
727 2102 895 2173 Aquis
918 2102 1135 2174 palatio,
1173 2111 1228 2158 et
1258 2104 1460 2174 pascha
1492 2103 1759 2161 similiter.
1802 2101 1867 2157 Et
1893 2102 1973 2155 in-

407 2191 636 2249 mutavit
669 2207 728 2246 se
767 2176 1023 2248 numerus
1041 2207 1303 2249 annorum
1334 2195 1387 2247 iu

991 2281 1259 2338 DCCLXX
1268 2282 1406 2338 XIX.

477 2371 605 2427 Inde
631 2371 737 2431 iter
765 2381 1066 2445 permotum
1115 2374 1356 2443 partibus
1409 2373 1721 2429 Sclavaniae
1759 2377 1799 2437 ⁸,
1847 2393 1982 2445 quo-

408 2480 530 2518 rum
582 2463 902 2529 vocabulum
932 2463 952 2494 ⁶
986 2473 1071 2518 est
1097 2464 1294 2519 Wiltze
1316 2467 1363 2530 ⁷,
1391 2466 1618 2520 Domino
1660 2467 1977 2531 adiuvante;

406 2562 462 2607 et
496 2553 517 2583 ⁸
550 2568 654 2607 una
683 2568 806 2608 cum
837 2553 1061 2608 consilio
1092 2553 1421 2610 Francorum
1450 2564 1504 2611 et
1548 2555 1822 2610 Saxonum
1863 2572 1982 2627 pcr-

408 2645 569 2711 rexit,
630 2644 842 2709 Renum
888 2645 955 2699 ad
996 2645 1273 2707 Coloniam
1330 2649 1620 2713 transiens,
1668 2665 1766 2720 per
1812 2649 1985 2705 Saxo-

409 2734 593 2799 niam;
628 2749 800 2804 usque
828 2734 893 2791 ad
927 2733 1134 2793 Albiam
1166 2733 1382 2793 ﬂuvium
1411 2738 1589 2802 venit;
1642 2738 1822 2810 ibique
1851 2740 1986 2793 duos

409 2832 601 2896 pontes
648 2825 971 2889 construxit,
1011 2841 1238 2895 quorum
1296 2843 1403 2882 uno
1427 2844 1491 2885 ex
1554 2836 1781 2898 utroque
1809 2829 1987 2898 capite

411 2916 695 2970 castellum
743 2932 810 2971 ex
860 2915 1050 2986 ligno’
1092 2924 1148 2970 et
1205 2926 1348 2972 terra
1397 2906 1717 2974 aedificavit.
1781 2906 1987 2977 Exinde

411 3016 691 3079 promotus
713 3008 927 3063 inantea
961 3008 1023 3072 ¹⁰,
1063 3007 1290 3063 Domino
1324 3009 1603 3080 largiente,
1653 3010 1988 3079 supradictus

415 3097 637 3155 Sclavos
660 3098 760 3153 sub
781 3112 880 3153 suo
913 3097 1150 3152 dominio
1175 3098 1492 3153 conlocavit.
1525 3099 1591 3153 Et
1624 3099 1839 3154 fuerunt
1864 3114 1987 3153 cum

414 3203 481 3243 eo
503 3188 557 3242 in
582 3188 771 3245 eodem
792 3186 1034 3241 exercitu
1061 3187 1100 3216 “
1117 3186 1335 3251 Franci,
1353 3186 1629 3251 Saxones;
1652 3187 1927 3247 Frisioues
1945 3187 1986 3217 ¹¹

416 3287 597 3340 autem
636 3278 849 3350 navigio
905 3293 1003 3347 per
1051 3276 1325 3345 Habola,"
1363 3289 1388 3316 ⁸
1426 3276 1645 3332 ﬂuvium
1703 3292 1824 3333 cum
1870 3278 1990 3351 qui-

416 3368 641 3429 busdam
694 3367 917 3422 Francis
965 3368 1033 3425 ad
1088 3382 1212 3421 eum
1272 3368 1683 3423 coniunxerunt.
1750 3367 1991 3423 Fuerunt

416 3459 581 3518 etiam
621 3457 799 3515 Sclavi
826 3474 949 3518 cum
975 3474 1063 3527 eo,
1088 3470 1319 3541 quorum
1350 3458 1609 3513 voeabula
1659 3470 1786 3514 sunt
1814 3459 1859 3492 ί*
1889 3459 1991 3513 Su-

418 3553 542 3610 urbi
572 3553 616 3586 ¹³
652 3553 703 3619 ι’,
756 3569 858 3609 nec
915 3568 1020 3607 non
1069 3562 1123 3608 et
1164 3553 1413 3618 Abotriti,
1461 3569 1691 3624 quorum
1741 3556 1993 3627 princeps

420 3648 519 3703 fuit
544 3644 762 3701 Witzan
790 3646 853 3699 ¹⁶.
884 3645 1070 3716 Ibique
1096 3644 1315 3713 obsides
1346 3654 1615 3715 receptos,
1652 3655 1990 3701 sacramenta

421 3736 757 3817 conplurima
785 3736 849 3801 ¹⁷,
877 3735 1107 3790 Domino
1144 3735 1494 3806 perducentc,
1536 3734 1824 3790 Franciam
1870 3750 1993 3805 per-

421 3830 587 3886 venit.
618 3829 687 3884 Et
710 3828 1003 3885 celebravit
1027 3828 1260 3896 natalem
1284 3827 1496 3887 Domini
1522 3829 1575 3883 in
1593 3827 1900 3885 Wormacia
1926 3830 1991 3896 ι’,

420 3929 476 3974 et
499 3920 701 3999 pascha
729 3918 980 3983 similiter
1004 3919 1067 3970 '9.
1099 3918 1167 3983 Et
1193 3919 1478 3975 inmutavit
1508 3933 1568 3974 se
1595 3933 1853 3987 numerus
1902 3936 1996 3991 an-

420 4026 611 4079 norum
639 4028 693 4075 in

810 4328 1196 4387 VARIANTES
1231 4331 1629 4399 LECTIONES.

500 4441 980 4515 ‘grwnsiliaverunt
1008 4451 1081 4515 _et
1132 4453 1457 4515 peregerunt
1492 4446 1543 4500 7.

500 4448 517 4476 ι
560 4448 980 4498 wnsiliaverunt
1026 4451 1081 4498 et
1132 4453 1457 4515 peregerunt
1492 4448 1543 4500 7.
1647 4448 1667 4479 ¹
1700 4458 1911 4532 strages
1942 4454 1989 4507 i.

427 4513 458 4545 Ε
519 4513 549 4545 '7
609 4514 800 4545 annonae
832 4513 865 4545 ﬂ
1004 4513 1026 4544 ι
1071 4514 1363 4545 ηωὶοΛ-...ιι
1420 4515 1448 4545 tr
1512 4517 1545 4545 ιε
1596 4519 1627 4545 '1
1675 4527 1723 4545 Α.
1775 4520 1903 4545 -1.--
1940 4524 1988 4545 ε-

425 4513 476 4584 5.
519 4513 571 4567 7.
607 4514 804 4584 stragis
832 4513 884 4567 6.

1004 4513 1026 4544 ⁸
1070 4513 1366 4569 emiserunt
1416 4515 1471 4570 5.
1512 4517 1565 4570 6.
1596 4519 1646 4572 7.
1672 4527 1727 4573 et
1773 4513 1906 4577 alios
1940 4524 1993 4577 in

426 4583 919 4671 Danubiplﬂumipe
951 4583 1375 4671 submerserunt.
1401 4586 1459 4671 ‘l.
1495 4585 1642 4651 Quae
1670 4589 1853 4671 reliqui
1907 4609 1995 4646 co-

423 4655 565 4726 dices
589 4654 813 4726 addunt,
835 4652 1293 4710 Lauresltamensis
1321 4654 1419 4726 (1.)
1444 4673 1549 4711 non
1575 4652 1827 4726 agnoscit,
1847 4663 1995 4717 cuius

426 4723 891 4793 continuationem,
942 4740 1061 4777 cum
1108 4726 1293 4779 iisdem
1331 4723 1449 4793 fere
1494 4723 1661 4780 verbis
1712 4723 1906 4783 constet
1934 4749 1997 4787 ac

428 4792 659 4848 chronici
692 4792 1079 4864 Mroissiaceusis
1124 4795 1250 4847 anui
1284 4792 1408 4857 789,
1457 4795 1580 4857 790,
1616 4797 1738 4859 79!,
1776 4799 1909 4864 792,
1951 4811 1998 4856 et

425 4880 547 4935 pars
582 4862 868 4935 auui_795,
920 4879 1142 4935 quorum
1177 4873 1360 4935 auctor
1392 4880 1506 4935 eam
1557 4876 1763 4921 secutus
1808 4862 1903 4933 est,
1933 4872 2000 4926 iis

425 4930 813 5004 adiungendam
848 4932 1181 5004 censuimus.
1266 4931 1288 4963 ⁸
1346 4933 1553 5004 salvum
1602 4936 1656 4989 2.
1713 4930 1897 4999 salvae
1944 4943 1996 4995 7.

427 5002 449 5033 ⁵
511 5000 802 5057 sclaviniae
855 5000 910 5055 5.
1030 5000 1049 5031 ‘
1100 5003 1184 5057 cui
1217 5017 1332 5057 voc.
1376 5003 1429 5057 7.
1544 5007 1563 5036 "
1592 5007 1745 5063 \vilze
1771 5009 1821 5063 5.
1856 5011 1909 5065 6.
1947 5012 1998 5066 7.

428 5072 450 5102 ⁸
480 5073 589 5127 adi.
618 5087 725 5128 una
747 5071 799 5126 2.
899 5070 919 5102 °
943 5087 1007 5126 ex
1030 5070 1142 5126 lino
1166 5072 1219 5126 2.
1299 5073 1339 5104 ¹⁰
1366 5075 1549 5129 inante
1579 5076 1631 5131 5.
1658 5078 1708 5132 6.
1754 5079 1802 5133 7.
1836 5118 1843 5123 α
1884 5082 1922 5114 ¹¹
1946 5083 2000 5137 in

426 5142 616 5197 eodem
670 5142 723 5197 in
753 5141 992 5198 exercitu
1024 5141 1076 5196 6.
1153 5143 1195 5172 ι’
1231 5140 1403 5198 franci
1432 5153 1487 5199 et
1507 5162 1739 5204 saxones
1771 5149 1818 5205 7.
1857 5152 2003 5206 fran-

427 5212 498 5264 ci.
551 5227 785 5268 saxones
834 5212 1088 5268 frisioncs
1116 5210 1169 5265 2.
1249 5213 1485 5277 "labela
1541 5215 1590 5269 7.
1621 5218 1793 5273 albola
1830 5220 1997 5277 Boua.

434 5240 498 5264 ω.
551 5240 785 5268 summa
834 5240 1088 5268 "13"”an
1118 5240 1169 5265 2-.
1249 5240 1485 5277 "unum
1550 5240 1590 5269 Ι.
1621 5240 1793 5273 amula
1830 5240 1942 5276 nou
1984 5264 1997 5276 .

434 5279 476 5309 "'
501 5292 626 5336 sunt
672 5283 867 5338 haec7
989 5282 1351 5337 "suurbineo
1403 5301 1509 5340 non
1562 5286 1616 5340 2.
1667 5291 1889 5347 suburbi

433 5349 475 5428 ’ξ
507 5351 1050 5433 \virltzau_5.mzza_n
1072 5353 1124 5407 7.
1223 5354 1271 5433 _"
1305 5364 1550 5433 receptos
1573 5367 1630 5412 et
1653 5363 2004 5433 _s.quamplu-

430 5421 565 5503 rima
594 5421 649 5503 7.
662 5490 672 5501 _
723 5423 764 5453 ‘°
787 5425 1055 5503 utlrrnatia
1094 5425 1379 5503 paseha__.fi.
1421 5421 1700 5503 {vormatja
1723 5421 1921 5503 pascha
1947 5432 1999 5497 6,

430 5492 764 5544 warmatiam
791 5492 842 5547 7.
901 5493 944 5525 ¹⁹
967 5492 1166 5565 pascha
1184 5495 1432 5554 similiter
1469 5497 1608 5551 deest
1632 5498 1684 5551 2.

1521 316 2228 418 commouentius
2262 345 2583 405 ANNALES

1995 464 2048 533 Δ

2019 4482 2073 4542 ι)
2096 4463 2150 4518 2.
2200 4463 2252 4515 5.
2312 4462 2365 4542 9:

3533 341 3639 397 £36

2562 474 2795 527 Ακκλιεε
2828 471 3132 523 εαιδειιλιιω.

2668 2279 3081 2337 DCCLXXXIX.
3232 2348 3237 2351 g

2154 2375 2310 2430 Natio
2347 2372 2613 2444 quaedam
2668 2370 3053 2428 Sclavenorum
3080 2371 3097 2400 ‘
3123 2378 3206 2423 est
3257 2370 3311 2424 in
3346 2369 3667 2435 Germania,

2083 2468 2278 2523 sedens
2323 2481 2486 2535 super
2536 2464 2663 2518 litus
2720 2464 2933 2529 oceani,
2991 2478 3130 2533 quac
3175 2464 3432 2534 ’propria
3482 2464 3665 2535 lingua

2083 2555 2371 2619 Welatabi,
2427 2554 2665 2609 francica
2687 2555 2708 2585 ³
2746 2560 2929 2607 autem
2978 2552 3159 2607 Wiltzi
3191 2551 3213 2583 ⁸
3258 2561 3482 2607 vocatur
3510 2554 3551 2606 '.
3585 2554 3663 2607 Ea

2086 2648 2310 2704 Francis
2335 2662 2550 2716 semper
2578 2646 2825 2711 inimica;
2870 2655 2927 2700 et
2958 2646 3165 2700 vicinos
3218 2661 3343 2700 suos
3372 2646 3463 2714 qui
3493 2644 3663 2699 Frau-

2085 2741 2165 2796 cis
2197 2739 2281 2794 vel
2308 2738 2535 2794 subiecti
2564 2738 2649 2793 vel
2677 2737 2935 2793 foederati
2988 2746 3164 2798 erant,
3196 2738 3334 2792 odiis
3386 2738 3664 2800 inscctari,

2084 2831 2330 2900 belloque
2357 2843 2603 2902 premere
2628 2844 2692 2883 ac
2718 2828 2973 2883 lacessire
3001 2827 3023 2859 ⁶
3052 2827 3280 2883 solebat.
3328 2826 3494 2895 Cujus
3523 2827 3667 2882 inso-

2087 2923 2309 2978 lentiam
2352 2936 2446 2975 rex
2494 2920 2699 2991 longius
2727 2919 2748 2951 "
2788 2919 2890 2974 sibi
2934 2934 3041 2972 non
3108 2917 3383 2973 ferendam
3432 2926 3582 2973 ratus
3618 2918 3664 2982 ',

2088 3012 2231 3069 bello
2274 3027 2396 3068 eam
2448 3011 2667 3081 adgredi
2721 3010 2932 3074 statuit,
2979 3019 3399 3078 comparatoque
3460 3008 3669 3079 ingenti

2091 3102 2355 3165 exercitu,
2387 3101 2635 3156 Rhenum
2665 3100 2803 3171 apud
2830 3098 3109 3155 Coloniam
3139 3099 3369 3153 traiecit.
3411 3087 3540 3153 Inde
3566 3113 3670 3167 per

2097 3189 2385 3247 Saxon'am
2415 3192 2519 3245 iter
2565 3204 2752 3261 agens,
2779 3203 2902 3244 cum
2930 3189 2999 3244 ad
3046 3187 3257 3243 Albiam
3299 3189 3663 3259 pervenisset,

2091 3284 2288 3343 castris
2318 3284 2372 3338 iu
2401 3282 2516 3351 ripa
2545 3281 2759 3351 positis,
2787 3294 3002 3333 amnem
3033 3279 3241 3334 duobus
3276 3280 3528 3349 pontibus
3556 3266 3672 3334 iun-

2093 3377 2192 3441 xit,
2221 3389 2451 3444 quorum
2478 3388 2647 3428 unum
2675 3388 2741 3427 ex
2790 3380 3019 3441 utroque
3055 3373 3229 3440 capite
3255 3372 3393 3427 vallo
3418 3374 3669 3436 munivit,

2093 3474 2149 3520 et
2176 3464 2427 3535 imposito
2456 3462 2725 3533 praesidio
2748 3461 3002 3515 ﬁrmavit.
3057 3460 3174 3531 Ipse
3220 3459 3382 3515 ﬂuvio
3417 3462 3670 3527 transito,

2092 3570 2200 3624 quo
2260 3554 2614 3609 constituerat
2686 3550 2985 3605 exercitum
3052 3548 3224 3613 duxit,
3290 3549 3676 3620 ingressusque

2094 3644 2419 3700 Wiltzorum
2447 3651 2669 3706 terram,
2699 3652 2890 3701 cuncta
2917 3639 3064 3694 ferro
3109 3648 3165 3693 et
3195 3640 3303 3710 igni
3337 3641 3532 3694 vastari
3562 3642 3677 3696 ius-

2096 3735 2184 3789 sit.
2213 3733 2318 3789 Sed
2344 3749 2475 3805 gens
2498 3733 2607 3797 illa,
2644 3732 2891 3802 quamvis
2936 3730 3191 3786 bellicosa
3217 3740 3272 3785 et
3298 3731 3319 3761 ⁹
3351 3731 3404 3785 in
3447 3748 3543 3786 sua
3575 3748 3678 3786 nu-

2097 3828 2410 3883 merositate
2459 3826 2756 3889 conlidens,
2805 3825 3064 3894 impetum
3108 3824 3382 3877 exercitus
3412 3824 3544 3893 regii
3577 3824 3674 3878 diu

2096 3920 2363 3975 sustinere
2392 3935 2497 3973 non
2524 3917 2693 3971 valuit
2720 3917 2786 3983 ¹⁰,
2814 3930 2878 3970 ac
2903 3915 3148 3986 proinde,
3194 3930 3315 3969 cum
3341 3915 3572 3984 primum
3595 3916 3675 3970 ei-

2099 4012 2317 4066 vitatem
2350 4011 2388 4041 “
2418 4009 2711 4080 Dragawiti
2737 4009 2777 4039 ¹²
2806 4016 3027 4061 ventum
3075 4015 3159 4061 est
3211 4036 3280 4045 —
3317 4021 3442 4059 nam
3482 4005 3526 4036 "
3550 4006 3597 4060 is
3628 4006 3675 4036 "

2096 4102 2294 4158 ceteris
2329 4100 2649 4154 Wiltzorum
2698 4097 2899 4168 regulis
2945 4104 3001 4153 et
3048 4095 3326 4150 nobilitate
3378 4095 3591 4165 generis
3619 4105 3679 4149 et

2098 4191 2420 4246 auctoritate
2477 4186 2772 4245 senectutis
2799 4187 2843 4218 ¹⁵
2869 4186 3025 4255 longe
3061 4184 3101 4215 ¹⁸
3133 4184 3501 4254 praeminebat
3526 4185 3566 4215 "
3602 4215 3676 4224 —

2493 4296 2881 4359 VARIANTES
2918 4295 3318 4355 LECTIONES.

2173 4395 2189 4424 ⁸
2254 4392 2559 4447 selauorum
2589 4390 2643 4443 ὀ.
2675 4390 2726 4442 5.
2762 4388 2814 4442 6.
2855 4388 2907 4442 7.
2960 4388 3337 4441 sclauonornm
3388 4387 3440 4439 9.
3531 4387 3552 4417 ²
3579 4389 3675 4456 qui

2479 4459 2799 4515 ‘franciaca
2852 4458 2905 4511 4.
3002 4457 3215 4511 διιυιιῑί
3277 4456 3329 4509 5.
3387 4456 3438 4509 6.
3508 4456 3560 4509 7.
3619 4460 3677 4511 in

2099 4549 2267 4601 marg.
2292 4530 2430 4585 wilsi
2462 4530 2515 4585 9.
2541 4598 2555 4601 Α
2595 4530 2623 4601 δέ
2643 4538 2922 4601 vocantur.
2968 4528 3049 4601 ⁸Ι.Δ
3069 4529 3121 4582 9.
3188 4527 3220 4601 _‘
3248 4527 3515 4601 lacessere
3616 4528 3673 4601 ς).

2097 4604 2119 4635 ⁷
2152 4597 2353 4657 diutius
2409 4601 2460 4653 7.
2537 4598 2559 4629 ⁸
2616 4600 2784 4654 iratus
2812 4599 2865 4651 '5.
2965 4598 2986 4628 ’
3015 4598 3154 4652 deest
3182 4598 3234 4652 9.
3346 4597 3387 4626 ⁸ο
3417 4597 3589 4664 potuit
3616 4597 3677 4649 Ξ.

2099 4674 2140 4704 ¹¹
2198 4673 2252 4726 in
2276 4671 2547 4725 civitatem
2575 4670 2629 4724 2.
2660 4669 2712 4724 9.
2746 4669 2812 4722 ad
2862 4668 2966 4722 civ.
3023 4667 3075 4721 5.
3155 4667 3196 4736 ’γ’
3245 4667 3676 4736 dragamutinam

2099 4744 2151 4797 7.
2186 4744 2455 4819 inmutarg.
2516 4758 2533 4789 ε
2563 4738 2858 4819 dragavviti
3103 4735 3213 4790 MS.
3229 4735 3390 4819 τι
3443 4736 3584 4819 deest
3618 4738 3674 4795 7,

2098 4821 2204 4875 cst,
2238 4805 2489 4867 Wiltzfan.
2516 4805 2721 4879 nam-is
2748 4808 2800 4863 9.
2828 4808 2861 4861 5
2891 4807 2955 4879 (?)
2998 4805 3183 4879 Vocem
3229 4805 3483 4879 Wiltzan,
3528 4807 3679 4879 theo~

2104 4883 2290 4935 tiscam
2325 4878 2561 4935 vocabuli
2590 4875 2911 4932 Wiltzorum
2940 4875 3257 4939 'rersionem,
3295 4876 3416 4928 huic
3445 4892 3476 4927 a
3500 4875 3679 4929 scriba

2107 4952 2285 5022 aliqua
2315 4952 2369 5004 in
2394 4948 2654 5022 Hueuarii
2682 4948 2855 5002 codice
2873 4947 3271 5022 superpositam,
3302 4946 3516 5022 editoris
3551 4946 3682 5022 vitio

2107 4964 2285 5022 aliquo
2315 4969 2369 5004 tu
2394 4964 2653 5003 ttueuaru
2682 4964 2855 5002 coerce
2873 4964 2935 5000 su
3094 4964 3271 5009 suam,
3302 4964 3516 5000 cauom
3551 4964 3681 4998 uno

2106 5023 2164 5075 iu
2198 5030 2395 5075 textum
2419 5020 2709 5089 irrepsisse,
2733 5036 2791 5071 eo
2813 4964 3154 5089 confidentius
3180 5013 3505 5089 comendgm,
3523 5016 3681 5089 guad

2107 5092 2163 5145 in
2193 5089 2337 5144 nullo
2360 5106 2473 5144 eam
2498 5078 2674 5144 codice
2696 5078 3035 5157 offenderim;
3060 5085 3273 5157 quodsi
3308 5086 3360 5138 iu
3387 5078 3683 5157 Treuirensi

2109 5162 2243 5230 forte
2268 5159 2488 5229 legatur,
2522 5160 2701 5213 citium
2730 5151 2866 5211 certe
2879 5151 3157 5230 gutiqu'ius
3192 5155 3346 5230 foret,
3377 5151 3467 5230 sed
3479 5152 3677 5230 eodem

2109 5223 2262 5284 modo
2288 5223 2511 5299 coepisse
2554 5237 2832 5282 constaret.
2868 5223 3109 5299 Ceterum
3149 5223 3326 5278 omnia
3373 5223 3682 5276 criticorum

2107 5295 2534 5352 historicorumve
2554 5305 2860 5365 argumenta
2880 5295 2991 5349 loco
3013 5296 3276 5365 hucusque
3316 5302 3558 5365 corrupto
3588 5310 3687 5365 sua

2104 5377 2587 5439 perstructa,_vera
2610 5362 2828 5439 {ectioue
2871 5365 3109 5439 codicum
3159 5362 3467 5439 tim-teritum
3520 5362 3680 5439 restl"

2103 5434 2238 5498 tuta,
2266 5437 2565 5493 concidunt.
2656 5438 2697 5468 ιδ
2737 5437 2783 5491 is
2828 5437 2916 5504 qui
2946 5435 3143 5489 ceteris
3172 5435 3223 5487 7.
3303 5434 3345 5464 ¹⁸
3373 5440 3595 5487 senatus
3625 5434 3683 5485 τ.

2107 5506 2148 5537 ¹⁶
2173 5507 2311 5560 deest
2342 5506 2415 5560 5?
2443 5508 2498 5561 9.
2575 5509 2612 5538 ¹⁷
2649 5505 3050 5577 praecmincbat
3072 5504 3148 5559 3?
3193 5505 3226 5559 9

1933 5685 2162 5742 NOTAE.

503 5777 527 5801 ιι
568 5762 663 5814 Die
686 5759 868 5816 Haec].

2182 5777 2209 5818 δ
2248 5776 2454 5831 Sambi.
