3986 6174
329 341 442 398 M5

831 468 1068 512 ANNALES
1099 469 1384 511 EGINHARDI
1393 496 1406 513 ο

327 557 439 611 quo
472 553 664 596 omnes
700 542 934 612 propriis
966 545 1217 599 manibus
1246 546 1262 576 ⁸
1295 547 1747 616 subscripserunt.
1803 545 1905 617 Sy-

325 634 502 690 uodus
548 634 717 715 etiam
734 674 751 698 ,
778 648 917 703 quae
942 645 1067 690 ante
1092 652 1292 705 paucos
1322 652 1492 692 annos
1519 638 1572 693 in
1604 639 1623 667 ³
1650 637 1909 694 Constan-

327 723 553 792 tinopoli
580 724 682 779 sub
707 722 922 780 Hereua
947 725 967 755 ³
998 734 1054 780 et
1081 726 1435 782 Constantino
1485 728 1594 783 ﬁlio
1628 729 1745 783 eius
1779 745 1908 786 con-

321 822 583 886 gregata,
629 823 688 868 et
728 815 797 869 ab
841 814 944 886 ipis
985 830 1089 870 non
1131 817 1302 872 solum
1332 819 1353 849 ³
1410 819 1634 888 septima
1660 861 1673 883 ,
1717 835 1904 875 verum

319 907 488 965 etiam
516 904 839 960 universalis
880 915 963 961 est
989 908 1010 937 ³
1032 907 1320 977 appellata,
1345 916 1403 961 ut
1427 925 1526 963 nec
1548 911 1778 979 septima
1805 927 1905 966 nec

320 994 646 1051 universalis
701 996 993 1051 haberetur
1021 995 1360 1052 dicereturve
1390 998 1433 1062 ⁸,
1465 1000 1615 1067 quasi
1651 1016 1899 1070 superva-

318 1102 419 1141 cua
449 1087 505 1140 in
536 1094 742 1151 totum,
775 1087 841 1141 ab
870 1087 1121 1141 omnibus
1150 1088 1395 1142 abdicata
1429 1098 1530 1143 est.
1575 1089 1783 1144 Mortua
1821 1098 1905 1145 est

315 1179 391 1232 ibi
421 1185 477 1232 et
506 1179 524 1208 ⁷
566 1177 831 1232 Fastrada
872 1179 1056 1249 regina
1076 1219 1091 1243 ,
1119 1187 1173 1233 et
1202 1178 1524 1250 Mogontiaci
1553 1181 1575 1212 ⁸
1603 1182 1742 1251 apud
1773 1197 1899 1236 san-

313 1277 462 1323 ctum
495 1267 761 1322 Albanum
792 1269 1021 1337 sepulta.
1070 1269 1277 1336 Quibus
1322 1271 1580 1340 peractis,
1605 1286 1699 1326 rex
1723 1273 1902 1342 biper-

314 1358 414 1412 tito
435 1358 678 1411 exercitu
701 1356 993 1412 Saxoniam
1016 1366 1201 1429 petere
1219 1360 1427 1425 statuit,
1444 1375 1510 1414 eo
1525 1360 1775 1416 videlicet
1788 1377 1902 1416 mo-

312 1448 402 1512 do,
438 1456 496 1501 ut
535 1449 649 1516 ipse
678 1464 800 1502 cum
831 1449 1051 1507 dimidia
1088 1458 1242 1519 parte
1267 1451 1541 1527 c0piarum
1575 1451 1643 1506 ab
1676 1452 1896 1507 australi

310 1544 467 1605 parte
491 1537 746 1601 intraret,
774 1538 968 1593 Karlus
986 1538 1010 1569 ⁹
1034 1554 1164 1594 vero
1188 1538 1330 1594 ﬁlius
1351 1541 1468 1594 eius
1489 1555 1612 1594 cum
1635 1540 1740 1594 alia
1786 1557 1899 1596 me-

307 1628 516 1683 dietate
540 1628 788 1684 Rhenum
816 1630 957 1700 apud
984 1628 1262 1685 Coloniam
1294 1632 1579 1695 traiceret,
1608 1640 1662 1685 et
1687 1633 1738 1686 in
1763 1647 1892 1687 eane

306 1721 433 1776 dem
465 1722 742 1791 regionem
775 1724 844 1778 ah
870 1724 1150 1779 occidente
1177 1725 1403 1778 veniret.
1426 1723 1544 1791 Quo
1574 1724 1740 1791 facto,
1768 1725 1893 1781 licet

304 1810 556 1868 Saxones
595 1813 646 1866 in
678 1827 869 1883 campo
906 1814 997 1883 qui
1038 1812 1304 1871 Sinotfeld
1332 1815 1375 1846 ¹⁰
1409 1827 1432 1857 α
1460 1824 1707 1882 vocatur,
1736 1818 1890 1888 quasi
1921 1820 1967 1879 B

307 1900 579 1978 proelium
605 1915 880 1977 cumrege
909 1903 1250 1961 commissuri
1277 1906 1679 1970 consedissent,
1712 1906 1892 1976 ibique

309 1999 607 2057 adventum
634 1997 754 2051 eius
778 1995 1159 2066 opperirentur
1182 1995 1246 2059 ",
1272 1994 1470 2049 amissa
1489 1995 1750 2050 victoriae
1772 2011 1888 2066 spe,

305 2104 471 2161 quam
496 2089 601 2144 sibi
628 2088 788 2159 paulo
813 2096 938 2143 ante
966 2086 1103 2141 falso
1133 2087 1175 2118 “
1203 2085 1614 2157 pollicebantur,
1646 2088 1711 2139 ad
1743 2087 1892 2141 dedi-

304 2183 509 2236 tionem
539 2192 730 2235 omncs
758 2179 1004 2233 conversi
1034 2184 1188 2242 sunt,
1220 2176 1456 2246 victique
1493 2176 1610 2231 sine
1649 2176 1854 2245 proelio
1873 2217 1887 2239 ,

303 2274 449 2343 regis
477 2272 706 2328 victoris
729 2271 983 2342 potestati
1012 2285 1069 2325 se
1095 2268 1467 2324 subdiderunt.
1497 2268 1770 2323 Dederunt
1797 2267 1890 2337 igi-

304 2375 395 2423 tur
427 2365 470 2396 ¹³
494 2363 743 2425 obsides,
774 2370 831 2417 et
860 2362 1205 2417 iureiurando
1234 2359 1392 2416 ﬁdem
1423 2375 1483 2415 se
1518 2359 1631 2428 regi
1669 2374 1889 2413 servare

300 2454 441 2508 velle
473 2454 518 2484 ”
546 2453 935 2524 promiserunt.
965 2450 1058 2506 Sic
1082 2452 1283 2506 omisso
1311 2450 1537 2521 proelio,
1562 2458 1618 2504 et
1644 2448 1888 2504 Saxones

300 2543 523 2597 domum
552 2542 759 2596 reversi
789 2549 948 2607 sunt,
976 2548 1030 2595 et
1055 2555 1148 2595 rex
1171 2582 1185 2606 ,
1220 2540 1537 2595 transmisso
1574 2539 1765 2595 Rheno
1783 2580 1797 2605 ,
1831 2541 1884 2594 in

298 2630 527 2687 Galliam
575 2647 635 2686 se
684 2631 919 2701 recepit,
969 2639 1026 2685 et
1073 2645 1196 2684 cum
1235 2628 1573 2700 Aquasgraui
1617 2630 1878 2694 venisset,

299 2723 499 2780 ibidem
537 2722 785 2777 hibernis
819 2721 1051 2786 habitis,
1091 2728 1147 2776 et
1180 2720 1413 2776 natalem
1452 2720 1663 2776 Domini
1696 2728 1753 2776 et
1785 2737 1878 2791 pa-

298 2815 432 2876 scha
464 2814 779 2869 celebravit.

954 2882 1225 2938 DCCXCV

369 2973 708 3043 Quamquam
745 2972 988 3027 Saxones
1022 2980 1227 3027 aestate
1255 2972 1549 3041 praeterita
1578 2978 1632 3026 et
1668 2973 1884 3028 obsides

1331 343 1474 404 CUM
1512 342 2103 404 LAURISSENSIBUS
2136 348 2448 406 COLLATI.

1942 462 1990 521 Α
2158 468 2161 469 ,

3482 363 3590 418 “6

2472 480 2703 521 ANNALES
2740 482 3132 525 LAURISSENSES.

2009 569 2259 627 Carolum
2302 575 2692 631 nobilissimum
2740 577 2907 633 ﬁlium
2957 596 3113 635 suum
3154 597 3252 652 per
3283 582 3583 640 Coloniam.

2010 658 2251 715 Saxones
2271 669 2448 715 autem
2472 673 2861 735 congregantes
2885 682 2944 721 se
2967 668 3019 722 in
3041 684 3250 740 campo,
3273 672 3364 741 qui
3386 672 3589 731 dicitur

2009 752 2247 809 Sinitfelt
2273 757 2313 820 ³,
2359 768 2746 827 praeparanles
2792 775 2849 814 se
2891 763 3047 830 quasi
3076 764 3143 818 ad
3181 780 3580 835 pugnam,cum

2005 856 2135 896 vero
2162 843 2439 898 audissent
2479 861 2538 899 se
2579 861 2647 899 cx
2688 848 2897 903 duabus
2934 852 3180 919 partibus
3206 869 3327 909 esse
3353 856 3585 912 circum-

2004 930 2177 995 datos,
2214 933 2496 1004 dissipavit
2523 936 2666 991 Deus
2690 939 2917 992 consilia
2944 955 3166 1007 eorum,
3209 953 3295 1008 et,
3338 949 3583 1015 quamvis

2006 1021 2391 1090 fraudulenter,
2430 1035 2486 1081 et
2512 1029 2838 1084 christianos
2866 1032 2884 1061 ³
2917 1047 2978 1086 se
3026 1041 3082 1086 et
3126 1034 3309 1090 ﬁdeles
3333 1035 3353 1066 ³
3384 1037 3584 1093 domno

2006 1115 2120 1185 regi
2152 1114 2174 1146 ⁸
2221 1116 2339 1171 fore
2388 1119 2772 1187 promiserunt.
2834 1121 2949 1177 Rex
3014 1125 3082 1178 ad
3130 1126 3389 1194 palatium
3437 1131 3583 1199 quod
3646 1167 3653 1174 ι

2000 1202 2214 1272 Aquis“
2263 1214 2490 1261 vocatur
2535 1209 2693 1262 rediit
2718 1210 2762 1274 °,
2807 1211 3031 1281 ibique"
3080 1215 3316 1271 natalem
3368 1219 3582 1273 Domini

2002 1293 2292 1349 celebravit
2318 1305 2372 1351 et
2392 1299 2614 1365 pascha.
2654 1299 2720 1353 Et
2746 1300 3031 1357 inmutavit
3052 1321 3110 1360 se
3135 1323 3394 1363 numems
3417 1322 3583 1365 anno-

2003 1400 2121 1438 rum
2152 1403 2203 1439 Ill

2625 2867 2915 2923 DCCXCV.

2054 2963 2111 3019 In
2141 2977 2248 3032 quo
2276 2976 2372 3017 rex
2403 2961 2567 3015 etiam
2596 2960 2744 3014 venit
2778 2959 2845 3014 ad
2877 2959 3054 3014 locum
3090 2960 3183 3030 qui
3218 2961 3419 3016 dicitur
3440 2961 3569 3017 Cut-

293 3064 573 3120 dedissent
592 3105 606 3129 ,
634 3072 690 3119 et
719 3064 1013 3119 secundum
1040 3064 1180 3133 quod
1211 3064 1340 3119 iussi
1366 3071 1522 3119 erant
1546 3074 1882 3121 sacramenta
1986 3057 2221 3127 ίίηεῑθηε
2264 3055 2287 3086 ⁸
2336 3061 2392 3108 οἱ
2441 3053 2494 3108 in
2521 3053 2542 3084 ³
2588 3054 2908 3109 ευδυὼίυηὶ
2934 3054 2976 3086 ³³
3032 3053 3488 3125 M383003303115is
3520 3057 3560 3088 "

296 3155 594 3225 iurassent,
612 3169 707 3208 rex
745 3162 926 3207 tamen
961 3153 1004 3184 ”‘
1034 3153 1245 3207 illorum
1282 3152 1541 3223 perﬁdiae
1570 3168 1676 3208 non
1712 3155 1882 3210 inme-
1908 3163 1952 3224 ρ
1985 3147 2162 3211 urbis,
2207 3154 2262 3201 et
2300 3145 2473 3200 tenuit
2511 3145 2583 3199 ibi
2627 3144 2883 3215 placitum
2921 3160 3098 3200 suum.
3151 3146 3390 3201 Audiens
3413 3163 3566 3210 vero,

298 3261 438 3308 mor,
486 3250 812 3299 conventum
859 3243 1162 3311 generalem
1202 3250 1352 3298 trans
1383 3242 1632 3298 Rhenum
1670 3242 1723 3297 in
1754 3243 1881 3297 villa
1983 3239 2126 3309 quod
2151 3238 2394 3294 Saxones
2415 3252 2566 3292 more
2590 3237 2748 3292 solito
2768 3238 3182 3308 promissionem
3205 3253 3379 3303 suam,
3401 3252 3568 3310 quam

293 3335 615 3392 Cuﬁ'esstein
634 3334 744 3396 “b,
770 3349 910 3405 quae
931 3348 1093 3404 super
1117 3334 1364 3389 Moenum
1394 3342 1581 3389 contra
1599 3334 1641 3366 ³⁷
1664 3334 1883 3405 Mogon-

294 3427 497 3481 tiacum
529 3427 573 3458 ³⁸
604 3425 792 3480 urbem
833 3425 934 3480 sita
972 3433 1075 3490 est,
1113 3440 1264 3479 more
1302 3424 1528 3481 solemni
1562 3426 1768 3491 habuit,
1799 3435 1883 3481 at—

293 3532 403 3586 que
437 3516 563 3570 inde
597 3531 721 3571 cum
767 3516 1009 3581 exercitu
1053 3513 1342 3570 Saxoniam
1390 3515 1700 3585 ingressus,
1745 3528 1882 3583 pene

296 3618 465 3665 totam
493 3608 799 3680 populando
826 3608 1150 3678 peragravit.
1184 3606 1425 3676 Cumque
1451 3606 1506 3660 in
1532 3621 1725 3676 pagum
1754 3605 1883 3659 Bar-

296 3699 491 3767 dcngoi
520 3699 562 3730 "
600 3700 967 3768 pervenisset,
1011 3708 1067 3755 et
1106 3700 1254 3754 iuxta
1290 3697 1465 3754 locum
1513 3697 1606 3767 qui
1643 3697 1880 3753 Barden-

293 3791 405 3845 vvih
436 3791 480 3826 "'-
512 3801 534 3828 ε
566 3797 793 3844 vocatur
814 3787 1005 3859 positis
1031 3788 1248 3853 castris,
1282 3786 1618 3851 Sclavorum,
1646 3801 1783 3855 quos
1811 3787 1877 3842 ad

292 3896 354 3935 se
386 3881 570 3935 venire
607 3879 874 3941 iusserat,
903 3886 1215 3948 expectaret
1251 3877 1568 3941 adventum,
1613 3876 1792 3931 subito
1827 3876 1878 3930 ei

290 3971 600 4041 nuntiatum
639 3978 743 4031 est,
761 3969 1140 4037 Witzinum",
1178 3984 1356 4039 regem
1396 3967 1778 4023 Abodritorum
1807 3968 1876 4032 ³³,

288 4077 417 4116 cum
462 4061 644 4116 Albim
681 4061 726 4092 ³³
764 4062 1053 4126 traiceret,
1078 4062 1133 4115 in
1179 4061 1529 4130 dispositasa
1570 4058 1875 4115 Saxonibus

289 4149 519 4206 insidias
546 4151 603 4205 in
630 4150 748 4221 ipso
776 4150 995 4207 ﬂumine
1019 4152 1302 4219 incidisse,
1331 4158 1387 4206 et
1414 4152 1481 4206 ab
1517 4150 1599 4205 eis
1635 4165 1757 4206 esse
1786 4151 1872 4206 in-

289 4240 602 4305 terfectum.
633 4239 787 4313 Quod
815 4240 1015 4296 factum
1041 4241 1279 4295 animo”
1296 4241 1437 4311 regis
1460 4242 1507 4272 "
1534 4242 1601 4295 ad
1632 4240 1874 4297 Saxones

682 4330 1073 4385 VARIANTES
1106 4330 1506 4386 LECTIONES.

363 4421 396 4490 ίΑ
418 4434 473 4490 p.
498 4435 575 4474 m.
601 4421 741 4490 deest
764 4423 816 4477 9.
892 4423 912 4452 ’
934 4421 1077 4475 deest
1100 4422 1151 4475 7.
1228 4422 1249 4454 ³
1281 4423 1483 4478 harena
1512 4421 1563 4475 5.
1596 4422 1787 4478 helena
1812 4426 1866 4480 5.

281 4491 340 4544 ι.
366 4487 500 4543 6ξ7.
532 4490 682 4545 irene
699 4489 757 4544 9.
857 4491 881 4522 ‘
919 4500 1126 4545 tantum
1151 4491 1203 4545 7.
1300 4492 1320 4522 ⁵
1357 4493 1546 4546 erat5.
1570 4493 1624 4547 9.

282 4570 523 4631 cereturg
553 4560 952 4631 habereturque
982 4561 1031 4613 7.
1138 4562 1157 4591 τ
1197 4561 1337 4615 deest
1365 4562 1418 4614 5.
1448 4561 1502 4631 4.
1535 4563 1588 4617 9.
1687 4563 1709 4594 ⁸
1748 4580 1864 4618 mo-

400 4629 528 4685 tiaci
549 4628 604 4682 2.
630 4630 684 4685 9.
708 4628 978 4697 mogohtia
1001 4632 1054 4685 5.
1082 4647 1168 4684 ma
1208 4632 1406 4686 ontiaci
1430 4630 1484 4697 ιι.
1508 4634 1863 4701 mogonciaco

279 4645 658 4752 glmmonciaco
679 4698 732 4752 6.
806 4700 827 4731 ’
865 4646 1283 4752 carolusl.f.7.
1383 4701 1424 4732 ¹⁰
1465 4702 1784 4752 sinotfeldus
1807 4703 1859 4752 Ξ.

321 4739 335 4753 .
372 4700 658 4754 monciaco
679 4698 732 4753 6.
806 4700 827 4731 ’
865 4698 1283 4755 caroluleJ.
1383 4701 1424 4732 ¹⁰
1465 4698 1784 4758 εἰηοιϊθιάυε
1807 4703 1859 4757 2.

277 4768 635 4824 sinotfeldum
652 4768 706 4821 5.
723 4770 773 4823 6.
792 4770 1015 4824 sinofeld
1028 4770 1081 4823 4.
1098 4770 1410 4825 smetl‘eldus
1426 4788 1522 4824 ms.
1539 4772 1790 4829 sinotfeld
1808 4773 1859 4827 7.

275 4838 494 4910 sintielt
521 4839 577 4894 9.
658 4839 1077 4910 'fﬁoperirentur
1111 4840 1163 4894 5.
1200 4841 1253 4894 6.
1332 4842 1374 4871 "
1411 4840 1451 4894 f.
1493 4857 1545 4910 p.
1590 4859 1641 4895 a.
1685 4842 1738 4894 7.
1817 4843 1860 4874 ³³

273 4909 664 4981 dederamque
685 4909 738 4962 7.
816 4909 941 4981 ἦν.
968 4926 1012 4965 s.
1038 4911 1091 4966 3.
1117 4909 1549 4981 9.7regiiservaije
1569 4927 1628 4966 se
1650 4911 1783 4966 velle
1807 4912 1857 4966 7.

279 4979 333 5010 "
357 4987 543 5033 autem
562 4979 614 5032 1.
710 4979 1042 5035 “cull'estein
1070 4981 1123 5047 2.
1154 4980 1208 5034 5.
1237 4979 1288 5035 6‘.
1316 4980 1368 5032 7.
1396 4979 1654 5036 euﬁ‘esten
1668 4982 1721 5035 5.
1749 4983 1864 5035 cuf-

276 5047 525 5121 fenstein
545 5049 604 5121 9.
664 5049 881 5121 _”circa
906 5049 986 5121 Val.
1013 5058 1202 5105 contra
1231 5051 1282 5106 7.
1310 5051 1459 5105 iuxta
1486 5050 1537 5121 4.
1610 5051 1738 5121 "cf.
1759 5051 1863 5107 794

275 5126 395 5193 per:
487 5119 529 5193 f’
545 5119 852 5193 bardengau
893 5120 947 5193 9_._
988 5121 1321 5193 hardengum
1345 5119 1786 5193 _ms.bardengoe
1809 5122 1859 5176 7.

276 5188 327 5261 '_'
367 5186 703 5261 bardemvgib
728 5186 781 5261 Ξῖ
809 5186 1118 5261 hardenvvic
1143 5186 1541 5261 L'bardenwig
1568 5193 1622 5245 5.
1656 5186 1715 5246 9.
1741 5192 1865 5245 bar-

272 5254 579 5312 demhumh
605 5256 657 5311 7.
736 5259 775 5289 ²¹
795 5260 1048 5314 wizinum
1077 5261 1127 5314 7.
1159 5261 1445 5315 uurzinum
1476 5254 1536 5315 6:
1557 5261 1774 5315 wiltzan
1806 5262 1859 5315 9.

274 5326 327 5354 ”
343 5326 701 5382 abotritorum
727 5327 805 5383 2?
832 5331 884 5384 9.
960 5329 1007 5361 "
1031 5330 1229 5385 albiam
1261 5329 1311 5383 7.
1389 5331 1687 5385 “animum
1726 5331 1772 5384 l.
1803 5330 1857 5384 2.

275 5396 315 5450 3
334 5395 363 5449 ?
388 5395 441 5449 4.
472 5396 524 5450 5.
558 5399 610 5451 6.
689 5398 735 5430 ³⁸
763 5400 881 5454 eius
908 5399 961 5452 7.

1729 4494 1750 4525 ⁸
1786 4495 1945 4561 di—D

1983 3330 2050 3385 de
2076 3330 2322 3385 habenda
2349 3331 2390 3361 "
2432 3330 2830 3385 christianitate
2864 3338 2920 3383 et
2949 3328 3054 3384 ﬁde
3083 3322 3228 3400 regis
3253 3329 3296 3361 ³³
3336 3333 3566 3387 tenenda
3667 3382 3670 3385 .

1981 3418 2223 3475 fecerant
2247 3418 2314 3485 “,
2343 3420 2551 3475 irritam
2583 3418 2858 3485 fecissent,
2893 3434 3016 3473 cum
3047 3420 3288 3474 exercitu
3320 3420 3372 3474 in
3398 3420 3567 3475 Saxo-

1983 3511 2126 3565 niam
2157 3510 2437 3579 ingressus
2463 3518 2579 3575 est,
2615 3517 2670 3563 et
2694 3524 2866 3578 usque
2897 3510 2962 3564 ad
2990 3508 3209 3563 ﬂuvium
3236 3509 3412 3564 Albim
3442 3526 3567 3579 pcr-

1980 3602 2157 3668 vcnit,
2191 3603 2258 3656 ad
2288 3603 2463 3657 locum
2494 3602 2586 3670 qui
2619 3602 2817 3655 dicitur
2844 3599 3023 3655 Hliuni
3052 3601 3096 3632 "
3118 3600 3167 3664 ἀ,
3209 3601 3262 3654 in
3294 3617 3402 3671 quo
3436 3611 3564 3657 tunc

1980 3690 2184 3746 Witzin
2212 3690 2254 3722 ³⁸
2290 3690 2673 3745 Abodritorum
2700 3689 2741 3720 "
2782 3704 2878 3742 rex
2924 3704 2955 3741 a
3002 3687 3307 3744 Saxonibus
3348 3692 3561 3745 occisus

1977 3787 2102 3833 est:
2146 3778 2219 3833 ibi
2261 3780 2425 3833 etiam
2452 3787 2722 3832 venerunt
2756 3778 2907 3832 missi
2938 3777 3158 3841 Tudun,
3195 3779 3286 3848 qni
3318 3779 3370 3833 in
3402 3792 3561 3851 gente

1976 3876 2033 3921 et
2065 3882 2230 3937 regno
2253 3866 2554 3921 Avarorum
2591 3882 2844 3935 magnam
2873 3873 3195 3935 potestatem
3232 3867 3463 3924 habebat
3493 3872 3556 3935 “',

1975 3957 2067 4026 qui
2093 3956 2366 4021 dixerunt,
2395 3957 2537 4026 quod
2568 3955 2708 4009 idem
2737 3955 2777 3986 "
2806 3954 2997 4010 Tudun
3024 3967 3047 3994 ι·
3070 3972 3193 4011 cum
3224 3968 3369 4012 terra
3390 3968 3445 4014 et
3465 3976 3561 4031 po-

1974 4046 2100 4117 pulo
2121 4061 2218 4102 suo
2237 4062 2297 4101 se
2320 4048 2433 4119 regi
2449 4047 2494 4077 ¹⁰
2517 4046 2717 4101 dedere
2738 4047 2917 4112 vellet,
2941 4049 3133 4103 eteius
3153 4049 3493 4106 ordinatione
3512 4053 3554 4083 "

1973 4138 2327 4195 christianum
2357 4137 2519 4193 ﬁdem
2547 4138 2825 4206 suscipere
2844 4139 2889 4168 ³³
2919 4137 3099 4193 vellet.
3144 4137 3259 4194 Rex
3287 4154 3436 4206 vero,
3480 4141 3560 4195 af-

1970 4228 2132 4285 ﬂictis
2164 4245 2357 4301 magna
2384 4243 2450 4283 ex
2478 4237 2633 4297 parte
2660 4227 2986 4295 Saxonibus,
3018 4244 3315 4300 eorumque
3335 4230 3383 4263 ”
3410 4242 3556 4287 terra

1974 4330 2205 4387 vastata,
2234 4320 2580 4391 acceptisque
2606 4334 2795 4374 eorum
2824 4319 3122 4386 obsidibus,
3150 4321 3203 4374 in
3231 4320 3434 4377 Gallias
3469 4339 3555 4377 re-

1976 4411 2102 4478 diit,
2151 4418 2206 4465 et
2243 4411 2299 4464 in
2330 4409 2532 4479 palatio
2561 4409 2704 4478 quod
2739 4419 2962 4465 vocatur
2983 4409 3029 4440 “
3056 4409 3230 4479 Aquis
3249 4412 3296 4444 "
3319 4413 3555 4469 natalem

2371 4565 2759 4622 VARIANTES
2801 4564 3184 4622 LECTIONES

2045 4699 2060 4730 ³
2078 4696 2333 4754 sinistfelt
2349 4696 2401 4751 5.
2420 4697 2473 4753 9.
2494 4695 2751 4751 sinitsfelt
2765 4693 2817 4749 6.
2834 4692 3164 4750 sin'aisl‘elt7.
3185 4696 3477 4754 sinitfelt2.
3494 4703 3548 4757 8.

1971 4770 1995 4842 ξ
2030 4768 2405 4842 fraudulenter
2429 4766 2757 4842 christianos
2782 4766 2840 4842 5.
2955 4835 2982 4842 Δ
3019 4765 3039 4796 ³
3064 4765 3219 4842 ﬁdele
3246 4768 3300 4842 2.
3376 4769 3550 4842 {rege

1969 4839 2021 4893 2.
2055 4839 2109 4892 6.
2186 4840 2207 4869 ⁸
2231 4838 2542 4909 aquisgrani
2573 4838 2626 4891 7.
2702 4836 2724 4867 ⁸
2748 4835 2924 4909 reddit
2952 4835 3006 4909 2.
3100 4838 3222 4909 {ibi
3252 4838 3305 4892 2.
3392 4839 3414 4871 ³
3435 4835 3552 4895 ειῖδ-

1969 4909 2211 4979 sinstang
2251 4906 2304 4962 in
2336 4978 2339 4979 ν
2370 4906 2423 4963 5⁷.
2479 4909 2770 4979 chusstagn
2828 4906 2889 4979 in
2936 4907 2986 4960 6.
3046 4906 3348 4979 cuﬂinstain
3400 4909 3453 4979 in
3489 4912 3543 4964 8.

1969 4978 1990 5009 ’
2018 4988 2071 5033 et
2102 4980 2152 5030 in
2181 4976 2234 5031 2.
2330 4978 2372 5009 ¹⁶
2398 4977 2657 5033 suburbio
2685 4976 2738 5047 7.
2853 4976 2892 5007 “
2921 4978 3377 5047 mogontiacensis
3408 4978 3459 5032 5.
3492 4984 3545 5034 6.

1967 5048 2424 5117 moguntiacensis
2449 5048 2500 5100 7.
2554 5047 2631 5117 7A“,
2649 5046 2883 5117 habendi
2912 5047 2964 5117 2.
3024 5046 3088 5078 ³³
3113 5049 3221 5117 regi
3249 5048 3300 5117 7.
3397 5048 3438 5079 "
3467 5048 3545 5103 fe-

1967 5115 2230 5172 cebant2.
2312 5115 2834 5172 u'libum."5.lunis7.
2914 5115 3542 5174 "wizzin5.6.wiziu7.

1966 5189 2007 5219 ³⁷
2033 5188 2401 5241 abadritorum
2429 5187 2482 5241 5.
2564 5187 2606 5217 ³⁸
2633 5187 2831 5240 habeat
2854 5185 2907 5239 2.
2988 5185 3028 5215 "
3054 5182 3221 5239 isdem
3242 5185 3293 5239 7.
3389 5188 3433 5219 ⁵ο
3461 5206 3542 5243 rc~

1964 5272 2028 5328 ge
2054 5258 2107 5310 2.
2207 5258 2251 5288 ³³
2273 5256 2667 5328 ordinationem
2697 5255 2751 5328 2.
2781 5256 2832 5307 6.
2928 5255 2973 5284 ’³
3000 5256 3303 5328 suscipere.
3330 5257 3460 5328 Rex
3486 5258 3540 5314 7.

1963 5323 2008 5359 ³³
2033 5342 2219 5448 corulm
2249 5327 2390 5382 deest
2420 5327 2472 5379 7.
2548 5328 2594 5357 ⁸³
2620 5326 2714 5396 qui
2749 5332 2973 5378 vocatur
3000 5323 3054 5378 2.
3085 5323 3214 5381 6.7.
3290 5327 3337 5359 ³⁵
3357 5328 3544 5399 aquis-

1963 5413 2115 5448 aram
2179 5436 2192 5448 .

1962 5413 2115 5467 grani
2150 5413 2192 5449 ι.

1787 5486 2019 5545 NOTAE.

356 5578 645 5652 {campus
668 5581 921 5649 Sendfeld
948 5597 1116 5652 prope
1138 5582 1601 5652 Wunncnberg,_a
1635 5581 1861 5652 meridie

672 5660 730 5706 et
758 5646 1127 5722 septentrione
1159 5652 1466 5722 Ereshnrgi.
1490 5646 1582 5706 ’(ἶΐ.
1612 5650 1864 5707 Ft‘usten.

282 5719 457 5786 bergii
492 5719 630 5775 Man.
665 5722 794 5776 Pad.
823 5719 877 5791 p.
910 5720 1031 5777 185.

358 5787 387 5827 δ
410 5787 701 5845 Kostlieim.

2043 5589 2065 5649 ς
2092 5575 2367 5649 βανάοωίιί
2400 5574 2925 5649 pr_opre_Lﬁneburg.

2038 5645 2063 5685 ἀ
2088 5647 2231 5702 Line
2258 5661 2424 5717 prope
2452 5645 2759 5717 Luneburg.

2043 5728 2067 5755 ε
2092 5715 2282 5793 Tudun
2310 5715 2830 5793 nomengjgnitatis,
2873 5720 3263 5793 non‘hominis,
3303 5722 3446 5793 quod
3485 5730 3543 5782 et

1972 5794 2156 5843 uoster
2181 5788 2371 5843 innuit.
2402 5783 2485 5841 Cf.
2511 5782 3141 5859 Hiﬂoriam'misccllam.
3169 5782 3292 5863 pag.
3317 5782 3435 5847 LM.
