3986 6174
379 316 481 379 M7

839 435 1082 485 ANSALES.
1109 432 1513 477 LAURISSENSES.

379 515 592 572 Domini
618 511 923 574 celebravit,
958 518 1012 565 et
1037 509 1236 578 pascha
1264 507 1536 563 similiter.
1573 507 1640 571 Et
1666 503 1951 572 inmutavit

381 622 441 663 se
467 620 723 662 numerus
748 615 1012 657 annorum
1041 600 1092 653 in

1017 1482 1329 1540 DCCXCVI.

450 1578 717 1637 Adrianus
746 1579 763 1611 ¹
796 1590 931 1646 papa
964 1573 1131 1637 obiit,
1163 1580 1219 1627 et
1245 1571 1378 1635 Leo,
1408 1585 1533 1624 mox
1562 1577 1624 1624 ut
1649 1570 1706 1624 i’n
1732 1568 1912 1624 locum
1939 1570 1960 1598 '

381 1670 499 1726 eius
528 1666 816 1727 successit,
847 1662 996 1717 misit
1023 1661 1226 1731 legatos
1253 1674 1376 1714 cum
1420 1657 1737 1712 muneribus
1766 1656 1832 1710 ad
1871 1671 1963 1743 re-

1420 304 1797 365 EGINHARDI
1831 298 2120 358 ABBATIS
2154 298 2478 354 ANNALES

1976 414 2029 472 A

3520 300 3629 355 H8

2265 469 2268 473 ,
2550 424 2782 463 Αδδλιιεε
2820 424 3126 465 EGINIIABDI.

2054 500 2215 555 citius
2246 498 2591 555 debellandos
2629 498 2776 553 velut
2806 500 3067 569 quosdam
3102 500 3355 555 stimulos
3387 501 3629 565 addidit.

2051 598 2107 648 et
2152 590 2209 643 in
2268 590 2452 643 odium
2509 589 2748 659 perﬁdae
2794 591 2809 620 ¹
2848 590 3030 659 gentis
3071 590 3301 660 amplius
3352 593 3629 647 excitavit.

2054 681 2222 735 Terra
2249 681 2413 751 igitur
2440 696 2633 751 magna
2660 695 2728 735 ex
2764 682 2784 711 ¹
2818 690 2974 750 parte
3002 691 3231 746 vastata,
3255 693 3315 737 et
3328 683 3630 745 obsidibus.

2054 785 2189 839 quos
2216 770 2346 823 dare
2373 770 2635 832 iusserat,
2665 772 2932 839 acceptis,
2961 772 3013 824 in
3046 771 3340 843 .Franciam
3384 787 3634 827 reversus

2055 868 2156 913 est.
2196 858 2252 912 ln
2294 860 2395 913 hac
2426 861 2798 929 expeditione,
2844 861 2975 915 dum
3018 871 3194 916 castra
3246 879 3410 931 super
3453 863 3632 918 Albim

2056 948 2311 1012 haberet,
2339 958 2604 1004 venerunt
2634 951 2700 1005 ad
2729 966 2852 1005 eum
2881 951 3038 1020 legati
3073 953 3137 1006 de
3164 952 3442 1007 Pannonia
3474 954 3633 1008 unius

2058 1038 2167 1092 'ex
2205 1039 2530 1106 primoribus
2562 1039 2867 1105 Hunorum,
2905 1042 2997 1110 qui
3042 1045 3183 1112 apud
3234 1059 3359 1098 suos
3399 1044 3634 1098 Tudun‘

2056 1131 2350 1182 vocabatur
2385 1130 2425 1181 ⁵.
2463 1129 2512 1183 ls
2547 1138 2601 1183 et
2662 1147 2817 1184 suum
2883 1132 3173 1187 adventum
3204 1133 3248 1197 ‘,
3302 1142 3361 1187 et
3393 1148 3450 1189 se
3486 1135 3633 1188 ειη-ἰν

2060 1219 2293 1273 stianum
2330 1218 2446 1273 ﬁeri
2493 1220 2628 1275 velle
2658 1223 2927 1291 promisit.
2970 1224 3081 1280 Rex
3111 1231 3290 1279 autem
3321 1224 3632 1296 Aquasgra-

2060 1312 2114 1366 ni
2143 1313 2162 1343 "
2191 1312 2441 1376 veniens,
2473 1314 2611 1367 sicut
2638 1323 2692 1368 et
2732 1331 2873 1369 anno
2914 1317 3190 1384 superiore
3219 1316 3265 1380 ⁸,
3314 1316 3386 1370 ibi
3428 1325 3636 1385 tempo«

2062 1401 2208 1459 ribus
2237 1402 2348 1456 suis
2371 1410 2427 1456 et
2453 1402 2683 1458 natalem
2714 1405 2923 1459 Domini
2950 1413 3003 1459 et
3029 1407 3225 1475 pascha
3251 1405 3545 1465 celebravit

2691 1494 3002 1550 DCCXCVI.

2132 1585 2338 1641 Romae
2364 1587 2408 1650 ’,
2454 1586 2726 1642 Hadriano
2768 1586 3058 1651 defuncto,
3106 1586 3219 1641 Leo
3262 1587 3633 1657 pontiﬁcatum

2064 1676 2322 1745 suscepit,
2347 1684 2403 1729 et
2425 1692 2545 1731 mox
2584 1693 2681 1746 per
2707 1676 2910 1744 legatos
2929 1691 3055 1730 suos
3078 1676 3256 1731 claves
3280 1676 3640 1733 confessionis

382 1768 502 1829 gem
520 1799 536 1824 ,
566 1758 744 1814 claves
777 1756 938 1811 etiam
975 1751 1332 1808 confessionis
1358 1749 1378 1781 ³
1405 1750 1575 1804 sancti
1603 1748 1749 1803 Petri
1778 1755 1833 1803 et
1860 1763 1955 1803 ve-

2065 1768 2232 1821 sancti
2271 1766 2416 1821 Petri
2440 1783 2503 1821 ac
2526 1767 2778 1821 vexillum
2802 1767 3077 1821 Romanae
3103 1768 3253 1821 urbis
3278 1768 3319 1798 ‘°
3344 1783 3467 1821 cum
3515 1768 3642 1823 aliis

381 1849 565 1905 xillnm
597 1848 873 1903 Romanae
899 1842 920 1875 ⁸
942 1843 1093 1897 urbis
1121 1841 1294 1896 eidem
1322 1839 1540 1895 direxit.
1571 1838 1677 1892 Sed
1706 1844 1762 1891 et
1790 1837 1810 1869 ⁸
1841 1836 1967 1890 Hei-

381 1940 568 1995 richns
598 1939 619 1970 ⁸
648 1939 756 1992 dux
782 1932 1151 1990 Foroinlensis
1179 1932 1224 1995 ",
1256 1930 1437 1984 missis
1465 1929 1776 1983 hominibus
1804 1928 1916 1982 suis
1942 1928 1963 1960 ⁸

382 2043 503 2082 cum
519 2026 850 2096 Wonomyro
877 2023 898 2053 ⁹
919 2022 1112 2077 Sclavo
1137 2021 1190 2074 in
1217 2019 1523 2073 Pannonias
1552 2018 1611 2081 ⁸ο,
1639 2016 1892 2088 hringum
1922 2018 1963 2047 “

383 2122 560 2192 gentis
593 2119 891 2174 Avarorum
929 2114 1102 2183 longis
1139 2120 1287 2166 retro
1324 2110 1656 2180 temporibus
1689 2110 1928 2177 quietum
1948 2150 1961 2173 ,

382 2210 526 2267 civili
553 2209 691 2265 bello
720 2206 960 2278 fatigatis
989 2205 1130 2258 inter
1155 2216 1213 2257 se
1236 2200 1601 2271 principibus,
1630 2197 1967 2267 spoliavit—

385 2301 604 2372 Chagan
630 2301 671 2331 ¹²
698 2313 791 2353 seu
818 2298 860 2329 ¹³
882 2296 1104 2366 lugurro
1146 2291 1189 2323 ”
1213 2292 1466 2345 intestina
1489 2289 1640 2344 clade
1663 2288 1890 2344 addictis
1922 2288 1966 2318 ’⁵

386 2397 444 2445 et
479 2406 509 2443 a
549 2388 662 2443 suis
698 2386 895 2442 occisis
925 2415 1025 2447 ——,
1069 2383 1379 2437 thesaurum
1428 2380 1729 2449 priscorum
1778 2394 1964 2449 regum

383 2478 555 2532 multa
604 2476 944 2532 saeculorum
988 2472 1300 2543 prolixitate
1344 2471 1626 2526 collectum
1676 2470 1723 2511 ³⁸
1769 2471 1967 2526 domno

384 2569 579 2625 Carolo
616 2568 729 2638 regi
763 2568 804 2598 "
834 2567 901 2621 ad
937 2565 1107 2634 Aquis
1146 2562 1413 2632 palacium
1447 2561 1613 2615 misit.
1653 2560 1770 2626 Quo
1807 2575 1965 2614 acce-

384 2668 511 2728 pto,
543 2666 761 2729 peracta
794 2658 836 2688 ¹⁶
867 2657 978 2711 Deo
1006 2653 1248 2725 largitori
1276 2650 1518 2705 omnium
1552 2651 1815 2703 bonorum
1846 2666 1968 2719 gra-

384 2730 583 2803 tiarum
612 2747 827 2803 actione
859 2745 925 2810 ¹⁹,
959 2745 1098 2799 idem
1126 2743 1209 2796 vir
1240 2738 1693 2811 prudentissimus
1716 2737 1891 2807 adque
1919 2739 1964 2768 ²⁰

382 2838 720 2910 largissimus
748 2845 803 2890 et
833 2835 925 2889 Dei
956 2835 1297 2904 dispensator
1326 2844 1573 2898 magnam
1607 2829 1731 2883 inde
1757 2837 1965 2897 partem

386 2929 613 2988 Romam
652 2925 720 2979 ad
751 2924 938 2979 limina
975 2919 1341 2989 apostolorum
1378 2918 1528 2974 misit
1561 2934 1660 2987 per
1684 2918 1967 2986 Angilber—

385 3024 499 3071 tum
550 3014 595 3045 “
650 3013 906 3068 dilectum
952 3009 1202 3065 abbatem
1251 3024 1449 3074 suum;
1497 3023 1661 3078 porro
1703 3007 1965 3077 reliquam

2066 1860 2383 1914 muneribus
2410 1860 2521 1929 regi
2551 1859 2719 1923 misit,
2756 1858 3068 1928 rogavitque
3091 1867 3153 1912 ut
3176 1859 3411 1928 aliquem
3434 1860 3501 1914 de
3526 1859 3642 1922 suis

2065 1950 2415 2019 optimatibus
2443 1950 2669 2004 Romam
2718 1950 2990 2012 mitteret,
3029 1950 3118 2017 qui
3150 1948 3403 2019 populum
3434 1949 3639 2005 Roma-

2066 2056 2194 2095 num
2232 2041 2299 2095 ad
2332 2055 2483 2095 suam
2514 2040 2673 2094 ﬁdem
2703 2048 2865 2109 atque
2911 2038 3298 2093 subiectionem
3335 2054 3432 2109 per
3459 2054 3643 2093 sacra—

2067 2139 2247 2185 menta
2277 2129 2536 2185 ﬁrmaret.
2588 2130 2901 2189 Missusest.
2941 2130 3009 2184 ad
3062 2130 3166 2185 hoc
3194 2129 3544 2201 Angilbertus
3574 2131 3637 2193 “,

2066 2220 2234 2277 abbas
2258 2220 2570 2275 monasterii
2616 2221 2802 2281 sancti
2838 2219 3079 2276 Richarii
3111 2221 3152 2252 ”
3177 2232 3224 2287 α,
3272 2235 3372 2291 per
3407 2235 3571 2289 quem
3595 2221 3638 2257 ¹³

2065 2313 2225 2365 etiam
2259 2319 2387 2371 tunc
2430 2312 2498 2366 ad
2549 2321 2795 2366 sanctum
2839 2311 3062 2367 Petrum
3120 2329 3371 2385 magnam
3427 2322 3641 2386 partem

2067 2401 2330 2466 thesauri,
2357 2416 2517 2470 quem
2546 2401 2739 2462 Ericus
2766 2401 2811 2433 ¹³
2836 2403 2945 2457 dux
2969 2402 3374 2472 Foroiuliensis,
3409 2408 3639 2477 spoliata

2066 2492 2345 2547 Hunorum
2375 2493 2521 2561 regia
2551 2508 2672 2561 qua:
2718 2492 2955 2563 Hringus
2996 2494 3040 2524 ¹⁵
3068 2495 3395 2561 vocabatur,
3449 2496 3659 2552 eodem

2067 2598 2208 2638 anno
2238 2583 2351 2653 regi
2382 2582 2447 2636 de
2470 2582 2749 2666 Pannonia
2778 2583 2820 2613 ⁸⁸
2856 2582 3143 2649 detulerat,
3165 2584 3337 2648 misit,
3372 2584 3643 2654 reliquum

2066 2689 2195 2729 vero
2225 2675 2367 2727 inter
2389 2675 2678 2743 Optimates
2705 2681 2760 2728 et
2790 2674 3013 2733 aulicos,
3031 2676 3455 2744 caeterosquein
3484 2675 3647 2746 palaq

2070 2765 2143 2820 tio
2197 2780 2295 2819 suo
2320 2765 2612 2818 militantes
2650 2763 2861 2818 liberali
2907 2780 3073 2818 manu
3118 2765 3411 2819 distribuit.
3464 2765 3645 2834 Atque

2067 2857 2153 2911 his
2208 2857 2248 2888 ⁸⁷
2299 2855 2557 2925 expletis,
2598 2856 2712 2925 ipse
2758 2872 2878 2909 cum
2936 2857 3180 2911 exercitu
3226 2856 3267 2910 F
3275 2873 3560 2912 raucorum
3600 2859 3646 2890 “

2070 2946 2357 3002 Saxoniam
2394 2948 2569 3017 petiit,
2618 2947 2899 3018 Pippinum
2930 2963 3059 3002 vero
3110 2948 3277 3003 ﬁlium
3310 2965 3464 3003 suum
3515 2965 3642 3005 cum

2068 3038 2269 3094 Italicis
2302 3054 2367 3092 ac
2399 3037 2693 3091 Baioarieis
2726 3038 2768 3068 ¹⁹
2795 3037 2967 3107 copiis
2991 3038 3045 3091 in
3070 3037 3398 3093 Pannoniam
3429 3039 3509 3092 ire
3531 3038 3647 3092 ius-

382 3088 592 3183 partem
628 3103 1014 3174 optimatibus,
1053 3100 1266 3159 clericis
1300 3099 1413 3155 sive
1444 3097 1626 3162 laicis,
1664 3099 1968 3167 ceterisque
1993 3133 2038 3194 Ο

384 3178 634 3253 ﬁdelibus
667 3197 780 3250 suis
810 3194 1033 3263 largitus
1069 3200 1176 3246 est.
1216 3191 1273 3244 In
1308 3192 1495 3246 eodem
1526 3206 1669 3244 anno
1697 3190 1887 3244 Tudun
1918 3192 1963 3221 ²¹

383 3289 679 3346 secundum
716 3286 1163 3356 pollicitationem
1203 3299 1355 3337 suam
1403 3298 1526 3337 cum
1571 3297 1766 3353 magna
1812 3291 1967 3352 parte

383 3384 685 3441 Avarorum
718 3379 764 3410 "
792 3378 859 3432 ad
889 3392 1071 3447 regem
1099 3375 1281 3440 venit,
1309 3389 1367 3429 se
1394 3390 1516 3433 cum
1557 3372 1755 3443 populo
1784 3389 1882 3428 suo
1912 3381 1968 3427 et

382 3472 559 3544 patria
585 3471 697 3541 regi
728 3468 910 3529 dedit;
943 3466 1058 3535 ipse
1086 3465 1129 3495 “
1168 3473 1223 3521 et
1248 3463 1478 3534 populus
1510 3463 1811 3531 baptizatus
1847 3472 1965 3527 est,

382 3570 440 3618 et
466 3557 760 3617 honoriﬁce
792 3554 1109 3611 muneribus
1135 3553 1319 3608 donati
1346 3552 1642 3606 redierunt.
1674 3550 1789 3606 Rex
1810 3591 1824 3615 ,
1856 3549 1964 3604 eol-

389 3652 547 3709 lectis
579 3647 909 3707 exercitibus
942 3646 1056 3700 suis
1078 3685 1099 3713 ,
1122 3642 1414 3699 Saxoniam
1450 3644 1726 3713 ingressus
1762 3648 1874 3706 est,
1905 3639 1967 3694 ﬁ-

386 3745 518 3802 lium
562 3757 721 3798 suum
767 3739 1053 3810 Pippinum
1106 3750 1286 3807 regem
1333 3733 1517 3789 Italiae
1564 3734 1618 3787 in
1664 3732 1968 3791 Pannonias

386 3851 511 3891 cum
551 3832 795 3889 exercitu
843 3844 941 3885 suo
962 3828 1011 3861 ‘-"
1049 3828 1236 3885 misso.
1282 3826 1328 3855 ’°
1367 3823 1534 3879 Cuius
1567 3823 1864 3893 legationes
1900 3821 1968 3875 ad

383 3942 507 3984 eum
542 3926 597 3980 in
630 3923 820 3979 eadem
858 3920 1092 3975 Saxonia
1129 3922 1426 3980 venerunt,
1465 3930 1572 3969 una
1606 3929 1748 3983 quae
1792 3912 1963 3975 dixit,

388 4016 694 4073 occurrisse
742 4012 786 4043 ’τ
837 4010 888 4066 ei
937 4010 1124 4079 Kagan
1171 4023 1294 4062 cum
1342 4005 1540 4062 ceteris
1584 4003 1965 4067 obtimatibus,

387 4121 548 4177 quem
575 4104 676 4159 sibi
705 4103 912 4161 Avares
940 4107 1062 4170 post
1092 4096 1525 4153 interfectionem
1566 4094 1807 4163 priorum
1835 4107 1966 4148 con-

387 4199 683 4253 stituerunt
708 4212 721 4246 :
754 4193 925 4247 altera
954 4206 1092 4259 quae
1125 4189 1291 4249 dixit,
1330 4187 1558 4257 Pippino
1586 4186 1632 4217 ¹⁸
1660 4200 1785 4239 cum
1812 4198 1968 4238 exer-

388 4285 500 4339 citu
530 4297 629 4338 suo
653 4282 708 4336 in
735 4281 930 4351 hringo
954 4279 999 4310 '°
1028 4278 1236 4333 sedere.
1279 4276 1348 4330 Et
1384 4277 1612 4330 domnus
1651 4289 1742 4329 rex
1761 4314 1775 4338 ,
1806 4287 1967 4343 peras

391 4381 545 4446 grata
583 4370 817 4431 Saxonia
841 4410 856 4435 ,
893 4383 1015 4424 cum
1053 4367 1266 4436 integro
1303 4365 1543 4420 exercitu
1583 4364 1637 4417 in
1675 4362 1875 4423 Gallias
1909 4376 1968 4416 se

2068 3228 2199 3281 tata,
2228 3220 2294 3273 ad
2316 3219 2660 3273 biemandum
2688 3218 3028 3289 Aquasgrani
3057 3220 3098 3250 ¹¹
3136 3220 3462 3283 revertitur;
3513 3218 3644 3288 Pip-

2062 3311 2223 3380 pinus
2268 3318 2469 3373 autem,
2514 3307 2684 3362 Hunis
2714 3317 2867 3362 trans
2896 3307 3081 3361 Tizam
3117 3308 3146 3348 ιι
3176 3307 3391 3362 ﬂuvium
3423 3306 3644 3378 fugatis.

2064 3418 2357 3471 eorumque
2383 3402 2553 3472 regia,
2577 3407 2736 3471 Quae,
2776 3412 2835 3454 ut
2864 3401 2909 3431 ²²
2944 3400 3147 3455 dictum
3187 3410 3292 3466 est,
3329 3399 3568 3471 Hringus
3591 3410 3644 3463 ε,

2066 3511 2096 3549 a
2121 3494 2490 3564 Langobardis
2539 3499 2718 3546 autem
2761 3490 2995 3561 Campus
3045 3502 3275 3546 vocatur
3305 3490 3370 3556 ",
3424 3506 3491 3544 ex
3529 3498 3649 3544 toto

2067 3587 2336 3641 destructa
2358 3626 2371 3649 ,
2419 3583 2647 3652 direptis
2673 3597 2813 3653 pene
2838 3581 3089 3636 omnibus
3115 3581 3392 3636 Hunorum
3422 3582 3642 3651 opibus,

2067 3680 2135 3735 ad
2162 3686 2371 3748 patrem
2400 3676 2722 3746 Aquisgrani
2750 3674 2797 3706 “
2825 3675 3050 3729 hiberna
3071 3675 3357 3729 habentem
3379 3674 3547 3738 venit,
3581 3690 3647 3729 ac

2067 3768 2236 3839 spolia
2262 3766 2413 3837 regni
2444 3779 2583 3833 quae
2617 3779 2801 3819 secum
2847 3764 3053 3825 detulit,
3102 3763 3275 3817 eidem
3323 3772 3646 3833 praesenta-

2066 3859 2162 3912 vit.
2190 3856 2383 3911 Tudun
2418 3855 2464 3886 "
2492 3855 2656 3909 etiam
2703 3854 2791 3908 ille
2820 3853 2889 3919 “,
2921 3854 2987 3909 de
3015 3869 3124 3922 quo
3150 3854 3398 3924 superius
3436 3856 3648 3911 mentio

2068 3948 2212 4003 facta
2240 3955 2346 4011 est,
2374 3944 2533 4000 ﬁdem
2573 3944 2733 3998 dictis
2762 3944 2874 3998 suis
2904 3943 3186 4010 adhibens,
3228 3944 3426 3999 ibidem
3456 3945 3524 4000 ad
3553 3960 3648 3999 re-

2066 4055 2186 4111 gem
2213 4038 2382 4101 venit,
2412 4036 2593 4105 ibique
2619 4050 2741 4090 cum
2762 4035 3013 4089 omnibus
3041 4035 3132 4103 qui
3164 4049 3348 4090 secum
3379 4043 3659 4090 venerant»

2066 4131 2370 4200 baptizatus
2390 4128 2434 4159 "
2452 4143 2516 4183 ac
2537 4136 2911 4182 remuneratus
2924 4126 2991 4191 ",
3013 4126 3329 4195 postdatum
3345 4126 3651 4184 servandae

2456 4304 2845 4363 VARIANTES
2895 4304 3292 4361 LECTIONES.

2142 4416 2155 4450 ‘
2197 4421 2434 4491 perﬁdia:
2461 4420 2511 4491 l.
2586 4417 2853 4491 ’deest_9.
2987 4433 3125 4491 unus
3153 4415 3311 4491 ’5?_7.
3485 4414 3661 4491 Ethn-

388 4464 592 4535 recepit
619 4463 664 4495 ³ο
693 4469 749 4519 ει
784 4462 838 4516 in
871 4461 914 4492 ’ί
944 4459 1114 4529 Annis
1147 4457 1349 4527 ρειαιίο
1386 4456 1554 4510 ﬁlium
1592 4471 1748 4510 suum
1788 4454 1968 4525 Ρίρρί-
1991 4471 2176 4546 nd...
2198 4454 2519 4545 ξῖὶῖτάίῑῑηξ.
2544 4454 3129 4541 ιιιῶῗὲῗὶνίάυῖιῖιῖ
3154 4454 3327 4541 ῖυ·ςι.;;ι
3355 4454 3407 4538 τις
3485 4454 3646 4539 ιῖξξ

791 4548 1184 4609 VARIANTES
1219 4546 1620 4605 LECTIONES.

462 4651 479 4680 ⁸
519 4646 823 4707 Hadrianus
853 4646 905 4698 7.
980 4646 1001 4675 ’
1039 4651 1099 4697 ut
1121 4642 1189 4697 ad
1212 4641 1386 4697 locum
1413 4641 1467 4695 2.
1543 4639 1564 4670 ³
1601 4637 1967 4693 confessiones

385 4720 445 4773 2.
520 4718 543 4749 ⁵
587 4732 736 4771 rome
765 4716 818 4770 2.
917 4714 937 4745 ⁸
979 4714 1085 4767 Sed
1115 4712 1352 4766 beiricus
1381 4711 1432 4762 5.
1533 4709 1553 4739 ⁶
1588 4708 1863 4762 beinricus
1913 4707 1966 4761 6.

392 4789 412 4820 "
430 4787 743 4848 furinlensis
756 4786 807 4838 6.
826 4783 1185 4839 foroiuliensis
1203 4781 1253 4833 7.
1328 4779 1349 4809 ⁸
1374 4779 1485 4833 suis
1501 4777 1639 4831 deest
1666 4776 1717 4830 5.
1797 4775 1968 4848 “unn-

387 4846 577 4930 omyro
611 4856 659 4910 5.
698 4854 1011 4933 wonqmiro.
1035 4852 1088 4903 7.
1201 4850 1242 4880 ¹⁰
1288 4848 1468 4929 Sclavo
1514 4862 1635 4900 cum
1668 4846 1966 4933 pannopias

388 4928 442 4982 2.
481 4914 561 4960 ⁸⁸³
603 4925 685 4981 hri
725 4941 795 4979 un
828 4923 879 4976 7.
912 4921 1141 4990 hirigum
1180 4917 1477 4988 principem
1513 4914 1800 4975 avaro—rum
1837 4915 1867 4968 7
1904 4914 1959 4968 b.

392 5000 436 5029 ¹¹
472 4997 660 5050 clauan
825 4992 866 5024 ³³
905 5005 963 5046 se
992 4989 1045 5043 2.
1079 4988 1190 5043 sive
1220 4988 1272 5041 5.
1306 4987 1359 5041 6.
1393 4987 1444 5040 7.
1524 4986 1567 5018 ¹⁸
1600 4987 1790 5050 inguro
1819 4985 1872 5040 5.
1903 4985 1956 5039 6.

393 5002 436 5029 “
472 5002 660 5059 clagan
690 5002 745 5053 2.
825 5002 866 5024 "
905 5005 963 5046 se
992 5002 1045 5043 Ξ.
1079 5003 1190 5043 ειγθ
1220 5002 1272 5041 5.
1306 5002 1359 5041 υ.
1402 5002 1444 5040 ι.
1526 5002 1567 5018 ι’
1600 5002 1790 5087 inguro
1819 5002 1872 5040 ο.
1903 5002 1954 5039 o.

393 5067 437 5098 "
472 5082 538 5137 ac
568 5067 727 5137 dictis
751 5063 803 5118 6.
882 5061 925 5093 ³⁸
952 5058 1255 5137 prolixitate
1285 5065 1508 5137 quetum
1535 5056 1589 5110 2.
1654 5058 1710 5137 J'
1753 5070 1876 5137 rege

390 5136 535 5207 regis
560 5135 613 5190 6.
690 5136 733 5167 ¹⁸
766 5124 991 5251 ξανθαὶ)
1015 5128 1066 5183 5.
1146 5127 1202 5208 ⁸⁸,
1225 5124 1480 5197 peractis.
1503 5166 1516 5179 .
1540 5165 1555 5180 .
1581 5125 1885 5179 actionibus
1906 5124 1958 5178 7.

390 5205 437 5236 ³ο
474 5214 632 5251 amne
676 5203 730 5251 5.
805 5244 817 5251 .
842 5203 897 5251 7.
972 5201 1014 5231 “
1043 5198 1419 5251 angbtbertum
1449 5196 1501 5247 6.
1601 5195 1645 5225 ”
1678 5194 1881 5250 thudun
1904 5193 1957 5246 2.

391 5205 437 5236 “
458 5203 632 5276 'atqne
676 5203 730 5259 5.
766 5203 817 5258 6.
842 5203 897 5259 7.
972 5203 1014 5231 “
1043 5203 1419 5267 angbibertum
1449 5203 1501 5247 6.
1601 5203 1645 5225 ’³
1678 5203 1881 5250 thudun
1904 5203 1957 5246 2.

391 5274 439 5305 ’³
464 5288 682 5328 avarum
713 5272 765 5327 5.
796 5273 848 5327 6.
924 5270 970 5303 "
999 5271 1217 5337 ipseque
1247 5275 1300 5320 et
1330 5265 1410 5337 7.A
1467 5264 1515 5295 ’⁸
1537 5279 1634 5337 suo
1660 5264 1799 5337 deest
1822 5264 1875 5317 5.
1906 5263 1957 5337 6.

395 5341 448 5394 7.
536 5343 581 5374 "
616 5342 765 5398 misit
792 5343 847 5396 7.
935 5341 978 5372 "
1019 5332 1358 5394 hoccurrisse
1384 5334 1437 5388 2.
1548 5334 1594 5403 ’ξ’
1631 5333 1875 5403 pipinum
1906 5332 1956 5385 7.

390 5409 439 5444 ”
477 5410 630 5482 ringo
661 5413 716 5465 7.
793 5412 837 5443 ³ο
876 5410 1067 5479 recipit
1097 5408 1151 5462 2.
1227 5407 1270 5437 ³¹
1312 5406 1364 5459 ἱη
1395 5404 1535 5458 deest
1563 5402 1618 5458 2.

2067 4570 2224 4616 catur
2249 4561 2300 4614 4.
2331 4560 2383 4614 5.
2415 4559 2466 4613 6.
2557 4558 2578 4589 ⁸
2614 4567 2832 4611 ventum
2884 4557 2933 4609 l.
2990 4561 3042 4609 2.
3098 4572 3148 4610 a.
3207 4555 3532 4625 signiﬁcavit
3583 4554 3640 4607 7.

2065 4634 2085 4665 "
2126 4630 2436 4702 aquifgrani
2468 4628 2521 4683 5.
2662 4627 2703 4702 _'
2743 4627 2909 4702 priori
3028 4626 3079 4678 9.
3138 4625 3330 4702 italus
3360 4626 3444 4702 Ich
3465 4640 3644 4702 annus

2066 4694 2206 4754 dees't
2246 4694 2311 4753 6ἷ
2383 4700 2426 4731 η
2450 4694 2810 4753 θεοοιθδίθθὶι.
2834 4696 2886 4751 5.
2966 4696 3007 4727 ¹¹
3030 4694 3372 4765 angilberdus
3398 4694 3444 4765 l_.
3468 4694 3648 4762 engil—

2065 4772 2252 4826 bcrtus
2274 4769 2326 4823 5.
2359 4769 2412 4824 9.
2518 4770 2557 4799 ¹¹
2586 4783 2631 4821 s.
2665 4783 2710 4820 r.
2742 4783 2813 4820 m.
2848 4767 2900 4820 7.
2979 4764 3020 4797 ³³
3042 4763 3146 4834 que
3182 4764 3235 4818 2.
3337 4763 3379 4794 “
3400 4763 3539 4817 deest
3581 4765 3644 4834 3.

2065 4841 2286 4895 erichus
2314 4840 2367 4895 9.
2416 4838 2693 4893 beinricus
2726 4837 2780 4888 5.
2829 4833 3084 4890 henricus
3111 4834 3161 4888 7.
3204 4834 3300 4903 (ita
3332 4842 3380 4887 et
3422 4834 3476 4887 in
3509 4833 3642 4903 eod.

2067 4908 2309 4978 Arman.)
2386 4908 2429 4978 εδ
2453 4909 2676 4978 rhingus
2722 4905 3153 4978 2._A7.__hr_i_tig_ns‘
3171 4900 3223 4960 5.
3259 4904 3443 4978 _r_in_g_us
3492 4900 3546 4955 4.
3581 4902 3644 4958 9.

2066 4980 2109 5010 ¹⁸
2130 4979 2198 5034 de
2225 4973 2358 5048 pfr.
2392 4977 2442 5030 5.
2468 4977 2521 5030 4.
2549 4973 2603 5048 9:
2682 4977 2721 5048 ίῖ
2749 4975 2853 5029 hiis
2960 4975 3027 5028 iis
3055 4973 3186 5048 5_.9._
3252 4974 3300 5048 ξ’
3325 4976 3646 5048 frangentur

2062 5049 2116 5103 2.
2196 5042 2243 5080 "-
2266 5048 2520 5103 baioariis
2552 5046 2603 5099 7.
2683 5045 2726 5076 ²⁰
2776 5061 2848 5099 m.
2893 5059 2955 5097 ex
2987 5043 3124 5113 p.15.
3159 5042 3300 5113 4.79.
3350 5043 3419 5113 7“
3450 5043 3651 5113 aquis;-

2064 5119 2216 5190 grani
2257 5117 2321 5190 _5.
2371 5115 2694 5190 aquasgrani
2751 5110 3011 5183 palatium
3064 5113 3116 5167 9.
3168 5112 3286 5190 5?_
3320 5112 3363 5143 “
3403 5110 3543 5190 quae
3571 5110 3669 5190 ab.

2065 5180 2146 5243 Eis
2170 5197 2228 5243 ut
2257 5188 2307 5241 7.
2406 5180 2452 5218 ³³
2481 5180 2659 5241 autem
2707 5180 2933 5254 campus
2980 5182 3393 5254 vacaturae“:
3584 5182 3661 5243 7.,

2066 5260 2112 5290 "
2140 5257 2461 5358 aquasgrani
2483 5257 2535 5309 4.
2568 5255 2723 5323 aquis
2750 5255 2803 5309 5.
2832 5250 2849 5254 “
2878 5255 2925 5284 ’⁵
2956 5252 3161 5307 thudun
3209 5251 3260 5304 5.
3294 5252 3348 5305 9.
3423 5250 3467 5280 ²⁶
3498 5250 3652 5305 deest

2067 5329 2098 5358 π
2170 5330 2204 5358 n
2342 5327 2687 5358 ῖοιιηηιίεηθιια
2727 5324 2760 5358 Q
2813 5325 2846 5358 '5'.
2900 5324 2933 5358 0
3056 5322 3102 5352 88
3134 5327 3511 5358 υοηιιιηιηιειίιιε
3557 5331 3652 5358 ρει

2066 5329 2119 5381 5.
2170 5322 2222 5383 9.
2312 5322 2690 5395 il'baptisat’us
2727 5324 2780 5378 2.
2813 5325 2865 5377 '5.
2900 5324 2952 5378 9.
3056 5322 3102 5352 ⁸⁸
3134 5327 3512 5376 remuneratus
3557 5331 3673 5384 esL

2066 5399 2209 5453 5?9.

1901 5509 2132 5568 ΝΟΤᾹΞ.

463 5624 486 5650 λ
527 5609 584 5681 S.
617 5609 951 5681 [liquunad
977 5611 1113 5663 ostia
1147 5610 1402 5665 Summa.

466 5682 492 5720 l‘
525 5679 914 5748 HodieTlteifs.

465 5762 490 5792 ο
532 5747 670 5816 king
697 5743 875 5816 lingua
905 5753 1085 5800 nostra
1118 5746 1375 5809 circulus,
1423 5746 1693 5812 annulus;
1722 5743 1787 5799 de
1828 5743 1962 5798 Ava-

2072 5619 2251 5725 rornn't
2279 5604 2493 5674 regione
2523 5602 2591 5657 cf.
2626 5601 2941 5658 Monachum
2972 5599 3405 5671 Sangallensem,
3439 5597 3531 5652 lib.
3564 5615 3613 5655 ιι

2072 5690 2181 5725 can.
2254 5715 2265 5725 .

2065 5690 2181 5743 cap.
2219 5690 2265 5727 ι.
