3988 6178
354 244 472 310 ὖπὶθ
1132 308 1139 315 .
1348 253 1491 311 CUM
1525 254 2118 313 LAURISSENSIBUS
2155 256 2468 315 COLLATI.

897 382 1134 422 unus
1160 381 1469 424 EGlNBARDl.
1964 373 2012 433 Α

3509 262 3613 324 ιεο

2524 391 2758 433 ΑΝΜιεε
2790 392 3168 437 ιλυκιεεεςεεδ

357 482 488 537 ﬁdet
572 486 971 534 sacramentum
993 480 1212 534 domum
1242 480 1436 546 rediit;
1466 481 1559 535 sed
1586 481 1640 535 in
1668 480 1936 551 promissa
2036 495 2167 534 num
2217 497 2247 535 e
2292 482 2568 538 Pannonia
2617 488 2961 556 redeuntem,
3012 500 3067 545 et
3115 500 3324 561 partem
3372 493 3613 549 thesauri

362 575 623 630 ﬁdelitate
658 574 679 603 ¹
711 571 799 627 diu
841 587 1063 627 manere
1100 573 1294 639 noluit,
1325 587 1426 629 nec
1468 574 1639 628 multo
1666 582 1786 644 post
1814 588 1937 644 per-
2036 584 2174 638 quae
2200 581 2536 627 remanserat
2574 576 2590 605 ⁷
2627 575 2978 634 adducentem
3001 621 3017 645 ,
3044 579 3216 636 laetus
3243 584 3484 654 aspexit,
3518 584 3613 636 ad-

363 666 517 719 ﬁdiae
569 676 698 718 suae
742 673 946 733 poenas
993 662 1158 717 dedit.
1212 661 1326 717 Rex
1378 678 1507 717 vero
1542 663 1596 728 ³,
1630 671 1690 716 ut
1731 664 1933 717 dictum
2035 677 2140 731 que
2178 661 2251 716 ibi
2291 664 2311 693 ¹
2344 667 2576 719 natalem
2611 668 2822 723 Domini
2863 686 2927 725 ac
2960 673 3161 742 pascha
3195 674 3505 729 celebravit.
3544 674 3614 730 Et

358 766 478 824 est,
518 745 844 825 Aquisgrani
886 755 939 808 in
968 754 1211 808 hibernis
1248 754 1535 809 considens
1560 794 1574 819 ,
1616 750 1690 808 ibi
1737 761 1790 808 et
1839 769 1933 807 na-
2034 752 2319 808 inmutavit
2347 770 2405 811 se
2431 772 2689 813 numerus
2716 775 2979 815 annorum
3011 763 3064 816 in

358 847 521 902 talem
572 845 787 900 Domini
838 852 892 898 et
952 846 1152 915 pascha
1210 860 1361 899 more
1418 844 1577 899 solito
1625 843 1646 875 ⁸
1695 843 1933 899 celebra-

357 942 455 994 vit.
1386 1013 1391 1019 ‘

997 1048 1329 1106 DCCXCVII.
1524 1102 1531 1111 ,
2653 1072 2988 1130 DCCXCVII.

424 1157 732 1220 Barcinona
760 1163 953 1218 civitas
984 1163 1038 1216 in
1073 1162 1245 1217 limite
1296 1161 1590 1231 Hispanico
1635 1161 1762 1226 sita,
1792 1171 1931 1231 quae
2099 1151 2398 1214 Barcinona
2430 1161 2452 1192 ³
2482 1161 2673 1217 civitas
2704 1163 3027 1235 Hispaniae,
3061 1183 3201 1237 quae
3235 1170 3550 1241 iampridem
3578 1182 3611 1226 ι

342 1259 663 1313 alternante
718 1271 903 1310 rerum
951 1265 1149 1311 eventu
1202 1270 1347 1309 nunc
1399 1254 1734 1310 Francorum
1785 1269 1931 1309 nunc
2029 1251 2184 1305 nobis
2239 1252 2575 1321 desciverat,
2631 1271 2727 1325 per
2775 1258 2966 1313 Zalum
3015 1260 3349 1330 praefectum
3381 1262 3404 1294 ⁸
3443 1264 3613 1334 ipsius

354 1350 786 1405 Sarracenorum
830 1344 1029 1400 dicioni
1077 1344 1447 1399 subiciebatur
1478 1345 1531 1408 ⁸,
1580 1344 1798 1398 tandem
1833 1358 1932 1413 per
2028 1341 2185 1395 nobis
2218 1350 2304 1395 est
2342 1343 2569 1397 reddita.
2609 1344 2743 1399 Nam
2786 1347 2900 1416 ipse
2943 1349 3010 1402 ad
3049 1351 3315 1419 palacium
3358 1355 3609 1419 veniens,

351 1441 549 1494 Zatum
578 1437 960 1501 Sarracenum,
993 1436 1083 1505 qui
1135 1444 1265 1491 tunc
1314 1451 1432 1491 eam
1486 1437 1781 1501 invaserat,
1816 1436 1930 1505 regi
2028 1430 2226 1485 domno
2263 1433 2379 1502 regi
2411 1434 2433 1464 ⁸
2461 1436 2810 1504 semetipsum
2845 1453 2968 1492 cum
3004 1430 3224 1495 civitate
3260 1445 3612 1498 commenda-

350 1530 566 1585 reddita
608 1536 709 1583 est.
753 1525 888 1581 Nam
920 1528 966 1581 is
1010 1527 1235 1581 aestatis
1288 1528 1443 1582 initio
1470 1527 1929 1599 Aquisgrani‘ad
2025 1523 2123 1576 vit.
2157 1522 2178 1552 ⁸
2208 1522 2490 1593 Expeditio
2516 1527 2535 1557 ⁷
2569 1525 2711 1580 facta
2760 1528 2811 1581 in
2860 1528 3186 1596 Saxoniam,
3231 1541 3286 1585 et
3329 1548 3502 1602 usque
3540 1535 3610 1589 ad

342 1635 553 1693 regem
573 1619 741 1682 venit,
774 1629 940 1687 seque
964 1632 1087 1672 cum
1128 1625 1428 1671 memorata
1465 1617 1485 1649 '
1523 1618 1741 1672 civitate
1769 1632 1930 1687 spon-
2025 1628 2293 1668 oceanum
2324 1624 2474 1670 trans
2502 1631 2690 1671 omnes
2717 1618 2939 1687 paludes
2968 1621 2989 1651 ⁸
3019 1628 3074 1674 et
3108 1621 3251 1676 invia
3286 1622 3404 1678 loca
3426 1634 3609 1679 trans-

349 1725 517 1769 tanea
544 1712 816 1767 deditione
847 1710 990 1765 illius
1017 1709 1273 1779 potestati
1312 1710 1561 1779 permisit
1601 1709 1645 1761 ³.
1693 1709 1809 1776 Qua
1838 1724 1924 1763 re-
1951 1719 1997 1777 Β
2027 1702 2161 1757 itum
2189 1712 2305 1768 est,
2336 1712 2391 1758 et
2419 1720 2512 1759 rex
2544 1707 2608 1761 de
2634 1706 2914 1763 Haduloha
2941 1709 2962 1741 ⁹
2992 1711 3019 1750 b
3045 1726 3333 1782 regressus.
3351 1713 3394 1745 ⁷⁸
3414 1743 3485 1753 -
3504 1715 3610 1769 hoc

336 1813 510 1876 περιρ
536 1845 551 1869 ,
592 1820 687 1859 τρι
751 1802 918 1856 ﬁlium
953 1817 1109 1856 suum
1168 1800 1537 1856 Hludcwicum
1585 1800 1650 1854 ad
1691 1800 1927 1856 obsidio.
2026 1796 2168 1849 enim
2194 1796 2312 1850 loco
2336 1799 2662 1862 nomen,ubi
2688 1814 2924 1855 oceanus
2950 1801 3244 1856 Saxoniam
3270 1802 3438 1857 alluit.
3468 1803 3508 1836 “
3536 1833 3608 1846 —

338 1909 479 1949 nem
505 1894 525 1926 υ
551 1891 724 1948 Oscae
756 1892 797 1923 ιο
823 1903 850 1932 ι
884 1906 1005 1945 cum
1034 1890 1277 1945 exercitu
1327 1891 1378 1944 in
1407 1890 1719 1959 Hispaniam
1761 1891 1802 1921 ιι
1832 1889 1929 1944 mi—
2028 1895 2140 1940 tota
2180 1886 2455 1942 Saxonum
2500 1900 2661 1961 gente
2696 1893 2749 1946 in
2794 1895 3126 1949 dedicionem
3155 1912 3254 1966 per
3277 1899 3493 1953 obsides
3518 1914 3609 1954 ac-

345 1984 444 2050 sit,
467 1992 525 2039 et
552 1985 666 2055 ipse
694 1998 845 2037 more
869 1982 1027 2037 solito
1044 1990 1266 2052 propter
1288 1982 1783 2036 “contundendam
1804 1996 1928 2052 per-
2025 1988 2182 2049 cepta
2200 2020 2216 2046 ,
2262 1990 2413 2037 trans
2457 1983 2667 2040 Renum
2711 1988 2765 2041 in
2813 1986 3015 2044 Gallias
3044 2005 3295 2046 reversus
3323 1999 3440 2055 est,
3469 1999 3527 2045 et
3552 1992 3610 2045 in

340 2074 491 2130 ﬁdae
516 2074 692 2144 gentis
727 2074 1124 2127 contumaciam
1155 2070 1449 2126 Saxoniam
1480 2079 1795 2126 vastaturus
1838 2072 1923 2125 in-

334 2163 534 2219 travit.
562 2161 674 2218 Nec
694 2163 845 2231 prius
872 2162 1099 2227 destitit,
1124 2176 1284 2230 quam
1308 2176 1500 2215 omnes
1527 2160 1789 2214 terminos
1809 2161 1927 2215 eius

336 2260 715 2324 peragrasset.
749 2252 885 2306 Nam
915 2266 1084 2321 usque
1127 2251 1196 2305 ad
1223 2250 1439 2305 ultimos
1468 2250 1604 2305 ﬁnes
1630 2251 1767 2314 eius,
1818 2265 1924 2319 qua

338 2340 494 2402 inter
514 2346 695 2401 Albim
723 2344 1082 2421 etHWisuram
1111 2359 1314 2398 oceano
1337 2344 1555 2398 alluitur
1586 2345 1646 2408 “,
1674 2344 1928 2399 accessit:

337 2443 476 2498 Inde
499 2455 797 2510 regressus,
827 2453 950 2493 cum
995 2438 1334 2508 Aquasgrani
1365 2438 1407 2470 “
1436 2439 1695 2503 venisset,
1745 2440 1925 2509 ibique

337 2531 633 2588 Abdellam
682 2528 1044 2583 Sarracenum
1063 2568 1078 2591 ,
1125 2528 1294 2582 ﬁlium
1324 2528 1651 2598 lbin-Mauge
1682 2529 1727 2560 ⁷⁸
1758 2530 1921 2599 regis,

339 2622 416 2676 de
448 2617 768 2672 Mauritania
792 2618 857 2671 ad
879 2633 938 2671 se
958 2617 1264 2672 venientem
1292 2618 1635 2687 suscepisset,
1668 2619 1923 2688 legatum-

334 2726 457 2779 que
486 2708 709 2762 Nicetae
738 2708 781 2738 ¹⁶
808 2708 1019 2776 patricii
1044 2709 1136 2776 qui
1165 2716 1291 2763 tunc
1316 2707 1556 2762 Siciliam
1577 2710 1919 2777 procumbat,

336 2799 567 2855 nomine
592 2798 960 2852 Theoctistum
994 2798 1057 2860 ",
1084 2798 1292 2852 litteras
1318 2798 1660 2867 imperatoris
1688 2798 1754 2853 de
1778 2798 1921 2853 Con-

336 2887 695 2957 stantinOpoli
718 2888 912 2941 missas
924 2885 1252 2941 deferentem
1266 2886 1523 2951 audisset,
1540 2887 1821 2940 consilium
1842 2887 1924 2940 in-

336 2984 422 3046 iit,
444 2989 503 3036 ut
524 2988 744 3049 propter
768 2981 811 3012 ²⁸
833 2979 1226 3034 conﬁciendum
1244 2978 1569 3033 Saxonicum
1585 2979 1782 3033 bellum
1801 2979 1842 3009 ¹⁹
1867 2980 1920 3033 in

2023 2072 2194 2141 Aquis
2235 2073 2446 2142 palacio
2496 2076 2777 2132 Abdellam
2827 2079 3184 2136 Sarracenum
3242 2081 3413 2136 ﬁlium
3458 2081 3608 2137 ibin-

2024 2161 2248 2233 Mauga‘e
2274 2164 2315 2194 ¹²
2336 2167 2508 2234 regis,
2541 2168 2631 2235 qui
2660 2184 2689 2222 a
2716 2169 2885 2224 fratre
2914 2187 3079 2241 regno
3102 2172 3288 2241 pulsus
3314 2172 3354 2204 ¹³
3376 2173 3429 2226 in
3459 2171 3608 2226 Mau-

2022 2254 2224 2308 ritania
2302 2256 2591 2324 exulabat,
2668 2261 2786 2330 ipso
2840 2263 2884 2295 “‘
2941 2265 3289 2335 semetipsum
3335 2278 3607 2321 commen-

2025 2345 2187 2399 dante
2220 2346 2287 2410 ¹⁸,
2318 2350 2576 2417 suscepit.
2608 2350 2738 2407 llluc
2774 2361 2829 2406 et
2859 2352 3067 2424 legatus
3099 2354 3320 2410 Nitetae
3349 2356 3440 2425 qui
3477 2363 3605 2409 tunc

2025 2431 2270 2488 Siciliam
2315 2439 2566 2506 regebat,
2596 2443 2815 2496 nomine
2854 2442 3196 2497 Theoctistus
3228 2442 3290 2508 “,
3322 2445 3466 2497 venit
3501 2444 3605 2498 im-

2023 2525 2293 2591 peratoris
2330 2529 2609 2596 epistolam
2638 2541 2888 2601 portans,
2920 2550 3079 2603 quem
3118 2535 3400 2606 magniﬁce
3429 2539 3603 2593 susci—

2023 2613 2212 2681 piens,
2261 2625 2386 2685 post
2434 2630 2638 2687 paucos
2689 2623 2803 2677 dies
2853 2624 3100 2679 absolvit.
3162 2625 3230 2679 Et
3278 2626 3602 2684 Novembrio

2027 2717 2208 2758 mense
2228 2707 2499 2761 mediante
2513 2710 2579 2762 ad
2606 2710 3001 2767 hibernandum
3025 2731 3147 2769 cum
3168 2718 3411 2771 exercitu
3437 2717 3600 2775 Saxo-

2024 2794 2170 2847 niam
2215 2795 2472 2862 intravit,
2524 2801 2823 2870 positisque
2873 2806 3070 2859 castris
3096 2808 3237 2875 apud
3263 2806 3598 2879 Wisoram‘ﬂ

2024 2882 2242 2939 ﬁuvium
2262 2929 2274 2948 ,
2309 2887 2483 2943 locum
2511 2899 2810 2946 castrorum
2856 2894 3124 2951 Heristclli
3159 2909 3180 2937 ε
3211 2901 3391 2954 vocari
3423 2900 3598 2956 iussit.

2023 2974 2153 3029 illuc
2178 2975 2338 3046 legati
2367 2980 2540 3047 gentis
2565 2981 2803 3036 Avarum
2832 2984 2875 3015 ³⁸
2903 2999 3025 3040 cum
3052 2989 3362 3046 muneribus
3389 2992 3604 3061 magnis

336 3072 460 3141 ipsa
474 3070 694 3139 regione
718 3070 1000 3124 hiemaret.
1019 3066 1680 3138 Sumptoigitursecum"
1699 3067 1922 3121 comita—
1948 3057 1992 3118 C
2024 3074 2322 3131 venerunt,
2360 3068 2483 3123 inde
2507 3070 2785 3125 Abdellam
2818 3072 3174 3130 Sarracenum
3204 3094 3325 3132 cum
3366 3057 3604 3136 ﬁliowsuo

336 3172 391 3215 tu
409 3175 533 3225 suo,
554 3159 843 3214 Saxoniam
858 3158 1033 3227 petiit,
1048 3159 1353 3226 castrisque
1363 3173 1527 3226 super
1537 3158 1815 3213 Wisuram
1826 3172 1922 3227 po-

334 3253 462 3307 sitis
476 3251 746 3316 consedit,
773 3258 829 3304 et
850 3250 1026 3305 locum
1056 3257 1358 3304 castrorum
1382 3248 1653 3303 Heristelli
1677 3249 1719 3278 ²¹
1736 3249 1919 3302 vocari

335 3341 522 3405 iussit,
540 3341 632 3410 qui
654 3340 805 3395 locus
829 3339 900 3393 ab
922 3339 1116 3394 incolis
1133 3353 1304 3408 usque
1332 3339 1384 3391 in
1407 3352 1666 3408 praesens
1685 3337 1712 3376 δ
1728 3336 1801 3390 ita
1824 3352 1921 3391 no-

334 3432 605 3488 minatur.
620 3430 941 3487 Exercitum
956 3444 1116 3495 vero,
1143 3445 1302 3499 quem
1328 3445 1510 3485 secum
1542 3430 1792 3493 adduxit,
1821 3444 1921 3499 per

334 3532 514 3579 totam
543 3521 833 3577 Saxoniam
860 3521 915 3575 in
963 3506 1424 3575 hiberna‘divisit.
1455 3519 1586 3574 illuc
1632 3519 1917 3589 Pippinum

335 3613 401 3670 de
422 3612 582 3667 Italia
611 3613 656 3643 ²²
679 3620 735 3667 et
764 3612 1138 3667 Hludewicum
1165 3611 1233 3666 de
1260 3611 1546 3681 Hispanica
1575 3612 1920 3682 expeditione

335 3720 623 3778 regressus
651 3706 696 3737 ³³
728 3706 796 3761 ad
817 3721 877 3761 se
910 3705 1097 3761 venire
1128 3705 1328 3770 iussit,
1368 3705 1442 3759 ibi
1474 3705 1678 3775 legatos
1728 3704 1916 3760 Huno-

336 3810 463 3851 rum
494 3811 618 3850 cum
643 3797 853 3866 magnis
880 3796 1198 3850 muneribus
1223 3796 1291 3849 ad
1326 3810 1386 3849 se
1406 3794 1452 3825 "‘
1481 3795 1678 3849 missos
1702 3796 1918 3870 audivit

335 3892 391 3942 et
418 3885 677 3951 absolvit,
696 3885 766 3939 ibi
787 3885 1025 3955 legatum
1040 3884 1329 3939 lladefonsi
1354 3885 1421 3948 ’³,
1451 3883 1858 3952 regisAsturiae
1870 3884 1918 3915 "

335 3988 505 4047 atque
533 3976 803 4031 Galleciae
833 3978 903 4041 ’⁷,
936 3977 1078 4031 dona
1099 3976 1200 4029 sibi
1226 3976 1272 4006 ’⁸
1296 3974 1629 4029 deferentem
1658 3974 1914 4042 suscepit.

335 4067 469 4123 inde
498 4067 697 4121 iterum
722 4067 1011 4137 Pippinum
1043 4066 1111 4119 ad
1146 4065 1354 4119 Italiam
1376 4106 1390 4130 ,
1439 4064 1811 4119 Illudewicum
1850 4066 1917 4120 ad

335 4157 687 4229 Aquitaniam
714 4157 924 4211 remisit
949 4156 1014 4220 ‘9,
1046 4170 1291 4224 cumquo
1320 4164 1375 4209 et
1402 4154 1683 4230 Abdellam
1713 4155 1756 4185 '°
1790 4153 1918 4210 Sar-

696 4292 1090 4348 VARIANTES
1128 4290 1420 4348 LECTION
1427 4290 1528 4346 ES.

410 4409 431 4440 ³
461 4407 497 4462 f.
534 4423 580 4462 s.
612 4408 667 4462 2.
704 4409 759 4462 5.
809 4407 859 4459 7.
906 4408 958 4463 9.

334 4479 355 4511 ⁸
407 4495 488 4533 In.
555 4494 600 4533 s.
656 4478 793 4531 deest
858 4479 910 4532 5.
965 4477 1017 4531 9.
1152 4476 1499 4532 “subiciebat
1557 4476 1606 4528 l.
1668 4474 1916 4531 subiace—

332 4549 435 4605 bat
452 4549 508 4603 2.
618 4547 983 4616 ‘aquasgrani
1012 4548 1064 4601 5.
1107 4548 1160 4602 9.
1260 4549 1279 4579 ⁷
1323 4562 1446 4602 cum
1490 4555 1818 4601 commorata
1857 4546 1911 4598 5.

334 4618 641 4674 'submisit
669 4618 721 4672 9.
825 4618 1199 4685 “Opsidionem
1248 4618 1297 4671 1.
1404 4617 1446 4647 ¹⁰
1478 4631 1603 4671 osee
1630 4617 1683 4670 5.
1764 4618 1805 4646 “
1859 4616 1913 4669 in

334 4689 388 4743 b.
433 4688 575 4742 deest
627 4688 681 4741 2.
735 4687 786 4740 7.
866 4688 909 4718 ¹²
961 4688 1027 4740 ad
1083 4689 1132 4740 7.
1174 4686 1227 4739 9.
1307 4686 1350 4718 ³⁸
1403 4686 1642 4740 abluitur
1693 4685 1790 4756 Bq.
1847 4686 1915 4740 5?

339 4758 727 4840 ff_aquisgrani
977 4757 1019 4787 ¹⁵
1046 4755 1829 4840 ibiipmapge2.Jilimmauge
1856 4757 1909 4810 5.

338 4826 703 4898 ibiminaugae
728 4830 806 4898 al.
826 4826 1129 4898 ibinmauge
1148 4826 1200 4898 7.
1282 4826 1325 4856 "
1348 4826 1612 4898 nicetisi'Al.
1687 4826 1731 4898 _"
1761 4829 1917 4898 tbeg-
1962 4867 1970 4874 .

340 4899 527 4952 tistum
558 4894 955 4951 L'teoctistum
985 4896 1039 4949 4.
1072 4894 1089 4897 ⁷
1122 4895 1164 4927 ³⁸
1213 4905 1274 4950 ιιι
1308 4896 1375 4948 ad
1409 4896 1462 4950 9.
1541 4894 1583 4926 ¹⁹
1613 4910 1658 4950 s.
1687 4895 1744 4948 b.
1774 4911 1823 4949 c.
1858 4895 1909 4949 7.

340 4968 382 4998 ὀ
411 4968 556 5020 deest
586 4967 639 5020 9.
716 4967 759 4997 “
789 4966 1049 5020 heristalli
1077 4966 1129 5019 6.
1159 4964 1500 5020 berismllum
1523 4965 1576 5018 7.
1653 4965 1700 4995 "
1734 4964 1913 5021 italica

339 5035 408 5089 5?
437 5037 491 5088 7.
521 5037 573 5091 9.
650 5036 696 5068 "
722 5050 1027 5091 regressum
1056 5036 1108 5089 2.
1142 5037 1195 5089 4.
1227 5036 1280 5090 5.
1306 5035 1358 5089 6.
1435 5037 1480 5066 “
1508 5037 1573 5089 ad
1604 5050 1660 5089 se
1688 5034 1830 5089 deest
1859 5037 1912 5089 4.

341 5106 387 5138 ³³
416 5105 732 5161 haidel'onse
784 5104 837 5158 6.
909 5107 1167 5161 adelfonsi
1220 5108 1271 5159 9.
1349 5104 1395 5137 ’°
1440 5108 1707 5160 asturicae
1735 5106 1813 5159 2?
1858 5107 1911 5161 9.

342 5177 548 5244 austrie
573 5171 655 5230 6.'
702 5176 745 5208 ”
783 5175 1009 5301 galetiae
1034 5177 1087 5231 9.
1138 5176 1388 5247 galliciae
1411 5175 1464 5230 5.
1497 5177 1551 5229 4.
1580 5175 1631 5229 5.
1677 5176 1915 5233 caltbrie

342 5245 393 5301 6.
471 5246 518 5280 ⁸⁸
548 5262 596 5301 s.
624 5246 678 5301 d.
703 5246 756 5301 5.
826 5282 841 5301 .
915 5246 961 5279 ”
990 5246 1138 5301 misit
1163 5247 1217 5301 5.
1243 5247 1296 5301 9.
1373 5245 1422 5278 ³⁸
1445 5247 1712 5301 adbellum
1737 5246 1789 5301 6.

342 5245 393 5301 6.
471 5246 518 5280 ³⁸
548 5262 596 5301 s.
624 5246 678 5301 d.
703 5246 756 5303 5.
787 5245 841 5301 9.
915 5246 961 5279 ”
990 5245 1217 5301 misit‘5.
1243 5247 1296 5303 9.
1373 5245 1422 5278 ”
1445 5247 1712 5301 adbellum
1737 5246 1789 5302 6.

1055 4408 1075 4439 ¹
1105 4406 1208 4462 ﬁde
1266 4405 1321 4459 5.
1368 4407 1420 4460 9.
1499 4404 1521 4437 ⁸
1571 4405 1710 4458 deest
1760 4403 1814 4458 5.
1861 4404 1914 4458 9.
1944 4399 1998 4459 D

2022 3155 2337 3213 lliudovvico
2370 3159 2412 3189 ¹⁹
2444 3160 2499 3214 in
2548 3161 2833 3232 Hispanias
2881 3168 3078 3223 reverti
3128 3167 3286 3236 fecit,
3327 3180 3383 3226 et
3430 3171 3599 3228 ﬁlium

2021 3264 2177 3305 suum
2217 3252 2504 3323 Pippinum
2548 3255 2602 3308 in
2644 3256 2853 3312 Italiam
2879 3260 2924 3291 ¹⁰
2962 3261 3150 3327 misit;
3182 3262 3297 3333 ipse
3322 3264 3390 3319 ad
3418 3264 3600 3336 dispo-

2023 3342 2251 3396 nendam
2305 3343 2594 3401 Saxoniam
2642 3356 2814 3404 totum
2869 3350 3065 3408 hiemis
3129 3362 3344 3426 tempus
3390 3356 3600 3426 impen-

2018 3433 2178 3499 dens,
2212 3435 2283 3489 ibi
2324 3437 2557 3493 natalem
2594 3439 2830 3508 Domini,
2872 3444 2944 3499 ibi
2984 3445 3183 3514 pascha
3210 3446 3503 3503 celebravit
3528 3447 3598 3503 “.

2020 3523 2088 3577 Et
2116 3524 2405 3582 inmutavit
2430 3543 2489 3585 se
2517 3544 2778 3588 numerus
2805 3547 3068 3589 annorum
3094 3535 3148 3588 in

2376 4507 2774 4568 VARIANTES
2810 4513 3208 4573 LECTIONES.

2096 4619 2112 4650 ¹
2153 4630 2526 4676 remanserant
2555 4623 2609 4678 2.
2686 4626 2708 4656 ²
2747 4625 2944 4681 ibidem
2981 4626 3034 4681 5.
3067 4627 3120 4683 6.
3153 4627 3204 4682 7.
3283 4627 3304 4661 ⁸
3339 4625 3600 4684 Parcino-

2020 4704 2089 4767 na
2117 4689 2170 4743 6.
2201 4689 2498 4767 Barzinona
2527 4692 2580 4746 7.
2654 4693 2706 4767 _‘
2743 4709 2842 4763 per
2871 4695 3021 4750 iatim
3074 4700 3126 4751 in
3185 4696 3481 4767 profectum
3537 4698 3592 4752 2.

2022 4759 2057 4836 ﬂ
2080 4760 2311 4836 rege_2._
2391 4763 2421 4836 f
2458 4777 2581 4836 cum
2617 4759 2782 4836 vitate
2808 4759 3204 4836 commandavii
3234 4769 3285 4821 2.
3326 4768 3346 4800 ⁷
3382 4769 3597 4836 expedi-

2020 4829 2247 4900 tione7.
2290 4829 2312 4860 ⁸
2350 4832 2575 4900 plaudes
2619 4833 2672 4887 2.
2767 4834 2788 4863 ’
2825 4835 3089 4891 baduloha
3116 4836 3168 4892 5.
3211 4829 3506 4892 baduloclia
3537 4837 3589 4891 6.

2021 4897 2662 4976 hadulobar_7.__badulna
2690 4904 2744 4959 9.
2791 4974 2804 4976 Α
2825 4905 2868 4936 ⁸⁸
2894 4920 3172 4976 regressus
3198 4918 3281 4962 est
3306 4906 3361 4961 5.
3436 4907 3479 4940 ιι
3506 4907 3597 4976 ad-

2015 4966 2117 5048 luit
2145 4969 2241 5048 7._
2297 4969 2343 5048 ’ξ
2402 4972 2746 5048 ibimpaugae
2781 4974 2836 5048 2_.
2891 4966 3046 5048 5.:5.
3099 4977 3150 5032 6.
3181 4978 3482 5048 ibimaugae
3537 4974 3590 5048 Ἰ.

2019 5037 2063 5112 ii
2098 5047 2180 5112 θβί
2229 5038 2383 5112 i033.
2444 5042 2489 5073 “
2526 5037 2764 5112 ipsorum
2791 5044 2844 5099 2.
2949 5046 2996 5079 ³⁸
3031 5037 3495 5103 commendantem
3535 5043 3589 5099 6.

2020 5108 2062 5138 ³⁸
2102 5110 2332 5166 tbeoctis
2354 5109 2407 5165 5.
2486 5113 2528 5145 ¹⁷
2548 5108 2815 5170 "visuram
2843 5114 2897 5169 5.
2925 5114 2979 5168 6.
3064 5118 3107 5150 ³³
3137 5131 3422 5170 avarorum
3449 5114 3502 5168 5.
3534 5113 3590 5170 6.

2021 5179 2073 5231 7.
2152 5180 2192 5209 ³³
2211 5180 2517 5237 luduwiclto
2543 5183 2597 5237 5.
2628 5184 2858 5239 ludwico
2883 5185 2935 5239 6.
3011 5186 3056 5218 ²⁰
3076 5186 3146 5241 ad
3169 5185 3355 5241 italam
3378 5184 3434 5240 5.
3462 5183 3591 5240 6.7.

2016 5250 2061 5280 ¹¹
2093 5250 2295 5306 domini
2323 5252 2620 5309 celebravit
2643 5263 2698 5309 et
2726 5256 2931 5325 pascha
2961 5256 3014 5310 7.

1858 5378 2093 5438 NOTAE~

421 5477 448 5506 8

419 5534 446 5574 δ
801 5536 1040 5611 Eadem,
1072 5538 1629 5611 reﬁgniiiiannoverani
1654 5556 1812 5610 pars,
1843 5544 1912 5599 ad

351 5619 508 5671 quam
550 5606 693 5662 olim
721 5615 775 5664 et
824 5606 1170 5677 Ritzcbi’tttcl',
1221 5606 1909 5680 Hamburgensisditionis

2020 5472 2442 5551 praefecturatin
2467 5485 2710 5551 extrema
2738 5486 2898 5551 teme
2921 5493 3016 5533 ora
3045 5480 3515 5551 sita,gpertinebat.

2091 5554 2113 5582 ε
2155 5542 2417 5616 llerstelle
2455 5547 2541 5602 vel
2583 5548 2743 5603 hodie
2778 5548 2965 5616 audit;
2994 5560 3078 5605 est
3107 5542 3245 5606 infra
3273 5551 3591 5613 Carlshafen

2013 5620 2069 5668 et
2095 5628 2255 5683 supra
2288 5614 2581 5671 liuxaram.
