3988 6178
839 356 1072 397 λυκιιεε
1109 354 1504 396 ιΑυιιιεεεΝδεε.

954 854 1319 925 DCCXCVIII.

414 960 578 1022 Venit
603 954 769 1019 etiam
795 970 852 1017 et
871 946 1084 1031 legatus
1109 958 1404 1014 Hadefonsi
1434 971 1578 1027 regis
1615 948 1922 1011 Callaeciae

344 1067 402 1114 et
444 1056 700 1112 Asturiae
727 1058 780 1119 ⁸,
831 1051 1051 1107 nomine
1092 1049 1254 1105 Frola
1282 1050 1325 1113 ³,
1380 1048 1702 1117 papilionem
1752 1047 1923 1101 mirae

346 1146 768 1220 pulchritudinis
791 1148 1167 1214 praesentans.
1196 1138 1309 1194 Sed
1336 1138 1356 1170 ³
1384 1139 1438 1192 in
1484 1138 1604 1206 ipso
1623 1136 1645 1168 ⁸
1687 1135 1924 1207 paschae

348 1253 589 1310 tempore
630 1235 914 1292 Nordliudi
934 1234 957 1265 ⁵
983 1242 1134 1289 trans
1161 1231 1340 1287 Albim
1364 1231 1633 1296 sedentes,
1658 1229 1924 1285 seditione

348 1336 642 1396 commota,
669 1329 878 1400 legatos
900 1325 1077 1398 regios
1100 1324 1193 1395 qui
1220 1333 1348 1379 tunc
1373 1321 1440 1376 ad
1467 1320 1700 1377 iustitias
1721 1318 1924 1374 facien—

346 1427 446 1481 das
500 1422 644 1494 apud
704 1435 799 1477 eos
830 1420 854 1451 ⁶
897 1416 1394 1479 conversabantur,
1418 1410 1882 1482 conprehendunt
1906 1442 1923 1475 ,

346 1517 609 1588 quosdam
634 1512 655 1546 "
690 1528 757 1568 ex
801 1511 882 1566 eis
926 1508 1123 1565 statim
1163 1506 1526 1569 trucidantes,
1555 1510 1769 1558 ceteros
1795 1502 1817 1533 ⁸
1857 1501 1927 1557 ad

347 1606 725 1665 redimendum
754 1607 1068 1665 reservant;
1098 1614 1165 1654 ex
1188 1598 1386 1667 quibus
1406 1594 1573 1664 aliqui
1599 1592 1922 1664 eﬁ'ugerunt,

1395 245 1770 304 EGINHABDI
1808 241 2101 299 ABBATIS
2139 239 2457 296 ANNALES

1948 342 2001 399 Α

3492 234 3594 290 432

2548 347 2785 388 ΑΝΝΑιεε
2812 343 3120 386 εωκιιλιυι.

2027 439 2282 479 racenum
2313 424 2393 479 ire
2430 423 2612 487 iussit,
2640 422 2734 490 qui
2778 429 3000 490 postea,
3043 426 3104 472 ut
3144 417 3259 488 ipse
3304 416 3495 480 voluit,
3542 416 3600 471 in

2025 516 2338 585 Hispaniam
2372 515 2595 580 ductus,
2626 522 2681 568 et
2706 514 2920 567 illorum
2960 510 3123 573 fidei,
3164 509 3363 578 quibus
3393 523 3455 563 se
3482 523 3603 565 cre-

2026 608 2160 663 dere
2188 623 2297 661 non
2326 607 2620 671 dubitavit,
2670 604 2992 660 commissus
3018 613 3120 659 est.
3169 602 3282 657 Rex
3333 610 3512 656 autem
3546 601 3605 655 in

2026 697 2265 752 Saxonia
2304 697 2321 726 ¹
2358 695 2620 760 residens,
2653 694 2725 749 ibi
2753 702 2809 748 et
2830 692 3064 747 natalem
3086 692 3299 746 Domini
3324 699 3379 746 et
3398 691 3604 762 pascha

2022 784 2339 841 celebravit.

2631 871 2993 929 DCCXCVIII.

2092 963 2226 1019 Cum
2262 964 2370 1017 iam
2400 979 2494 1017 ver
2525 962 2860 1032 adpeteret’,
2907 961 3144 1014 nondum
3174 968 3353 1014 tamen
3384 970 3608 1032 propter

2023 1054 2261 1123 inopiam
2309 1053 2489 1123 pabuli
2525 1051 2546 1083 ³
2577 1052 2850 1105 exercitus
2875 1048 2944 1103 de
2970 1048 3211 1103 hibernis
3246 1050 3471 1117 produci
3509 1066 3603 1120 po—

2021 1144 2235 1208 tuisset,
2265 1141 2509 1198 Saxones
2554 1141 2903 1196 transalhiani
2957 1140 3303 1196 occasionem
3341 1141 3524 1195 nancti
3558 1141 3603 1205 ⁸,

2024 1235 2227 1305 legatos
2264 1234 2408 1305 regis
2429 1234 2519 1303 qui
2550 1233 2615 1287 ad
2656 1247 2749 1287 eos
2777 1233 2852 1288 ob
2877 1232 3111 1286 iustitiae
3142 1230 3418 1287 faciendas
3452 1234 3606 1288 missi

2022 1330 2178 1378 erant
2216 1322 2257 1387 ⁸,
2322 1322 2724 1391 conprehensos
2767 1320 3134 1386 interﬁciunt,
3180 1322 3366 1391 paucis
3414 1336 3606 1377 eorum

2023 1412 2179 1481 quasi
2208 1410 2274 1465 ad
2304 1410 2676 1466 redimendum
2702 1410 2723 1441 ⁸
2771 1411 3084 1475 reservatis,
3118 1410 3455 1464 trucidantes
3480 1425 3604 1465 eum

2023 1504 2220 1559 ceteris
2260 1511 2318 1558 et
2366 1503 2758 1559 Godescalcum
2789 1504 2832 1568 ",
2868 1504 3013 1574 regis
3040 1502 3296 1573 legatum,
3326 1518 3491 1572 quem
3515 1504 3606 1559 ille

2025 1604 2151 1651 ante
2198 1604 2402 1664 paucos
2441 1595 2558 1650 dies
2594 1596 2662 1650 ad
2700 1594 3019 1666 Sigifridum
3048 1596 3070 1627 ⁸
3100 1610 3286 1666 regem
3332 1595 3604 1651 Danornm

348 1699 518 1755 ceteri
545 1694 774 1751 redemti
794 1700 940 1749 sunt.
971 1688 1091 1746 Rex
1114 1688 1135 1720 ’
1165 1687 1391 1744 collecto
1428 1686 1671 1741 exercitu
1706 1684 1773 1739 de
1821 1684 1928 1738 lla-
1956 1684 2002 1742 B
2031 1688 2273 1743 miserat.
2323 1688 2374 1742 ls
2421 1702 2541 1741 cum
2578 1688 2767 1742 eodem
2815 1696 3054 1759 tempore
3082 1686 3103 1718 ⁹
3135 1696 3500 1743 reverteretur
3538 1689 3603 1753 ³⁸,

353 1789 582 1847 ristallio
604 1787 647 1819 ¹⁰
674 1787 743 1843 ad
796 1785 977 1840 locum
1016 1781 1057 1813 υ
1089 1782 1181 1851 qui
1224 1778 1404 1834 Minda
1433 1778 1475 1809 ¹²
1505 1790 1530 1818 ι
1562 1776 1760 1832 dicitur
1812 1789 1932 1844 per—

353 1879 496 1933 rexit
528 1896 541 1931 :
572 1883 629 1930 et
649 1874 794 1930 facto
814 1869 1136 1936 eonsilio,in
1161 1868 1204 1899 ¹³
1226 1868 1534 1923 desertores
1564 1879 1719 1919 arma
1756 1863 1929 1918 corrio

350 1969 488 2039 puit,
516 1964 573 2021 et
595 1974 761 2021 totam
784 1963 928 2017 inter
954 1960 1134 2015 Albim
1164 1967 1218 2013 et
1254 1956 1527 2012 Wisoram
1558 1955 1602 1987 ιδ
1634 1954 1929 2010 Saxoniam

349 2056 657 2129 populando
681 2054 726 2085 ¹⁸
765 2051 1091 2124 peragravit.
1144 2047 1423 2105 Nordliudl
1460 2047 1503 2079 ¹⁶
1531 2053 1723 2104 contra
1752 2046 1930 2101 Thra-

352 2162 609 2205 suconem
640 2146 681 2177 ¹⁷
702 2185 719 2211 ,
753 2144 945 2200 ducem
989 2141 1374 2207 Abodritorum
1397 2180 1413 2205 ,
1438 2146 1494 2193 et
1515 2137 1809 2193 Eburisum
1838 2135 1880 2167 ¹⁸
1902 2136 1931 2176 δ

354 2240 590 2311 legatum
632 2245 878 2292 nostrum
907 2233 1179 2290 conmisso
1231 2230 1457 2302 proelio,
1488 2230 1606 2285 acie
1627 2228 1754 2284 victi
1784 2241 1929 2283 sunt.

357 2333 529 2387 Caesa
550 2337 678 2384 sunt
705 2344 773 2382 ex
806 2326 964 2381 eisin
994 2325 1114 2381 loco
1136 2322 1329 2394 proelii
1368 2328 1623 2391 quattuor
1643 2319 1813 2382 milia,
1845 2333 1935 2372 ce-

360 2428 461 2484 teri
488 2426 579 2497 qui
608 2424 865 2495 fugerunt
887 2432 944 2476 et
989 2427 1299 2484 evaserunt,
1333 2402 1644 2487 quanquam
1688 2413 1845 2470 multi
1880 2422 1935 2468 et

357 2533 427 2572 ex
451 2516 560 2571 illis
586 2513 942 2574 cecidissent,
975 2510 1039 2566 de
1069 2509 1222 2580 pacis
1250 2506 1290 2538 ¹⁹
1317 2504 1632 2561 condicione
1667 2511 1936 2558 tractave-

360 2615 506 2663 runt.
535 2604 602 2660 Et
628 2618 726 2658 rex
760 2599 998 2669 acceptis
1024 2599 1322 2663 obsidibus,
1350 2595 1517 2651 etiam
1554 2602 1610 2649 et
1636 2594 1723 2650 his
1747 2635 1763 2660 ,
1798 2607 1936 2664 quos

360 2693 755 2769 perﬁdissimos
782 2690 1051 2761 primores
1102 2686 1379 2743 Saxonum
1421 2683 1842 2754 consignabant,
1878 2682 1935 2737 in

365 2784 652 2841 Franciam
683 2796 937 2839 reversus
958 2789 1074 2844 est,
1127 2787 1183 2835 et
1216 2776 1556 2848 Aquasgrani
1603 2774 1648 2806 ¹⁰
1675 2773 1933 2843 palatium

363 2892 625 2948 pergens,
657 2874 982 2946 legationem
1026 2870 1358 2926 Graecorum
1401 2882 1431 2921 a
1467 2862 1935 2933 Constantinopoli

364 2969 587 3023 missam
616 2964 873 3034 suscepit.
903 2963 1075 3017 Erant
1094 2961 1241 3015 enim
1265 2957 1425 3029 legati
1450 2955 1735 3020 Michahel,
1765 2953 1936 3025 patri-

2030 1780 2099 1835 ab
2122 1779 2282 1849 hujus
2312 1790 2334 1819 °
2380 1780 2660 1835 seditionis
2707 1780 3019 1835 auctoribus
3068 1780 3400 1850 interceptus
3446 1789 3610 1850 atque

2029 1872 2243 1926 occisus
2281 1880 2384 1925 est.
2436 1870 2642 1936 Quibus
2680 1870 2940 1939 acceptis,
2969 1884 3064 1924 rex
3093 1870 3333 1941 graviter
3368 1882 3611 1924 commo-

2033 1970 2138 2029 tus,
2187 1971 2517 2035 congregato
2573 1964 2835 2027 exercitu,
2869 1963 2922 2017 in
2984 1962 3120 2030 loco,
3167 1964 3256 2018 cui
3308 1963 3509 2017 Mimda
3538 1964 3605 2016 “.

2033 2066 2248 2117 nomen,
2296 2064 2459 2121 super
2510 2051 2785 2107 Wisuram
2835 2063 3017 2106 castra
3063 2053 3264 2122 posuit,
3319 2062 3483 2123 atque
3553 2053 3608 2107 in

2033 2143 2363 2212 foedifragos
2405 2160 2471 2199 ac
2507 2145 2814 2200 desertores
2855 2160 3009 2199 arma
3052 2146 3333 2215 corripuit,
3369 2155 3423 2199 et
3471 2145 3613 2200 ultor

2035 2232 2187 2288 necis
2217 2233 2260 2263 ¹¹
2291 2232 2586 2304 legatorum
2617 2248 2863 2298 suorum,
2890 2233 3144 2304 quicquid
3173 2233 3447 2290 Saxoniae
3472 2234 3611 2288 inter

2033 2322 2245 2377 Albiam
2297 2337 2361 2377 ac
2396 2323 2439 2354 ⁸³
2473 2323 2741 2377 Wisuram
2789 2324 3093 2389 interiacet,
3141 2332 3314 2378 totum
3360 2324 3509 2379 ferro
3555 2333 3612 2378 et

2035 2414 2143 2485 igni
2179 2414 2430 2469 vastavit.
2464 2413 2841 2469 Transalbiani
2871 2423 3050 2469 autem
3084 2414 3147 2480 "‘,
3180 2415 3433 2484 superbia
3459 2414 3609 2481 elati,

2036 2518 2102 2557 eo
2124 2503 2268 2573 quod
2297 2503 2442 2572 regis
2476 2502 2680 2573 legatos
2709 2504 2753 2535 ¹⁵
2782 2504 2983 2574 inpune
3021 2505 3271 2560 occidere
3295 2513 3608 2575 potuerunt,

2036 2595 2268 2665 arreptis
2317 2595 2484 2650 armis
2554 2605 2744 2650 contra
2807 2594 3097 2651 Abodritos
3167 2596 3606 2667 proﬁciscuntur.

2036 2687 2170 2742 Nam
2209 2688 2252 2718 ¹⁸
2273 2687 2517 2744 Abodriti
2562 2687 2913 2743 auxiliatores
2960 2688 3000 2719 ¹⁷
3035 2688 3370 2743 Francorum
3401 2702 3613 2759 semper

2037 2776 2255 2833 fuerunt
2287 2778 2352 2843 ³⁸,
2379 2791 2443 2832 ex
2474 2778 2515 2808 ι’
2545 2792 2651 2847 quo
2686 2777 2853 2833 semel
2882 2778 2951 2834 ab
2976 2778 3055 2834 eis
3085 2779 3139 2833 in
3168 2779 3481 2834 societatem
3529 2794 3612 2833 rei

2036 2868 2177 2938 cepti
2203 2869 2247 2899 ²⁰
2271 2876 2415 2923 sunt.
2444 2867 2682 2934 Quorum
2709 2868 2817 2923 dux
2844 2867 3054 2923 Theseo
3075 2870 3142 2934 η,
3170 2869 3384 2940 cognito
3411 2868 3614 2923 Trans--

2037 2960 2374 3015 abianorum
2421 2968 2594 3027 motu,
2634 2961 2715 3014 eis
2755 2975 2879 3015 cum
2924 2961 3174 3015 omnibus
3200 2961 3370 3030 copiis
3407 2960 3521 3016 suis
3557 2960 3614 3013 in
3709 2960 3719 2966 ’

361 3060 480 3114 eius
503 3031 1019 3128 quondam'Frigiae
1061 3053 1131 3118 ἰ,
1177 3058 1233 3107 et
1273 3047 1603 3119 Theophilus
1627 3048 1930 3117 presbyter,
1962 3031 2006 3093 C
2038 3049 2156 3105 loco
2184 3050 2278 3120 qui
2310 3049 2587 3105 Suentana
2617 3048 2644 3089 ἀ
2675 3058 2900 3104 vocatur
2929 3051 3186 3115 occurrit,
3217 3051 3615 3121 commissoque

358 3149 641 3219 epistolam
666 3147 909 3201 Herenae
929 3146 975 3176 “
1005 3142 1367 3213 imperatricis
1394 3140 1665 3203 ferentes;
1697 3153 1823 3194 nam
1867 3137 1934 3191 fi-

361 3242 466 3296 lius
509 3240 627 3295 eius
654 3237 1042 3294 Constantinus
1071 3236 1368 3304 imperator
1399 3247 1541 3287 anno
1570 3230 1853 3301 superiore
1889 3229 1935 3260 "

360 3347 389 3384 a
411 3330 524 3385 suis
553 3327 958 3397 conprehensus
983 3333 1038 3379 et
1061 3330 1385 3379 excaecatus
1425 3329 1529 3376 est.
1582 3319 1728 3374 Haec
1753 3327 1935 3373 tamen

365 3419 566 3490 legatio
597 3411 808 3473 tantu’m
836 3416 902 3472 de
927 3429 1061 3486 pace
1090 3412 1211 3468 fuit.
1255 3412 1402 3478 Quos
1439 3426 1564 3465 cum
1591 3409 1936 3472 absolvisset,

366 3510 600 3566 absolvit
641 3508 804 3564 etiam
858 3523 982 3563 cum
1012 3506 1093 3562 eis
1135 3514 1191 3560 et
1219 3503 1517 3559 Sisinnium
1545 3501 1611 3568 “,
1641 3501 1862 3556 fratrem
1892 3502 1939 3534 “

362 3600 635 3656 Tarasii“
657 3595 1238 3667 Constantinopolitani
1267 3594 1522 3664 episcopi,
1540 3592 1851 3647 iamdudum
1882 3592 1938 3647 in

361 3691 513 3746 Italia
542 3688 750 3760 proelio
770 3694 1006 3758 captum.
1040 3686 1154 3740 Hoc
1176 3702 1317 3740 anno
1343 3685 1385 3716 ³⁷
1416 3682 1565 3739 sidus
1593 3684 1664 3748 ",
1691 3685 1832 3752 quod
1860 3683 1940 3737 di-

359 3782 500 3837 citur
523 3778 734 3845 Martis,
763 3792 793 3831 a
820 3776 1113 3846 superioris
1140 3774 1267 3829 anni
1306 3773 1442 3828 Iulio
1470 3787 1642 3842 usque
1667 3773 1734 3826 ad
1781 3773 1942 3828 huius

718 3867 1112 3927 VARIANTES
1148 3864 1552 3923 LECTIONES.

434 3963 719 4041 taustrinae
738 3962 833 4041 _2._
860 3958 1317 4041 5._au§turiaen6._
1388 3960 1429 4041 _’
1461 3956 1593 4041 flora
1628 3957 1854 4041 2.‘frola

364 4034 418 4088 5.
460 4032 580 4087 llola
631 4033 684 4087 6.
734 4033 873 4086 froia
915 4031 969 4084 7.
1003 4030 1055 4085 9.
1168 4027 1327 4098 ‘Sedr
1365 4029 1507 4082 deest
1527 4028 1581 4082 7.
1684 4027 1705 4059 δ
1742 4030 1856 4098 ipsa
1882 4031 1936 4084 2.

366 4103 387 4135 ³
416 4102 778 4202 ηοτξτόιυίιξίό..
826 4100 1073 4202 nordlpdi
1197 4097 1430 4202 nurliut‘li
1630 4098 1651 4129 ⁸
1680 4100 1942 4202 apud’rf-

366 4188 482 4202 ηη...
718 4186 747 4202 η
823 4184 1081 4202 “nam...
1320 4182 1383 4202 nn
1410 4184 1486 4202 ιη..
1533 4184 1662 4202 νο...
1922 4181 1940 4202 ο

364 4188 485 4242 gem
520 4172 572 4223 7.
666 4172 685 4202 "
717 4178 773 4225 et
822 4170 1082 4251 quosdam
1107 4169 1160 4221 7.
1249 4169 1293 4248 f
1320 4169 1489 4248 ceteri
1533 4184 1663 4223 vero
1702 4169 1754 4221 7,
1829 4169 1851 4199 ο
1872 4170 1943 4223 At

368 4258 465 4318 [ex
500 4240 565 4318 _7.
592 4307 607 4318 ε
645 4240 698 4318 ιζ
737 4238 1007 4318 hartstalli
1056 4237 1446 4318 6.‘_her_tstall|.o
1618 4238 1668 4318 ἰιι
1717 4238 1834 4318 ιρεει
1883 4239 1937 4293 2,

368 4312 410 4341 ¹²
442 4307 641 4363 mimda
668 4307 719 4363 5.
749 4308 949 4363 munda
975 4307 1027 4360 6.
1107 4306 1287 4361 “inde
1314 4307 1368 4360 in
1401 4306 1454 4361 5.
1485 4306 1538 4360 7.
1618 4305 1661 4339 “
1682 4308 1938 4363 wisuram

366 4380 418 4433 5.
473 4379 526 4432 6.
606 4378 650 4409 ⁸⁸
696 4377 1055 4449 populandam

370 4450 409 4480 ¹⁷
458 4446 835 4504 tarsochonem
886 4448 939 4501 5.
982 4446 1390 4503 thrasuchorem
1415 4446 1467 4501 6.
1496 4454 1839 4503 trasuconem
1881 4449 1935 4505 7.

369 4519 413 4550 ¹³
459 4519 733 4574 eborisum
773 4518 827 4573 5.
879 4517 931 4571 6.
970 4518 1025 4571 7.
1130 4515 1173 4548 "
1211 4516 1528 4572 cecidissem
1568 4516 1655 4587 de
1683 4518 1840 4587 pauci
1879 4521 1934 4575 2.

365 4590 411 4618 ’°
437 4589 865 4670 aquisgranin'l.‘
901 4589 949 4670 ξι
972 4586 1214 4670 phrigiae
1349 4588 1419 4670 ,³³
1452 4601 1614 4670 erene
1636 4586 1813 4670 2.“?a
1844 4607 1940 4670 su:

366 4655 565 4744 periuri
595 4655 646 4713 7.
747 4659 792 4744 'n‘
823 4655 1201 4744 sisignnum'5._
1261 4658 1307 4690 ”
1344 4655 1550 4713 fremen
1580 4656 1633 4712 5.
1709 4658 1755 4689 "
1787 4661 1941 4716 trasii

366 4727 419 4783 ὅ.
496 4729 542 4761 ’⁷
586 4744 728 4783 anno
755 4728 808 4783 2.
886 4729 929 4760 ’⁸
968 4728 1131 4800 sydus
1169 4727 1220 4781 7.

2035 3141 2264 3211 proelio,
2298 3141 2506 3212 ingenti
2529 3156 2624 3196 eos
2647 3140 2813 3198 caede
2836 3141 3151 3211 prostravit.
3195 3140 3331 3195 Nam
3363 3142 3416 3195 in
3438 3143 3612 3211 prima

2037 3220 2421 3302 congressione
2447 3240 2706 3301 quattuor
2740 3231 2888 3285 milia
2927 3246 3117 3286 eorum
3159 3232 3444 3296 cecidisse,
3488 3248 3616 3287 nar.

2038 3321 2179 3376 ravit
2210 3320 2420 3392 legatus
2452 3322 2617 3392 regis,
2645 3321 2841 3377 Eburis
2861 3322 2906 3351 "
2932 3322 3171 3387 nomine,
3193 3322 3285 3392 qui
3331 3323 3385 3376 in
3425 3324 3617 3378 eodem

2038 3414 2244 3484 proelio
2277 3412 2399 3480 fuit,
2431 3422 2490 3469 et
2527 3415 2582 3468 in
2606 3414 2991 3470 Ahodritorum
3030 3415 3146 3470 acie
3174 3415 3419 3469 dextrum
3448 3430 3615 3470 cornu

2043 3505 2233 3560 tenuit.
2309 3504 2437 3559 Fusi
2485 3505 2650 3576 igitur
2689 3503 2965 3576 fugatique
2991 3545 3007 3569 ,
3055 3513 3110 3558 et
3162 3505 3345 3560 multis
3393 3521 3615 3561 suorum

2040 3594 2275 3656 amissis,
2308 3609 2429 3649 cum
2463 3610 2653 3665 magna
2683 3595 2993 3650 calamitate
3021 3593 3090 3648 ad
3131 3594 3246 3649 loca
3273 3581 3371 3648 sua
3402 3596 3610 3649 reversi

2042 3692 2184 3739 sunt.
2212 3683 2283 3738 At
2308 3684 2354 3716 ³³
2381 3699 2475 3739 rex
2511 3685 2567 3738 in
2592 3684 2880 3739 Franciam
2931 3698 3229 3753 regressus,
3261 3700 3385 3739 cum
3410 3684 3619 3754 Aquas~

2394 3796 2789 3852 VARIANTES
2826 3797 3229 3854 LECTIONES.

2115 3890 2131 3920 ¹
2157 3887 2437 3943 saxoniam
2462 3889 2513 3942 1.
2538 3888 2591 3942 2.
2690 3889 2710 3919 ⁸
2734 3898 3019 3958 appareret
3039 3873 3091 3943 It.
3116 3890 3168 3943 5.
3193 3890 3245 3943 6.
3270 3888 3614 3945 accederem.

2116 3905 2131 3920 ·
2157 3905 2437 3943 saxontam
2462 3905 2513 3942 ι.
2538 3905 2591 3942 z.
2691 3905 2710 3919 -
2734 3905 2801 3958 ap
2841 3905 3019 3944 areret
3039 3905 3091 3943 4.
3116 3905 3168 3943 ο.
3193 3905 3245 3943 o.
3270 3905 3548 3945 accederet
3562 3905 3614 3943 υ.

2043 3959 2065 3991 ³
2087 3973 2143 4028 p.
2168 3959 2205 4012 i.
2231 3959 2283 4013 5.
2308 3959 2361 4014 9.
2477 3958 2499 3988 ⁸
2521 3958 2665 4012 nacti
2699 3958 2745 4012 l.
2782 3905 2861 4012 ἒξ)-
2882 3959 2935 4013 9.
3042 3961 3062 3991 ⁵
3094 3961 3310 4014 fuerant
3329 3960 3384 4014 2.
3488 3961 3510 3991 ⁸
3536 3974 3622 4013 re-

2042 4028 2299 4083 mendum
2323 4028 2373 4081 1.
2400 4028 2695 4083 remedium
2714 4029 2770 4083 2.
2794 4031 3145 4086 remeandum
3171 4031 3222 4084 5.
3256 4030 3618 4085 nunciandum

2042 4099 2096 4153 9.
2200 4100 2220 4171 ξ’
2250 4098 2649 4171 godessclaeum
2680 4099 2726 4151 1.
2756 4100 3181 4171 godesscalcum
3201 4100 3254 4154 2.
3313 4100 3621 4171 godesehalo

2042 4115 2096 4153 υ.
2206 4115 2215 4130 ⁸
2250 4115 2649 4169 gouesscracum
2680 4115 2726 4151 ι.
2754 4115 3163 4223 ξοαοεεωιοιιηι
3201 4115 3254 4154 7..
3313 4115 3621 4171 800080115“-

2042 4167 2728 4269 E‘fl‘l..?.:.§2‘e§?.~'l?.lﬁ'.‘1"¥
2792 4208 2806 4222 '
2845 4169 3310 4269 βῖίῗέἓθξὶίδξὲἓὲῗ
3338 4169 3621 4269 Ennii.“

2043 4236 2313 4360 gefrigum'
2334 4239 2385 4290 7.
2414 4236 2664 4292 sifridum
2695 4238 2747 4292 6.
2831 4236 2869 4322 ,ί
2894 4254 3016 4293 cum
3042 4240 3310 4322 legatione
3339 4240 3552 4320 functus
3572 4255 3616 4290 r.

2085 4346 2097 4359 .
2245 4315 2548 4360 verteretur
2577 4309 2627 4360 1.
2707 4309 2747 4339 ¹⁸
2772 4311 2970 4360 mimda
2994 4310 3045 4360 1.
3079 4310 3315 4360 nundam
3344 4310 3397 4360 2.
3441 4309 3616 4360 minda

2085 4346 2097 4359 .
2177 4307 2220 4337 ¹⁰
2245 4315 2548 4361 verteretur
2577 4309 2627 4361 1.
2707 4309 2747 4339 ¹¹
2772 4309 2970 4363 mimda
2994 4310 3045 4363 1.
3078 4307 3315 4365 mindam
3344 4310 3397 4364 2.
3441 4309 3619 4363 minda

1128 4376 1180 4429 7.
1258 4375 1301 4406 ¹⁶
1351 4375 1607 4431 nortliudi
1655 4386 1836 4431 autem
1885 4379 1937 4433 7.
1966 4374 2020 4433 D
2045 4374 2098 4429 5.
2124 4376 2177 4428 4.
2201 4375 2255 4429 6.
2306 4377 2507 4431 munda
2527 4378 2578 4431 5.
2607 4378 2661 4433 9.
2690 4379 2936 4433 mitidam
2971 4395 3068 4433 ms.
3117 4380 3297 4434 minda
3332 4380 3383 4433 7.
3460 4380 3503 4409 “
3529 4392 3623 4431 ne-

2046 4460 2136 4501 ces
2153 4446 2202 4499 1.
2281 4446 2323 4516 1³
2346 4454 2401 4500 et
2418 4446 2474 4499 2.
2552 4449 2595 4479 “
2620 4456 2802 4503 autem
2825 4448 2916 4516 qui
2942 4450 3265 4504 nordmanni
3286 4458 3547 4505 vocantur
3565 4448 3619 4500 9.

2047 4516 2091 4589 ff
2116 4517 2152 4570 Ι.
2185 4515 2320 4589 μβ.
2340 4516 2393 4570 9.
2430 4586 2447 4589 _
2473 4516 2659 4589 'jnam
2688 4515 2918 4589 abodriti
2943 4549 3009 4559 -—
3034 4521 3233 4589 recepti
3257 4526 3383 4575 sunt
3404 4520 3544 4573 deest
3564 4517 3618 4589 9.

2047 4584 2090 4618 ’⁷
2113 4585 2402 4641 auxiliares
2422 4586 2476 4641 2.
2496 4587 2549 4640 5.
2570 4588 2621 4640 7.
2700 4586 2742 4619 ¹⁸
2767 4588 2915 4643 fuere
2938 4589 2988 4643 7.
3018 4584 3233 4643 fuerant
3254 4589 3309 4643 4.
3387 4589 3429 4621 ⁸⁸
3449 4589 3546 4643 abs
3564 4586 3620 4638 4.

2045 4654 2091 4685 ²⁰
2106 4657 2339 4725 suscepti
2354 4655 2406 4710 6.
2466 4658 2509 4688 ²¹
2529 4658 2714 4712 tascllo
2725 4657 2780 4711 2.
2800 4666 2947 4713 tasco
2961 4659 3013 4713 ‘5.
3033 4660 3271 4721 thrasico
3285 4660 3337 4714 9.
3413 4659 3458 4690 ²²
3473 4656 3623 4712 eber-

2042 4726 2217 4780 winus
2235 4728 2290 4781 9.
2366 4727 2412 4758 ²⁸
2445 4727 2513 4781 ad
2547 4726 2600 4780 2.

1887 4824 2090 4888 NO'NE
2101 4874 2115 4889 .

444 4925 468 4953 ιι
512 4910 746 4965 Minden.

444 4986 468 5022 ι’
508 4981 760 5036 Nostrum
798 4977 993 5039 Ebers,
1021 4977 1202 5031 Even.

446 5066 467 5090 υ
497 5052 575 5105 Ab
604 5049 776 5104 Hunis
802 5049 853 5113 1,
891 5048 949 5113 2,
980 5048 1033 5110 5,
1071 5055 1127 5119 et
1155 5055 1312 5119 poeta
1358 5046 1532 5119 Saxo;
1571 5049 1730 5119 hujus
1760 5061 1941 5110 tamen

372 5122 622 5191 pmfero,
658 5135 782 5175 cum
814 5119 1048 5189 primum
1082 5116 1241 5186 Itusz
1277 5127 1336 5172 et
1360 5118 1533 5191 Hunis
1575 5116 1944 5179 in'scribelldo

373 5188 627 5247 facillime
648 5188 1044 5260 permutentur,
1068 5188 1543 5260 et_sententiarum
1571 5205 1743 5246 nexus
1771 5191 1945 5250 Hunis

375 5276 482 5315 non
517 5256 801 5316 admittere
829 5259 1096 5329 videatur.
1129 5256 1265 5329 Nam
1300 5259 1347 5313 si
1371 5259 1729 5329 Eginhardus,
1762 5261 1947 5318 Hunos

374 5330 599 5412 legatos,
625 5331 716 5401 qui
747 5328 1100 5412 populumAad
1129 5328 1483 5412 rebellionem.
1505 5330 1862 5412 concitarent,
1891 5333 1947 5388 in

377 5399 670 5471 saxoniam
708 5399 945 5471 misisse,
975 5408 1029 5453 et
1049 5413 1169 5471 eos,
1201 5413 1308 5471 quo
1354 5399 1555 5453 certius
1586 5400 1695 5453 voti
1726 5416 1947 5471 compo-

375 5479 458 5524 tes
496 5470 707 5534 flerent,
747 5468 1063 5526 Godescalei
1109 5470 1311 5525 easdem
1360 5477 1720 5538 perpetrasse,
1769 5468 1952 5528 dicere

376 5538 656 5602 voluisset,
684 5539 790 5593 alio
823 5548 971 5596 certe
994 5540 1152 5597 modo
1184 5540 1320 5594 tanti
1357 5539 1615 5593 momenti
1643 5556 1758 5595 rem
1780 5557 1953 5597 enun-

376 5606 609 5664 tiaturus
637 5608 845 5664 fuisset.
887 5607 1113 5665 Codices
1136 5626 1267 5665 vero
1300 5610 1348 5679 1,
1377 5608 1433 5674 2,
1465 5610 1517 5674 5,
1556 5610 1681 5666 licet
1711 5612 1951 5671 omnium

2049 4927 2529 4994 praestantissimos
2568 4943 2636 4983 ex
2669 4945 2776 4984 uno
2812 4938 2992 4985 tamen
3036 4928 3181 4984 fonte
3213 4926 3466 4993 derivari,
3515 4944 3625 4984 non

2050 4997 2226 5050 solum
2262 4998 2351 5068 hic
2380 4998 2551 5068 locus,
2584 4999 2679 5053 sed
2712 5008 2767 5054 et
2810 4999 3066 5054 lectiones
3098 4998 3257 5068 paulo
3287 4999 3535 5068 superius
3569 4999 3622 5052 in

2051 5081 2182 5139 voce
2204 5066 2560 5139 redimendum
2582 5068 2756 5123 allata:
2776 5071 3024 5139 probant,
3052 5066 3113 5124 et
3132 5076 3289 5139 poeta
3311 5066 3457 5139 Saxo
3481 5083 3626 5139 eam-

2052 5134 2178 5190 dem
2203 5137 2576 5208 auctoritatem
2616 5134 2833 5194 seeutus
2858 5137 3047 5203 fuerit;
3086 5134 3249 5208 quam
3278 5139 3324 5192 si
3352 5138 3628 5193 authenti-

2049 5220 2175 5259 oum
2219 5205 2397 5277 ipsum
2443 5204 2622 5278 fuisse
2658 5216 2888 5273 statuas,
2935 5209 2991 5263 in
3032 5204 3342 5278 eo‘quoque
3368 5208 3625 5262 nonnulla

2048 5275 2520 5348 praeterauctoris
2545 5277 2876 5348 voluntatem
2911 5278 3073 5335 scribi
3103 5275 3367 5347 potuisse,
3398 5278 3626 5348 quisque

2052 5344 2143 5414 rei
2158 5345 2366 5414 peritus
2391 5347 2667 5401 concedet.
2970 5388 2979 5395 .

2121 5413 2563 5487 d’Videt_u_r_esse
2591 5416 2742 5472 locus
2778 5416 3008 5483 Swante,
3064 5416 3119 5471 in
3166 5417 3417 5473 districtu
3447 5416 3628 5487 magni

2055 5482 2282 5608 diqgatus
2335 5484 2754 5559 Meklenburgici
2812 5486 3044 5544 Schwau
3070 5528 3086 5553 ,
3155 5488 3225 5543 ad
3277 5482 3627 5542 Warnowam

2058 5580 2083 5607 δ
2171 5592 2183 5607 .

2058 5580 2183 5607 διιυ.
