3986 6174
865 366 1100 417 laxitas
1128 362 1526 417 LAUItlSSl-INSBS.

1498 238 1882 300 εςιΝιιλιωι
1919 241 2210 297 ABBA'I'IS
2244 242 2577 299 ANNALES‘

1997 358 2054 418 Α

3538 245 3644 301 458

2570 373 2802 414 ANNALES
2842 373 3148 416 EGINEARDI.

398 456 526 511 inde
550 454 749 510 iterum
766 458 897 507 cum
918 467 1114 521 magno
1129 452 1336 506 honore
1366 450 1622 506 dimissus
1640 457 1744 504 est.
1769 448 1971 503 Eodem
2071 452 2247 518 ipsum
2269 459 2507 518 quidem,
2532 460 2593 503 ut
2614 451 2874 506 vicarium
2899 453 3072 507 sancti
3094 451 3243 506 Petri
3263 461 3320 507 et
3342 452 3646 510 Romanum

398 564 543 606 anno
567 562 698 618 gens
720 545 957 599 Avarum
985 545 1003 576 ί
1038 560 1071 599 a
1094 544 1198 599 nde
1222 559 1383 614 quam
1403 543 1730 613 promiserat
1748 541 1967 605 defecit,

398 648 455 695 et
483 637 705 692 Ericus‘
735 634 841 689 dux
868 634 1236 689 Foroiulensis
1272 634 1293 666 ³
1326 643 1449 703 ροςι
1479 642 1560 689 tot
1590 646 1850 704 prospere
1874 647 1971 701 ge-

398 738 511 784 stas
536 743 622 783 res
644 727 791 780 iuxta
819 724 1153 780 Tarsaticam
1185 737 1210 766 ι
1240 724 1529 778 Liburniae
1568 723 1842 777 civitatem
1891 722 1973 775 in-

398 817 548 874 sidiis
573 816 961 886 oppidanorum
988 829 1280 886 oppressus
1304 824 1408 878 est,
1431 823 1486 868 et
1513 812 1780 868 Geroldus
1810 811 1832 842 δ
1879 825 1974 865 co-

400 894 518 961 mes
545 906 587 970 ',
620 905 902 960 Baioariae
924 905 1251 973 praefectus,
1297 902 1594 958 commisso
1616 910 1807 956 contra
1834 899 1974 953 Ava-

395 1010 486 1052 res
528 994 758 1065 proelio,
815 993 1012 1049 cecidit
1049 992 1070 1024 ⁸
1098 996 1137 1046 ⁸.
1169 994 1240 1046 At
1287 996 1431 1049 enim
1462 992 1670 1047 insulae
1697 990 1969 1054 Baleares,

397 1099 537 1156 quae
566 1099 598 1139 a
623 1084 821 1139 Mauris
846 1091 899 1137 et
926 1082 1242 1138 Sarracenis
1264 1096 1406 1136 anno
1422 1081 1591 1151 priori
1612 1081 1974 1150 depraedatae

396 1185 545 1241 sunt,
568 1176 837 1247 postulato
864 1176 1037 1244 adque
1064 1182 1288 1243 accepto
1318 1189 1349 1226 a
1380 1173 1580 1228 nostris
1617 1171 1842 1235 auxilio,
1877 1186 1974 1225 no-

374 1266 482 1322 .bis
527 1281 586 1320 se
642 1256 762 1319 dedi
784 1266 992 1330 lerunt,
1050 1272 1106 1319 et
1143 1279 1266 1319 cum
1296 1263 1391 1317 Dei
1423 1261 1626 1316 auxilio
1654 1276 1685 1315 a
1714 1261 1914 1315 nostris
1940 1276 1972 1315 a

294 1346 297 1349 ’
397 1355 730 1426 praedonum
759 1354 1068 1409 incursione
1095 1342 1350 1407 defensae
1380 1360 1525 1407 sunt.
1566 1351 1731 1422 Signa
1758 1365 1973 1420 quoque

399 1445 709 1500 Maurorum
737 1445 790 1498 in
820 1459 1000 1514 pugna
1046 1443 1279 1507 sublata,
1301 1451 1359 1496 et
1400 1442 1596 1497 domno
1622 1441 1737 1510 regi
1764 1441 1785 1473 ⁷
1811 1455 1972 1509 prae-

398 1544 611 1595 sentata
656 1542 799 1588 sunt.
841 1533 1002 1587 Wido
1039 1548 1221 1588 comes
1253 1533 1275 1565 ⁸
1307 1532 1400 1602 qui
1447 1533 1501 1586 in
1551 1546 1735 1585 marca
1772 1530 1974 1585 Britta-

397 1624 524 1680 niae
544 1623 565 1655 '
594 1623 939 1694 praesidebat
967 1623 1024 1687 ιθ,
1052 1638 1155 1677 una
1171 1639 1293 1678 cum
1316 1623 1480 1678 sociis
1512 1622 1801 1677 comitibus
1828 1621 1970 1675 Brit-

398 1715 599 1769 taniam
630 1714 906 1785 ingressus
938 1720 1212 1783 totamque
1238 1713 1589 1784 perlustrans,
1638 1710 1691 1765 in
1732 1709 1970 1765 dedicio—

397 1820 523 1861 nem
569 1805 778 1875 accepit
809 1823 822 1858 :
870 1813 924 1859 et
968 1805 1082 1874 regi
1131 1804 1171 1835 “
1203 1804 1269 1859 de
1304 1803 1539 1858 Saxonia
1568 1816 1786 1857 reverso
1820 1816 1970 1855 arma

398 1900 616 1963 ducum,
647 1898 739 1967 qui
765 1913 824 1953 se
851 1897 1190 1962 dediderant,
1216 1895 1494 1965 inscriptis
1509 1893 1845 1964 singulorum
1876 1908 1972 1947 no-

400 1988 665 2053 minibus,
686 1988 1073 2058 praesentavit.
1108 1984 1245 2040 Nam
1276 1986 1363 2040 his
1390 2000 1449 2041 se
1470 1993 1527 2040 et
1555 1993 1754 2039 terram
1784 1992 1840 2039 et
1876 1999 1974 2054 po-

397 2079 583 2149 pulum
614 2079 984 2149 unusquisque
1014 2079 1057 2109 “
1085 2078 1297 2133 illorum
1336 2076 1578 2141 tradidit,
1610 2084 1665 2130 et
1695 2083 1806 2130 tota
1834 2075 1974 2128 Brit-

400 2174 668 2227 taniarum
720 2170 1021 2241 provincia,
1052 2169 1192 2239 quod
1225 2182 1495 2235 nunquam
1524 2173 1702 2228 antea,
1733 2179 1763 2218 a
1803 2163 1974 2217 Fran-

401 2265 482 2320 cis
519 2263 561 2295 ¹⁸
585 2263 870 2333 subiugata
890 2269 993 2317 est.
1038 2260 1239 2315 Eodem
1268 2274 1410 2313 anno
1439 2256 1736 2311 monachus
1754 2254 1971 2324 quidam

401 2357 468 2410 de
498 2352 871 2409 llierosolimis
903 2351 948 2383 “
974 2350 1195 2406 veniens
1219 2390 1234 2415 ,
1273 2347 1701 2403 benedictionem
1746 2352 1802 2398 et
1847 2343 1971 2397 reli-

396 2445 551 2517 quias
576 2444 641 2499 de
668 2442 955 2512 sepulchro
985 2440 1221 2505 Domini,
1246 2444 1383 2508 quas
1405 2436 1713 2506 patriarcha
1737 2432 1973 2487 Heruso-

397 2534 673 2589 limitanus
702 2533 746 2565 ι’
773 2534 972 2587 domno
1023 2531 1137 2601 regi
1177 2530 1220 2562 ¹⁶
1249 2529 1512 2593 miserat,
1558 2524 1768 2581 detulit.
1819 2523 1970 2578 Azan

396 2624 701 2697 praefectus
748 2622 1025 2688 civitatis,
1076 2636 1217 2691 quae
1258 2620 1298 2653 "
1342 2619 1540 2674 dicitur
1576 2616 1750 2681 Osca,
1792 2615 1971 2670 claves

396 2716 546 2770 urbis
581 2730 677 2783 per
726 2712 964 2784 legatum
1006 2726 1164 2766 suum
1202 2725 1328 2766 cum
1374 2708 1691 2764 muneribus
1715 2708 1972 2761 transmi-

396 2805 487 2861 sit.
530 2806 573 2837 ¹⁸
621 2805 689 2860 Ει
721 2803 1027 2859 celebratus
1062 2810 1147 2857 est
1193 2802 1235 2834 "
1274 2801 1390 2856 dies
1427 2801 1473 2833 “
1518 2800 1699 2855 natale
1756 2798 1967 2853 Domini

398 2897 450 2950 in
497 2896 685 2950 eodem
721 2893 943 2963 palatio.
983 2893 1051 2948 Et
1087 2893 1374 2949 iumutavit
1411 2907 1470 2947 se
1506 2906 1765 2946 numerus
1799 2905 1969 2946 anno-

398 2999 519 3038 rum
550 2999 611 3037 ιιι

1997 1698 2045 1757 Β

2072 541 2402 612 pontificem,
2437 556 2559 596 cum
2590 557 2802 598 summo
2830 545 3035 598 honore
3061 545 3128 599 ad
3168 558 3227 598 se
3254 545 3533 613 praecepit
3558 544 3651 600 ad-

2073 632 2219 695 duci,
2270 633 2375 686 iter
2418 640 2598 685 tamen
2644 648 2821 696 suum,
2854 635 2998 703 quod
3051 634 3103 687 in
3135 634 3427 689 Saxoniam
3470 634 3651 689 facere

2073 722 2450 786 constituerat,
2501 737 2606 776 non
2653 724 2855 778 omisit.
2925 724 3122 778 Habito
3175 725 3355 795 itaque
3407 726 3651 795 generali

2071 823 2340 867 conventu
2368 828 2530 882 super
2549 812 2794 867 Rhenum
2823 814 2877 868 in
2906 814 3025 869 loco
3047 815 3141 884 qui
3189 814 3482 885 Lippeham
3514 815 3530 846 ³
3551 830 3652 870 vo-

2071 910 2243 963 catur,
2278 901 2459 970 ibique
2491 902 2680 956 eodem
2713 904 2733 933 '
2765 918 2926 958 amne
2976 905 3321 971 transmisso,
3351 920 3475 959 cum
3533 913 3650 960 toto

2072 989 2315 1044 exercitu
2340 1005 2440 1044 suo
2489 990 2555 1043 ad
2582 990 3009 1046 Padrabrunnon
3039 992 3060 1023 ⁸
3089 992 3340 1057 accessit,
3375 992 3559 1061 ibique
3594 992 3649 1045 in

2073 1080 2273 1137 castris
2301 1080 2609 1145 considens,
2640 1081 2912 1151 pontiﬁcis
2942 1083 3010 1137 ad
3040 1098 3098 1136 se
3122 1085 3465 1153 properantis
3492 1098 3650 1152 prae-

2072 1171 2299 1226 stolatur
2344 1173 2655 1227 adventum.
2731 1173 2875 1228 Misit
2942 1175 3146 1230 interea
3200 1175 3421 1230 Karlum
3477 1175 3649 1231 filium

2071 1275 2229 1314 suum
2256 1259 2277 1290 ‘
2309 1261 2377 1316 ad
2402 1260 2581 1316 Albim
2608 1277 2732 1317 cum
2757 1271 2911 1332 parte
2935 1265 3208 1319 exercitus
3232 1274 3451 1333 propter
3474 1279 3648 1334 quae-

2071 1352 2197 1406 dam
2224 1354 2441 1422 negotia
2477 1369 2601 1407 cum
2630 1354 2817 1410 Wilcis
2855 1355 2875 1386 '
2909 1364 2964 1409 et
2988 1355 3264 1410 Abodritis
3292 1355 3647 1425 disponenda,

2072 1449 2127 1496 et
2166 1443 2427 1511 quosdam
2473 1442 2715 1498 Saxones
2759 1445 2827 1500 de
2867 1444 3174 1500 Nordliudis
3224 1446 3245 1477 ⁸
3286 1447 3644 1515 recipiendos;

2072 1529 2237 1587 Cuius
2271 1534 2635 1588 reversionem
2685 1536 2704 1566 "
2740 1550 2864 1589 cum
2898 1544 3167 1604 expectat,
3199 1536 3348 1589 venit
3379 1534 3645 1605 pontifex,

2072 1630 2129 1676 et
2157 1622 2311 1677 valde
2339 1623 2637 1680 honoriﬁce
2678 1626 2747 1679 ab
2803 1624 2893 1680 illo
2919 1625 2941 1656 ⁸
2968 1635 3254 1696 susceptus
3282 1633 3385 1690 est,
3419 1626 3648 1681 mausite

2071 1728 2176 1782 que
2205 1715 2348 1784 apud
2370 1731 2494 1770 eum
2520 1716 2638 1771 dies
2674 1716 2898 1787 aliquot.
2932 1717 2999 1771 Et
3023 1733 3147 1772 cum
3184 1718 3232 1773 ei
3258 1726 3481 1783 cuncta,
3514 1733 3643 1788 pro-

2071 1811 2194 1875 pter
2226 1820 2365 1873 quae
2390 1814 2612 1861 venerat
2655 1796 2984 1872 intimasset,
3034 1808 3228 1863 iterum
3255 1807 3480 1861 Romam
3520 1822 3648 1862 cum

2070 1888 2268 1964 magno
2287 1894 2308 1925 ⁸
2337 1895 2543 1949 honore
2593 1911 2690 1964 per
2712 1894 2916 1966 legatos
2949 1896 3093 1966 regis
3126 1896 3219 1966 qui
3248 1910 3371 1950 cum
3398 1910 3465 1950 eo
3492 1895 3649 1950 missi

2072 1991 2219 2049 sunt,
2253 1985 2528 2049 reductus,
2562 1994 2722 2056 atque
2756 1986 2809 2040 in
2837 1985 3014 2041 locum
3042 2002 3198 2041 suum
3231 1986 3513 2040 restitutus
3537 1994 3642 2040 est.

2071 2073 2190 2141 Quo
2215 2076 2459 2140 dimisso,
2490 2092 2584 2131 rex
2613 2092 2812 2146 paucos
2835 2077 2951 2131 dies
2980 2076 3177 2130 ibidem
3210 2076 3251 2108 ‘°
3277 2084 3538 2140 moratus,
3570 2075 3648 2129 le—'

2070 2177 2253 2238 gatum
2292 2168 2569 2224 Michaelis
2600 2170 2640 2200 “
2670 2169 2883 2239 patricii
2928 2169 2994 2223 de
3042 2168 3248 2234 Sicilia,
3289 2169 3504 2223 nomine
3542 2168 3649 2221 Da-

2071 2258 2306 2314 nihelem
2336 2261 2401 2325 υς
2427 2261 2496 2314 ad
2539 2276 2599 2316 se
2643 2260 2870 2315 missum
2915 2260 3167 2316 absolvit.
3216 2260 3436 2331 Accepit
3478 2261 3646 2315 etiam

2073 2352 2283 2407 tristem
2313 2352 2356 2383 ¹³
2381 2354 2628 2407 nuntium
2664 2354 2730 2407 de
2751 2352 2968 2409 Geroldi
3003 2355 3045 2385 ιδ
3072 2364 3127 2410 et
3150 2355 3294 2410 Erici
3326 2356 3371 2386 ¹⁵
3402 2356 3645 2418 interitu,

2071 2456 2303 2510 quorum
2345 2442 2505 2506 alter,
2530 2442 2796 2499 Geroldus
2827 2445 2868 2476 "
2898 2446 3149 2501 videlicet
3183 2445 3461 2500 Baioariae
3488 2462 3651 2516 prae-

2076 2530 2275 2597 fectus,
2304 2534 2595 2589 commisso
2622 2551 2745 2589 cum
2778 2536 2948 2591 Hunis
2970 2536 3177 2605 proelio
3203 2537 3399 2592 cecidit
3422 2538 3485 2600 ιτ,
3508 2536 3651 2591 alter

2072 2638 2224 2688 vero,
2256 2624 2310 2679 id
2335 2633 2419 2679 est
2443 2625 2636 2680 Ericus
2662 2625 2727 2690 ³⁸,
2759 2634 2879 2695 post
2906 2626 3071 2681 multa
3096 2626 3299 2697 proelia
3325 2626 3654 2698 etinsignes

2072 2714 2327 2768 victorias
2356 2715 2497 2784 apud
2529 2714 2904 2769 Tharsaticam
2954 2716 2995 2747 "
3028 2731 3053 2757 δ
3080 2744 3094 2781 ~,
3128 2716 3414 2772 Liburniae
3449 2718 3648 2771 civita-

2071 2813 2202 2868 tem,
2230 2804 2444 2858 insidiis
2477 2805 2868 2873 oppidanorum
2917 2805 3248 2876 interceptus
3286 2815 3449 2876 atque
3477 2806 3653 2861 inter-
3724 2866 3735 2875 ,

2070 2893 2245 2949 fectus
2283 2895 2327 2925 ²⁶
2355 2902 2439 2951 est
2466 2894 2515 2947 ι).
2549 2895 2731 2950 Rebus
2759 2895 2942 2965 itaque
2965 2897 3006 2926 ²¹
3036 2896 3311 2951 Saxonum
3338 2912 3437 2967 pro
3461 2912 3647 2952 rerum

2059 2982 2759 3054 opportunitatedispositis,
2798 3000 2893 3040 rex
2928 2986 2982 3040 in
3008 2986 3293 3041 Franciam
3332 2987 3646 3041 revertitur.

467 3093 485 3112 ·
506 3088 745 3163 [c.ecidit,
765 3098 823 3147 et
856 3091 910 3146 in
931 3091 1102 3163 Augia
1139 3093 1413 3163 sepelitur.
1438 3090 1515 3147 De
1539 3105 1648 3163 quo
1682 3092 1736 3144 in
1756 3091 1965 3146 visione
1993 3039 2039 3101 C
2068 3071 2138 3163 Et
2163 3087 2288 3163 cum
2312 3039 2639 3145 Aqui-sereni
2669 3076 2954 3141 hiemaret.
2985 3076 3147 3132 Wido
3178 3092 3360 3132 comes
3400 3094 3465 3134 ac
3488 3093 3647 3148 prae-

396 3158 620 3232 Weftini
648 3161 864 3232 legitur,
889 3177 962 3232 qu

396 3238 505 3285 tus.
535 3232 568 3286 9
589 3228 670 3302 b.]

761 4748 1151 4818 VARIANTES
1186 4755 1586 4815 LECTIONES.

471 4885 794 4926 'avarorum
847 4870 899 4923 7.
989 4872 1010 4902 ’
1056 4868 1292 4925 liciricus
1346 4867 1450 4921 dux
1503 4864 1862 4921 foroiuliensis
1905 4866 1958 4920 ’1.

388 4941 414 4976 ³
440 4939 798 4997 foroinllensis
841 4940 894 4994 5.
942 4937 996 5009 ο,
1083 5007 1095 5009 _
1125 4937 1147 4969 ‘
1174 4938 1423 5009 geral'lns
1451 4936 1501 5009 7.
1583 5004 1597 5009 _
1634 4936 1656 4967 ⁵
1695 4936 1866 5009 conis
1905 4936 1958 5009 5.

388 5009 412 5043 ⁸
464 5010 803 5067 ceciditatem
854 5007 1029 5063 insule
1073 5007 1127 5061 2.
1177 5004 1402 5062 'cecidit
1461 5004 1666 5060 insulae
1715 5005 1767 5059 5.
1822 5007 1875 5059 6.
1907 5006 1960 5060 7.

385 5078 563 5150 ’τοδε
593 5077 651 5135 2.
727 5077 799 5150 __'
825 5078 993 5133 comis
1162 5076 1207 5150 7’
1256 5075 1587 5150 brittan‘iae
1721 5077 1792 5150 7._
1815 5076 1890 5130 ira
1915 5084 1965 5131 et

387 5145 651 5221 {lein-cepa.
723 5145 1209 5221 “Apresentabatﬁ.
1272 5146 1330 5221 _"
1362 5145 1553 5221 rege2.
1632 5145 1963 5221 ‘funiuscu-

388 5214 579 5288 iusque
622 5220 672 5273 7.
771 5214 814 5250 ’³
841 5227 994 5272 antea
1045 5231 1075 5269 a
1108 5214 1319 5288 ‘francis
1362 5214 1538 5288 fuerat
1581 5230 1610 5269 a
1654 5214 1857 5288 francis
1903 5216 1956 5268 7.

1991 4399 2044 4459 D

1055 3162 1197 3218 inter
1212 3162 1488 3234 martyres
1510 3162 1582 3218 sit
1609 3172 1967 3217 connumera-
2069 3162 2248 3218 fectus
2268 3162 2554 3220 Brittanici
2584 3165 2794 3231 limitis,
2820 3169 2911 3237 qui
2946 3170 3136 3224 eodem
3167 3186 3310 3225 anno
3343 3186 3466 3226 eum
3492 3172 3653 3228 soliis

2067 3257 2355 3313 comitibus
2399 3266 2566 3337 totam
2604 3260 2648 3290 ”
2677 3260 2983 3316 Brittonum
3013 3261 3058 3292 ’³
3085 3263 3417 3333 provinciam
3464 3264 3653 3332 perlu-

2068 3359 2355 3414 straverat,
2386 3363 2535 3405 arma
2561 3351 2759 3406 ducum
2793 3353 2884 3421 qui
2914 3368 2974 3407 se
3007 3354 3328 3409 dediderunt
3355 3352 3419 3418 ⁸⁸,
3453 3355 3655 3410 inscri-

2066 3439 2173 3506 ptis
2200 3439 2531 3510 singulorum
2560 3441 2886 3506 nominibus,
2914 3443 3125 3497 detulit.
3154 3444 3450 3499 Videbatur
3474 3445 3645 3509 enim,

2066 3529 2211 3611 quod
2237 3530 2283 3560 ⁸⁵
2308 3545 2371 3584 ea
2414 3531 2693 3599 provincia
2734 3539 2848 3586 tum
2886 3542 3034 3587 esset
3058 3533 3103 3565 "‘
3141 3550 3208 3589 ex
3248 3542 3359 3589 toto
3399 3535 3650 3600 subacta,

2066 3630 2123 3676 et
2146 3632 2293 3677 esset
2313 3622 2379 3689 ³⁸⁸,
2396 3623 2513 3678 nisi
2565 3622 2800 3692 perfidae
2830 3627 3008 3694 gentis
3033 3624 3358 3680 instabilitas
3382 3625 3491 3680 cito
3522 3625 3578 3680 id
3599 3626 3648 3658 ’ν

2066 3713 2323 3768 aliorsum
2351 3729 2501 3769 more
2525 3715 2684 3769 solito
2708 3724 3095 3771 commutasset
3114 3718 3180 3769 ⁸⁸.
3211 3715 3386 3770 Allata
3431 3726 3559 3771 sunt
3590 3727 3655 3773 et

2067 3803 2240 3874 signa,
2272 3818 2410 3873 quae
2445 3805 2645 3860 occisis
2680 3807 2733 3860 in
2765 3806 3022 3863 Maiorica
3052 3808 3253 3863 Mauris
3281 3810 3651 3878 praedonibus

2065 3906 2249 3965 erepta
2307 3893 2546 3950 fuerunt.
2603 3897 2669 3950 Et
2712 3897 2859 3952 Azan
2906 3898 3242 3955 Sarracenus
3271 3940 3285 3964 ,
3335 3900 3648 3970 praefectus

2066 3983 2260 4049 Oscae,
2295 3984 2474 4042 claves
2500 3987 2545 4017 "
2572 3987 2720 4043 urbis
2755 4004 2879 4044 cum
2921 3989 3040 4045 aliis
3073 3991 3226 4047 donis
3256 3992 3369 4063 regi
3400 3990 3442 4023 ³⁸
3474 3991 3646 4054 misit.

2066 4076 2386 4145 promittens
2407 4092 2525 4130 eam
2564 4093 2620 4130 se
2652 4078 2959 4134 dediturum
2987 4080 3494 4149 “.siopporlunitas
3520 4095 3649 4135 eve-

2066 4165 2224 4219 niret.
2256 4165 2363 4220 Sed
2385 4175 2440 4219 et
2464 4168 2756 4222 monachus
2781 4169 3000 4238 quidam
3024 4168 3091 4223 de
3114 4168 3467 4224 Hierosolima
3490 4169 3533 4200 “
3556 4184 3650 4221 ve-

2458 4284 2840 4361 VAmANTes
2874 4285 3274 4341 LECTIONES.

2143 4377 2157 4406 ¹
2182 4374 2400 4447 lippiam
2440 4376 2493 4429 4.
2535 4377 2691 4447 lippia
2733 4378 2786 4431 5.
2812 4377 2865 4432 6.
2895 4378 2944 4430 7.
2995 4378 3319 4447 lippenheim
3350 4379 3402 4434 8.

2068 4459 2254 4518 que—
2279 4446 2460 4518 ibique
2487 4449 2625 4518 decc;
2648 4447 2700 4501 2.
2737 4447 2788 4518 7.
2893 4449 2912 4479 ³
2935 4446 3350 4518 padei'brunnon
3372 4448 3425 4501 4.
3453 4449 3652 4518 padra-

2068 4514 2333 4569 brunnam
2372 4516 2425 4570 9.
2527 4516 2549 4547 ’⁵
2599 4516 2638 4569 f.
2679 4533 2724 4571 s.
2771 4516 2824 4571 k.
2875 4514 2950 4572 9.’
3031 4518 3246 4573 l’nulcis
3298 4518 3350 4571 5.
3384 4514 3540 4572 uile-is
3585 4514 3643 4571 6.

2066 4583 2406 4640 ‘nordluidis
2444 4602 2540 4639 ms.
2598 4587 2877 4641 noriilunis
2933 4587 2982 4639 7.
3017 4588 3317 4642 nordluidis
3347 4587 3400 4642 9.
3475 4588 3495 4619 '
3519 4601 3650 4642 ver-

2066 4655 2273 4727 sinuem
2343 4656 2393 4727 i.
2436 4726 2445 4727 ί
2481 4658 2611 4727 “ﬁco
2643 4658 2694 4710 7.
2770 4657 3021 4727 “magna
3070 4658 3127 4727 l.
3166 4657 3221 4711 2.
3298 4658 3339 4689 ¹⁰
3388 4656 3425 4710 i.
3466 4656 3538 4727 d._
3585 4654 3644 4727 7.

2071 4716 2109 4755 ί⁵¹
2136 4726 2328 4778 ηιὶεὴίιί
2348 4724 2411 4778 lis
2433 4726 2482 4779 7.
2509 4726 2562 4779 9.
2641 4727 2682 4758 ¹³
2704 4716 2966 4781 ἀειηίριοῖιι
3002 4726 3161 4781 2--9.
3239 4727 3283 4757 ¹³
3317 4728 3473 4781 triste
3504 4722 3561 4779 5.
3582 4724 3644 4780 4.

2065 4793 2118 4865 5.
2144 4794 2233 4865 9."
2277 4795 2919 4865 “gerbolti—gerholtus
2948 4797 3002 4851 9.
3102 4796 3144 4827 “
3192 4797 3359 4851 berici
3397 4796 3451 4849 4.
3509 4796 3648 4865 her-

2065 4864 2160 4918 rici
2196 4864 2259 4935 κδ.
2318 4865 2544 4919 heinrici
2608 4863 2663 4919 6.
2769 4866 2811 4897 ¹⁶
2840 4867 3076 4935 geloldns
3104 4865 3157 4918 2.
3256 4868 3296 4898 ⁸⁷
3342 4865 3545 4921 occidit
3585 4863 3643 4919 7.

2064 4935 2107 4964 "‘
2195 4934 2439 4988 herricus
2470 4934 2522 4987 5.
2564 4934 2916 4991 lieinricus’ti.
2996 4935 3038 4967 "
3064 4937 3412 4992 tarsathicam
3441 4935 3495 4989 5.
3529 4945 3647 4987 tar-

2061 5005 2288 5057 saticam
2309 5004 2362 5057 4.
2391 5004 2439 5055 7.
2459 5004 2509 5058 9.
2532 5006 2826 5061 thersicam
2847 5004 2900 5061 ὃ.
2980 5006 3023 5037 ²⁰
3043 5021 3094 5060 a.
3125 5006 3159 5058 i.
3185 5008 3322 5061 deest
3346 5006 3398 5060 6.
3474 5004 3516 5037 ²¹
3539 5019 3647 5057 au-

2062 5082 2170 5126 tem
2213 5074 2264 5146 7.
2312 5142 2325 5146 _
2359 5074 2403 5146 ‘_‘
2445 5083 2615 5146 totum
2654 5076 2707 5129 2.
2772 5145 2776 5146 ν
2813 5077 2857 5106 ⁸³
2900 5075 3212 5129 brittaniam
3252 5093 3305 5146 p.
3347 5076 3401 5128 ὃ.
3440 5074 3653 5146 bietto-

2060 5159 2188 5197 num
2210 5143 2264 5196 4.
2299 5142 2626 5215 brittauiam
2650 5146 2704 5199 in
2730 5145 2836 5200 hiis
2870 5146 2960 5215 qui
3002 5160 3061 5200 se
3092 5142 3415 5201 dediderunt
3435 5144 3489 5199 5.
3522 5144 3650 5215 μή-

2060 5221 2247 5266 tonum
2289 5212 2340 5265 6.
2371 5213 2421 5265 7.
2453 5213 2507 5269 9.
2614 5215 2660 5246 ”
2710 5212 2959 5270 dedidere
2985 5216 3039 5269 7.
3132 5215 3180 5247 ³⁸
3223 5216 3362 5270 deest
3388 5215 3441 5269 9.
3518 5213 3649 5268 “et

3501 4377 3519 4408 ¹
3543 4378 3652 4432 ibi-

388 5281 1249 5345 “h'erusolimis5.bierosolimis
1268 5285 1319 5339 7.
1399 5285 1443 5319 “
1462 5286 1960 5342 bierosolimitanns
2056 5281 2251 5337 fuisset
2277 5283 2328 5337 7.
2360 5282 2659 5353 fui-setque
2679 5284 2731 5338 9.
2808 5286 2851 5315 ⁸⁷
2891 5286 3001 5339 cito
3042 5284 3282 5340 animum
3309 5286 3361 5337 7.
3439 5283 3484 5315 ⁸⁸
3505 5298 3651 5353 cou-

425 5394 440 5411 .
466 5355 520 5412 6.
564 5426 578 5428 _
615 5358 660 5410 ε·
686 5374 812 5428 rege
836 5358 900 5428 2.
992 5356 1039 5428 {’7
1060 5355 1153 5428 qui
1205 5355 1408 5428 dicitur
1432 5355 1487 5411 2.

615 5358 660 5410 ἑο
686 5374 812 5431 rege
836 5358 892 5413 2.

1589 5355 1631 5389 ¹⁸
1658 5356 1961 5411 transmisit
2059 5354 2376 5410 vertisse”.
2452 5354 2500 5386 “
2516 5346 2683 5407 clavis
2699 5354 2754 5409 2.
2830 5354 3030 5408 “deest
3048 5354 3103 5409 2.
3181 5354 3224 5386 ⁸⁸
3242 5355 3565 5409 traditurum
3580 5346 3640 5406 9.

391 5423 527 5481 deest
553 5426 607 5483 2.
694 5421 849 5485 “Vest
892 5427 946 5486 in
990 5421 1095 5484 die'
1120 5426 1357 5483 natalem
1380 5424 1436 5482 2.
1511 5421 1556 5458 '°
1582 5425 1701 5481 dies
1731 5426 1873 5480 deest
1900 5425 1955 5482 5.
2059 5422 2107 5455 “
2134 5423 2492 5493 bierosolyma
2521 5423 2572 5477 7.
2629 5423 3007 5494 hieresolymis
3034 5424 3087 5478 9.

352 5533 364 5544 ’
1772 5536 1781 5543 κ
1890 5536 2125 5597 ΝΟΤΛΕ.

435 5614 485 5667 ·”ι
514 5624 713 5693 Terent,
739 5636 837 5697 pro
865 5626 1048 5683 Fiume
1076 5628 1302 5700 (Fumea
1337 5626 1394 5683 5.
1427 5626 1572 5699 Viti.)

2128 5630 2153 5669 δ
2180 5628 2262 5685 Cf.
2303 5629 2593 5700 Eginhardi
2621 5626 2800 5684 Vitam
2829 5627 3026 5693 Caroli,
3056 5645 3171 5702 cap.
3202 5630 3285 5685 i3.
