3986 6174
379 259 486 316 437

901 392 1137 432 ΑΝκΑιεε
1173 393 1480 436 ΕΟΙΝΠᾹΒΩΙ.

380 464 561 528 niens,
590 463 1028 522 benedictionem
1070 476 1128 522 et
1155 469 1414 539 reliquias
1457 473 1524 528 de
1571 475 1690 530 loco
1737 492 1982 532 resurre-

381 555 586 608 ctionis
634 555 966 623 dominicae,
1017 573 1159 628 quae
1206 561 1520 629 patriarcha
1571 566 1684 636 regi
1734 567 1972 631 miserat,

382 643 592 698 detulit.
623 645 692 698 Et
717 647 733 676 ¹
771 662 866 701 rex
903 649 1141 704 natalem
1189 651 1407 708 Domini
1452 655 1506 709 in
1535 658 1727 712 eodem
1773 659 1976 729 palatio

384 737 634 792 residens
660 738 686 767 ¹’
725 739 1042 806 celebravit,
1081 758 1146 798 ac
1187 746 1512 802 monachum
1561 752 1760 806 reverti
1788 753 1979 807 veleri--

380 835 494 881 tem
546 829 857 896 absolvens,
902 833 1226 890 Zachariam
1273 840 1562 907 quendam,
1611 844 1975 912 presbiterqu

378 922 451 974 de
476 922 678 990 palatio
709 939 830 988 suo,
861 940 984 979 cum
1013 928 1204 982 eodem
1232 929 1313 985 ire
1344 931 1521 998 iussit,
1551 935 1639 988 cui
1667 946 1722 990 et
1751 938 1972 992 donaria

378 1028 480 1066 sua
509 1013 579 1067 ad
613 1013 704 1067 illa
734 1017 1044 1070 veneranda
1073 1017 1190 1072 loca
1218 1020 1509 1076 deferenda
1544 1025 1838 1080 commisit.

1079 1107 1271 1165 DCCC.

453 1196 736 1252 Redeunte
777 1213 948 1252 verna
981 1199 1001 1231 ³
1052 1201 1331 1270 temperie,
1387 1205 1567 1261 medio
1615 1205 1731 1263 fere
1777 1209 1974 1270 Martio

378 1302 478 1340 rex
504 1285 831 1357 Aquisgrani
861 1286 880 1317 ⁸
932 1287 1227 1356 digressus,
1259 1290 1389 1347 litus
1417 1295 1604 1349 oceani
1633 1295 1825 1354 Gallici
1850 1318 1973 1370 per-

375 1376 651 1439 lustravit,
679 1385 735 1429 et
763 1376 819 1428 in
849 1377 964 1445 ipso
994 1377 1153 1443 mari,
1187 1380 1332 1448 quod
1367 1389 1497 1436 tunc
1520 1386 1728 1452 peratis
1753 1386 1774 1418 ⁸
1799 1387 1970 1443 Nord-

375 1467 649 1520 mannicis
678 1466 932 1521 infestum
963 1477 1082 1522 erat
1109 1468 1150 1534 ⁸,
1196 1469 1424 1526 classem
1468 1473 1726 1542 instituit,
1762 1481 1970 1548 praesi-

375 1557 469 1609 dia
499 1556 786 1625 disposuit,
819 1557 1020 1627 pascha
1045 1558 1067 1588 "
1119 1558 1173 1612 in
1212 1558 1439 1615 Centulo
1472 1562 1494 1593 ⁸
1546 1566 1687 1633 apud
1720 1577 1966 1622 sanctum

376 1644 694 1699 Richarium
736 1645 1048 1700 celebravit.
1103 1647 1230 1702 Inde
1279 1649 1474 1704 iterum
1501 1667 1600 1721 per
1633 1653 1763 1710 litus
1797 1657 1967 1712 maris

1487 269 1630 328 CUM
1668 271 2254 338 LAURISSENSI'BUS
2288 281 2595 342 COLLATI.

1996 390 2048 450 A

3538 306 3643 362 4353

2519 415 2752 458 Ακκλιεε
2788 420 3185 465 ιΑυῐιιεεεΝεεε.

2764 1110 2956 1167 DCCC.

2144 1184 2260 1242 Rex
2316 1189 2619 1248 absolutum
2667 1195 3204 1260 Hierusolimitanum
3255 1209 3268 1239 ¹
3321 1214 3645 1272 monachum

2072 1280 2273 1334 reverti
2302 1281 2449 1349 fecit,
2498 1287 2721 1346 mittens
2768 1308 2891 1347 cum
2926 1311 2992 1350 eo
3021 1298 3340 1357 Zachariam
3366 1306 3387 1336 ²
3434 1312 3646 1379 presbi-

2071 1379 2246 1426 terum
2277 1373 2342 1428 de
2365 1376 2566 1445 palatio
2605 1395 2724 1448 suo,
2752 1386 2844 1452 qui
2875 1387 3098 1444 donaria
3124 1392 3240 1448 eius
3266 1410 3365 1464 per
3392 1373 3480 1454 illa
3522 1417 3645 1457 san-

2069 1470 2158 1517 cta
2194 1463 2309 1519 loca
2340 1468 2597 1524 deferret.
2635 1472 2752 1542 lpse
2786 1477 2965 1532 medio
3007 1497 3194 1538 mense
3235 1463 3427 1545 Martio
3448 1490 3647 1562 Aquis-

2067 1556 2221 1624 grani
2253 1558 2452 1628 palatio
2489 1559 2820 1633 digrediens,
2859 1567 2987 1626 litus
3025 1576 3214 1630 oceani
3241 1577 3432 1636 Gallici
3457 1556 3643 1652 perlu-

2067 1647 2278 1712 stravit,
2325 1650 2379 1704 in
2422 1651 2538 1722 ipso
2579 1655 2751 1723 mari,
2797 1660 2940 1728 quod
2980 1671 3105 1718 tunc
3145 1669 3348 1737 pyratis
3389 1647 3642 1730 infestum

375 1737 486 1790 iter
511 1736 531 1766 ’
586 1751 772 1806 agens,
817 1736 1178 1807 Ratumagum
1237 1740 1515 1796 civitatem
1550 1745 1731 1812 venit,
1783 1747 1963 1816 ibique
1993 1741 2039 1799 Β
2066 1748 2206 1833 erat,
2249 1741 2475 1796 classem
2523 1744 2776 1812 instituit,
2817 1753 3088 1818 praesidia
3131 1757 3412 1833 disposuit,
3446 1766 3646 1833 pascha

375 1825 628 1895 Sequana
680 1841 840 1880 amne
876 1829 1218 1895 transmisso,
1248 1829 1497 1887 Turonos
1528 1834 1571 1865 ¹⁰
1603 1835 1670 1890 ad
1717 1848 1965 1892 sanctum

373 1917 671 1970 hiartinum
713 1917 978 1971 orationis
1022 1934 1183 1973 causa
1222 1920 1496 1989 profectus
1522 1932 1626 1991 est,
1654 1934 1894 1982 moratus
1923 1928 1964 1959 “

370 2007 451 2060 ibi
480 2007 594 2060 dies
623 2006 830 2074 aliquot
857 2016 1078 2077 propter
1107 2009 1392 2065 adversam
1419 2011 1806 2084 Liutgardae“
1837 2033 1965 2074 con-

370 2099 518 2168 iugis
548 2097 897 2152 valitudinem
921 2099 986 2165 ¹³,
1015 2116 1153 2170 quae
1180 2102 1380 2157 ibidem
1415 2112 1472 2158 et
1497 2104 1750 2162 defuncta
1779 2117 1835 2164 et
1860 2109 1962 2164 hu-

368 2197 523 2242 mata
554 2196 640 2243 est
664 2206 676 2240 :
705 2188 841 2244 obiit
867 2197 1050 2244 autem
1079 2191 1223 2245 diem
1249 2191 1291 2223 “
1315 2193 1369 2246 2.
1398 2193 1537 2249 Non.
1570 2195 1686 2250 lun.
1717 2198 1842 2252 Inde
1868 2213 1966 2268 per

370 2281 700 2335 Aurelianos
734 2296 799 2336 ac
827 2281 1068 2337 Parisios
1103 2282 1449 2355 Aquasgrani
1480 2287 1525 2319 ³⁸
1573 2303 1828 2346 reversus
1856 2300 1959 2358 est,

370 2381 436 2427 et
483 2387 670 2426 mense
721 2372 964 2444 Augusto
1012 2374 1052 2405 ¹⁶
1092 2374 1381 2433 inchoante
1429 2379 1823 2450 Mogontiacum
1872 2399 1964 2439 ve-

367 2463 552 2528 niens,
575 2464 878 2534 generalem
899 2475 1222 2522 conventum
1248 2469 1445 2525 ibidem
1464 2472 1671 2540 habuit,
1699 2481 1753 2528 et
1779 2476 1883 2530 iter
1909 2477 1963 2532 in

365 2553 585 2611 Italiam
619 2556 864 2611 condixit
885 2557 925 2588 "'
953 2575 964 2610 :
991 2566 1152 2628 atque
1182 2560 1306 2615 inde
1332 2561 1628 2631 profectus,
1657 2580 1778 2619 cum
1808 2581 1963 2622 exer-

367 2647 487 2701 citu
529 2646 843 2700 Ravennam
886 2649 1052 2713 venit,
1106 2648 1288 2720 ibique
1335 2662 1544 2722 septem
1591 2671 1699 2710 non
1728 2658 1961 2727 amplius

368 2737 496 2790 dies
537 2745 816 2803 moratus,
859 2737 1147 2808 Pippinum
1196 2740 1365 2796 tilium
1418 2759 1575 2799 suum
1613 2761 1736 2800 cum
1771 2749 1958 2804 eodem

367 2829 617 2882 exercitu
651 2829 706 2882 in
740 2839 940 2884 terram
967 2830 1470 2889 Beneventanorum
1502 2836 1580 2890 ire
1619 2837 1804 2906 iussit;
1838 2856 1958 2897 mo-

370 2934 616 2988 vensque
646 2919 710 2973 de
749 2913 1011 2974 Ravenna
1054 2922 1218 2977 simul
1249 2924 1292 2954 ¹⁸
1323 2940 1446 2979 cum
1501 2926 1633 2994 ﬁlio,
1679 2928 1959 2986 Anconam

368 3026 549 3081 usque
575 3013 858 3082 pervenit;
896 3029 1004 3084 quo
1039 3015 1114 3072 ibi
1148 3017 1634 3084 dimisso,Romam
1661 3025 1960 3094 proﬁcisci-

370 3111 484 3156 tur.
510 3101 607 3156 Cui
639 3118 762 3157 cum
789 3103 830 3134 ¹⁹
853 3105 1026 3175 pridie
1051 3122 1214 3177 quam
1246 3109 1338 3165 illo
1365 3111 1410 3142 ²⁰
1435 3113 1660 3180 veniret,
1688 3115 1800 3173 Leo
1821 3133 1958 3190 papa

365 3195 514 3261 apud
551 3191 877 3249 Nomentum
919 3197 961 3226 ²¹
992 3210 1018 3237 ι
1049 3200 1380 3256 occurrisset
1405 3203 1470 3268 “,
1513 3212 1568 3260 et
1608 3221 1959 3281 cummagna

364 3301 496 3340 cum
529 3287 574 3317 ’³
599 3289 948 3343 veneratione
985 3289 1184 3345 ibidem
1227 3295 1552 3364 suscepisset
1574 3298 1640 3364 “,
1671 3309 1794 3370 post
1831 3318 1956 3359 coe-

367 3392 521 3441 nam,
552 3393 657 3447 qua
688 3379 850 3433 simul
883 3379 1072 3435 refecti
1101 3390 1247 3448 sunt,
1279 3383 1372 3438 illo
1409 3385 1481 3441 ibi
1520 3401 1796 3460 manente,
1822 3410 1958 3465 pon-

365 3469 504 3524 tifex
536 3471 602 3524 ad
638 3472 827 3525 urbem
873 3474 1172 3541 praecessit
1198 3475 1264 3541 ’⁸,
1295 3483 1351 3530 et
1397 3478 1451 3532 in
1481 3482 1779 3538 crastinum
1824 3486 1869 3516 ’⁸
1901 3487 1953 3541 in

363 3564 630 3634 gradibus
657 3565 917 3619 basilicae
949 3566 1093 3620 beati
1125 3566 1272 3622 Petri
1313 3573 1542 3640 apostoli
1583 3590 1707 3630 cum
1750 3577 1957 3647 episco-

361 3656 456 3727 pis
497 3665 553 3711 et
597 3657 852 3711 universo
895 3658 1043 3714 clero
1088 3662 1434 3728 consistens,
1483 3666 1856 3726 advenientem
1907 3674 1951 3705 ’⁷

362 3747 395 3787 δ
416 3761 663 3816 equoque
678 3747 1092 3804 descendentem
1110 3749 1222 3805 Deo
1235 3751 1422 3810 laudes
1438 3754 1665 3814 dicendo
1682 3767 1736 3814 et
1750 3762 1953 3830 gratias

357 3836 579 3904 agendo
601 3838 862 3908 suscepit,
886 3849 940 3893 et
969 3841 1180 3895 cunctis
1204 3841 1558 3912 psallentibus
1585 3847 1640 3901 in
1665 3851 1952 3908 ecclesiam

356 3926 609 3980 eiusdem
633 3927 993 3983 beatissimi“
1011 3931 1240 3999 apostoli
1262 3933 1430 3988 Deum
1458 3936 1765 4007 gloriﬁcans
1791 3952 1952 4013 atque

357 4017 728 4086 magniﬁcans
753 4018 1073 4074 introduxit.
1101 4021 1269 4077 Facta
1295 4033 1419 4078 sunt
1446 4025 1582 4081 haec
1613 4028 1666 4083 8.
1697 4030 1814 4086 Kal.
1843 4031 1949 4088 De—

359 4106 546 4162 cenib.
593 4106 726 4163 Post
773 4117 979 4177 septem
1006 4124 1136 4165 vero
1162 4113 1278 4168 dies
1326 4129 1422 4169 rex
1451 4118 1710 4173 concione
1734 4130 1946 4188 vocata,

751 4222 1142 4280 VARLANTES
1178 4227 1584 4286 LECTIONES.

445 4309 643 4384 '_Deest
673 4328 711 4366 ι.
757 4382 765 4384 Α
801 4315 820 4344 ²
842 4314 896 4366 in
922 4329 972 4368 e.
998 4330 1052 4384 p.
1079 4332 1123 4369 r.
1157 4333 1211 4371 n.
1236 4320 1288 4374 d.
1333 4320 1385 4373 4.
1434 4321 1486 4375 5.
1532 4322 1583 4376 6.
1663 4325 1682 4356 ³
1705 4329 1848 4384 veris
1888 4330 1943 4384 4.

354 4377 423 4432 5.
466 4379 544 4462 6..
599 4382 970 4462 ‘_aquisg_rano
1125 4387 1146 4418 ⁸
1163 4393 1400 4456 peractis
1436 4391 1497 4462 2.
1543 4377 1846 4462 piratis]:

355 4451 579 4529 pyratis
616 4451 666 4505 5.
708 4453 759 4529 6Σ
806 4451 859 4507 7.
885 4524 905 4529 _
935 4455 1070 4512 “ubi
1117 4451 1247 4514 tunc
1288 4451 1570 4529 piraticam
1625 4451 1944 4526 nordmanni

353 4523 697 4598 exercebant
731 4523 816 4598 9._
885 4524 905 4555 ⁷
945 4536 1196 4598 sanctum
1223 4523 1421 4598 pascha
1447 4532 1498 4586 9.
1624 4535 1646 4566 ⁸
1669 4537 1724 4590 in
1754 4523 1945 4594 centu:

354 4590 420 4644 ιο
447 4591 586 4645 deest
612 4593 665 4646 9.
742 4593 761 4624 °
783 4592 921 4648 deest
944 4594 996 4648 5.
1023 4597 1075 4652 9.
1155 4598 1196 4629 ¹⁰
1223 4590 1431 4656 turonis
1472 4603 1524 4657 5.
1555 4604 1608 4658 6.
1689 4608 1729 4638 ¹¹
1762 4590 1945 4663 inora-

354 4670 681 4750 t‘usquerest
712 4663 784 4750 ibi
888 4734 920 4750 ﬂ
954 4665 995 4696 “
1021 4667 1325 4750 luitgardae
1345 4671 1397 4750 2_.
1674 4676 1942 4750 f'ﬂvaletu-

352 4729 548 4814 ginem
575 4732 629 4814 2“.
650 4733 784 4814 5.4.
813 4733 862 4786 7.
887 4734 940 4788 9.
1005 4737 1065 4814 ff
1090 4729 1176 4794 die
1195 4739 1258 4794 ll.
1284 4741 1338 4814 ξς.
1361 4742 1414 4794 4.
1440 4742 1492 4795 5.
1519 4743 1570 4814 θ.
1604 4729 1939 4814 ρι-ίάίέὴῗξ).

356 4800 412 4829 ³³
456 4803 750 4880 aurelianis
775 4818 858 4884 _ac
902 4806 1134 4884 p‘arisius
1177 4812 1490 4884 aquisgrani
1530 4800 1939 4884 2.‘parrhisios

354 4870 747 4947 aquisg‘ranum
775 4874 826 4947 7_.
898 4870 949 4947 ξε
979 4879 1191 4947 augusti
1218 4870 1271 4933 2.
1308 4870 1566 4938 "Vindixit
1596 4870 1660 4938 9:
1729 4870 1941 4944 Makki}

350 4939 418 5014 ς).
526 4939 568 4971 (θ
613 4943 754 4996 deest
797 4945 850 4999 δ.
892 4943 944 4997 9.
1049 4939 1093 4979 ῖο
1141 4950 1266 5004 illuc
1304 4952 1355 5004 7.
1455 4953 1496 4982 ’ί
1533 4939 1942 5014 numemuih'ol

353 5009 414 5096 ξς
483 5014 754 5096 occurrit_
770 5015 848 5096 Si.“
875 5014 928 5068 9.
948 5017 1048 5096 __”
1075 5018 1214 5073 deest
1251 5023 1304 5075 5.
1346 5021 1431 5096 9.__
1470 5022 1520 5096 ’ξ
1542 5009 1786 5096 suscepit
1797 5009 1855 5082 Β.
1887 5009 1938 5084 ᾗ.

355 5077 702 5159 "-processit
724 5085 792 5159 5?
817 5085 869 5138 9.
926 5085 993 5159 βξ
1019 5097 1342 5159 posteroque
1380 5091 1465 5144 die
1497 5093 1549 5146 9.
1622 5077 1854 5152 θῖιῖᾱὶ

351 5149 488 5201 adv.
537 5167 716 5220 regem
763 5155 818 5208 9.
897 5157 941 5188 ’⁸
966 5149 1036 5210 ὺῖ
1061 5161 1198 5228 petri
1238 5149 1286 5213 εἰ.
1327 5162 1380 5213 2.

2069 1828 2122 1881 in
2153 1827 2377 1886 Centulo
2404 1834 2543 1902 apud
2592 1845 2837 1893 sanctum
2866 1840 3180 1901 Richarium
3210 1827 3523 1909 celebravit.
3555 1856 3646 1913 ln-

2067 1918 2240 1989 deque
2282 1921 2478 1978 iterum
2515 1941 2612 1995 per
2645 1928 2773 1984 litus
2805 1935 2996 2010 oceani
3021 1937 3378 2013 Ratumagum
3402 1946 3424 1978 ³
3457 1948 3645 2006 civita-

2068 2020 2174 2066 tem
2199 2013 2473 2082 profectus
2500 2028 2605 2084 est,
2633 2020 2819 2091 ibique
2841 2023 3089 2095 Sequana
3121 2046 3279 2088 amne
3302 2040 3640 2108 transmisso,

2067 2103 2300 2160 Turonis
2329 2108 2395 2162 ad
2430 2121 2677 2165 sanctum
2705 2112 2994 2172 Martinum
3036 2122 3299 2179 orationis
3328 2141 3489 2185 causa
3518 2147 3646 2202 per-

2065 2194 2279 2262 venit‘,
2311 2207 2555 2254 moratus
2595 2200 2668 2256 ibi
2713 2203 2827 2259 dies
2871 2206 3075 2278 aliquot
3113 2224 3335 2284 propter
3361 2194 3641 2278 adversam

2067 2281 2298 2337 domnae
2329 2282 2352 2315 "
2399 2285 2725 2358 Liutgardae
2772 2294 3018 2365 coniugis
3067 2281 3454 2376 valitudinem,
3502 2327 3646 2381 quae

2065 2371 2265 2428 ibidem
2292 2381 2347 2428 et
2369 2375 2619 2433 defuncta
2648 2389 2703 2435 et
2722 2382 2944 2440 humata
2973 2396 3074 2442 est.
3099 2389 3241 2448 Obiit
3265 2371 3450 2454 autem
3477 2371 3564 2459 die
3586 2405 3641 2461 2.

2065 2461 2201 2517 Non.
2220 2463 2336 2518 Iun.
2365 2465 2493 2521 Inde
2518 2469 2942 2536 perAurelianos
2968 2492 3032 2533 ac
3052 2479 3325 2540 Parisios“
3365 2505 3644 2561 regressus

2063 2552 2404 2626 Aquasgrani
2436 2573 2687 2617 reversus
2716 2573 2816 2619 est.
2845 2566 2911 2620 Et
2933 2570 3110 2638 pridie
3131 2573 3268 2631 Non.
3298 2578 3395 2634 Iul.
3427 2552 3645 2642 insolito

2063 2662 2216 2702 more
2259 2663 2451 2719 aspera
2495 2653 2689 2720 pruina
2734 2665 2875 2724 erat,
2914 2667 2969 2714 et
3009 2662 3062 2715 7.
3111 2664 3188 2720 ld.
3235 2667 3331 2724 Iul.
3369 2671 3642 2743 similiter,

2063 2753 2203 2808 quae
2239 2747 2420 2796 tamen
2461 2745 2593 2799 nihil
2640 2745 3092 2810 incommoditatis
3131 2756 3396 2820 fructibus
3424 2767 3639 2826 adtulit.

2063 2830 2132 2885 Et
2177 2847 2363 2888 mense
2417 2835 2662 2908 Augusto
2714 2839 3006 2900 inchoante
3048 2845 3442 2918 Mogontiacum
3479 2857 3500 2889 °
3545 2876 3643 2916 ve-

2063 2923 2237 2991 niens,
2269 2927 2373 2981 iter
2412 2927 2467 2982 in
2506 2930 2714 2986 Italiam
2750 2934 3055 3004 condixit",
3091 2940 3266 3010 adque
3308 2944 3433 3003 inde
3458 2951 3639 3020 profe-

2065 3023 2204 3083 ctus,
2248 3032 2373 3073 cum
2408 3021 2648 3076 exercitu
2693 3022 3006 3080 Ravennam
3035 3029 3202 3085 venit.
3235 3032 3313 3088 Ibi
3339 3035 3361 3068 ⁸
3389 3040 3638 3097 ordinata

1985 3082 2033 3146 δ
2065 3108 2118 3163 in
2145 3108 2552 3166 Beneventanos
2596 3114 2965 3184 expeditione,
3008 3129 3132 3188 post
3179 3133 3385 3195 septem
3429 3131 3640 3189 dierum

2060 3200 2304 3256 inducias
2330 3200 2559 3257 Romam
2601 3204 2707 3260 iter
2744 3209 3033 3276 convertit,
3079 3219 3134 3267 et
3177 3217 3477 3274 exercitum
3516 3237 3639 3278 cum

2058 3289 2286 3361 Pippino
2319 3291 2428 3348 tilio
2459 3307 2556 3347 suo
2587 3293 2644 3348 in
2665 3294 2686 3325 ⁹
2731 3293 3234 3359 Beneventanorum
3280 3315 3456 3365 terras
3485 3328 3642 3382 prae-

2058 3382 2241 3438 datum
2277 3383 2357 3438 ire
2381 3384 2558 3439 iussit.
2590 3384 2819 3442 Romam
2846 3404 2976 3446 vero
3009 3408 3132 3448 cum
3158 3397 3412 3465 venisset,
3445 3415 3641 3462 occur-

2059 3475 2132 3528 rit
2158 3477 2206 3530 ei
2231 3476 2400 3546 pridie
2430 3477 2539 3532 Lco
2568 3494 2704 3550 papa
2735 3489 2791 3536 et
2815 3481 3043 3540 Romani
3089 3504 3215 3544 cum
3243 3506 3308 3547 eo
3341 3496 3484 3564 apud
3527 3496 3639 3554 No—

2057 3575 2338 3634 mentum,
2387 3569 2706 3629 duodccimo
2747 3573 2817 3629 ab
2863 3577 2997 3633 urbe
3055 3579 3267 3652 lapide,
3310 3593 3366 3639 et
3421 3603 3632 3648 summa

2054 3673 2177 3712 eum
2212 3659 2516 3717 humilitate
2548 3678 2867 3736 summoque
2905 3669 3114 3725 honore
3162 3676 3421 3746 suscepit,
3462 3695 3630 3748 pran-

2055 3751 2294 3820 dcnsque
2320 3752 2360 3783 '°
2388 3767 2510 3807 cum
2541 3769 2606 3810 eo
2633 3756 2687 3809 in
2716 3756 2834 3812 loco
2856 3761 3147 3827 praedicto,
3177 3766 3360 3820 statim
3391 3783 3514 3824 eum
3563 3774 3631 3829 ad

2053 3841 2248 3894 urbem
2268 3843 2582 3909 praecessit.
2611 3844 2680 3898 Et
2707 3845 2761 3898 in
2797 3849 3091 3903 crastinum
3120 3851 3172 3905 in
3203 3855 3457 3924 gradibus
3490 3861 3634 3916 basio

2053 3929 2190 3984 licae
2230 3930 2270 3962 “
2306 3931 2451 3985 beati
2494 3931 2637 3988 Petri
2688 3936 2915 4004 apostoli
2963 3946 3147 4008 stans,
3194 3944 3374 4002 missis
3418 3951 3631 4007 obviam

2054 4019 2330 4073 Romanae
2374 4020 2526 4075 urbis
2563 4023 2796 4090 vexillis,
2827 4026 3092 4084 ordinatis
3125 4032 3288 4087 etiam
3325 4044 3486 4106 atque
3522 4040 3632 4096 dis-

2051 4110 2243 4180 positis
2277 4125 2378 4180 per
2429 4127 2667 4184 congrua
2714 4114 2830 4170 loca
2872 4123 2979 4172 tam
3015 4123 3426 4193 peregrinorum
3463 4144 3625 4200 quam

2050 4201 2248 4257 civium
2291 4205 2486 4258 turmis
2538 4205 2628 4274 qui
2675 4206 2911 4262 venienti
2959 4208 3146 4267 laudes
3183 4214 3465 4284 dicerent,
3514 4221 3630 4292 ipse

2050 4307 2174 4346 cum
2206 4290 2352 4346 clero
2382 4299 2438 4348 et
2474 4293 2742 4364 episcopis
2780 4311 2922 4367 equo
2953 4299 3369 4362 descendentem
3399 4290 3627 4382 gradus-

2052 4402 2156 4456 que
2198 4387 2576 4443 ascendentem
2618 4391 2883 4460 suscepit,
2921 4394 3155 4465 dataque
3191 4399 3233 4430 ι’
3261 4403 3538 4472 oratione,
3572 4407 3626 4462 in

2050 4477 2332 4533 basilicam
2379 4479 2522 4532 beati
2564 4478 2707 4534 Petri
2756 4485 2982 4552 apostoli
3027 4488 3380 4554 psallentibus
3421 4497 3629 4551 cunctis

2119 4569 2134 4585 '
2160 4565 2259 4648 [ibi
2282 4567 2540 4648 _omnium
2583 4567 3100 4648 Brittonum_duces
3150 4587 3207 4632 et
3243 4583 3470 4638 comites
3500 4601 3624 4642 cum

2047 4637 2203 4691 donis
2229 4637 2297 4692 ad
2321 4652 2444 4692 eum
2468 4648 2750 4693 venerunt.
2785 4640 2912 4714 9b.}

2444 4726 2832 4784 VARIANTES
2869 4731 3267 4793 LECTIONES.

2118 4818 2676 4915 'liierogolimitanum
2700 4821 2870 4915 6.01:)
2943 4825 3285 4915 :zacliaria’rn
3310 4831 3368 4915 5:
3432 4832 3453 4863 ³
3477 4841 3625 4915 Ῑζομι-

2046 4906 2260 4959 magam
2293 4889 2346 4944 5.
2378 4889 2787 4961 ,ratumagnum'
2811 4889 2864 4946 6.
2943 4893 2964 4926 ⁵
2997 4896 3190 4952 domna
3217 4899 3270 4952 2.
3347 4901 3368 4932 ⁵
3396 4903 3626 4971 perisios

2043 4963 2096 5015 2.
2142 5031 2148 5032 γ
2174 4960 2559 5032 “_mogontiam
2585 4960 2638 5014 6.
2669 4963 3083 5032 mogunciacum
3109 4967 3159 5022 7.
3234 4971 3253 5002 ⁷
3283 4973 3540 5027 conduxit
3567 4974 3621 5027 5.

2041 5033 2094 5111 7_.
2137 5029 2285 5111 italia
2398 5097 2410 5108 .
2445 5029 2672 5111 “‘ibig‘ue
2697 5032 2746 5111 7_.
2765 5029 2784 5032 ’
2843 5034 2992 5111 f‘ﬁlio
3020 5037 3075 5089 in
3096 5038 3148 5111 5_.
3173 5037 3223 5091 6.
3248 5040 3300 5094 7.
3399 5042 3441 5073 ὀ
3462 5057 3626 5111 pran—

2043 5100 2242 5223 dens
2322 5099 2362 5128 “
2397 5097 2452 5151 in
2473 5097 2694 5157 basi—lica
2714 5101 2790 5182 7._
2847 5105 2888 5136 ¹²
2930 5107 3309 5164 ascendentem
3339 5111 3440 5168 sub
3464 5097 3623 5168 data--

2044 5187 2148 5223 nuc
2223 5209 2234 5223 .

2044 5187 2148 5240 quc
2180 5187 2234 5223 2.

1871 5259 2101 5320 ΝΟΤᾸΕ.

436 5339 460 5366 ε
495 5328 771 5385 Nomento.

434 5397 463 5436 ι»
492 5397 664 5482 Medio
713 5417 828 5480 tevo
876 5404 1227 5487 imperatores
1273 5409 1338 5487 a_d
1370 5423 1616 5487 veterum
1655 5418 1939 5487 magistra-

353 5476 516 5547 tuum
548 5470 919 5550 imitationem
947 5470 1040 5529 Via
1062 5477 1402 5550 ATriumpltali
1437 5497 1534 5550 per
1561 5470 1802 5541 montem
1834 5470 1942 5544 hla-

353 5537 506 5590 rium
543 5539 616 5608 (in
647 5557 755 5626 quo
789 5546 1023 5626 primum
1062 5537 1335 5626 laetissimo
1362 5537 1512 5626 urbis
1549 5537 1942 5626 sibiﬂsubj'eeae

352 5619 583 5691 aspectu
611 5613 931 5686 gauderent)
960 5628 1173 5691 portam
1209 5619 1520 5691 Angelicam
1554 5624 1761 5679 intrare
1781 5613 1937 5683 'soliti

353 5687 523 5741 sunt;
574 5697 698 5735 nam
745 5699 876 5746 nou,
927 5687 1122 5754 quibus
1169 5704 1266 5745 nos
1301 5687 1532 5758 utimur,
1563 5695 1650 5750 via
1691 5704 1746 5750 et
1786 5708 1937 5769 porta

683 5773 954 5838 Ρηιιοι..
1003 5778 1160 5842 CIV.

2053 5352 2312 5423 Flaminia
2363 5360 2418 5407 et
2459 5364 2620 5423 ponte
2650 5343 2831 5410 Milvio
2853 5356 3076 5412 Romam
3123 5360 3410 5423 petierunt.
3467 5363 3624 5423 Anno

2053 5431 2233 5495 tamen
2261 5421 2475 5495 Christi
2507 5426 2612 5480 800
2637 5429 2808 5480 sancti
2835 5425 2978 5481 Petri
3010 5421 3228 5485 basilica
3272 5434 3446 5491 adhuc
3470 5421 3624 5495 extra

2055 5493 2253 5577 Urbem
2293 5493 2402 5577 (sita
2433 5506 2605 5577 ‘erat;
2658 5506 2976 5577 accuratam
3020 5497 3134 5577 ejus
3183 5493 3622 5577 descriptionem,

2049 5563 2264 5642 qualern
2289 5563 2516 5642 Carebis
2542 5575 2670 5642 tunc
2719 5569 3007 5642 invenerﬂ,
3036 5563 3088 5624 in
3118 5587 3278 5642 opere
3298 5563 3408 5642 jain
3443 5563 3625 5642 prodi-'-

2051 5632 2281 5718 turo‘W.
2306 5633 2403 5688 Cll.
2429 5633 2605 5689 Caroli
2628 5637 2840 5692 Bunsen
2871 5647 2925 5691 et
2946 5632 3167 5696 Ernesti
3182 5632 3421 5703 Plattncr
3445 5632 3622 5718 legere

2042 5700 2268 5770 juvabit.

3108 5803 3135 5820 υ

3073 5807 3137 5866 15
