3986 6174
318 236 431 292 με.

786 358 1019 398 Ακκληε
1053 354 1432 396 LAURISSENSES

324 435 644 493 introduxit.
699 433 864 488 Facta
911 440 1037 487 sunt
1082 431 1218 485 haec
1250 431 1264 460 ¹
1320 428 1422 483 sub
1453 428 1539 483 die
1569 429 1622 484 8.
1653 428 1769 482 Kal.
1802 428 1909 483 De-

324 528 574 584 cembris.
601 526 729 580 Post
752 532 960 593 septem
984 536 1114 577 vero
1136 522 1251 576 dies
1278 535 1397 587 rex,
1425 521 1677 576 contione
1694 530 1907 585 vocata,

324 634 423 676 cur
448 620 467 650 ⁸
513 618 738 671 Romam
764 614 1003 669 venisset
1041 612 1296 669 omnibus
1334 611 1613 682 patefecit,
1640 618 1694 666 et
1717 611 1911 667 exinde

321 709 521 767 cotidie
544 708 599 761 in
622 706 643 738 ³
685 721 747 762 ea
770 719 909 775 quae
930 701 1195 758 venerat‘
1229 700 1478 756 facienda
1507 714 1723 769 operam
1742 700 1907 755 dedit.

319 801 471 859 Inter
506 814 647 870 quae
698 796 783 852 vel
833 796 1148 859 maximum,
1200 793 1287 849 vel
1339 792 1710 847 difﬁcillimum
1739 793 1760 824 ⁸
1794 800 1913 846 erat

320 894 465 967 quod
486 893 722 962 primum
753 888 1064 944 inchoatum
1092 896 1197 953 est,
1231 886 1297 943 de
1328 886 1685 941 discutiendis
1706 884 1727 916 ⁸
1770 901 1911 956 quae

317 982 560 1051 pontiﬁci
591 982 803 1036 obiecta
832 987 954 1035 sunt
985 978 1324 1033 criminibus.
1379 976 1481 1043 Qui
1530 984 1730 1041 tamen,
1764 983 1913 1046 post-

318 1091 482 1147 quam
518 1074 696 1130 nullus
729 1073 987 1144 probator
1016 1071 1305 1144 criminum
1341 1082 1462 1125 esse
1492 1067 1694 1134 voluit,
1726 1083 1909 1124 coram

318 1165 466 1221 omni
506 1163 706 1237 populo
742 1164 797 1217 in
838 1161 1063 1218 basilica
1098 1160 1244 1216 beati
1275 1158 1423 1213 Petri
1466 1158 1695 1229 apostoli
1732 1175 1913 1214 ewan-

317 1257 516 1326 gelium
541 1263 767 1326 portans
791 1255 1076 1310 ambonem
1125 1253 1482 1309 conscendit"
1504 1252 1913 1323 ;'invocatoque

288 1360 540 1407 ‘s'mctae
568 1348 855 1403 Trinitatis
896 1347 1134 1410 nomine,
1191 1343 1543 1401 iureiurando
1591 1346 1660 1400 ab
1684 1345 1913 1400 obiectis

318 1458 378 1498 se
414 1440 735 1497 criminibus
757 1437 1026 1509 purgavit.
1058 1436 1259 1491 Eadem
1290 1436 1378 1491 die
1401 1435 1696 1490 Zacharias
1720 1435 1741 1466 ⁸
1788 1450 1911 1489 cum

318 1534 529 1587 duobus
570 1529 886 1593 monachis,
925 1544 1035 1583 uno
1073 1526 1140 1582 de
1169 1535 1356 1582 monte
1383 1525 1612 1591 Oliveti,
1648 1525 1821 1581 altero
1845 1526 1912 1580 de

318 1630 508 1677 sancto
529 1620 551 1652 ’
599 1618 741 1674 Saba
766 1632 816 1684 τι,
848 1619 915 1674 de
954 1616 1174 1674 Oriente
1201 1633 1454 1674 reversus
1482 1617 1711 1673 Romam
1741 1618 1910 1683 venit,

1619 222 1869 278 ἘΕΙΝΗΛ
1882 223 1995 279 ῙῐῐῚ
2036 222 2070 276 Λ
2082 224 2114 276 l1
2126 220 2324 279 ΓΛΉὲ

1940 343 1991 405 Α

3495 225 3603 285 430

2517 358 2751 398 Ακκλιεε
2787 358 3091 398 EGINIIABDI.

2014 443 2114 483 cur
2140 428 2366 498 Romam
2407 431 2665 499 venisset,
2708 434 2960 489 omnibus
3000 432 3277 505 patefecit,
3313 443 3367 491 et
3407 438 3605 496 exinde

2015 520 2215 576 cotidie
2244 521 2261 551 ¹
2304 529 2529 592 propter
2565 539 2707 593 quae
2766 526 3039 579 venerat’
3090 524 3336 581 facienda
3379 543 3608 597 operam

2014 609 2312 679 impendit;
2350 610 2405 665 in
2454 612 2650 681 quibus
2694 612 2777 668 vel
2826 615 3125 670 maximum
3156 616 3241 671 vel
3280 616 3301 647 ³
3354 616 3611 673 dillicilli-

2013 715 2160 754 mum
2186 710 2327 768 erat,
2359 704 2501 772 quod
2530 704 2707 773 primo
2732 703 2752 735 "
2801 705 3114 761 inchoatum
3147 714 3254 772 est,
3286 708 3351 762 de
3381 707 3611 765 investi-

2012 790 2204 862 gandis
2231 791 2487 849 videlicet
2541 810 2680 865 quae
2718 793 2961 866 pontiﬁci
3004 792 3383 851 obiciebantur
3420 799 3610 855 crimi-

2015 883 2204 939 nibus.
2236 883 2338 952 Qui
2380 892 2583 952 tamen,
2630 895 2916 957 postquam
2955 886 3135 942 nullus
3168 888 3461 943 eorundem
3499 890 3612 944 eri-

2013 974 2222 1029 minum
2262 963 2524 1044 probator
2558 990 2677 1031 esse
2705 977 2895 1041 voluit,
2934 992 3117 1032 coram
3150 978 3296 1031 omni
3322 978 3520 1048 populo
3552 979 3607 1033 in

2012 1064 2241 1121 basilica
2287 1065 2432 1121 beati
2462 1066 2609 1122 Petri
2646 1068 2877 1137 apostoli
2905 1068 3243 1139 evangelium
3273 1069 3457 1125 ferens
3484 1086 3606 1123 am-

2012 1156 2209 1214 bonem
2256 1159 2599 1225 conscendit,
2653 1161 3010 1231 invocatoque
3059 1171 3281 1216 sanctae
3324 1161 3610 1216 Trinitatis

2012 1262 2254 1315 nommc,
2284 1248 2350 1303 de
2379 1250 2609 1305 obiectis
2637 1264 2694 1305 se
2721 1251 2956 1306 crimini!
2979 1266 3043 1305 us
3081 1251 3310 1306 iurando
3339 1251 3361 1282 '
3405 1269 3608 1324 purga-

2014 1337 2110 1390 vit.
2140 1337 2343 1393 Eadem
2373 1339 2459 1393 die
2487 1338 2777 1395 Zacharias
2820 1343 3093 1412 presbiter
3147 1356 3310 1410 quem
3350 1358 3443 1397 rex
3481 1341 3613 1396 llic-

2015 1427 2328 1484 rosolimam
2358 1431 2379 1461 °
2428 1432 2676 1498 miserat,
2727 1449 2848 1488 cum
2897 1432 3110 1489 duobus
3157 1433 3437 1489 monachis
3468 1450 3615 1504 quos

2012 1521 2325 1591 patriarcha
2355 1537 2477 1577 cum
2518 1539 2583 1579 eo
2622 1525 2689 1578 ad
2730 1541 2914 1595 regem
2958 1526 3129 1593 misit,
3161 1524 3387 1580 Romam
3434 1527 3609 1590 venit,

2014 1608 2108 1679 qui
2150 1609 2172 1641 τ
2239 1609 2639 1666 benedictionis
2694 1614 2870 1681 gratia
2916 1613 3097 1668 claves
3152 1614 3385 1686 sepulcri
3428 1615 3609 1669 domi-

317 1727 454 1781 quos
495 1710 806 1780 patriarcha
835 1707 1341 1764 llierosolimitanus
1382 1725 1505 1765 cum
1534 1708 1798 1764 Zacharia
1844 1709 1911 1763 ad
1942 1703 1988 1762 Β
2018 1701 2125 1756 niCi
2165 1700 2187 1733 ⁸
2243 1716 2306 1756 ac
2359 1700 2462 1756 loci
2513 1702 2784 1758 calvariae
2830 1720 2952 1759 eum
3015 1706 3212 1759 vexillo
3275 1706 3609 1760 detulerunt.

317 1816 501 1873 regem
546 1800 715 1865 misit,
750 1799 842 1870 qui
875 1798 1266 1855 benedictionis
1309 1815 1472 1856 causa
1511 1799 1694 1856 claves
1733 1800 1912 1871 sepul-

318 1893 436 1947 chri
464 1891 722 1945 dominici
756 1890 795 1921 '°
830 1905 895 1945 ac
922 1889 1023 1945 loci
1052 1889 1345 1956 calvariae,
1378 1889 1558 1947 claves
1585 1891 1752 1947 etiam
1780 1892 1910 1946 civi-

317 1983 445 2037 tatis
492 1990 547 2037 et
588 1981 790 2037 montis
837 1996 963 2036 cum
1007 1979 1206 2035 vexillo
1249 1980 1602 2037 detulerunt:
1631 1998 1770 2052 quos
1816 1999 1909 2036 rex

315 2072 551 2143 benigne
579 2070 881 2141 suscipiens
907 2071 970 2136 “,
997 2069 1202 2140 aliquOt
1230 2071 1348 2126 dies
1374 2085 1557 2128 secum
1584 2072 1905 2136 detenuit",

317 2172 372 2217 et
398 2162 567 2231 Aprili
599 2176 789 2217 mense
819 2170 1194 2217 remuneratos
1225 2160 1487 2229 absolvit;
1526 2172 1584 2219 et
1611 2162 1910 2220 celebravit

315 2253 552 2308 natalem
578 2251 791 2308 Domini
816 2249 1039 2307 llomae.
1093 2251 1160 2306 Et
1189 2252 1476 2308 inmutavit
1503 2268 1563 2309 se
1585 2254 1629 2285 ¹³
1653 2269 1910 2313 numerus

317 2356 587 2397 annorum
617 2341 672 2396 in
1869 2332 1877 2343 ’

1008 2409 1224 2468 00001.

385 2528 503 2599 ipsa
533 2527 621 2584 die
654 2527 696 2558 "
722 2526 1093 2583 sacratissima
1130 2525 1337 2582 Natalis
1368 2527 1611 2594 Domini,
1645 2544 1767 2584 cum
1812 2543 1907 2584 rex

315 2619 383 2674 ad
423 2619 646 2674 missam
695 2625 819 2672 ante
866 2615 1264 2673 confessionem
1311 2617 1457 2674 beati
1484 2617 1632 2674 Petri
1680 2619 1908 2689 apostoli

314 2713 382 2769 ab
410 2713 657 2767 oratione
704 2719 953 2783 surgeret
989 2709 1056 2776 ’⁸,
1080 2708 1187 2765 Leo
1214 2725 1352 2780 papa
1389 2725 1648 2767 coronam
1676 2712 1720 2744 ¹⁶
1742 2714 1908 2783 capiti

313 2802 434 2857 eius
459 2803 499 2834 ¹⁷
527 2802 807 2871 imposuit,
838 2810 892 2855 et
924 2815 954 2854 a
981 2807 1178 2855 cuncto
1195 2798 1561 2856 Romanorum
1583 2803 1782 2874 populo
1807 2803 1907 2858 ad-

215 2954 224 2962 ι
316 2890 608 2945 clamatum
639 2896 721 2944 est
750 2907 762 2943 :
789 2887 982 2943 Carolo
1010 2888 1270 2960 Augusto,
1303 2906 1336 2943 a
1360 2889 1469 2944 Deo
1507 2900 1760 2947 coronato
1788 2909 1904 2948 ma-

313 2996 415 3053 gno
448 2991 496 3036 et
528 2981 747 3052 paciﬁca
786 2982 1091 3054 imperatori
1111 2981 1497 3050 Romanorum,
1528 2985 1633 3040 vita
1663 2994 1711 3039 et
1743 2985 1905 3040 victo-

2017 1787 2162 1857 Quos
2189 1805 2286 1845 rex
2305 1790 2539 1862 benigne
2570 1800 2816 1863 receptos
2836 1792 2858 1823 ⁹
2896 1808 2997 1862 per
3021 1794 3226 1863 aliquot
3250 1794 3291 1824 ὀ
3315 1795 3430 1849 dies
3458 1797 3495 1825 ¹¹
3523 1811 3617 1849 se-

2014 1896 2139 1935 cum
2174 1880 2429 1948 detinuit,
2453 1888 2507 1936 et
2544 1883 2722 1938 redire
2757 1883 2998 1941 volentes
3021 1885 3063 1915 “
3095 1895 3468 1941 remuneratos
3515 1886 3616 1939 ab.

2017 1970 2197 2026 solvit.

2706 2410 2920 2467 DCCC].

2080 2505 2203 2576 Ipse
2248 2514 2428 2559 autem
2472 2518 2595 2558 cum
2627 2504 2713 2559 die
2743 2505 3117 2560 sacratissima
3151 2503 3351 2560 natalis
3388 2505 3614 2563 Domini

2013 2598 2081 2653 ad
2113 2596 2406 2652 missarum
2440 2596 2703 2651 solemnia
2732 2596 3058 2653 celebranda
3084 2597 3128 2630 "
3151 2598 3429 2655 basilicam
3459 2600 3614 2655 beati

2010 2686 2159 2742 Petri
2184 2687 2414 2758 apostoli
2437 2688 2631 2744 fuisset
2659 2689 2960 2760 ingressus,
2993 2698 3049 2747 et
3078 2706 3264 2747 coram
3290 2691 3475 2759 altari,
3510 2694 3613 2747 nl-i

2012 2783 2080 2837 ad
2106 2784 2415 2839 orationem
2462 2798 2520 2837 se
2559 2782 2940 2851 inclinaverat,
2982 2784 3291 2850 adsisteret,
3326 2784 3436 2840 Leo
3464 2799 3614 2855 papa

2010 2895 2273 2936 coronam
2319 2881 2487 2951 capiti
2515 2882 2633 2937 eius
2662 2881 2938 2953 imposuit,
2992 2890 3190 2939 cuncto
3234 2882 3611 2938 Romanorum

2010 2972 2212 3042 populo
2257 2971 2642 3027 adclamante:
2677 2970 2881 3026 Karolo
2926 2970 3172 3044 Augusto
3194 3014 3209 3037 ,
3253 2966 3287 3027 ά
3308 2972 3418 3027 Deo
3456 2987 3617 3025 coro-

314 3073 436 3126 ria!
481 3071 548 3126 Et
589 3079 712 3143 post
740 3072 928 3128 laudes
958 3074 1026 3128 ab
1057 3073 1358 3143 apostolico
1387 3090 1540 3130 more
1561 3076 1906 3146 antiquorum

2016 3072 2137 3117 nato
2170 3078 2360 3134 magno
2399 3072 2446 3116 et
2474 3062 2696 3134 paciﬁca
2735 3064 3039 3134 imperatori
3085 3063 3460 3127 Romanorum,
3500 3064 3615 3117 vita

313 3163 621 3235 principum
658 3166 915 3219 adoratus
938 3172 1043 3229 est,
1069 3163 1245 3234 adque
1273 3165 1454 3222 ablato
1483 3165 1527 3198 ¹⁸
1554 3165 1779 3223 Patricii
1809 3182 1908 3223 no-

314 3254 486 3320 mine,
530 3253 828 3323 imperator
873 3254 1222 3327 etAugustus
1265 3264 1349 3311 est
1391 3257 1710 3327 appellatus.
1776 3258 1911 3315 Post

312 3359 516 3417 paucos
557 3354 737 3400 autem
776 3346 893 3401 dies
936 3346 1092 3401 iussit
1137 3361 1253 3412 eos,
1283 3348 1375 3418 qui
1411 3348 1724 3418 pontificem
1762 3364 1908 3406 anno

313 3436 596 3505 superiore
613 3436 654 3467 ¹⁹
682 3437 1069 3507 deposuerunt,
1118 3437 1367 3493 exhiberi
1399 3456 1411 3493 :
1440 3448 1494 3493 et
1521 3439 1707 3495 habita
1735 3441 1802 3497 de
1828 3442 1909 3498 eis

312 3527 655 3596 quaestione,
684 3527 981 3582 secundum
1007 3528 1181 3600 legem
1206 3529 1506 3585 Romanam
1531 3531 1599 3597 ⁸ο,
1630 3540 1688 3587 ut
1720 3533 1762 3563 ²²
1793 3548 1909 3587 ma-

315 3617 529 3674 iestatis
556 3617 602 3649 “
631 3617 730 3684 rei,
762 3619 956 3688 capitis
977 3618 1022 3651 ”
1050 3619 1290 3675 damnati
1322 3627 1464 3676 sunt.

314 3750 561 3826 (Reliqua
579 3768 744 3824 usque
771 3752 842 3826 ad
865 3769 1061 3808 annum
1084 3753 1191 3811 829
1216 3771 1335 3810 cum
1363 3755 1660 3826 Eginltardi
1682 3758 1908 3813 Annali-

384 3821 479 3876 bus
499 3824 572 3876 ita
593 3821 932 3889 concordant,
956 3833 1011 3878 ut
1033 3827 1207 3880 varias
1228 3821 1434 3881 tantum
1455 3826 1704 3885 lectiones
1724 3846 1906 3884 eorum

383 3892 724 3949 ascribendas
758 3900 808 3947 et
843 3893 1010 3969 sigliis
1048 3900 1111 3949 Α.
1160 3895 1222 3949 L.
1261 3897 1523 3953 notandas
1566 3901 1904 3979 censuerim.)

710 4371 1099 4429 VARIANTES
1127 4373 1527 4435 LECTIONES.

386 4462 403 4494 ⁸
426 4471 589 4541 sunt_
613 4470 793 4541 autem
836 4463 1048 4541 haec].
1151 4466 1172 4541 ξ
1209 4477 1402 4523 vocato
1438 4486 1580 4541 quur
1604 4472 1659 4527 2.

312 4547 377 4587 ea
407 4547 545 4605 quae
572 4533 625 4588 5.
647 4533 699 4588 6.
721 4535 789 4589 ad
812 4550 954 4605 quae
976 4534 1029 4589 7.
1153 4535 1176 4568 ⁸
1197 4533 1534 4596 venerant'2.
1613 4545 1634 4575 ⁸
1657 4544 1904 4602 difﬁcilli-

312 4617 463 4657 mum
505 4603 560 4658 2.
713 4606 734 4636 ⁸
761 4603 1174 4663 discutientibus
1216 4609 1270 4664 2.
1371 4612 1391 4642 ⁷
1433 4615 1806 4672 conscendens
1842 4619 1897 4672 5.

311 4672 334 4703 ⁸
361 4674 673 4729 zaceharias
694 4674 745 4731 5.
781 4676 1088 4731 zachariam
1114 4677 1167 4731 2.
1296 4679 1317 4711 ’
1341 4689 1529 4735 saneta
1552 4683 1605 4736 2.
1630 4684 1682 4737 5.
1713 4696 1901 4744 sancta

311 4758 450 4821 corr.
485 4755 699 4821 sancto
729 4744 780 4800 6.
829 4754 1017 4821 sancto
1042 4747 1092 4799 7.
1118 4816 1131 4821 _
1172 4748 1214 4779 ¹⁰
1237 4750 1421 4804 claves
1460 4766 1521 4805 se
1556 4754 1900 4821 pulchritudo

312 4812 599 4886 ininici2.
660 4815 702 4886 ’ξ
733 4817 1034 4886 suscipiens
1083 4816 1315 4875 alterum
1364 4835 1473 4875 non
1525 4812 1707 4879 secum
1752 4812 1903 4885 dcte-

311 4883 431 4955 nuit
453 4882 509 4938 2.
589 4885 632 4916 “
666 4882 899 4955 detinuit
938 4886 992 4940 5.
1025 4885 1075 4939 7.
1153 4887 1197 4919 ¹⁸
1226 4888 1523 4947 inmutatus
1561 4903 1645 4950 est
1681 4895 1733 4950 5.
1763 4882 1814 4952 6.
1842 4882 1893 4955 7.

1771 4421 1980 4532 ’adD

2011 3160 2060 3205 et
2082 3152 2342 3207 victoria!
2378 3150 2506 3208 Post
2529 3167 2665 3221 quas
2690 3153 2878 3208 laudes
2926 3153 2996 3209 ab
3037 3153 3229 3208 eodem
3274 3151 3532 3223 pontiﬁce
3560 3151 3614 3182 “

2010 3255 2165 3297 more
2189 3242 2534 3313 antiquorum
2557 3243 2867 3313 principum
2893 3243 3151 3298 adoratus
3176 3250 3278 3309 est,
3303 3259 3369 3298 ac
3388 3241 3613 3305 deinde,

2010 3334 2216 3391 omisso
2257 3334 2479 3390 Patricii
2525 3337 2764 3401 nomine,
2799 3335 3100 3405 imperator
3126 3344 3181 3392 et
3204 3335 3480 3407 Augustus
3511 3350 3618 3404 ap-

2010 3428 2261 3500 pellatus.
2284 3428 2416 3484 Post
2441 3444 2643 3500 paucos
2672 3444 2803 3485 vero
2830 3430 2875 3461 "
2895 3429 3033 3496 dies,
3068 3430 3288 3484 iubente
3338 3428 3475 3499 ipso,
3528 3428 3616 3482 hii

2011 3525 2103 3595 qui
2163 3524 2397 3580 eundem
2452 3524 2762 3594 pontificem
2822 3538 2963 3579 anno
3012 3523 3295 3593 superiore
3339 3522 3615 3591 deposue~

2010 3623 2139 3671 runt
2171 3615 2235 3681 “,
2275 3616 2328 3670 iu
2362 3616 2620 3671 iudicium
2655 3616 2895 3682 adducti,
2927 3624 2983 3670 et
3007 3615 3192 3671 habita
3223 3615 3289 3670 de
3321 3614 3401 3669 eis
3430 3627 3615 3683 quae-

2010 3707 2213 3771 stione,
2258 3706 2556 3762 secundum
2600 3705 2777 3777 legem
2820 3706 3147 3773 Romanam,
3196 3712 3258 3760 ut
3302 3704 3616 3761 maiestatis

2009 3799 2090 3856 rei
2120 3799 2181 3864 ",
2215 3798 2409 3870 capitis
2438 3798 2681 3854 damnati
2710 3806 2854 3854 sunt.
2886 3797 2995 3854 Pro
3022 3797 3219 3869 quibus
3250 3800 3431 3851 tamen
3464 3809 3614 3866 papa

2007 3892 2099 3963 pio
2149 3889 2347 3947 aﬁ'ectu
2393 3891 2537 3962 apud
2584 3891 2967 3961 imperatorem
3021 3889 3349 3954 intercessit,
3393 3902 3521 3942 nam
3549 3896 3617 3942 et

2009 3984 2120 4038 vita
2147 3991 2202 4039 et
2236 3983 2607 4039 membrorum
2639 3982 2928 4055 integritas
2957 3983 3040 4040 eis
3067 3996 3324 4039 concessa
3352 3974 3473 4046 est;
3513 3996 3612 4036 ee-

2012 4085 2186 4131 terum
2219 4090 2320 4145 pro
2355 4073 2612 4130 facinoris
2643 4074 2685 4105 ⁸⁸
2716 4073 3089 4147 magnitudine
3129 4072 3292 4129 exilio
3331 4073 3611 4142 deportati

2008 4174 2153 4220 sunt.
2196 4165 2370 4220 Huius
2412 4162 2666 4221 factionis
2698 4163 2852 4221 fuere
2893 4165 3170 4239 principes
3194 4162 3473 4219 Paschalis
3498 4176 3607 4216 no-

2009 4255 2311 4312 menclator
2364 4256 2406 4287 ¹⁹
2458 4256 2486 4301 b
2515 4264 2570 4311 et
2619 4254 2916 4327 Campulus
2965 4256 3315 4312 saecellarius
3362 4255 3407 4286 ”
3454 4265 3505 4321 °,
3544 4262 3613 4315 δι

2392 4387 2782 4445 VARIANTES
2817 4387 3219 4446 LECTlONES.

2081 4480 2367 4560 ‘_qnot_idie
2400 4480 2467 4536 iis
2624 4480 2645 4511 ¹
2674 4490 2897 4560 venerat
2943 4481 3088 4560 quod
3135 4481 3314 4560 primo
3357 4478 3408 4531 4.
3431 4476 3512 4560 ,5.
3540 4475 3604 4532 6.

2004 4550 2181 4608 media
2228 4550 2436 4606 desunt.
2515 4550 2536 4584 ³
2607 4551 2808 4622 quibus
2835 4563 2894 4607 ut
2920 4550 2993 4609 ni.
3040 4552 3115 4607 ita
3138 4550 3197 4622 9.
3240 4621 3250 4622 ί
3293 4557 3315 4582 ⁸
3359 4550 3610 4622 primum

2002 4622 2057 4677 7.
2089 4622 2312 4678 cottidie
2352 4636 2407 4692 p.
2438 4637 2493 4692 q.
2546 4636 2599 4676 v.
2626 4619 2778 4691 quod
2824 4623 3000 4692 primo
3043 4622 3096 4676 4.
3140 4621 3194 4678 5.
3226 4621 3279 4676 6.
3354 4619 3612 4692 {mrem-

2004 4693 2177 4748 rando
2222 4693 2276 4746 4.
2307 4686 2370 4747 δῖ
2412 4686 2472 4764 δῖ
2495 4692 2562 4764 9.
2628 4686 3033 4764 "ierosolymas
3074 4693 3126 4749 9.
3208 4694 3242 4764 ντ
3274 4691 3414 4764 ii__9.
3490 4688 3514 4719 ⁸
3543 4686 3607 4764 d.

2004 4764 2276 4834 sepulchri
2325 4764 2378 4818 2.
2421 4763 2472 4817 7.
2549 4763 2571 4795 ⁸
2611 4759 2892 4833 susceptos
2938 4765 2992 4819 5.
3043 4764 3095 4819 9.
3203 4763 3245 4794 ¹⁰
3295 4761 3507 4830 aliquos
3547 4759 3606 4812 l.

2006 4834 2214 4889 “deest
2265 4833 2319 4888 2.
2401 4834 2510 4888 “v.
2532 4850 2579 4888 r.
2605 4833 2659 4887 2.
2741 4835 2785 4865 ¹³
2814 4834 3134 4889 celebranda
3186 4833 3325 4887 deest
3362 4831 3415 4887 9.
3496 4829 3611 4881 ἐει

2007 4849 2048 4865 ι·
2075 4849 2214 4889 aeest
2265 4849 2319 4888 2.
2401 4849 2579 4888 "v.r.
2605 4849 2659 4887 2.
2743 4849 2785 4865 ἰ’
2814 4849 3134 4890 celebranda
3186 4849 3325 4887 aeest
3362 4849 3415 4887 ν.
3496 4849 3541 4860 η
3570 4849 3610 4881 a

2007 4904 2263 4975 pontiﬁce
2294 4904 2346 4960 9.
2423 4905 2468 4935 ¹⁸
2495 4916 2675 4958 autem
2704 4904 2757 4960 9.
2837 4906 2879 4936 ¹⁶
2926 4905 3289 4975 deposuerant
3331 4903 3386 4958 9.
3437 4901 3610 4975 depo-

315 4951 359 5031 ’Ῐ
381 4952 470 5009 άίθ
485 4954 763 5031 ἔπειθε,
812 4956 857 4988 ¹⁸
882 4957 1123 5031 ξυντεῖναι
1147 4957 1201 5013 2ο
1246 4960 1542 5031 ,“corona
1580 4964 1635 5021 2.
1714 4951 1898 5027 "eius
2008 4951 2262 5031 £55655:
2297 4951 2375 5006 νίν
2402 4951 2757 5030 magna;
2784 4983 2844 5030 ut
2886 4951 3595 5031 casiaéisgaeaaia'a.

312 5022 563 5110 2mg.
612 5027 654 5110 τε
677 5026 858 5110 annm
875 5026 930 5110 zz;
1077 5030 1342 5110 superiori
1358 5031 1411 5110 ξ.
1488 5022 1897 5110 svi-omam
2008 5022 2165 5101 ags:
2291 5022 2650 5100 amarae:
2788 5022 3482 5101 restagnans'w

315 5088 367 5144 7.
414 5097 484 5165 ,³⁸
512 5106 570 5152 ut
588 5097 728 5153 deest
749 5098 803 5152 2.
881 5098 927 5129 "
955 5088 1263 5157 maiestatis
1292 5102 1341 5157 ei
1366 5102 1420 5157 2.
1498 5105 1544 5136 ³³
1570 5088 1897 5177 c'iﬁi‘ié's'f‘ii
2007 5088 2259 5172 {inditus
2287 5088 2715 5170 "677.
2756 5088 3116 5187 9."

1830 5224 2067 5284 ΝΟΤᾸΞ.

315 5320 509 5461 ὺῖςιῦξξι.
534 5331 617 5379 est
657 5324 810 5381 laura
841 5343 937 5384 seu
973 5329 1308 5386 monasterio
1360 5332 1536 5388 sancti
1568 5333 1724 5391 Sabaa
1752 5353 1903 5428 pres-

392 5461 420 5501 ι»
441 5459 822 5523 Nomenclator
863 5469 918 5524 in
942 5472 1385 5544 processionibus
1408 5474 1719 5546 pontiﬁcem
1759 5493 1901 5550 equo

2010 5342 2339 5467 [sequebattlgr
2356 5349 2413 5466 tet
2440 5340 2557 5412 ejus
2586 5344 2743 5417 jussu
2779 5345 3035 5403 convivas
3060 5346 3126 5403 ad
3160 5359 3406 5404 mensam
3435 5359 3607 5419 papa.

2031 5429 2115 5467 cm
2147 5428 2277 5467 voca
2319 5427 2348 5465 a
2380 5451 2393 5464 .
3002 5461 3008 5465 .

2031 5429 2115 5468 em
2147 5427 2393 5468 νοοεωειι.
3002 5461 3008 5465 .

2084 5494 2105 5522 ε
2148 5483 2289 5539 Fisei
2315 5492 2518 5540 custos.
