3988 6178
439 255 529 308 [Gl

1887 235 2204 294 ANNALES
2219 275 2233 289 .

3574 223 3680 283 £82

436 368 587 426 multi
627 365 718 420 alii
763 364 1037 418 Romanae
1075 361 1225 418 urbis
1270 357 1607 414 habitatores
1645 352 1874 418 nobiles,
1911 353 2002 421 qui
2032 357 2084 415 Α
2107 346 2389 416 conplures
2426 345 2711 402 Sarraceni
2741 341 3116 413 conprehensi.
3161 340 3228 395 Et
3273 340 3328 395 in
3366 337 3520 395 Italia
3542 339 3681 396 Τει-

436 457 593 515 simul
621 470 809 511 omnes
838 455 1026 508 eadem
1049 451 1311 507 sententia
1341 448 1577 504 damnati
1605 452 1749 502 sunt.
1777 442 2006 498 Ordina-

437 556 504 610 tis
550 552 744 608 deinde
789 549 1064 604 Romanae
1114 546 1264 600 urbis
1296 550 1351 598 et
1399 539 1682 612 apostolici
1733 537 2006 604 totiusque

434 644 616 702 Italiae
663 657 771 696 non
817 647 1024 694 tantum
1069 636 1298 708 publicis
1324 635 1417 690 sed
1442 634 1605 688 etiam
1629 627 2008 685 ecclesiasticis

435 746 488 791 et
529 733 760 805 privatis
811 730 969 784 rebus
1008 760 1082 770 —
1120 743 1244 782 nam
1285 734 1397 781 tota
1426 726 1443 756 ί
1493 725 1672 778 hieme
1712 735 1820 775 non
1863 718 2009 772 aliud

435 827 561 882 fecit
593 827 888 893 imperator
909 851 977 860 —-
1004 821 1270 887 missaque
1300 818 1492 871 iterum
1521 816 1573 870 in
1602 815 2010 868 Beneventanos

432 919 776 988 expeditione
798 930 918 969 cum
939 913 1165 981 Pippino
1190 910 1298 963 tilio
1324 922 1441 970 suo,
1466 906 1580 975 ipse
1601 912 1722 975 post
1749 901 1948 972 pascha
1975 902 2006 955 7

433 1012 661 1067 Kalend.
695 1009 864 1063 Maias
915 1006 1085 1060 Roma
1116 1001 1411 1074 profectus,
1443 997 1746 1068 Spoletium
1777 996 1797 1026 ¹
1838 994 2004 1049 venit.

434 1107 511 1161 Ibi
547 1105 674 1158 dum
707 1109 872 1165 esset,
902 1097 1186 1160 2,Kalend.
1213 1095 1382 1149 Maias
1408 1094 1540 1147 hora
1571 1089 1747 1145 noctis
1775 1087 2011 1143 secunda

434 1207 616 1254 terrae
659 1201 837 1248 motus
871 1191 1139 1246 maximus
1162 1189 1182 1219 ⁸
1223 1186 1397 1241 factus
1444 1191 1547 1248 est,
1580 1197 1686 1252 quo
1717 1188 1826 1235 tota
1855 1179 2010 1234 Italia

433 1288 673 1359 graviter
715 1297 978 1339 concussa
1021 1287 1122 1334 est.
1165 1279 1282 1346 Quo
1329 1283 1478 1329 motu
1518 1281 1720 1328 tectum
1756 1269 2013 1324 b::silicae

432 1378 578 1433 beati
607 1375 761 1430 Pauli
791 1387 814 1413 α
849 1370 1075 1441 apostoli
1105 1383 1298 1437 magna
1328 1381 1392 1420 ex
1421 1370 1574 1435 parte
1602 1377 1725 1417 cum
1751 1361 1864 1415 suis
1905 1366 2014 1412 tra-

431 1469 592 1526 bibus
612 1465 814 1521 decidit
837 1462 877 1528 ’⁵,
908 1470 963 1517 et
989 1461 1041 1515 in
1069 1458 1389 1529 quibusdam
1430 1455 1563 1510 locis
1612 1453 1774 1507 urbes
1799 1451 1820 1482 ⁸
1865 1464 2014 1504 mon-

434 1569 623 1628 tesque
670 1557 693 1589 ⁶
737 1561 983 1610 ruerunt.
1036 1549 1239 1606 Eodem
1299 1562 1442 1602 anno
1499 1544 1617 1600 loca
1676 1541 1938 1612 quaedam
1989 1540 2010 1571 '

433 1651 579 1704 circa
629 1647 880 1700 Rhenum
929 1641 1148 1696 fluvium
1187 1647 1245 1693 et
1275 1638 1328 1692 in
1354 1635 1527 1692 Gallia
1559 1642 1613 1690 et
1639 1634 1693 1688 in
1721 1629 2010 1687 Germania

437 1746 794 1796 tremuerunt.
828 1733 1143 1791 Pestilentia
1175 1737 1398 1800 propter
1445 1727 1726 1783 mollitiem
1751 1725 1772 1756 ⁸
1799 1722 2012 1778 hiberni

435 1828 699 1898 temporis
723 1826 743 1856 ’
795 1825 937 1880 facta
982 1830 1084 1878 est.
1133 1821 1434 1890 Imperator
1473 1817 1541 1872 de
1580 1815 1818 1885 Spoletio
1843 1813 1884 1844 ¹⁰
1909 1811 2015 1866 Ra-

434 1936 667 1975 vennam
695 1919 861 1982 venit,
911 1924 966 1971 et
1010 1915 1217 1984 aliquot
1248 1913 1289 1944 “
1322 1911 1412 1984 [Β.
1445 1910 1686 1974 veniens,
1729 1922 1779 1960 a.
1821 1908 1883 1959 Α.
1923 1903 2012 1976 L.]

437 2015 556 2068 dies
596 2012 670 2066 ibi
712 2018 973 2072 moratus,
1006 2006 1225 2076 Papiam
1269 2003 1528 2075 perrexit.
1561 2000 1636 2054 lbi
1663 1998 1943 2054 nuntiatur
1972 1996 2013 2026 "

438 2105 514 2170 ei,
550 2103 756 2173 legatos
791 2089 992 2166 Aaron,
1038 2101 1180 2170 regis
1214 2098 1523 2160 Persarum,
1553 2093 1754 2165 [Aaron
1780 2088 2013 2144 Amiral-

440 2194 760 2248 mumminin
789 2209 834 2246 r.
861 2193 922 2246 P.
967 2191 1031 2244 A.
1071 2189 1159 2260 L.]
1209 2195 1422 2258 portum
1478 2186 1628 2241 Pisas
1658 2183 1700 2215 ¹³
1746 2183 2011 2245 intrasse;

442 2288 638 2356 quibus
664 2289 878 2341 obviam
905 2286 948 2315 “
980 2284 1222 2346 mittens,
1257 2283 1396 2335 inter
1423 2278 1698 2334 Vercellas
1722 2277 1766 2307 ¹⁸
1796 2282 1850 2330 et
1873 2274 2015 2342 Epo-

444 2380 651 2434 rediam
682 2379 724 2408 ¹⁶
759 2378 787 2416 δ
819 2376 1127 2448 [Eporeiam
1153 2373 1215 2426 Α.
1246 2371 1334 2444 L.]
1363 2386 1455 2426 eos
1481 2371 1583 2426 sibi
1614 2369 1740 2424 fecit
1765 2380 2020 2438 praesen—

448 2469 574 2523 tari.
617 2468 769 2522 Unus
797 2467 940 2518 cnim
966 2480 1033 2520 ex
1063 2463 1239 2535 [Unus
1280 2477 1346 2515 ex
1386 2459 1450 2512 A.
1502 2457 1590 2530 L.]
1614 2459 1694 2512 eis
1718 2465 1834 2511 erat
1858 2455 2020 2510 Persa

449 2561 516 2615 de
539 2559 766 2619 oriente,
791 2556 996 2625 legatus
1016 2553 1385 2624 praedictique
1411 2551 1552 2620 regis
1579 2549 1806 2620 {legatus
1830 2564 1873 2600 r.
1901 2547 2025 2602 Per-

451 2664 633 2704 sarum
659 2645 722 2701 Α.
754 2645 817 2718 L]
846 2677 914 2687 —
942 2661 1067 2699 nam
1110 2645 1217 2699 duo
1258 2641 1469 2696 fuerant
1495 2669 1569 2682 -—
1591 2639 1730 2694 alter
1767 2639 2022 2694 Sarrace-

449 2756 552 2796 nus
579 2741 642 2794 de
670 2737 872 2803 Africa,
896 2738 1104 2808 legatus
1127 2734 1355 2790 Amirati
1380 2731 1672 2797 Abraham,
1702 2731 1791 2802 qui
1821 2731 1874 2786 in
1904 2745 2028 2784 eon-

447 2830 578 2888 ﬁnio
603 2830 818 2884 Africae
841 2829 893 2882 in
922 2829 1148 2882 Fossato
1180 2836 1201 2863 ο
1230 2824 1608 2895 praesidebat;
1641 2821 1732 2892 qui
1763 2819 1914 2875 Isaac
1940 2820 2027 2874 Iu-

447 2925 662 2988 daeum,
701 2938 861 2991 quem
893 2921 1192 2990 imperator
1221 2926 1347 2972 ante
1374 2913 1791 2986 quadriennium
1823 2915 1891 2968 ad
1918 2926 2029 2966 me-

447 3024 716 3072 moratum
770 3029 950 3084 regem
1003 3011 1093 3084 [ad
1140 3011 1270 3081 reg.'.
1304 3008 1370 3062 Α.
1419 3007 1506 3079 L.]
1564 3007 1854 3062 Persarum
1907 3020 2029 3059 cum

448 3107 728 3163 Lantfrido
753 3113 807 3160 et
837 3105 1154 3176 Sigimundo
1185 3103 1224 3134 "
1267 3101 1460 3172 legatis
1498 3100 1612 3156 suis
1657 3099 1882 3154 miserat
1921 3096 2030 3169 [Si-

447 3201 578 3272 gini.
607 3200 830 3253 miserat
857 3199 920 3251 Α.
952 3196 1062 3269 L.],
1097 3210 1375 3251 reversum
1407 3210 1528 3250 cum
1553 3193 1764 3263 magnis
1791 3190 2031 3246 muneri-

449 3293 550 3344 bus
575 3288 976 3342 nuntiavcrunt.
1008 3285 1140 3339 Nam
1169 3283 1480 3338 Lantfridus
1506 3298 1569 3338 ac
1598 3282 1949 3353 Sigimundus
1985 3281 2028 3311 ¹⁸

450 3381 608 3432 ambo
635 3378 689 3431 in
719 3377 906 3432 eodem
937 3375 1128 3429 itinere
1161 3373 1396 3429 defuncti
1427 3381 1552 3428 sunt
1579 3372 1762 3444 [ambo
1791 3369 2031 3426 defuncti

451 3477 628 3525 erant.
657 3469 721 3522 A.
754 3467 862 3539 L.].
903 3468 1038 3522 Tum
1065 3466 1153 3522 ille
1181 3465 1328 3520 misit
1365 3465 1759 3521 Ercanbaldum
1792 3464 1832 3496 ¹⁹
1876 3471 2030 3519 nota-

453 3563 595 3618 rium
655 3563 709 3615 in
757 3560 1036 3630 Liguriam
1087 3560 1156 3614 ad
1195 3559 1424 3614 classem
1474 3559 1794 3628 parandam,
1848 3572 1955 3628 qua
1984 3556 2027 3587 “

453 3651 659 3708 elcfans
681 3653 723 3683 ²¹
750 3661 804 3706 et
828 3667 889 3706 ea
912 3667 1048 3721 quae
1069 3667 1192 3707 cum
1215 3651 1258 3681 "
1283 3666 1348 3705 eo
1371 3649 1754 3706 adferebantur
1785 3649 1831 3680 ’³
1860 3647 2029 3720 [defe-

456 3745 715 3802 rebantur
742 3743 804 3797 A.
830 3742 916 3815 L.]
950 3743 1396 3798 subveherentur.
1434 3740 1552 3810 Ipse
1577 3755 1728 3804 vero,
1757 3738 2032 3794 celebrato

457 3837 542 3891 die
571 3835 732 3890 natali
756 3837 924 3891 sancti
952 3835 1205 3890 Iohannis
1228 3834 1500 3904 Baptistae
1523 3834 1662 3901 apud
1686 3830 2028 3900 Eporediam,

457 3930 618 3999 Alpes
659 3939 1026 4000 transgressus
1048 3928 1092 3959 "
1120 3928 1173 3982 in
1204 3926 1431 3982 Galliam
1470 3939 1721 3979 reversus
1765 3930 1866 3980 est.
1912 3923 2028 3991 Ipsa

459 4028 667 4076 aestate
695 4029 851 4090 capta
890 4026 972 4074 est
1000 4018 1321 4079 Barcinona,
1349 4016 1539 4070 civitas
1582 4015 1633 4068 in
1677 4013 1930 4084 Hispania
1965 4015 2030 4076 ",

465 4112 571 4167 iam
596 4111 813 4166 biennio
836 4111 1073 4166 obsessa.
1105 4108 1278 4164 Zatun
1301 4107 1348 4137 "
1373 4106 1682 4177 praefectus
1723 4106 1841 4162 eius
1869 4116 1922 4162 et
1945 4107 2032 4161 alii

2108 445 2160 492 te
2181 439 2223 468 "
2255 437 2280 476 ά
2314 437 2507 491 civitas
2551 434 2800 490 similiter
2831 440 2989 503 capta
3024 438 3081 486 et
3116 431 3338 486 incensa
3377 436 3484 494 est,
3531 428 3682 484 eius-

2107 544 2211 597 que
2238 529 2284 558 ³³
2325 523 2651 597 praefectus
2677 524 2962 579 Roselmus
3020 521 3424 592 conprehensus
3455 518 3522 572 ¹⁹.
3572 518 3680 574 Ca-

2107 621 2262 675 stella
2286 635 2425 689 quae
2449 621 2517 673 ad
2549 619 2721 687 ipsam
2757 616 3031 671 civitatem
3063 614 3421 684 pertinebant,
3456 611 3513 668 in
3541 611 3697 668 dedi-

2107 713 2318 767 cionem
2347 719 2566 780 accepta
2595 717 2738 764 sunt.
2765 710 2936 762 Zatun
2972 715 3028 761 et
3066 706 3353 762 Boselmus
3372 721 3478 760 una
3505 705 3592 761 die
3619 711 3686 760 ad

2108 800 2470 872 praesentiam
2495 797 2838 869 imperatoris
2859 797 3071 853 deducti
3094 796 3159 862 ³⁰,
3184 804 3240 850 et
3263 795 3427 851 exilio
3448 795 3686 852 damnati

2109 901 2254 948 sunt.
2293 892 2463 961 Ipsius
2501 891 2627 945 anni
2675 903 2863 944 mense
2906 888 3165 946 Octobrio
3187 887 3228 919 ⁸¹
3272 887 3423 942 Isaac
3462 885 3692 942 Iudaeus

2110 982 2176 1034 de
2215 979 2398 1034 Africa
2421 995 2545 1036 cum
2569 977 2802 1034 elefanto
2827 991 3127 1048 regressus,
3158 985 3374 1046 portum
3404 974 3632 1032 Veneris
3661 988 3685 1016 ε

2112 1073 2364 1138 intravit;
2415 1080 2469 1127 et
2509 1073 2636 1142 quia
2693 1078 2916 1140 propter
2962 1069 3116 1125 nives
3154 1069 3202 1103 ³³
3253 1069 3415 1139 Alpes
3459 1068 3693 1124 transire

2112 1178 2217 1217 non
2267 1163 2476 1233 potuit,
2517 1161 2776 1216 Vercellis
2820 1161 3100 1216 hiemavit.
3148 1159 3448 1231 Imperator
3491 1159 3691 1230 Aquise

2112 1257 2265 1326 grani
2296 1256 2496 1326 palatio
2527 1255 2702 1310 natale
2725 1255 2772 1286 ³³
2800 1254 3014 1309 Domini
3043 1255 3335 1310 celebravit
3369 1253 3593 1328 [σειρὴν.
3624 1255 3693 1312 Et

2113 1347 2378 1402 inmutav.
2410 1361 2468 1400 se
2495 1361 2754 1402 numerus
2776 1361 2967 1400 annor.
2997 1346 3050 1400 in
3075 1346 3141 1401 Α.
3171 1345 3261 1420 L.]

2792 1478 3032 1536 DCCCII.

2186 1593 2396 1649 Ilerena
2437 1591 2751 1663 impcratrix
2781 1592 2846 1646 de
2874 1589 3343 1662 Constantinopoli
3374 1593 3525 1649 misit
3548 1593 3696 1665 legav

2039 1699 2085 1758 Β
2114 1693 2230 1740 tum
2276 1684 2495 1739 nomine
2539 1683 2806 1747 Leonem,
2856 1682 3192 1751 spatharium
3241 1692 3462 1753 propter
3506 1698 3698 1753 pacem

2115 1773 2543 1830 confirmandam
2583 1771 2672 1844 [de
2716 1785 2848 1842 pace
2892 1770 3260 1826 confirmanda
3305 1771 3369 1824 Α.
3418 1770 3504 1844 L.]
3556 1772 3700 1826 inter

2114 1865 2355 1919 Francos
2410 1871 2466 1917 et
2514 1860 2772 1925 Graecos,
2837 1868 2891 1914 et
2931 1861 3229 1929 imperator
3279 1860 3516 1915 vicissim
3573 1876 3700 1932 pro-

2114 1966 2236 2028 pter
2276 1957 2476 2026 ipsum,
2527 1952 2774 2007 absoluto
2817 1951 2928 2015 illo,
2980 1951 3131 2005 misit
3175 1949 3342 2016 Iesse,
3389 1951 3700 2022 episc0pum

2114 2047 2537 2101 Ambianensem
2564 2083 2579 2108 ,
2639 2051 2694 2096 ct
2735 2041 3128 2111 Ilelmgaudum
3173 2040 3219 2072 ⁸⁵
3262 2041 3514 2096 comitem
3563 2042 3704 2096 Con-

2119 2134 2544 2204 stantinopolim,
2578 2143 2638 2188 ut
2663 2148 2850 2202 pacem
2887 2149 3009 2188 cum
3039 2148 3102 2188 ea
3131 2140 3449 2189 statuerent.
3479 2132 3525 2165 "
3551 2132 3704 2189 Celcv

2117 2228 2332 2281 bratum
2361 2231 2444 2279 est
2476 2223 2676 2293 pascha
2720 2223 3044 2294 Aquisgrani
3090 2223 3313 2294 palatio.
3365 2223 3536 2294 Ipsius
3575 2223 3702 2278 anni

2119 2329 2306 2370 mense
2339 2313 2491 2376 Iulio,
2535 2313 2600 2368 15
2632 2311 2857 2366 Kalend.
2901 2311 3152 2384 Augusti,
3195 2313 3345 2368 venit
3387 2313 3537 2368 Isaac
3579 2327 3702 2368 cum

2120 2403 2352 2459 elefanto
2379 2411 2432 2458 et
2461 2403 2690 2458 caeteris
2740 2403 3071 2468 muneribus,
3121 2419 3259 2476 quae
3287 2419 3318 2458 a
3342 2419 3468 2475 rege
3506 2403 3703 2460 Persav

2125 2511 2242 2549 rum
2289 2495 2453 2550 missa
2489 2503 2637 2561 sunt,
2689 2504 2744 2550 et
2789 2495 3112 2567 Aquisgrani
3161 2497 3342 2552 omnia
3394 2499 3706 2568 imperatori

2123 2585 2331 2638 detulit.
2380 2584 2586 2640 Nomen
2633 2585 2867 2641 elefanto
2910 2586 3154 2658 [clefanti
3187 2587 3250 2640 A.
3289 2587 3378 2662 L.]
3409 2597 3529 2644 erat
3556 2589 3705 2645 Abuv

2127 2676 2278 2730 labaz
2302 2674 2366 2728 ⁸⁸.
2393 2675 2595 2731 Ortona
2631 2675 2650 2713 ί
2683 2677 2875 2731 civitas
2906 2677 2958 2731 in
2987 2677 3139 2734 Italia
3168 2680 3219 2734 in
3249 2679 3574 2736 deditionem
3609 2695 3704 2736 ac-

2126 2773 2300 2837 cepta.
2330 2764 2558 2821 Luceria
2589 2768 2613 2806 8
2643 2781 2860 2837 quoque
2891 2766 3158 2837 frequenti
3184 2769 3463 2825 obsidione
3483 2769 3707 2842 fatigata

2127 2867 2184 2913 et
2212 2859 2328 2928 ipsa
2358 2858 2410 2912 in
2439 2857 2767 2914 deditionem
2814 2860 2982 2925 venit,
3033 2861 3469 2931 praesidiumque
3497 2870 3709 2920 nostro-

2130 2967 2248 3006 rum
2271 2951 2324 3005 in
2353 2967 2416 3006 ea
2458 2951 2712 3020 positum.
2757 2950 3057 3022 Imperator
3102 2954 3326 3009 aestatis
3367 2961 3612 3026 tempore
3653 2955 3708 3010 in

2057 3056 2101 3117 ί]
2132 3041 2422 3097 Arduenna
2450 3042 2733 3097 venatibus
2756 3042 3060 3114 indulgens,
3096 3041 3170 3115 [v.
3212 3059 3434 3114 operam
3460 3045 3626 3112 dedit,
3654 3053 3713 3100 et

2134 3133 2199 3186 Α.
2247 3131 2335 3204 L.]
2386 3132 2552 3186 misso
2599 3131 2872 3187 Saxonum
2913 3132 2956 3164 ³⁷
3008 3133 3270 3198 exercitu,
3317 3133 3712 3189 transalbianos

2133 3222 2376 3278 Saxones
2437 3224 2688 3276 vastavit.
2749 3221 3151 3288 Grimaldus”,
3207 3223 3709 3280 Bcncventanorum

2133 3318 2262 3381 dux,
2307 3315 2359 3369 in
2405 3315 2630 3370 Luceria
2658 3314 2702 3346 ⁸³
2731 3315 3058 3386 Winigisum
3087 3315 3132 3347 ‘°
3169 3315 3422 3372 comitem
3463 3313 3710 3385 Spoletii.

2131 3408 2220 3478 qui
2251 3407 2521 3476 praesidio
2555 3413 2826 3478 praeerat,
2857 3405 3081 3462 adversa
3103 3406 3399 3463 valitudine
3426 3405 3708 3478 fatigatum

2131 3500 2340 3554 obsedit
2364 3498 2432 3564 ιι,
2464 3507 2517 3554 et
2545 3499 2600 3554 in
2632 3499 2961 3554 deditionem
3003 3500 3229 3569 accepit,
3263 3508 3586 3570 captumque
3616 3499 3714 3554 hoo

2131 3591 2355 3646 norifice
2402 3590 2608 3645 habuit.
2661 3587 2962 3660 Imperator
2991 3589 3314 3660 Aquisgrani
3346 3589 3580 3643 natalem
3610 3588 3715 3647 1)ον

2131 3684 2261 3737 miui
2301 3683 2612 3737 celebravit.
2644 3681 2733 3753 [Et
2781 3684 3042 3738 inmutav.
3076 3697 3133 3736 se
3159 3696 3417 3736 numerus
3449 3696 3713 3734 annorum

2133 3773 2186 3826 in
2218 3773 2280 3826 A.
2313 3772 2400 3843 L.]

2788 3905 3025 3961 DCCCIII
3035 3944 3046 3956 .

2212 4020 2325 4075 IIac
2356 4021 2534 4075 hieme
2566 4021 2711 4076 circa
2745 4021 2917 4090 ipsum
2948 4019 3206 4090 palatium
3235 4028 3292 4074 et
3320 4020 3579 4076 finitimas
3628 4036 3716 4076 re-

2143 4109 2329 4178 giones
2362 4119 2540 4165 terrae
2591 4119 2768 4165 motus
2820 4109 3018 4176 factus,
3059 4115 3114 4164 et
3169 4109 3472 4165 mortalitas
3526 4109 3715 4165 subsev

1668 4284 1751 4339 VA
1762 4284 2056 4342 RIANTES
2094 4286 2492 4343 LECTIONES.

541 4401 555 4430 ί
582 4398 673 4454 toti
706 4397 750 4450 B
779 4396 832 4451 2.
925 4397 946 4428 ’
989 4397 1250 4465 spoletum
1278 4394 1332 4465 4.
1362 4392 1424 4449 5.
1442 4394 1494 4448 6.
1591 4396 1611 4427 ³
1649 4395 1789 4450 deest
1814 4395 1924 4450 B2.

2020 4397 2041 4428 ‘
2078 4399 2274 4453 cecidit
2299 4399 2411 4453 B5.

2511 4401 2532 4431 ⁸
2561 4401 2711 4456 urbis
2739 4409 2950 4458 montes
2975 4401 3087 4458 B2.
3163 4403 3184 4434 ⁸
3225 4410 3280 4458 et
3331 4410 3540 4459 montes
3578 4401 3626 4458 Β
3662 4403 3715 4462 7.

465 4471 487 4502 "
515 4470 658 4523 deest
705 4467 814 4538 B2.
889 4466 910 4498 ⁸
937 4464 1251 4538 molliciem_
1271 4464 1317 4538 Β
1331 4467 1386 4519 2.
1407 4466 1488 4538 _5.
1554 4465 1575 4494 ‘
1603 4465 1824 4538 Ilibcrni
1857 4475 2096 4538 tempore
2126 4467 2236 4521 B2.
2316 4471 2358 4500 ¹⁰
2386 4470 2591 4538 spolcto
2615 4471 2668 4524 4.
2701 4471 2758 4526 5.
2785 4473 2838 4526 6.
2919 4474 2958 4504 “
2985 4473 3201 4538 aliquod
3227 4473 3337 4527 B2.
3416 4474 3459 4504 "
3491 4474 3721 4528 nuncia-

472 4551 558 4593 tor
588 4539 693 4592 B2.
771 4536 816 4568 ¹³
846 4545 1062 4604 portum
1115 4538 1166 4590 in
1223 4535 1376 4591 Pisas
1399 4535 1511 4589 B7.
1612 4537 1653 4566 “*
1680 4537 1858 4590 oviam
1893 4537 1939 4590 I.

472 4611 670 4663 mundo
713 4607 764 4660 5.
844 4606 1272 4676 “[sigismnndqs
1305 4606 1356 4676 5.

472 4678 516 4732 B
543 4679 594 4733 6.
674 4679 717 4709 ²⁰
745 4692 850 4746 que
880 4674 923 4728 Β
943 4674 997 4729 2.
1074 4676 1114 4746 f‘
1140 4674 1304 4730 clefas
1329 4675 1442 4746 B5.
1518 4677 1562 4706 "
1603 4692 1740 4745 quae
1769 4677 1833 4746 de
1857 4676 1963 4731 B5.
1997 4677 2047 4732 6.

474 4750 519 4782 "
562 4750 614 4803 in
660 4744 846 4818 spania
871 4747 977 4819 B5.
1007 4747 1059 4799 in
1085 4744 1768 4819 ispaniaAB‘6.__hispaniae_
1789 4745 1900 4798 B7.
1976 4748 2022 4778 ’⁸
2057 4744 2309 4819 ῑέῑᾳῐηίΒ
2337 4749 2390 4819 7.
2433 4757 2587 4802 zatus
2614 4749 2667 4802 4.
2708 4751 2782 4802 ita
2809 4760 2855 4803 et
2883 4750 3045 4819 infra.

1814 4819 2053 4883 perducti
2093 4816 2199 4871 BS.
2233 4817 2285 4871 6.
2363 4818 2404 4849 ³¹
2445 4819 2692 4874 octubrio
2730 4819 2841 4872 B2.
2913 4816 2958 4851 ’θ
2998 4820 3138 4874 deest
3190 4820 3238 4872 1.

473 4819 517 4873 Β
553 4821 603 4872 7.
674 4815 718 4850 ’³
755 4818 1156 4885 conprehensus
1179 4824 1262 4868 est
1285 4815 1339 4869 2.
1367 4815 1419 4868 4.
1448 4816 1499 4868 5.
1539 4815 1650 4868 B7.
1729 4815 1773 4846 ’°

2040 4539 2084 4610 ‘_“
2109 4538 2354 4610 vcrccllis
2385 4539 2494 4610 B2.
2529 4541 2603 4610 7."
2661 4541 2703 4572 ¹⁸
2752 4543 3024 4610 eporeiam

1455 4606 1497 4636 "
1529 4606 2003 4661 erchcmbauldum
2043 4607 2096 4662 2.
2138 4608 2542 4663 crchinboldum
2575 4609 2627 4662 5.
2704 4606 3128 4665 erchanboldum
3182 4610 3235 4664 6.
3296 4606 3720 4668 erchanbaldum

3110 4542 3163 4594 2.
3190 4541 3243 4595 5.
3267 4542 3318 4596 6.
3341 4542 3392 4595 7.
3493 4543 3533 4574 "'
3560 4544 3721 4601 sinis-

2144 4679 2190 4710 "
2214 4693 2319 4746 que
2363 4677 2747 4734 defcrabantur
2786 4680 2894 4734 B2.
2969 4683 3014 4711 "
3057 4688 3422 4750 transgressus
3463 4690 3549 4735 est
3596 4679 3638 4733 Β
3668 4681 3721 4734 5.

2146 4763 2233 4781 nm
2271 4749 2309 4781 Ω
2337 4749 2369 4781 ’7
2433 4757 2584 4781 σαι-ια
2618 4749 2646 4781 L
2708 4751 2782 4781 ειη
2811 4760 2855 4781 nl
2883 4750 3024 4781 .'..r....
3135 4751 3176 4780 ιτ
3209 4757 3356 4781 ..ωηο
3382 4751 3435 4781 Al
3540 4751 3585 4781 an
3609 4751 3721 4781 ηειηι

3208 4757 3356 4803 reate
3382 4751 3464 4803 11.
3540 4751 3585 4781 ⁸⁸
3608 4751 3726 4806 eius

3208 4859 3238 4871 η.
3325 4819 3370 4850 ³³
3408 4820 3640 4875 natalem
3670 4819 3720 4874 1.

476 4889 522 4959 3‘
565 4890 940 4959 helmgandym
986 4887 1038 4939 5.
1077 4885 1474 4959 μὴιξιίυδθυριξηι
1622 4885 1682 4959 6.
1712 4886 1763 4937 7.
1806 4887 1858 4959 9_.
1910 4887 2018 4941 86.
2058 4889 2112 4944 8.
2154 4888 2496 4959 heliiga‘udum
2545 4888 2597 4941 5.
2639 4889 2962 4959 heingaldun
3014 4888 3058 4942 Β
3076 4889 3125 4942 7.
3199 4890 3246 4921 "
3274 4891 3559 4944 statuerint
3605 4889 3719 4948 B2.

476 4954 810 5039 “.abula'hat
839 4956 947 5039 B7.
987 4954 1444 5039 anmhulabaanl‘G.
1485 4955 1562 5039 ﬂ"
1611 4955 1778 5038 misso
1833 4957 1886 5012 in
1903 4954 2286 5039 “Samnium
2311 4957 2421 5039 7.
2484 4959 2650 5039 misso
2693 4954 2935 5039 eaencitu
2959 4960 3011 5014 9.
3091 4959 3136 4991 ³⁸
3179 4961 3477 5031 grimoldus
3498 4959 3550 5014 4.
3583 4959 3635 5014 5.
3665 4959 3718 5018 6.

475 5028 822 5101 grimoaldus.
855 5028 907 5083 9.
987 5026 1030 5057 ³⁸
1057 5027 1275 5081 lucerna
1298 5025 1407 5080 B6.
1484 5024 1527 5057 "°
1557 5027 1872 5096 winegisum
1898 5027 2008 5081 B2.
2086 5029 2129 5058 "
2160 5026 2382 5098 fatigata
2409 5036 2535 5082 sunt
2559 5030 2772 5085 obsedit
2793 5029 2907 5083 B2.

1999 5179 2230 5236 NOTAE.

502 5351 528 5380 ε
615 5338 744 5404 Quze
771 5335 1131 5404 pulcherrima
1177 5336 1417 5390 omnium
1465 5335 1686 5392 basilica
1729 5350 1871 5390 anno
1911 5335 2046 5388 1823

484 5421 670 5464 mense
697 5407 858 5472 Julio,
885 5408 1017 5461 heu!
1057 5413 1166 5460 tota
1190 5405 1560 5476 conﬂagravit.

558 5478 584 5516 ι’
611 5477 783 5531 Ivrea.

559 5557 582 5584 ι
620 5549 856 5618 Regnum
883 5544 1008 5600 Fez.

2225 5337 2252 5376 δ
2283 5337 2479 5403 Cliieti,
2511 5337 2650 5393 haud
2676 5339 2861 5407 procul
2885 5339 2953 5392 ab
2977 5338 3200 5394 Ortona.

2239 5419 2263 5480 εξ
2302 5408 2490 5480 Porto-
2504 5407 2717 5472 Venere,
2745 5409 2803 5464 in
2830 5409 2970 5463 ostio
2994 5409 3144 5464 sinus
3168 5409 3470 5480 Spezziani.

2243 5477 2265 5557 ξ
2395 5495 2542 5530 mare
2565 5480 2842 5557 Superius,
2873 5480 3164 5557 nonlonge
3193 5477 3409 5557 alluvio
3434 5482 3627 5557 Sagro.

2238 5547 2265 5586 ⁸
2289 5545 2432 5603 Inter
2460 5545 2734 5599 meridiem
2771 5555 2824 5599 et
2848 5545 3180 5610 occidentém
3207 5551 3433 5627 Siponti.
