3988 6178
387 366 488 421 465

390 484 598 545 itinere,
621 478 799 533 subito
834 476 901 531 ad
933 477 1315 546 imperatorem
1343 491 1509 546 usque
1528 474 1792 542 pervenit.
1822 472 1966 525 Man—
1991 473 2041 533 Α

387 572 565 640 sitque
590 567 730 638 apud
759 566 911 620 illum
960 566 1077 621 dies
1134 574 1277 633 octo,
1306 576 1363 621 et
1409 566 1551 621 sicut
1596 565 1797 621 dictum
1843 571 1959 628 est,

389 661 614 717 Romam
639 657 934 728 repedavit.
964 657 1056 727 [Et
1078 658 1328 712 inmutat.
1358 665 1443 711 est
1471 670 1732 711 numerus
1766 669 1960 709 annor.

385 752 437 806 in
467 750 535 803 .4.
564 748 653 821 L.]

454 862 539 882 "“
574 858 712 932 [Rex
759 875 890 915 vero
938 861 1198 930 reliquam
1246 859 1705 932 partemhiemis
1753 858 1807 912 in
1858 859 1965 932 iam

382 932 529 986 dicto
556 930 757 1001 palatio
782 945 1065 1000 peragens,
1090 932 1292 1001 pascha
1338 930 1552 985 Domini
1599 944 1724 985 cum
1767 930 1966 1000 gaudio

383 1002 701 1056 celebravit.
730 1001 766 1072 9
794 1000 872 1072 b.]
1552 1069 1590 1072 __
1632 1070 1644 1072 4
1741 1071 1751 1072 ί
1814 1067 1837 1072 Α

469 1023 701 1054 enravu.
733 1023 766 1054 υ
794 1023 846 1054 υ.

384 1072 652 1143 [Rigbodo
682 1067 1025 1143 ‘_'I:rev'erum
1072 1071 1358 1143 episcopus
1387 1069 1526 1131 obiit
1551 1069 1776 1132 Kalend.
1804 1067 1964 1125 Octo-

381 1138 518 1198 bris.
548 1140 596 1195 B
616 1142 670 1194 2.
698 1139 778 1213 5.]

1047 1230 1291 1288 DCCCV.

454 1323 570 1379 Non
615 1324 784 1378 multo
818 1332 941 1395 post
965 1323 1249 1394 Capcanus
1276 1325 1298 1356 ³
1318 1364 1332 1389 ,
1373 1327 1626 1395 princeps
1663 1324 1961 1390 Hunorum,

379 1423 605 1485 prapter
627 1415 1007 1469 necessitatem
1028 1415 1213 1491 populi
1243 1415 1325 1469 sui
1353 1415 1734 1486 imperatorem
1757 1415 1891 1471 adiit
1920 1415 1963 1481 ³,

378 1503 663 1574 postulans
716 1503 739 1534 ‘
775 1504 878 1559 sibi
926 1503 1103 1561 locum
1157 1505 1273 1565 dari
1320 1504 1389 1559 ad
1431 1505 1782 1560 habitandum
1825 1505 1968 1559 inter

381 1591 669 1651 Sabariam
695 1605 720 1633 α
750 1600 804 1646 et
831 1591 1166 1647 Carnuntum
1195 1592 1220 1623 '
1240 1592 1289 1659 δ,
1314 1594 1440 1663 quia
1478 1602 1701 1664 propter
1745 1592 1968 1649 infesta-

380 1684 586 1737 tionem
630 1681 944 1741 Sclavorum
976 1682 1029 1736 in
1056 1682 1299 1751 pristinis
1339 1684 1557 1738 sedibus
1586 1697 1706 1738 esse
1735 1698 1841 1739 non
1870 1699 1967 1754 po-

379 1777 543 1824 terat.
594 1769 615 1799 ³
650 1771 820 1843 Quem
860 1770 1152 1839 imperator
1204 1771 1438 1840 benigne
1477 1773 1715 1843 suscepit
1741 1803 1816 1815 —
1846 1782 1967 1829 erat

376 1861 528 1919 enim
569 1859 851 1930 Capcanus
878 1860 897 1892 τ
926 1861 1278 1927 christianus,
1312 1863 1531 1918 nomine
1557 1862 1961 1919 Theodorus—

377 1962 436 2009 et
464 1953 718 2029 precibus
745 1952 863 2013 eius
884 1966 1147 2018 annuens,
1163 1953 1479 2009 muneribus
1505 1953 1765 2011 donatum
1785 1955 1966 2009 redire

376 2044 649 2116 permisit.
703 2041 804 2110 Qui
846 2042 1062 2097 rediens
1091 2042 1202 2097 8'ad
1234 2044 1489 2113 populum
1538 2060 1716 2111 suum,
1744 2060 1917 2115 pauco
1943 2049 1963 2076 ’

377 2147 629 2209 tempore
651 2144 924 2191 transacto
948 2136 1090 2190 diem
1115 2135 1268 2190 obiit.
1318 2136 1385 2190 Et
1431 2137 1579 2192 misit
1622 2137 1872 2208 Caganus
1921 2138 1967 2169 ³⁸

376 2243 551 2285 unum
578 2228 648 2283 de
689 2227 1042 2298 optimatibus
1074 2228 1114 2258 ³³
1152 2226 1300 2293 suis,
1328 2237 1519 2297 petens
1555 2229 1659 2283 sibi
1704 2230 1965 2283 honorem

373 2321 666 2390 antiquum
687 2360 702 2383 ,
727 2333 887 2387 quem
942 2317 1193 2388 Caganus
1225 2318 1267 2348 ³³
1305 2318 1445 2387 apud
1483 2317 1669 2373 Hunos
1698 2318 1741 2350 ³³
1766 2319 1967 2374 habere

374 2410 606 2465 solebat.
638 2408 804 2463 Cuius
845 2408 1098 2477 precibus
1132 2407 1428 2476 imperator
1474 2407 1763 2463 adsensum
1811 2423 1965 2479 prae-

375 2500 521 2564 buit,
552 2505 608 2552 et
642 2512 910 2552 summam
938 2497 1104 2552 totius
1130 2497 1282 2568 regni
1325 2496 1475 2552 iuxta
1502 2497 1740 2568 priscum
1775 2513 1965 2553 eorum

380 2588 550 2641 ritum
572 2585 845 2657 Caganum
877 2585 921 2618 "
951 2586 1152 2641 habere
1192 2585 1467 2655 praecepit.
1516 2585 1718 2641 Eodem
1760 2587 1964 2641 anno-‘

375 2677 534 2733 misit
557 2677 854 2732 exercitum
883 2692 1040 2732 suum
1068 2692 1190 2731 cum
1218 2676 1328 2731 ﬁlio
1355 2692 1452 2730 suo
1481 2676 1644 2731 Karlo
1673 2676 1728 2730 in
1760 2685 1963 2733 terram

375 2769 717 2835 Sclavorum,
746 2768 838 2838 qui
888 2775 1152 2823 vocantur
1195 2768 1238 2799 ³³
1268 2766 1507 2822 Beheimi
1539 2766 1583 2799 ³⁸
1614 2767 1674 2820 “‘.
1709 2765 1811 2836 Qui
1849 2783 1963 2823 om-

371 2874 505 2917 nem
536 2859 576 2890 ³⁷
608 2858 822 2913 illorum
840 2858 881 2890 ³⁸
904 2857 1138 2928 patriam
1160 2856 1535 2928 depopulatus,
1559 2856 1752 2913 ducem
1770 2873 1963 2914 eorum

369 2951 597 3006 nomine
642 2950 948 3011 Becbonem
996 2948 1043 2980 ³³
1084 2949 1413 3022 [Lechonem
1442 2949 1508 3003 A.
1538 2948 1629 3023 L.]
1655 2950 1887 3017 occidit,
1910 2957 1967 3007 et

369 3040 502 3102 inde
531 3056 831 3117 regressus,
851 3043 907 3097 in
936 3040 1145 3114 Vosego
1173 3041 1221 3072 ‘°
1234 3040 1367 3096 silva
1396 3041 1462 3096 ad
1489 3049 1701 3111 patrem
1730 3042 1775 3073 ³³
1793 3041 1960 3109 venit,

368 3130 576 3187 inloco
611 3133 704 3202 qui
747 3132 950 3187 dicitur
996 3132 1163 3203 Camp
1208 3143 1256 3187 ο.
1290 3130 1425 3186 Nam
1480 3132 1777 3203 imperator
1828 3132 1962 3189 Iulio

367 3240 566 3280 mense
592 3226 659 3279 de
688 3225 1013 3301 Aquisgrani
1048 3225 1348 3296 prolectus,
1382 3240 1483 3295 per
1515 3223 1825 3281 Tbeodonis
1866 3225 1964 3281 vil-

367 3315 484 3371 lam
506 3317 551 3346 ³³
568 3326 732 3392 atque
757 3316 936 3371 Mettis
959 3315 1259 3391 [profectus
1274 3315 1476 3371 Theod.
1492 3331 1547 3370 v.
1570 3331 1620 3370 a.
1645 3330 1745 3387 per
1764 3314 1964 3371 Mettis.

366 3411 443 3469 Α.
458 3407 547 3481 L.]
580 3410 869 3475 transiens,
884 3407 1153 3480 Vosegum
1167 3408 1214 3439 ³³
1227 3408 1399 3479 petiit.
1420 3407 1604 3478 Ibique
1626 3408 1901 3463 venationi
1919 3406 1968 3440 “

367 3513 579 3555 vacans
612 3496 757 3575 [rem
795 3512 1016 3569 operam
1048 3497 1183 3552 dans
1219 3496 1283 3550 Α.
1310 3496 1419 3570 L.],
1447 3508 1567 3568 post
1598 3499 1964 3553 reversionem

363 3590 653 3647 exercitus
675 3590 742 3645 ad
773 3589 1051 3645 Rumerici
1078 3589 1125 3621 ³⁸
1156 3588 1439 3645 castellum
1475 3587 1502 3627 δ
1535 3589 1832 3659 profectus,
1864 3588 1968 3645 ibi—

362 3696 480 3755 que
509 3680 843 3751 aliquantum
864 3680 911 3711 “
940 3681 1197 3752 temporis
1231 3687 1493 3747 moratus,
1525 3682 1589 3736 ad
1616 3679 1966 3736 hiemandum

366 3772 428 3824 in
457 3768 914 3824 Theodonis-villa
936 3768 1137 3839 palatio
1155 3783 1253 3823 suo
1281 3767 1546 3822 consedit.
1577 3766 1656 3821 Ibi
1683 3766 1752 3821 ad
1782 3769 1963 3821 eum"

366 3858 537 3913 ambo
560 3858 603 3889 ³⁸
627 3858 724 3913 lilii
755 3859 838 3913 sui
866 3858 1129 3928 Pippinus
1150 3866 1206 3913 et
1226 3857 1523 3912 Hludoicus
1551 3863 1837 3920 venerunt,
1875 3871 1967 3911 ce-

365 3950 712 4021 lcbravitque
733 3950 806 4006 ibi
831 3949 1066 4005 natalem
1084 3949 1316 4004 Domini.
1346 3946 1436 4019 [Et
1450 3946 1711 4001 inmutav.
1736 3961 1794 4002 se
1814 3962 1963 4001 num.

368 4058 569 4097 annor.
601 4042 654 4097 in
682 4042 747 4096 A.
772 4041 861 4115 L.]

368 4131 820 4276 Ατέῃξξιιὲηὺθῗεει
844 4134 1139 4205 imperator
1176 4132 1229 4187 in
1255 4131 1479 4204 palatio,
1511 4132 1656 4203 quod
1689 4132 1853 4188 situm
1880 4141 1967 4189 est

1862 352 2204 413 ANNAIJSS.

3532 346 3656 401 466'.

2136 475 2354 523 netrare
2378 467 2658 538 praecipit.
2705 460 2918 522 Partem
2957 474 3158 538 autem
3191 466 3643 538 exercitus_.cum

2136 482 2354 523 netrare
2378 482 2658 538 praecipit.
2705 482 2918 522 Partem
2966 482 3158 522 autem
3191 482 3641 529 exercitus.cum

2066 482 2266 621 Earum
2294 553 2441 626 rege,
2469 538 2741 619 ﬁlio_suo,
2765 553 2861 608 per
2887 534 3203 620 orientalem
3218 546 3438 661 lpartem
3467 535 3641 589 Fran-

2066 624 2185 661 ciae
2225 623 2320 661 seu
2346 609 2668 661 Germaniae
2695 624 2773 661 tre
2803 618 3097 661 praecepit.
3126 616 3185 661 ut
3266 621 3454 661 trcano
3498 606 3641 661 saltu

2066 610 2185 665 ciae
2225 623 2320 663 seu
2346 606 2668 678 Germaniae
2695 606 2777 678 ire
2799 608 3097 678 praecepit,
3126 616 3185 661 ut
3218 606 3454 678 Hircauo
3498 606 3649 661 saltu

2066 678 2380 742 transiecto,
2408 677 2689 732 iamdictos
2724 676 2954 733 Scluvos
2984 676 3283 732 invaderet.
3306 677 3481 731 Aliam
3511 691 3641 730 vero

2102 757 2387 829 artem_per
2408 746 2700 829 saxoniam
2722 747 2980 829 dirigens,
2997 757 3134 829 uter
3152 747 3323 829 altera
3339 756 3497 829 parte
3516 761 3663 829 cum.-

2065 765 2274 874 gartem
2290 765 2387 817 per
2408 765 2700 804 baxomam
2722 765 2980 829 (lU'lgCItS,
2997 765 3054 800 ιιι
3068 765 3134 801 ex
3152 765 3323 828 altera
3339 765 3497 828 parte
3516 765 3643 801 cum

2109 819 2374 878 amnibus
2410 826 2466 872 et
2516 817 2910 875 innumerabili:
2934 834 2997 871 us
3037 815 3243 871 Sclavns
3263 858 3277 882 ,
3305 823 3533 871 transito
3574 814 3643 869 ab

2068 889 2319 959 aquilone
2369 888 2623 947 iamdicto
2664 887 2827 951 saltu,
2865 887 2917 941 in
2967 887 3188 959 Sclavos
3244 894 3643 959 prorumperet.

2067 956 2251 1014 Tertia
2277 973 2488 1028 quoque
2523 972 2590 1012 ex
2614 966 2769 1028 parte
2808 958 3206 1028 expeditionem
3244 957 3409 1028 totius
3451 956 3667 1028 Baioa-.

2066 1029 2180 1083 riae
2211 1029 2266 1083 in
2295 1026 2541 1084 eandem
2586 1027 2857 1084 restionem
2880 1026 3112 1081 'intrare
3147 1026 3324 1081 iussit.
3352 1026 3644 1081 Venientes

2068 1106 2250 1153 autem
2274 1098 2513 1167 undique
2541 1098 2596 1152 in
2619 1096 2906 1167 planiciem
2946 1096 3192 1161 Bchemi,
3213 1096 3452 1167 universi
3468 1096 3643 1167 “prin:

2068 1169 2215 1236 cipes
2245 1165 2581 1241 diversarum
2612 1165 2868 1241 gentium
2889 1166 2941 1220 in
2978 1175 3269 1236 conspectu
3293 1166 3435 1241 regis
3462 1165 3645 1241 Iiaroli

2068 1235 2451 1308 pervenerunt.
2491 1235 2870 1308 Castra‘metati
2926 1245 3054 1308 sunt
3087 1235 3266 1308 autem
3295 1235 3670 1308 haut-procul:

2068 1302 2099 1361 a
2131 1322 2191 1363 se
2236 1306 2313 1361 illi
2354 1306 2775 1361 innumerabiles
2810 1307 3083 1362 exercitus
3125 1306 3412 1361 distantes.
3459 1302 3658 1365 Κειτοιί

2068 1386 2248 1457 autem
2278 1377 2511 1457 regismet
2534 1376 2832 1457 principum
2856 1377 2954 1457 qui
2986 1391 3111 1431 cum
3133 1392 3216 1457 eo_
3229 1384 3385 1431 erant
3419 1373 3647 1457 imperio

2066 1444 2371 1518 usustotus
2408 1446 2513 1518 ille
2536 1444 2836 1518 exercitus,
2876 1444 3052 1515 ipsam
3104 1447 3401 1518 regionetn
3427 1444 3643 1518 invasit.

2070 1516 2176 1573 Sed
2199 1516 2377 1573 Sclavi
2408 1516 2550 1579 invia
2572 1523 2627 1569 et
2654 1514 2824 1570 saltus
2851 1513 3219 1585 penetrantes,
3249 1530 3308 1570 se
3334 1515 3559 1585 minime
3577 1513 3666 1567 ad-

2067 1594 2819 1659 pugnamdpraepa‘raverunt.
2879 1585 3100 1659 Vastata
3128 1596 3307 1639 autem
3335 1584 3394 1639 et
3427 1585 3666 1659 incensa-

2140 1654 2169 1712 ιἶ
2188 1658 2259 1711 40
2285 1654 2420 1713 dies
2450 1654 2638 1712 eadem
2680 1655 2920 1726 regione,
2967 1656 3157 1726 ducem
3191 1669 3384 1726 eorum
3426 1654 3648 1726 nomine

2140 1673 2259 1712 rw
2285 1673 2420 1713 ales
2450 1673 2638 1712 eadem
2680 1673 2920 1726 regione,
2967 1673 3157 1710 uocem
3191 1673 3379 1709 eorum
3426 1673 3645 1710 nonnne

2068 1673 2374 1783 ﬁeboncm
2402 1725 2620 1781 occidit.
2655 1726 2721 1778 Et
2764 1727 2890 1780 dum
2932 1741 3033 1779 nec
3074 1725 3181 1779 iam
3228 1723 3421 1793 pabula
3470 1724 3645 1793 equis.

2071 1806 2165 1852 aut
2188 1797 2398 1852 cibaria
2427 1796 2689 1851 exercitui
2719 1803 3094 1864 superessent,
3121 1802 3328 1848 vastata
3371 1803 3428 1849 et
3468 1794 3535 1847 ad
3566 1794 3650 1847 ni-

2070 1868 2238 1923 hilum
2259 1866 2478 1921 redacta
2509 1866 2614 1919 iam
2639 1864 2784 1919 dicta
2817 1865 3054 1935 regione,
3085 1865 3152 1918 ad
3203 1865 3423 1935 propria
3465 1878 3651 1935 rever-

2066 1953 2161 1994 sus
2196 1947 2302 1992 est.
2334 1935 2632 2005 Imperator
2667 1950 2798 1990 vero
2843 1933 3012 2004 ipsius
3057 1936 3285 2005 aestatis
3306 1933 3543 2004 tempus
3590 1933 3651 2005 in

2067 2007 2354 2088 venatione
2373 2003 2431 2088 et
2454 2005 2781 2087 iocunditate
2805 2003 3095 2088 peragens,
3114 2020 3211 2074 per
3247 2003 3513 2088 Vosagum
3542 2003 3646 2088 ,ξει-

2067 2093 2189 2132 vam
2238 2074 2623 2146 itcrhl‘aciens,
2654 2073 2901 2146 pervenit
2946 2073 3018 2129 ad
3081 2073 3409 2146 locumgqui
3451 2073 3651 2146 dicitur

2067 2147 2320 2217 Campus.
2350 2144 2537 2215 Ibique
2561 2142 2767 2217 aliquot
2796 2145 2984 2201 diebus
3019 2160 3225 2217 moram
3265 2142 3491 2217 faciens,
3510 2142 3650 2198 dile-

2068 2214 2219 2272 ctum
2239 2216 2405 2270 lilium
2432 2214 2591 2271 suum
2616 2214 2871 2271 Karolum
2895 2230 3076 2286 regem
3107 2216 3175 2271 ab
3197 2214 3544 2286 expeditione
3570 2228 3650 2286 re-

2068 2301 2430 2367 versumcum
2459 2286 2656 2367 gaudio
2679 2287 2936 2367 suscepit.
2961 2282 3114 2367 'Inde
3147 2282 3285 2367 vero
3303 2299 3488 2339 mense
3516 2282 3651 2367 Iulio

2067 2357 2135 2438 de
2159 2353 3148 2438 Aquisgrani‘profectu‘s,_'I‘heodonis
3172 2353 3354 2409 villam
3375 2354 3645 2425 pervenit,

2068 2425 2239 2499 atque
2256 2425 2355 2499 per
2382 2425 2579 2492 Mettis,
2606 2435 2711 2483 etc.
2749 2427 2784 2483 9
2814 2426 2896 2500 b.]

2140 2632 2336 2689 Statim
2375 2639 2500 2704 post
2533 2632 2774 2689 natalem
2802 2632 3019 2690 Domini
3048 2639 3316 2689 venerunt
3352 2629 3565 2686 Willeri
3601 2629 3651 2662 ³³

2067 2732 2125 2780 et
2162 2723 2393 2790 Beatus,
2437 2724 2606 2780 duces
2634 2722 2892 2780 Venetiae
2916 2764 2930 2788 ,
2962 2739 3174 2780 necnon
3215 2729 3270 2779 et
3311 2721 3512 2777 Paulus
3543 2721 3675 2783 dux,

2066 2816 2285 2872 Iaderae
2314 2816 2360 2850 ³³
2394 2828 2418 2857 ο
2449 2824 2613 2888 atque
2639 2816 2684 2849 ³³
2711 2818 2951 2874 Donatus
2987 2817 3232 2874 eiusdem
3271 2816 3512 2874 civitatis
3538 2815 3671 2885 θρῖα.

2065 2922 2283 2977 scopus,
2332 2907 2495 2979 legati
2523 2906 2895 2964 Dalmatarum
2922 2908 2968 2941 ³³
2994 2949 3009 2974 ,
3039 2908 3107 2963 ad
3132 2908 3498 2978 praesentiam
3544 2906 3649 2961 im-

2064 2997 2334 3068 peratoris
2376 3011 2501 3052 cum
2540 2998 2752 3067 magnis
2787 2998 2964 3054 donis.
2994 2998 3061 3053 Et
3094 2997 3235 3053 facta
3276 3004 3361 3053 est
3402 2996 3474 3051 ibi
3500 2996 3661 3051 ordi-'

2065 3088 2215 3144 natio
2250 3089 2318 3145 ab
2358 3090 2686 3159 imperatore
2724 3089 2792 3145 de
2833 3088 3063 3146 ducibus
3092 3097 3147 3153 et
3186 3087 3400 3160 populis
3446 3087 3493 3118 ³³
3538 3095 3679 3153 ιιιηιε,

1990 3174 2035 3238 C
2067 3181 2326 3238 Venetiae
2359 3195 2522 3252 quam
2561 3181 2882 3239 Dalmatiae.
2926 3182 3143 3255 Illisque
3183 3168 3446 3243 absolutis
3468 3223 3492 3248 ι
3514 3194 3648 3237 con-

2065 3285 2287 3331 ventum
2315 3275 2507 3330 habuit
2541 3276 2837 3347 imperator
2874 3292 2995 3333 cum
3043 3276 3371 3351 primoribus
3417 3282 3473 3330 et
3508 3276 3651 3344 optis

2067 3366 2305 3423 matibus
2334 3364 2671 3423 Francorum
2701 3368 2767 3423 de
2784 3383 2918 3443 pace
2947 3367 3326 3431 constituenda
3353 3375 3408 3422 et
3432 3379 3655 3422 conser-

2068 3457 2246 3514 vanda
2287 3458 2431 3512 inter
2474 3456 2612 3513 ﬁlios
2637 3473 2800 3525 suos,
2838 3465 2894 3514 et
2930 3458 3192 3514 divisione
3225 3457 3379 3528 regni
3406 3456 3651 3511 facienda

2069 3546 2124 3601 in
2158 3554 2268 3602 tres
2292 3555 2478 3620 partes
2497 3588 2513 3614 ,
2541 3554 2602 3602 ut
2624 3548 2790 3603 sciret
2816 3548 3191 3619 unusquisque
3221 3547 3457 3611 illorum,
3489 3560 3655 3614 quam

2069 3645 2279 3706 partem
2309 3637 2448 3692 tueri
2489 3644 2547 3693 et
2570 3652 2762 3709 regere
2785 3638 3079 3702 debuisset,
3114 3637 3160 3691 si
3190 3643 3466 3706 superstes
3502 3634 3548 3666 ³³
3577 3634 3657 3690 illi

2070 3726 2346 3785 deveniret
2368 3725 2634 3798 [eveniret
2656 3727 2722 3782 A.
2752 3726 2862 3799 L.].
2888 3727 2965 3782 De
2978 3728 3080 3782 hac
3098 3726 3390 3797 partitione
3412 3734 3465 3780 ct
3488 3732 3653 3781 testa.

2069 3824 2312 3872 mentum
2364 3818 2609 3885 factum,
2664 3828 2724 3874 et
2772 3818 3122 3875 iureiurando
3188 3819 3258 3873 ab
3303 3816 3657 3889 optimatibus

2069 3908 2405 3964 Francorum
2433 3908 2811 3965 conﬁrmatum
2832 3948 2848 3975 ,
2895 3916 2952 3964 et
2980 3908 3396 3971 constitutiones
3420 3908 3467 3939 ³⁸
3506 3908 3659 3981 pacis

2070 3991 2472 4054 conservandae
2525 4013 2689 4054 causa
2730 3997 2775 4029 ³⁸
2821 3998 3029 4065 factae,
3079 4007 3241 4068 atque
3295 3996 3429 4052 haec
3475 3996 3658 4065 omnia

2069 4090 2267 4147 litteris
2294 4092 2549 4147 mandata
2596 4100 2744 4159 sunt,
2795 4099 2851 4147 et
2890 4091 3059 4149 Leoni
3089 4106 3294 4163 papae,
3343 4098 3403 4146 ut
3431 4090 3516 4145 bis
3553 4105 3655 4147 sua

2070 4195 2236 4235 manu
2261 4181 2656 4248 subscriberet,
2679 4197 2780 4253 per
2800 4182 3133 4237 Einhardum
3163 4181 3205 4213 ³⁷
3230 4182 3417 4237 missa.
3448 4178 3655 4248 Quibus

451 4278 488 4293 "
517 4272 592 4345 [et
625 4272 730 4347 per
750 4283 865 4332 tres
882 4275 999 4330 vias
1023 4274 1078 4331 in
1111 4274 1341 4333 eandem
1359 4272 1647 4345 regionem
1670 4273 1970 4334 exercitum
1994 4288 2049 4349 1)
2072 4272 2329 4343 pontifex.
2367 4273 2543 4341 lectis,
2580 4282 2637 4330 et
2672 4275 2962 4331 adsensum
3009 4276 3289 4347 praebuit,
3342 4284 3396 4332 et
3439 4274 3656 4347 propria

1620 4388 2013 4446 VARIANTES
2048 4390 2452 4447 LECTIONES.

449 4481 732 4556 _'_Rig'.:o:lo
777 4491 882 4556 etc.
924 4485 1176 4556 reperitur
1225 4486 1382 4556 etiam
1427 4484 1483 4537 in
1527 4498 1652 4536 amt.
1706 4480 1960 4556 fulciens.

369 4552 498 4607 B5.
552 4551 790 4623 capanus
832 4554 887 4609 5.
938 4551 989 4609 6.
1033 4570 1266 4611 cacauus
1314 4553 1368 4609 9.
1425 4566 1664 4621 caganus
1711 4552 1765 4623 7_.
1810 4551 1857 4611 B
1886 4553 1938 4607 7.

322 4642 329 4649 ί
370 4621 661 4677 carnotum
701 4623 746 4676 Β
778 4624 830 4678 5.
874 4636 1197 4679 coruuntum
1255 4623 1308 4677 5.
1361 4631 1682 4677 carnontum
1721 4621 1765 4675 Β
1821 4623 1873 4676 7.

2048 4552 2068 4584 ³
2110 4552 2318 4609 addidit
2357 4552 2404 4607 Β
2459 4553 2513 4607 2.

1975 4623 2272 4694 6poterant
2321 4624 2378 4678 4.
2429 4623 2482 4679 5.
2530 4625 2583 4679 6.

372 4694 428 4746 6.
460 4693 515 4748 8.
540 4693 594 4765 9.
617 4702 882 4765 captantis
901 4693 947 4747 Β
978 4695 1030 4749 5.
1061 4709 1299 4765 capanus
1328 4692 1384 4765 5.
1411 4693 1470 4765 6.
1496 4708 1730 4765 cacantis
1754 4691 1808 4748 9.
1835 4691 2073 4765 caganus
2098 4695 2151 4748 7.
2174 4692 2220 4746 Β
2249 4695 2301 4749 7.

2062 4483 2404 4604 72am
2426 4483 2513 4604 La.
2529 4482 2588 4537 ³*
2615 4480 2939 4604 Patrobii
2975 4479 3190 4604 ἐξα
3212 4481 3267 4584 ξ·
3284 4481 3657 4604 ςῗίρηῗΐυίὲῗῖέῗ

2662 4550 2939 4624 postulans
2982 4550 3028 4604 Β
3072 4550 3127 4605 2.
3234 4552 3255 4584 ⁵
3284 4550 3566 4615 Carnutum
3600 4554 3651 4608 6.

2684 4623 2707 4654 ⁷
2742 4636 3017 4692 capeanus
3067 4621 3115 4675 1.
3141 4619 3194 4674 2.
3224 4621 3277 4692 5.
3314 4621 3369 4675 4.
3401 4620 3501 4692 (7.)
3527 4621 3571 4675 Β
3595 4622 3651 4677 2.

2393 4694 2415 4726 ⁸
2447 4694 2699 4750 reddicns
2720 4691 2764 4746 Β
2789 4690 2844 4747 2.
2920 4690 2941 4722 ’
2968 4706 3169 4762 paucos
3211 4690 3258 4746 B
3301 4692 3355 4746 2.
3412 4690 3419 4692 ⁷
3446 4761 3449 4762 ν
3482 4692 3659 4762 ἐρει-

372 4778 550 4888 gauus
572 4763 623 4817 1.
656 4761 712 4817 2.
744 4763 797 4818 3.
828 4764 882 4819 4.
912 4765 964 4819 5.
998 4764 1051 4819 6.
1094 4761 1145 4819 7ῖ
1187 4763 1233 4817 Β
1267 4764 1321 4817 2.
1354 4762 1405 4816 5.
1444 4762 1497 4816 6.
1525 4762 1577 4815 7.
1601 4762 1654 4817 8.
1687 4761 1927 4818 cacanus
1947 4765 2002 4819 9.
2083 4766 2122 4796 ”
2154 4764 2506 4820 obtimatibus
2596 4764 2653 4819 2.
2735 4765 2780 4795 ³³
2828 4761 3072 4834 caganus
3118 4763 3169 4817 1.
3198 4762 3253 4817 2.
3278 4762 3331 4817 4.
3357 4763 3411 4817 6.
3443 4761 3495 4816 7.
3528 4761 3573 4816 Β
3600 4762 3657 4816 2.

414 4874 428 4887 .
461 4834 517 4887 6.
545 4833 597 4888 7.
623 4833 677 4888 8.
711 4850 982 4888 capeanus
1007 4835 1060 4888 5.
1089 4849 1326 4888 capanus
1353 4832 1407 4887 5.
1439 4847 1675 4888 cacanus
1707 4832 1760 4886 9.
1840 4833 1883 4865 “
1914 4834 2056 4888 apud
2082 4834 2257 4888 hunos
2294 4834 2434 4888 deest
2458 4834 2505 4888 B
2534 4835 2588 4888 6.
2669 4833 2712 4866 ³³
2751 4849 3018 4888 caaanum
3066 4850 3203 4887 corr.
3254 4848 3459 4888 caeano
3505 4831 3549 4884 Β
3602 4834 3654 4885 2.

461 4834 517 4887 6.
545 4833 597 4888 7.
623 4833 677 4889 8.
711 4850 982 4905 capeanus
1007 4835 1060 4890 5.
1089 4849 1326 4903 capanus
1353 4832 1407 4905 5.
1439 4847 1675 4905 eacanus
1707 4832 1792 4905 9.4
1830 4833 1883 4905 _“
1914 4834 2056 4904 apud
2082 4834 2257 4905 hunos
2294 4834 2434 4890 deest
2458 4834 2505 4888 B
2534 4835 2588 4889 6.
2669 4833 2712 4866 ³³
2751 4850 2813 4905 ea

379 4905 422 4935 ³⁸
459 4911 685 4961 vocatur
710 4903 926 4961 beheim
954 4906 1005 4960 4.
1084 4905 1128 4937 ³⁸
1151 4904 1363 4959 bebcmi
1395 4904 1448 4957 7.
1474 4903 1794 4957 behemanni
1818 4903 1870 4959 9.
1899 4903 2170 4958 behehuni
2204 4904 2245 4957 Β
2273 4906 2326 4959 7.

2854 4831 3018 4888 auum
3066 4850 3203 4887 corr.
3254 4848 3459 4904 cagano
3505 4831 3559 4904 B_
3600 4834 3654 4904 2.

2428 4851 2505 4888 zu
2534 4851 2588 4889 υ.
2669 4851 2712 4866 ι’
2751 4851 2813 4890 ca
2854 4851 3018 4888 anum
3066 4851 3203 4887 corr.
3254 4851 3459 4904 cagano
3505 4851 3547 4884 υ
3602 4851 3650 4885 z.

2428 4906 2469 4937 ³⁷
2508 4921 2668 4960 omne
2694 4906 2719 4958 1
2753 4851 2879 4960 8%.
2986 4904 3029 4935 ³³
3064 4905 3245 4958 omnia
3284 4904 3321 4957 i.
3355 4913 3410 4957 et
3438 4919 3491 4972 p.
3522 4901 3565 4954 Β
3596 4903 3650 4957 7.

380 4974 423 5046 ’_’
453 4975 751 5033 bechonem
780 4977 832 5029 1.
874 4975 928 5030 2.
966 4978 1019 5032 5.
1048 4976 1101 5029 4.
1131 4975 1187 5031 5.
1216 4975 1267 5029 6.
1306 4974 1358 5029 7..
1388 4974 1694 5046 [echoncm
1716 4972 1769 5026 9.
1801 4972 1845 5026 Β
1883 4974 1936 5027 2.
1970 4974 2021 5027 5.
2055 4974 2113 5046 6.
2136 4975 2187 5027 7.
2220 4977 2274 5030 8.
2347 4976 2394 5007 ³ο
2422 4976 2685 5046 vosegol.
2708 4976 2762 5030 5.
2796 4974 2934 5046 έ1κ5.
2961 4973 3086 5046 6.7B
3120 4973 3177 5046 2.
3203 4973 3344 5046 5._6_.
3374 4974 3657 5046 8.7voscga

374 5044 430 5101 2.
460 5060 716 5121 vosegum
730 5046 787 5121 7.
797 5049 1354 5121 vogesum9,_tvosagp
1377 5043 1500 5121 Β
1513 5045 1586 5097 ita
1613 5043 1870 5121 deinceps.

378 5130 507 5237 ius]
527 5114 683 5216 836.
770 5115 817 5147 “
841 5114 1361 5199 venationibuSOBE.

490 5224 504 5237 .
667 5201 854 5237 eorum
894 5186 939 5237 B
964 5186 1019 5237 2.
1095 5188 1141 5218 ³⁸³
1172 5189 1353 5237 ιῇιαιιθ

451 5184 504 5238 6.
538 5254 547 5256 _
600 5185 644 5216 "
667 5201 854 5243 eorum
894 5186 939 5256 Β
964 5186 1019 5241 2.
1095 5188 1141 5218 ³⁸
1172 5184 1571 5256 ibiqueambo
1604 5183 1659 5236 2.
1730 5184 1774 5215 ³³
1806 5185 2083 5256 wilharius
2120 5187 2173 5241 9.
2233 5186 2471 5242 willerus
2514 5187 2568 5241 7.

1959 5046 2002 5076 ³³
2023 5045 2088 5098 ad
2104 5045 2482 5113 imperatorem
2505 5045 2576 5101 5.7
2595 5056 2642 5099 ct
2668 5045 2823 5100 codd.
2855 5045 2922 5099 Β.

1454 5114 1501 5146 ³³
1529 5112 1797 5168 ιόῐηθιιὶρῖ
1818 5112 1930 5168 B6.
1978 5112 2234 5169 rumorici
2255 5116 2307 5169 7.
2339 5117 2601 5171 rumricbi
2645 5117 2699 5172 9.
2737 5115 3001 5171 numerici
3033 5114 3087 5167 4.

3022 5045 3068 5076 “
3090 5044 3214 5098 villa
3237 5044 3282 5096 Β
3308 5044 3359 5098 7.
3436 5044 3482 5074 ³³
3500 5060 3657 5099 vosa-

3188 5115 3233 5144 ²⁶
3262 5113 3655 5183 aliquantulum

2675 5182 2720 5218 ³ο
2760 5187 2978 5241 iodeme
3017 5183 3062 5239 Β
3091 5184 3143 5237 7.
3246 5184 3289 5216 ³³
3318 5182 3494 5254 adque
3520 5183 3566 5238 Β
3592 5184 3648 5239 2.

381 5253 427 5330 ³³
465 5254 842 5330 dalma‘tiarurn
871 5255 921 5330 Β
946 5258 1012 5330 7.,
1069 5257 1120 5330 ff
1145 5253 1396 5330 populi!)
1428 5256 1495 5330 2;
1531 5255 1946 5330 "‘_superes_tes
1972 5254 2029 5330 Β
2052 5255 2105 5330 2.
2154 5256 2235 5330 *³³
2258 5258 2644 5330 constitutione
2667 5254 2712 5330 Β
2735 5256 2789 5330 2.
2856 5255 2912 5330 _”
2937 5269 3099 5330 cause
3125 5254 3189 5308 Β.
3216 5254 3271 5330 _2.
3339 5255 3390 5330 _"’
3411 5253 3654 5330 ’einhar-

382 5323 509 5398 dum
540 5327 607 5398 1.
628 5326 684 5380 2.
708 5327 763 5385 4.
796 5329 847 5381 7.
884 5327 927 5382 Β
983 5327 1035 5381 5.
1068 5327 1120 5382 7.
1146 5323 1432 5383 cinarduut
1452 5324 1498 5378 Β
1525 5325 1580 5381 2.
1609 5323 1963 5381 lteiithardum
1989 5325 2034 5380 Β
2062 5328 2112 5380 6.
2153 5327 2490 5382 heinlardum
2519 5330 2573 5383 5.
2611 5325 2966 5398 cginbardutn
2993 5325 3046 5380 9.
3081 5325 3448 5396 pernhardum
3474 5325 3527 5380 6.
3562 5342 3657 5397 per

384 5394 703 5453 einhardum
727 5398 871 5452 deest
897 5398 949 5453 5.

1890 5485 2095 5542 NOTAE
2106 5528 2118 5540 .

458 5588 482 5615 ⁸³
524 5576 743 5636 Sarvar.

2076 5575 2334 5650 Bruyéres
2362 5576 2626 5650 adrivum
2667 5575 2911 5649 Velogne,
2936 5595 2966 5634 a
2993 5579 3357 5650 septentrione
3384 5578 3657 5637 linum-rivi

461 5646 486 5685 δ
526 5644 810 5725 Heimburg
824 5647 1087 5725 pppidum
1113 5648 1178 5702 ad
1203 5647 1523 5712 Danubium,
1570 5646 1621 5699 in
1660 5645 1891 5701 Austrite
1917 5655 1973 5699 et
2078 5644 2305 5725 montis,
2329 5647 2471 5725 etab
2495 5648 2708 5705 oriente
2730 5644 2955 5721 Sp'inalii
2980 5644 3241 5725 (Epimd).

391 5713 676 5785 Ilungarize
711 5713 1032 5773 conﬁnibus.

482 5797 504 5828 ε
536 5787 760 5860 Cltnmps
823 5789 876 5844 in
937 5787 1318 5859 Lotharingia,
1375 5788 1498 5842 villa
1576 5802 1740 5858 parva
1802 5802 1969 5858 prope

2147 5715 2172 5756 ἀ
2208 5715 2574 5772 Βινηιὶνειηοηι.

2154 5798 2175 5826 (⁸
2200 5784 2363 5842 Zura.
