3986 6174
363 302 468 356 id!)

1839 298 2171 360 ANNALES.

3511 298 3627 354 470⁷

362 428 513 470 suam
533 412 600 466 de
620 410 921 480 Hispaniae
941 410 1138 480 gressi,
1163 409 1336 478 primo
1361 408 1668 463 Sardiniam
1690 407 1935 478 adpulsi'
1967 433 2015 492 Α
2041 406 2322 462 cuiusdam
2350 407 2532 477 oppidi
2561 421 2684 462 cum
2713 406 2963 476 plurimis
2988 408 3259 462 Danorum
3290 407 3617 476 primoribus

362 512 526 565 sunt,
584 501 768 569 ibique
810 515 933 554 cum
992 498 1181 553 Sardis
1242 499 1448 568 proelio
1505 498 1834 563 commisso,
1885 508 1941 553 et
2044 496 2356 553 interfectus
2398 506 2503 554 est.
2549 497 2720 552 Filius
2748 504 2926 552 autem
2965 497 3313 566 imperatoris
3341 497 3538 553 Karlus
3572 501 3612 531 ιι

361 593 542 648 multis
576 607 799 647 suorum
835 592 1054 646 amissis
1079 621 1151 631 -—
1180 606 1304 645 nam
1354 591 1456 645 tria
1489 591 1636 645 milia
1683 590 1756 645 ibi
1798 589 1941 645 ceci-

357 683 500 738 disse
518 682 873 752 perhibentur
903 711 972 721 --
997 682 1049 736 in
1078 681 1353 737 Corsicam
1387 691 1534 736 recto
1555 696 1717 736 cursu
1744 694 1937 751 perve-

354 780 571 827 nerunt.
601 771 681 830 lbi
708 771 906 826 iterum
938 771 995 824 in
1020 771 1255 840 quodam
1276 779 1435 841 portu
1455 770 1699 826 eiusdem
1726 769 1937 825 insulae

353 878 476 918 cum
496 862 671 918 classe
691 861 780 916 cui
801 862 1151 916 Burchardus
1166 862 1191 892 ³
1214 870 1490 932 praeerat,
1517 860 1723 931 proelio
1749 862 1937 917 decer-

352 960 626 1017 taverunt,
661 951 898 1020 victique
925 966 991 1005 ac
1030 951 1203 1022 fugati
1241 960 1399 1016 sunt,
1429 951 1644 1008 amissis
1674 952 1935 1007 tredecim

349 1042 580 1097 navibus
627 1050 685 1096 et
731 1042 978 1113 plurimis
1016 1058 1236 1097 suorum
1281 1042 1603 1099 interfectis.
1644 1043 1793 1098 Adeo
1843 1045 1934 1099 illo

348 1146 494 1186 anno
518 1132 573 1185 in
607 1133 858 1187 omnibus
883 1133 1019 1187 locis
1047 1133 1273 1188 adversa
1310 1132 1527 1188 fortuna
1550 1133 1758 1205 fatigati
1780 1145 1926 1202 sunt,

347 1231 406 1274 ut
439 1221 539 1291 ipsi
567 1221 671 1277 sibi
692 1223 796 1277 hoc
816 1222 1081 1279 accidisse
1120 1224 1302 1278 testati
1329 1224 1438 1279 sint
1464 1225 1509 1288 ³,
1536 1240 1603 1279 eo
1624 1227 1769 1294 quod
1789 1242 1932 1283 anno

344 1311 626 1380 superiore
659 1320 852 1367 contra
889 1328 1105 1368 omnem
1155 1314 1422 1369 iustitiam
1449 1315 1523 1370 de
1554 1316 1832 1372 Patelaria.
1852 1317 1874 1348 ἰ
1900 1329 1928 1359 α

343 1400 520 1457 insula
545 1405 828 1475 sexaginta
860 1407 1155 1462 monachos
1198 1414 1507 1476 asportatos
1528 1409 1583 1462 in
1620 1408 1881 1481 Hispania
1907 1411 1931 1443 ⁸

343 1493 722 1559 vendiderunt,
768 1509 1001 1564 quorum
1024 1496 1190 1566 aliqui
1230 1513 1330 1568 per
1360 1498 1741 1555 liberalitatem
1782 1501 1803 1533 ⁸
1827 1502 1930 1557 im—

342 1584 616 1652 peratoris
655 1586 852 1640 iterum
884 1587 953 1641 ad
992 1603 1088 1642 sua
1121 1588 1338 1659 [iterum
1368 1590 1424 1645 in
1456 1606 1554 1646 sua
1582 1591 1648 1645 A.
1686 1592 1775 1666 L.]
1808 1594 1932 1650 loca

341 1676 544 1731 reversi
573 1686 722 1732 sunt.
766 1677 956 1734 Niceta
983 1682 1245 1750 patricius
1268 1723 1284 1747 ,
1315 1682 1408 1752 qui
1436 1698 1560 1737 cum
1583 1685 1757 1740 classe
1793 1702 1924 1741 con-

2038 587 2250 642 Albiam
2277 596 2440 658 ponte
2469 589 2645 642 iunxit
2673 588 2738 655 ¹³,
2760 596 2815 643 et
2843 589 3141 643 exercitum
3171 587 3260 643 cui
3285 596 3534 658 praeerat
3559 588 3630 643 in

2039 674 2271 731 Linones
2301 677 2343 708 ¹³
2367 685 2422 732 et
2449 675 2790 747 Smeldingos
2822 678 2867 709 νδ
2902 677 2955 743 ι),
2985 679 3079 747 qui
3116 686 3170 733 et
3208 676 3310 749 ipsi
3337 679 3406 733 ad
3432 679 3613 737 Bodo-

2038 766 2236 821 fridum
2286 783 2471 838 regem
2516 767 2851 835 defecerant,
2885 778 3087 839 quanta
3125 769 3301 839 potuit
3329 769 3609 823 celeritate

2038 861 2389 930 transposuit,
2402 860 2780 932 populatisque
2795 862 3211 931 circumquaque
3230 876 3420 919 eorum
3440 862 3610 932 agris,

2039 950 2269 1005 transito
2301 951 2500 1005 iterum
2527 950 2766 1015 ﬂumine,
2799 967 2922 1007 cum
2968 952 3221 1008 incolumi
3264 952 3513 1008 exercitu
3555 953 3610 1006 in

2037 1036 2331 1095 Saxoniam
2360 1057 2419 1096 se
2449 1041 2867 1110 recepit..Erant
2892 1058 3015 1099 cum
3042 1041 3335 1105 Godofrido
3362 1043 3416 1102 in
3445 1058 3608 1114 expe-

2033 1130 2233 1186 ditione
2256 1133 2531 1201 praedicta
2559 1132 2737 1189 Selavi
2767 1133 2861 1204 qui
2889 1135 3146 1189 dicuntur
3175 1135 3358 1190 Wiltzi
3406 1136 3469 1199 ¹³,
3500 1135 3595 1205 qui

2032 1229 2252 1291 propter
2288 1224 2539 1293 antiquas
2585 1224 2896 1279 inimicitias
2920 1239 3055 1294 quas
3084 1240 3206 1280 cum
3236 1225 3512 1281 Abodritis
3561 1227 3602 1257 “

2031 1312 2232 1368 habere
2284 1313 2560 1381 solebant,
2607 1323 2799 1384 sponte
2846 1329 2905 1370 se
2952 1315 3127 1385 copiis
3152 1315 3269 1370 eius
3308 1316 3604 1373 coniunxe-

2031 1413 2161 1458 runt
2186 1406 2248 1469 ¹⁷,
2281 1406 2508 1475 ipsoque
2534 1407 2588 1461 in
2630 1421 2856 1477 regnum
2883 1394 3039 1462 suum
3088 1417 3425 1474 revertente,
3475 1426 3604 1466 cum

2029 1495 2225 1566 praeda
2255 1513 2419 1567 quam
2467 1501 2520 1554 in
2550 1498 2830 1555 Abodritis
2858 1514 3055 1568 capere
3082 1508 3399 1570 potuerunt,
3423 1512 3477 1558 et
3504 1503 3611 1573 ipsi

2030 1587 2247 1642 domum
2294 1591 2530 1661 regressi
2561 1599 2709 1645 sunt.
2736 1589 3066 1646 Godofridus
3102 1607 3253 1657 vero,
3285 1593 3600 1662 priusquam

2030 1686 2411 1745 reverteretur,
2443 1681 2718 1737 destructo
2749 1681 2792 1713 ⁸⁸
2835 1682 3102 1751 emporio,
3128 1684 3271 1751 quod
3300 1683 3354 1737 in
3404 1686 3597 1739 oceani

337 1768 823 1839 stantinopolima
845 1773 1070 1827 sedebat
1099 1774 1153 1828 in
1186 1775 1433 1840 Venetia,
1457 1790 1594 1845 pace
1626 1775 1770 1832 facta
1798 1794 1926 1834 cum
1951 1795 1999 1854 Β
2028 1766 2184 1823 litore
2210 1772 2580 1836 constitutum,
2614 1772 2796 1843 lingua
2825 1772 3100 1829 Danorum
3146 1774 3308 1829 Reric
3333 1785 3354 1814 ο
3384 1774 3619 1830 άὶεώυ-υ

335 1858 561 1929 Pippino
581 1875 729 1931 rege,
757 1871 814 1916 et
841 1862 1066 1918 indutiis
1088 1880 1256 1931 usque
1272 1865 1337 1919 ad
1359 1879 1598 1921 mensem
1621 1856 1925 1939 Augustum
2026 1866 2132 1923 tur,
2160 1868 2217 1914 et
2240 1876 2507 1933 magnam.
2534 1877 2699 1934 regno
2728 1863 2871 1918 illius
2901 1864 3338 1919 commoditatem
3366 1867 3603 1935 vectiga-

334 1952 647 2007 constitutis
665 1991 680 2017 ,
707 1953 940 2008 statione
967 1955 1140 2009 soluta
1155 1954 1683 2027 Constantinopolim
1709 1974 1922 2030 regres-

2024 1949 2154 2005 lium
2180 1951 2545 2020 persolutione
2568 1954 2902 2023 praestabat,
2939 1953 3323 2022 translatisque
3346 1954 3472 2010 inde
3502 1970 3600 2009 ne-

333 2056 423 2096 sus
465 2049 575 2098 est.
608 2041 724 2098 Hoc
751 2058 896 2099 anno
935 2045 955 2075 ν
995 2046 1292 2114 imperator
1330 2047 1528 2114 pascha
1562 2046 1737 2118 Aquis
1778 2050 1920 2106 cete-
2022 2042 2397 2109 gotiatoribus,
2418 2042 2591 2098 soluta
2605 2043 2781 2099 classe
2802 2046 2871 2098 ad
2890 2051 3107 2115 portum
3126 2043 3619 2115 quiSliesthorp"‘

333 2133 511 2187 bravit
550 2148 655 2189 nec
683 2149 791 2189 non
819 2143 875 2189 et
908 2135 1142 2191 natalem
1166 2135 1398 2190 Domini.
1438 2135 1459 2208 [
1462 2136 1527 2192 Et
1549 2138 1800 2197 inmutat,
1835 2149 1921 2199 εει
2023 2130 2220 2186 dicitur
2253 2146 2377 2215 cum
2406 2133 2658 2188 universo
2683 2133 2930 2189 exercitu
2971 2133 3137 2188 venit.
3168 2133 3246 2189 lbi
3293 2134 3337 2165 '°
3376 2149 3476 2205 per
3503 2133 3602 2188 ali—

331 2241 595 2281 numerus
628 2242 824 2281 annor.
863 2227 915 2281 in
938 2228 1002 2280 Α.
1031 2226 1118 2298 L.]
2020 2228 2154 2289 quot
2180 2221 2295 2277 dies
2331 2231 2593 2288 moratus,
2624 2222 2849 2278 limitem
2878 2223 3032 2294 regni
3062 2222 3147 2283 sui
3179 2224 3270 2295 qui
3303 2222 3597 2279 Saxoniatn

972 2319 1278 2375 Dcccvm,
2022 2312 2261 2381 respicit,
2293 2313 2435 2369 vallo
2481 2315 2694 2370 munire
2738 2315 3049 2381 constituit,
3081 2330 3146 2371 eo
3199 2316 3380 2381 modo,
3428 2324 3489 2371 ut
3528 2317 3597 2370 ab

396 2412 624 2482 Hiemps
654 2411 971 2467 mollissima
1005 2413 1106 2466 hac
1137 2412 1397 2482 pestilens
1440 2411 1543 2467 fuit
1574 2412 1628 2467 in
1659 2413 1756 2468 illo
1783 2421 1921 2469 tem-
2018 2404 2264 2461 orientali
2295 2407 2463 2462 maris
2491 2408 2634 2473 sinu,
2667 2422 2828 2477 quem
2855 2406 2930 2462 illi
2958 2406 3223 2463 Ostarsalt
3245 2408 3289 2438 ἰ
3319 2406 3348 2447 ά
3384 2398 3594 2472 dicunt,
3628 2456 3631 2459 .

330 2514 495 2569 pore,
552 2515 790 2569 vereque
837 2501 1128 2555 inchoante
1177 2501 1478 2570 imperator
1525 2501 1916 2575 Noviomagum
2019 2510 2188 2565 usque
2213 2497 2280 2551 ad
2305 2498 2695 2553 occidentalem
2726 2514 2989 2555 oceanum
3020 2506 3190 2554 totam
3227 2497 3534 2570 Aegidorae
3566 2510 3591 2538 ο

332 2590 633 2659 profectus,
667 2599 949 2645 transacto
984 2591 1055 2646 ibi
1085 2590 1536 2661 quadragesimali
1569 2592 1799 2658 ieiunio,
1829 2609 1918 2650 ce-
2018 2587 2255 2644 ﬂuminis
2273 2588 2647 2659 Aquilonalem
2674 2590 2846 2660 ripam
2874 2590 3268 2644 munimentum
3290 2588 3413 2643 valli
3436 2604 3596 2659 prae-

329 2681 545 2737 lebrato
591 2683 759 2738 etiam
797 2691 986 2739 sancto
1032 2684 1256 2753 pascha,
1302 2684 1502 2738 iterum
1547 2684 1777 2754 Aquas8
1830 2703 1917 2744 re-
2018 2687 2246 2745 texeret,
2292 2694 2398 2735 una
2429 2688 2635 2736 tantum
2663 2681 2706 2711 ²¹
2751 2689 2904 2751 porta
2930 2681 3177 2746 dimissa,
3220 2695 3319 2751 per
3357 2695 3521 2750 quam
3545 2682 3591 2711 ’³

330 2791 553 2846 gressus
586 2784 690 2831 est.
726 2776 797 2831 Et
844 2777 971 2845 quia
1006 2775 1388 2841 nunciabatur,
1436 2775 1789 2834 Godot‘ridum
1831 2796 1916 2836 re-
2019 2785 2173 2825 carra
2201 2776 2259 2824 et
2284 2769 2496 2838 equites
2524 2771 2698 2825 emitti
2730 2781 2786 2825 et
2827 2772 2993 2841 recipi
3030 2772 3335 2842 potuissent
3375 2787 3389 2824 :
3421 2771 3597 2827 diviso

327 2881 446 2936 gem
480 2866 761 2921 Danorum
788 2867 840 2920 in
864 2866 1158 2921 Abodritos
1182 2881 1306 2921 cum
1333 2867 1576 2921 exercitu
1609 2869 1913 2936 traiecisse,
2017 2862 2198 2932 ἱιίιίιιιθ
2246 2876 2413 2930 Opere
2456 2862 2599 2917 ίηῑθν
2628 2863 2793 2918 duces
2822 2863 3123 2932 (ιουίθτυιη,
3164 2863 3381 2919 domum
3407 2875 3592 2917 PeVel"

328 2952 548 3009 liarlum
583 2954 753 3009 filium
786 2970 940 3010 suum
972 2954 1041 3008 ad
1068 2952 1284 3010 Albiam
1310 2970 1435 3010 cum
1467 2955 1644 3010 valida
1662 2957 1913 3014 Franco-
2018 2968 2111 3008 sus
2149 2960 2253 3008 est.
2289 2952 2498 3008 Interea
2531 2966 2627 3006 rex
2672 2952 3249 3009 Nordanbumbrorum
3278 2953 3323 2983 ’⁸⁵
3361 2953 3428 3008 de
3454 2952 3598 3009 Brit-
3626 2990 3629 2993 ς

327 3054 446 3098 rum
483 3053 542 3100 et
578 3043 858 3099 Saxonum
896 3038 1058 3098 manu
1098 3044 1267 3109 misit,
1315 3044 1506 3100 iubens
1532 3061 1769 3101 vaesano
1796 3050 1911 3119 regi
2015 3043 2159 3098 lania
2198 3045 2394 3110 insula,
2423 3045 2641 3101 nomine
2664 3045 2891 3100 Eirdulf
2907 3046 2971 3111 ³⁸,
3005 3060 3168 3117 regno
3194 3053 3248 3100 et
3275 3045 3451 3116 patria
3479 3045 3619 3116 pul-q

327 3135 616 3194 resistere,
649 3135 695 3188 si
743 3132 1012 3189 Saxouiac
1053 3134 1314 3188 terminos
1343 3132 1561 3204 adgredi
1594 3142 1901 3205 temptaret.
1932 3142 1976 3204 C
2009 3147 2121 3199 sus,
2149 3132 2217 3187 ad
2241 3133 2622 3204 imperatorem
2652 3134 2779 3189 dum
2808 3136 2983 3190 adhuc
3010 3134 3322 3206 Noviomagi
3348 3149 3592 3191 morare-

327 3224 430 3281 Sed
477 3226 570 3280 ille
597 3226 812 3281 stativis
848 3241 946 3295 per
986 3224 1192 3294 aliquot
1221 3224 1338 3280 dies
1368 3225 1421 3280 in
1466 3226 1624 3281 litare
1674 3228 1906 3294 habitis,

324 3317 651 3387 expugnatis
677 3316 843 3371 etiam
873 3323 928 3370 et
954 3330 1118 3369 manu
1147 3315 1322 3383 captis
1348 3314 1556 3385 aliquot
1592 3315 1909 3374 Sclavorum

325 3404 587 3469 castellis,
618 3420 743 3460 cum
783 3419 977 3475 magno
1005 3405 1286 3474 copiarum
1317 3419 1541 3460 suarum
1581 3406 1911 3465 detrimento

325 3510 581 3551 reversus
629 3502 734 3550 est.
768 3493 903 3549 Nam
952 3494 1078 3550 licet
1118 3494 1452 3551 Drasconem
1476 3494 1517 3560 ⁸,
1549 3495 1740 3551 ducem
1765 3497 1912 3555 Abo-

324 3585 619 3648 dritorum,
650 3583 993 3654 popularium
1020 3584 1145 3639 fidei
1173 3583 1499 3641 diﬂidentem
1531 3584 1649 3641 loco
1669 3587 1910 3658 pepulis-

322 3685 423 3741 set,
460 3674 813 3730 Godelaihum
840 3676 905 3742 ⁸⁸,
932 3675 1100 3731 alium
1127 3676 1343 3742 ducem,
1371 3676 1494 3732 dolo
1530 3686 1745 3747 captum
1776 3679 1912 3747 pati-

322 3764 447 3820 bulo
475 3766 864 3836 suspendisset,
902 3767 1295 3823 Abodritorum~
1312 3768 1447 3823 duas
1468 3777 1653 3837 partes
1684 3769 1786 3824 sibi
1821 3784 1912 3824 ve-

323 3857 551 3929 ctigales
577 3857 820 3922 fecisset,
844 3858 1083 3929 optimos
1114 3866 1291 3914 tamen
1319 3859 1552 3914 militum
1586 3873 1810 3915 suorum
1851 3870 1908 3917 et

326 3962 487 4001 nianu
513 3949 947 4018 promptissimos
991 3949 1193 4015 amisit,
1224 3958 1280 4005 et
1318 3964 1443 4003 cum
1484 3950 1567 4004 eis
1596 3949 1766 4004 lilium
1794 3951 1908 4004 fra-

323 4038 419 4094 tris
455 4039 563 4103 sui,
590 4039 811 4095 nomine
867 4039 1242 4108 Reginoldum,
1273 4040 1366 4110 qui
1409 4039 1465 4094 in
1507 4040 1909 4111 obpugnatione

2014 3232 2104 3278 tur
2132 3224 2301 3289 venit,
2347 3234 2404 3280 et
2448 3224 2720 3294 patefacto
2751 3226 3013 3280 adventus
3068 3226 3151 3279 sui
3199 3226 3437 3297 negotio,
3482 3225 3591 3281 Ro-

2015 3330 2159 3369 mam
2198 3313 2593 3384 proficiscitur,
2635 3315 2914 3386 Romaque
2956 3315 3208 3383 rediens,
3247 3331 3345 3387 per
3382 3316 3590 3388 legatos

2013 3404 2246 3461 Romani
2295 3404 2567 3479 pontificis
2589 3413 2646 3461 et
2671 3405 2856 3461 domui
2877 3406 3225 3477 imperatoris
3262 3407 3317 3461 in
3359 3422 3588 3478 regnum

2013 3514 2173 3556 suum
2219 3497 2517 3553 reducitur.
2547 3496 2592 3527 ’⁸
2619 3495 2877 3552 Praeerat
2904 3505 3034 3553 tunc
3058 3497 3317 3569 temporis
3348 3498 3591 3553 ecclesim

2012 3588 2292 3643 Romanae
2329 3586 2441 3643 Leo
2471 3586 2684 3651 tertius,
2710 3587 2885 3642 'cuius
2910 3587 3119 3657 legatus
3159 3587 3229 3641 ad
3265 3586 3585 3642 Brittaniam

2010 3681 2249 3735 directus
2284 3687 2369 3736 est
2394 3679 2641 3735 Aldull‘us
2662 3680 2708 3710 "
2729 3679 2990 3735 diaconus
3008 3679 3075 3734 de
3101 3679 3216 3749 ipsa
3229 3677 3493 3733 Brittania
3518 3681 3589 3739 "‘.

2012 3770 2230 3824 natione
2259 3768 2426 3835 Saxo,
2452 3778 2508 3824 et
2532 3785 2658 3824 cum
2694 3784 2760 3825 eo
2792 3771 2860 3825 ab
2890 3770 3218 3839 imperatore
3241 3768 3286 3799 ”
3314 3769 3466 3824 missi
3493 3772 3589 3826 ab-

2010 3858 2167 3914 hdtes
2209 3858 2313 3913 duo
2343 3858 2652 3914 llrotfridus
2679 3859 2723 3890 ³ο
2765 3860 3009 3914 notarius
3045 3858 3063 3897 ί
3097 3868 3153 3914 et
3179 3858 3513 3917 Nantharius
3545 3862 3587 3893 ³¹

2005 3949 2173 4002 a‘>bas
2199 3948 2265 4002 de
2290 3957 2479 4003 sancto
2503 3948 2813 4003 Audemaro
2842 3949 2909 4001 ³³.
2940 3948 3241 4020 Imperator
3266 3964 3395 4006 vero
3436 3952 3594 4006 aedis

2010 4039 2185 4093 licatls
2214 4054 2311 4108 per
2340 4038 2547 4110 legatos
2587 4054 2715 4096 suos
2741 4054 2902 4111 super
2926 4039 3106 4097 Albim
3129 4038 3352 4095 fluvium
3373 4039 3582 4096 duobus

1543 4149 1934 4208 VARIAN’I‘ES
1972 4150 2371 4208 LECTIONES.

393 4251 407 4281 ¹
432 4249 729 4321 Sardiniam
752 4248 950 4321 inpulsi
971 4248 1016 4301 Β
1036 4249 1091 4302 2.
1167 4249 1187 4278 ²
1209 4248 1567 4321 Burgltardus
1585 4247 1633 4321 Β
1652 4249 1704 4303 2.

325 4320 568 4388 spaniam
603 4318 648 4372 Β
672 4319 725 4377 7.
820 4319 841 4350 ⁸
868 4319 1174 4373 libertatem
1201 4318 1245 4371 Β
1277 4319 1329 4373 7.

325 4391 688 4460 thrasiconem
717 4388 804 4460 9.;
839 4390 914 4460 μ¹⁰
953 4389 1294 4460 godolaibum
1338 4388 1390 4460 5.

327 4459 367 4529 ‘_"
398 4458 734 4529 smeldignos
767 4457 887 4514 BS.
961 4457 1027 4491 ’³⁵
1048 4459 1224 4514 \vilzzi
1251 4458 1293 4512 Β
1338 4458 1392 4515 5.
1424 4460 1568 4515 wilzi
1597 4460 1641 4514 Β
1672 4460 1723 4513 7.
1802 4462 1845 4492 ³⁸

1627 4249 1704 4331 λὲ.
1801 4251 1820 4279 ³
1845 4250 2025 4334 testati
2048 4258 2176 4334 sunt
2205 4252 2257 4334 l.
2283 4249 2424 4334 Βῇὸζ
2490 4248 2509 4280 δ

1423 4320 1443 4351 '
1480 4319 1847 4444 i'9°.3.':.‘::::;°
1861 4319 2055 4447 iis...
2071 4320 2728 4445 “aristae”:

1873 4477 2035 4531 quam
2082 4461 2349 4518 abodritis
2379 4462 2429 4531 l.

3016 4251 3240 4307 atelaria
3258 4248 3303 4303 Β
3326 4252 3377 4305 6.
3454 4253 3477 4284 ⁸
3504 4253 3587 4306 lti-

3048 4323 3102 4378 8.
3131 4330 3435 4377 trasconcm
3464 4323 3508 4376 Β
3535 4324 3585 4376 7.

2829 4392 2872 4423 ⁸³
2902 4391 3090 4446 lilones
3133 4391 3187 4444 5.
3222 4392 3486 4447 hilinoues
3531 4395 3583 4447 9.

2830 4471 3024 4516 xerunt
3052 4461 3098 4514 Β
3120 4461 3172 4514 2.
3256 4463 3297 4493 ³⁸
3327 4463 3590 4518 distrueto

2530 4249 2809 4319 patellaria
2834 4250 2878 4304 Β
2895 4251 2948 4306 5.

2541 4320 2562 4351 ⁸
2585 4320 2937 4376 drasoconem

2529 4462 2567 4493 "
2597 4462 3024 4516 coniunexerunt
3052 4461 3098 4514 Β
3120 4461 3172 4514 2.

322 4526 522 4602 132.7.
604 4526 985 4602 "_suesthorp.
1018 4530 1069 4584 5.
1085 4531 1403 4602 _lliesthorp.
1450 4531 1503 4584 4.
1543 4531 1829 4601 sliestorph
1862 4526 1915 4585 5'.
1992 4532 2303 4602 siliestorpli
2331 4530 2383 4585 6.
2419 4530 2645 4602 liesthor
2670 4529 2763 4602 alii
2790 4531 3186 4602 sliesthoer.
3236 4530 3498 4602 sliestorl‘f
3527 4533 3580 4586 9.

322 4598 611 4673 sliesthrop
633 4599 678 4673 Β
706 4599 761 4673 5.
795 4598 1042 4673 sbestorb
1069 4600 1115 4653 Β
1140 4601 1197 4673 ti.
1228 4598 1550 4673 sciesthrop.
1589 4602 1635 4656 B
1676 4602 1728 4656 7.
1759 4598 2027 4673 liesthorp
2059 4603 2104 4655 Β
2155 4603 2209 4658 9.
2236 4598 2547 4673 'sliesvvieB
2575 4600 2661 4654 l2.
2739 4601 2785 4673 ’ξ
2817 4601 3000 4673 Ibique
3026 4598 3071 4652 Β
3093 4599 3147 4653 2.
3216 4601 3589 4673 _"__os_tharsalt

322 4667 372 4721 2.
406 4667 689 4727 orstafsalt
709 4671 763 4724 5.
793 4671 1114 4727 ostersaltus
1134 4670 1188 4725 5.
1213 4667 1568 4727 οειετεεὶιῖϐ.
1603 4674 1654 4727 9.
1685 4667 2105 4728 ostarlisalt'alt'i
2134 4671 2445 4728 lestarhsalt
2477 4671 2530 4724 7.
2559 4669 2819 4725 ostarsalz
2851 4667 2977 4724 B2.
3002 4670 3232 4725 ostarsal
3264 4669 3307 4722 Β
3330 4668 3382 4724 5.
3417 4679 3588 4725 estar—

321 4739 425 4814 salt
458 4740 584 4814 B7.
616 4741 902 4814 ostarsaltz
928 4742 974 4795 Β
1000 4742 1087 4814 8._
1106 4751 1213 4796 etc.
1269 4743 1335 4814 ζ’
1366 4750 1546 4814 tamen
1591 4742 1637 4796 Β
1663 4743 1716 4795 7.
1746 4760 1854 4799 uno
1896 4752 1935 4797 t.
1963 4751 2125 4814 portu
2155 4744 2379 4799 dimisso
2406 4757 2504 4814 per
2527 4755 2689 4814 quem
2719 4740 2771 4814 4.
2797 4740 2850 4814 5.
2884 4741 2936 4799 6.

3044 4740 3098 4810 ’ἶ
3136 4756 3231 4810 per
3256 4754 3415 4808 quem
3449 4740 3495 4793 l.
3530 4741 3582 4794 2.

324 4810 366 4839 "
393 4812 1021 4867 nordidanhumbrorum
1062 4811 1116 4865 2.
1148 4812 1643 4867 nordhumbrorum
1692 4815 1744 4868 5.
1778 4814 1831 4868 9.
1877 4809 2386 4869 nordanimbrorum
2407 4809 2473 4866 ’4.
2504 4809 3039 4867 northanimbrorum
3070 4809 3123 4863 5.
3143 4809 3586 4865 ttot‘danumbro-

327 4895 443 4935 rum
473 4882 527 4937 6.
558 4881 1156 4939 norddanhumbrorum
1187 4882 1238 4935 7.

1336 4883 1383 4913 ⁸⁵
1409 4883 1607 4937 earduf
1632 4884 1679 4937 Ἰ.
1719 4883 1998 4939 cat-dulfus
2044 4886 2097 4939 5.
2128 4886 2180 4938 7.
2218 4884 2262 4937 Β
2290 4884 2342 4939 7.
2380 4881 2576 4937 ardulf.
2607 4881 2660 4937 9.
2735 4881 2781 4912 ²⁶
2806 4878 3092 4936 deducitur
3116 4879 3157 4933 Β
3182 4879 3236 4934 2.
3316 4882 3356 4911 ²⁷
3391 4880 3583 4933 addul-

327 4949 475 5044 ειπερ
497 4952 847 5044 7.3dqlphgs
868 4953 1135 5044 9.."f‘jde
1164 4952 1288 5044 ipsa‘
1304 4952 1540 5044 brisinia‘
1563 4953 1608 5007 B
1633 4954 1691 5044 ἐξ.
1718 4955 1829 5044 0’:
1842 4956 1918 5044 ad‘
1942 4952 2480 5044 imperttwi-eﬂipl.n5.
2507 4952 2633 5044 6,.19.
2710 4951 2756 5044 ’ξ
2791 4952 3104 5044 ruotl'r'idusA
3118 4951 3251 5044 5.]ἶ
3288 4948 3586 5044 ho’rtfridus

323 5018 375 5073 5.
409 5022 463 5077 6.
496 5018 757 5080 rotfridtis
785 5023 833 5077 7.
867 5022 1129 5077 rutfridus
1171 5018 1224 5077 9.
1272 5022 1610 5080 hruotfridus
1648 5024 1691 5077 Β
1718 5025 1770 5078 2.
1798 5027 1850 5080 7.
1904 5018 2219 5081 lirodi'ridus
2248 5024 2295 5076 Β
2317 5022 2370 5076 5.
2401 5023 2454 5077 6.
2533 5022 2576 5054 ³¹
2609 5022 2910 5077 mantarius
2955 5021 3008 5075 5.
3039 5023 3321 5075 nantarius
3349 5019 3401 5073 4.
3437 5036 3577 5074 man-

327 5093 540 5152 charius
571 5095 624 5151 6.
702 5094 748 5126 ³³
778 5094 1073 5150 audomaro
1097 5092 1152 5147 2.
1182 5092 1235 5146 7.
1264 5093 1310 5148 Β
1352 5093 1405 5149 2.
1451 5094 1503 5149 5.
1538 5095 1868 5151 audemauro
1897 5095 1950 5150 5.
1992 5092 2175 5152 saucii
2193 5093 2510 5152 audcmauri
2531 5092 2585 5149 6.
2610 5102 2825 5150 otmaro
2848 5094 2883 5148 5
2908 5090 2954 5146 Β
2980 5090 3031 5145 7.
3054 5092 3301 5146 otlunam
3331 5091 3379 5145 9.

1823 5229 2052 5287 ΝΟΤᾸΞ.

397 5340 423 5367 ι
453 5326 597 5382 Inter
622 5324 868 5381 Siciliam
898 5332 954 5380 et
980 5323 1218 5379 Africam
1251 5325 1372 5381 sita.

400 5397 425 5435 δ
461 5395 604 5451 Inter
628 5393 836 5450 Wilzos
867 5404 922 5450 et
946 5395 1235 5450 Abodritos
1268 5395 1409 5447 ultra
1438 5394 1646 5449 Albium
1676 5396 1889 5449 habita-

329 5465 474 5530 bant,
504 5465 800 5536 Smeldingi
828 5464 997 5536 Albim
1019 5464 1318 5536 propiores.
1344 5464 1425 5519 Cf.
1454 5466 1705 5519 (lltroniei
1740 5466 1894 5521 Gott-

331 5481 474 5530 uant,
504 5481 800 5536 ametutngt
828 5481 1055 5588 Λιυὲἓὸ

331 5536 573 5589 wiccnsis
598 5535 818 5598 Prodr.,
842 5534 905 5598 ll,
1043 5574 1057 5588 .

1170 5622 1225 5675 p.
1260 5605 1380 5667 581,
1415 5615 1495 5658 est
1527 5605 1890 5668 lioritth,vill:t

331 5686 486 5740 parta
536 5690 705 5747 prope
750 5675 1118 5743 Wismariam,
1168 5691 1327 5740 quam
1365 5686 1539 5729 tzuncn
1583 5676 1633 5728 in
1684 5690 1892 5744 mappis

1995 5330 2369 5399 geograplticis
2396 5329 2540 5384 haud
2572 5324 2807 5385 invenio.

2065 5397 2088 5435 ἀ
2122 5397 2216 5453 Ι)ἱέ
2240 5398 2437 5454 Ostsce.

1994 5538 2026 5591 4
2067 5469 2219 5550 ξυίε
2270 5469 2465 5533 Eidcr;
2495 5469 2566 5523 cf.
2627 5488 2644 5519 ι
2679 5464 2857 5524 liieler
2895 5459 3116 5528 Blaucr.
3148 5482 3166 5515 ι
3220 5473 3348 5518 tom.
3382 5461 3485 5529 IV.
3516 5479 3570 5536 [ν.

2054 5560 2119 5591 -ι’).

2054 5561 2304 5662 ἰε”Ᾱὲιικιδ
2338 5609 2395 5664 S.
2424 5607 2669 5663 Amandi.
