3986 6174
321 289 418 347 47]

1555 295 1925 352 summa!»
1960 287 2255 354 ABBATIS’

3472 305 3576 361 472

319 409 577 476 castellis,
616 413 994 483 praesidioque
1025 413 1079 469 in
1108 414 1188 471 eis
1225 420 1414 469 contra
1450 411 1767 470 Sclavorum
1802 414 1890 466 in-
1918 416 1969 476 Α
1992 413 2062 469 ab
2105 413 2213 468 illis
2262 412 2435 482 primo
2464 415 2508 447 ²²
2552 412 2718 470 fuisse
2762 415 3091 470 inchoatam.
3128 415 3353 472 Petebat
3387 418 3579 485 etiam,

321 502 601 557 cursiones
627 503 917 572 disposito,
951 502 1280 576 Aquisgrani
1307 503 1587 571 hiemavit,
1629 502 1894 558 natalem—

320 606 426 664 que
451 596 466 626 ¹
494 594 707 650 Domini
733 603 787 649 et
816 605 1060 653 sanctum
1110 598 1314 668 pascha
1342 597 1543 653 ibidem
1570 596 1891 653 celebravit.

318 683 443 757 [Et'
467 684 716 740 inmutat.
741 695 827 742 est
849 688 870 719 ³
900 703 1111 744 numer.
1146 703 1339 744 annor.
1372 688 1430 743 in
1460 687 1526 742 Α.
1551 686 1641 742 L.l

387 863 587 922 Classis
629 866 699 921 de
749 865 1216 938 Constantinopoli
1257 867 1420 924 missa
1468 868 1645 939 primo
1679 867 1895 923 Dalma-

316 955 448 1009 tiam
482 954 678 1010 deinde
705 955 995 1011 Veneciam
1018 955 1038 986 ⁸
1066 956 1293 1026 appulit,
1322 971 1553 1027 cumque
1589 956 1662 1012 ibi
1689 955 1897 1011 hiema-

316 1055 421 1113 ret,
449 1063 579 1119 pars
614 1049 732 1104 eius
760 1048 1094 1104 Comiaclum
1119 1060 1147 1089 ι
1176 1048 1410 1104 insulam
1449 1048 1703 1114 accessit,
1748 1063 1897 1103 com-

319 1141 590 1210 missoque
601 1139 807 1210 proelio
832 1147 1021 1195 contra
1046 1139 1379 1211 praesidium
1398 1140 1541 1210 quod
1555 1140 1609 1194 in
1628 1154 1693 1194 ea
1716 1139 1897 1210 dispo-

317 1233 482 1289 situm
509 1240 646 1298 erat,
676 1233 820 1288 victa
869 1241 1032 1303 atque
1066 1230 1252 1304 fugata
1300 1233 1593 1288 Veneciam
1642 1232 1893 1287 recessit.

318 1323 432 1378 Dux
461 1332 641 1379 autem
667 1324 760 1393 qui
790 1323 953 1379 classi
980 1332 1250 1393 praeerat,
1279 1324 1497 1379 nomine
1523 1323 1746 1390 Paulus,
1771 1338 1896 1379 cum

317 1415 384 1470 de
402 1428 537 1486 pace
563 1414 705 1469 inter
722 1413 964 1470 Francos
982 1422 1040 1470 et
1060 1412 1299 1470 Graecos
1316 1415 1718 1482 constituenda,
1742 1412 1898 1487 quasi

316 1506 421 1563 sibi
453 1506 560 1563 hoc
613 1513 759 1562 esset
788 1506 1116 1572 iniunctum,
1161 1506 1303 1577 apud
1347 1506 1634 1579 Pippinum
1662 1509 1684 1540 ⁸
1712 1508 1900 1567 italiae

318 1613 499 1669 regem
538 1613 699 1668 agere
740 1599 1043 1666 moliretur,
1084 1598 1403 1656 Wilbareno
1444 1600 1465 1632 ‘
1497 1609 1554 1657 et
1607 1601 1770 1658 beato
1799 1601 1902 1658 Vc-

319 1693 497 1748 netiae
530 1691 757 1748 ducibus
794 1706 986 1747 omnes
1027 1692 1314 1748 inchoatus
1361 1692 1480 1747 eius
1527 1693 1548 1725 "
1597 1693 1899 1763 impedien-

1996 511 2058 559 ut
2082 513 2383 560 conventus
2409 505 2666 559 comitum
2714 505 2762 537 ’³
2791 507 3131 577 imperatoris
3166 516 3333 577 atque
3354 523 3581 565 suorum

1995 596 2147 651 iuxta
2179 598 2444 654 terminos
2469 597 2623 668 regni
2647 599 2732 653 sui
2759 606 2912 654 trans
2944 599 3123 654 Albim
3152 599 3329 666 fieret,
3370 601 3426 656 in
3469 618 3583 672 quo

1997 708 2086 749 res
2135 694 2367 749 invicem
2416 701 2601 763 gestae
2630 693 2863 764 proferri
2906 702 2962 749 et
3000 695 3380 750 emendatione
3416 697 3581 765 digna

1997 783 2141 837 inter
2187 790 2371 852 partes
2413 783 2723 838 enumerari
2749 782 2796 814 "
2838 783 3165 855 potuissent.
3221 783 3340 839 Non
3389 785 3585 841 abnuit

1997 871 2321 941 imperator;
2384 871 2821 942 colloquiumque
2869 880 3025 927 trans
3072 871 3285 926 Albiam
3332 873 3580 928 habitum

1996 974 2120 1015 cum
2160 960 2493 1029 primoribus
2539 961 2833 1027 Danorunr,
2875 962 2930 1015 in
2959 960 3078 1016 loco
3103 961 3194 1030 qui
3236 961 3435 1015 dicitur
3476 961 3582 1015 Ba-

1995 1051 2217 1107 denlliot
2240 1051 2287 1083 ¹⁵
2312 1050 2368 1119 d,
2412 1051 2703 1122 multisque
2732 1051 2862 1106 hinc
2905 1060 2961 1107 et
2990 1051 3116 1106 inde
3151 1051 3381 1121 prolatis
3415 1062 3583 1122 atque

1996 1142 2332 1197 enumeratis
2353 1141 2538 1207 rebus,
2568 1143 2785 1213 negotio
2810 1143 3027 1212 penitus
3053 1141 3251 1197 infecto
3277 1143 3580 1199 discessum

1995 1240 2098 1288 est.
2140 1232 2383 1289 Thrasco
2410 1232 2457 1264 ’°
2495 1247 2649 1297 vero,
2701 1232 2810 1286 dux
2844 1231 3249 1296 Abodritortun,
3292 1242 3580 1302 postquam

1997 1324 2171 1379 illium
2205 1339 2361 1379 suum
2401 1322 2698 1395 postulanti
2727 1321 3029 1378 Godofrido
3063 1323 3307 1377 obsidem
3331 1323 3577 1390 dederat,

1998 1414 2222 1473 collecta
2248 1415 2292 1447 "
2322 1413 2660 1485 popularium
2684 1428 2869 1479 manu,
2901 1420 2958 1468 et
2991 1412 3190 1468 auxilio
3217 1428 3249 1468 a
3275 1412 3583 1469 Saxonibus

1999 1513 2237 1578 accepto,
2269 1505 2480 1561 vicinos
2508 1519 2637 1560 suos
2662 1503 2895 1559 Wiltzos
2926 1503 3247 1574 adgressus,
3288 1518 3450 1574 agros
3488 1518 3584 1558 eo-

1998 1615 2120 1655 rum
2166 1597 2314 1654 ferro
2355 1605 2412 1653 et
2452 1597 2563 1668 igni
2606 1604 2784 1652 vastat
2834 1596 2879 1627 ⁸⁸
2925 1610 3313 1667 regressusque
3361 1596 3581 1651 domum

1999 1704 2125 1746 cum
2146 1689 2351 1761 ingenti
2373 1687 2595 1758 praeda,
2630 1695 2854 1758 accepto
2881 1686 3077 1742 iterum
3101 1700 3133 1740 a
3164 1684 3470 1741 Saxonibus
3493 1701 3584 1740 va-

322 1782 483 1846 tibus,
508 1791 674 1852 atque
697 1782 799 1853 ipsi
839 1782 1002 1838 etiam
1023 1781 1250 1838 insidias
1268 1783 1586 1854 parantibus
1611 1783 1655 1850 ⁸,
1682 1783 1900 1855 mgnita
1926 1772 1974 1831 Β
2000 1781 2178 1839 lidiori
2205 1780 2430 1845 auxilio,
2457 1779 2892 1851 Smeldingorum
2918 1781 3211 1834 maximam
3234 1774 3512 1833 civitatem
3534 1778 3580 1808 ”

323 1874 537 1929 illorum
567 1872 775 1937 fraude,
809 1873 1078 1928 discessit.
1120 1873 1191 1928 At
1218 1873 1542 1929 inocciduis
1584 1875 1831 1944 partibus
1851 1874 1897 1940 ',

324 1967 554 2021 domnus
579 1963 872 2020 Hludoicus
901 1978 996 2018 rex
1024 1978 1149 2019 cum
1189 1963 1434 2019 exercitu
1472 1962 1787 2033 Hispaniam
1817 1963 1902 2019 in-

323 2072 562 2129 gressus,
578 2056 864 2112 Dertosam
880 2056 964 2097 ὀδ
995 2057 1275 2113 civitatem
1304 2056 1358 2112 in
1383 2055 1501 2127 ripa
1526 2055 1713 2112 Hiberi
1745 2058 1784 2088 ¹¹
1809 2055 1901 2111 llu-

323 2148 486 2204 minis
533 2148 696 2202 sitam
748 2147 1004 2214 obsedit,
1050 2154 1480 2219 consumptoque
1515 2148 1570 2203 in
1623 2150 1901 2219 obpugna-

322 2240 469 2295 tione
490 2237 913 2312 [expugnatione
934 2239 1001 2293 Α.
1039 2238 1128 2313 ι.]
1156 2239 1299 2295 illius
1332 2240 1609 2311 aliquanto
1634 2250 1895 2311 tempore,

316 2339 603 2403 postquam
646 2346 768 2386 eam
805 2339 916 2386 tam
953 2332 1061 2387 cito
1099 2332 1219 2403 capi
1265 2347 1372 2387 non
1419 2347 1583 2403 posse
1626 2332 1781 2399 vidit,
1818 2333 1900 2387 di—

318 2422 483 2477 missa
522 2421 824 2487 obsidione,
866 2436 991 2477 cum
1032 2421 1289 2479 incolumi
1335 2423 1582 2478 exercitu
1625 2422 1682 2478 in
1724 2422 1896 2493 Aqui-

319 2511 521 2566 taniam
549 2526 609 2568 se
633 2512 856 2581 recepit.
890 2511 1187 2582 Postquam
1204 2512 1455 2570 Aldulfus
1470 2515 1513 2546 ¹¹
1536 2530 1630 2571 rex
1652 2513 1900 2570 Nordan-

318 2602 673 2661 humbrorum
715 2603 761 2637 ¹³
812 2605 1068 2661 reductus
1112 2613 1197 2661 est
1225 2605 1281 2660 in
1323 2621 1553 2677 regnum
1596 2621 1753 2662 suum
1778 2646 1792 2670 ,
1844 2615 1901 2660 ct

316 2693 477 2766 legati
503 2695 846 2765 imperatoris
872 2703 1037 2765 atque
1060 2695 1334 2766 pontificis
1359 2698 1562 2752 reversi
1586 2706 1733 2764 sunt,
1759 2714 1899 2753 unus

316 2802 386 2841 cx
421 2786 526 2854 eis,
561 2785 812 2843 Aldulfus
848 2787 1099 2843 videlicet
1119 2788 1379 2843 diaconus
1410 2787 1645 2860 [Ardulll
1679 2788 1894 2843 diacon.

315 2876 382 2930 Α.
412 2874 522 2948 ι.],
566 2891 596 2931 a
628 2877 821 2946 piratis
851 2884 1039 2946 captus
1067 2885 1177 2941 est,
1227 2878 1459 2933 caeteris
1495 2878 1615 2933 sine
1659 2877 1900 2947 periculo

317 2967 719 3033 traicientibus,
767 2968 1068 3038 ductusque
1117 2969 1185 3023 ab
1234 2968 1314 3023 eis
1351 2969 1407 3022 in
1460 2967 1727 3022 Brittania
1752 2967 1815 3032 ιδ,
1865 2984 1897 3022 a

315 3058 549 3126 quodam
580 3058 628 3090 "
650 3057 892 3114 Coenulii
923 3058 967 3090 ¹⁶
998 3059 1141 3130 regis
1175 3058 1395 3113 homine
1420 3057 1731 3128 redemptus
1767 3067 1852 3113 est
1878 3100 1893 3126 ,

316 3148 654 3220 Romamque
694 3163 968 3205 reversus.
1003 3150 1043 3181 "
1087 3148 1146 3203 in
1188 3148 1385 3203 Tuscia
1421 3148 1773 3217 Populonium
1807 3150 1850 3182 ⁷⁸
1877 3191 1891 3215 ,
1923 3122 1968 3184 C

318 3242 508 3298 civitas
537 3243 831 3308 maritima,
864 3258 894 3296 a
938 3242 1161 3298 Graecis
1196 3244 1290 3311 qui
1338 3240 1629 3297 Orobiotae
1662 3241 1703 3273 ¹⁹
1731 3252 1754 3281 ο
1803 3259 1895 3298 vo-

316 3338 513 3386 cantur
554 3331 876 3401 depraedata
918 3340 1019 3387 est.
1064 3331 1234 3386 Mauri
1268 3344 1484 3401 quoque
1524 3331 1590 3386 de
1634 3331 1893 3403 Hispania

316 3421 594 3478 Corsicam
630 3421 880 3492 ingressi,
920 3422 973 3477 in
1015 3422 1134 3491 ipso
1168 3428 1357 3477 sancto
1393 3415 1635 3491 paschali
1665 3423 1895 3479 sabbato

314 3513 589 3569 civitatem
623 3510 898 3583 quandam
935 3512 1302 3583 diripuerunt,
1350 3521 1406 3568 et
1431 3520 1652 3581 praeter
1680 3512 1892 3582 episco-

316 3621 444 3676 pum
493 3620 559 3661 ac
596 3619 796 3674 paucos
832 3617 990 3659 senes
1038 3613 1201 3673 atque
1256 3602 1502 3659 infirmos
1542 3602 1677 3657 nihil
1732 3603 1787 3657 in
1827 3619 1893 3658 ea

317 3697 671 3768 reliquerunt.
714 3696 926 3750 interea
967 3691 1294 3749 Godofridus
1341 3709 1435 3749 rex
1480 3694 1754 3749 Danorum
1795 3709 1898 3765 per

320 3787 686 3859 negotiatores
714 3785 976 3855 quosdam
1011 3784 1305 3851 mandavit,
1346 3797 1406 3839 se
1447 3783 1667 3839 audisse
1692 3823 1707 3849 ,
1748 3784 1894 3853 quod

319 3879 614 3948 imperator
641 3876 689 3932 ei
721 3875 912 3931 fuisset
954 3875 1149 3940 iratus,
1186 3889 1284 3944 pro
1311 3887 1377 3929 eo
1396 3872 1593 3948 [iratus
1618 3888 1685 3929 eo
1710 3873 1775 3928 Α.
1801 3871 1890 3945 L.]

318 3969 461 4040 quod
484 3969 540 4024 in
567 3968 859 4024 Abodritos
886 3983 1030 4023 anno
1056 3968 1339 4039 superiore
1369 3966 1521 4022 duxit
1553 3965 1852 4021 exercitum
1873 4006 1888 4031 ,

1997 1881 2291 1946 expugnat,
2333 1882 2502 1943 atque
2550 1872 2636 1927 bis
2673 1873 3017 1929 successibus
3063 1886 3255 1927 omnes
3296 1871 3390 1941 qui
3416 1871 3487 1925 ab
3515 1885 3609 1944 eo,

1998 1965 2324 2028 defecerant,
2360 1963 2427 2020 ad
2453 1979 2611 2021 suam
2639 1964 2956 2019 societatem
3000 1963 3201 2019 reverti
3243 1963 3439 2033 coegit.
3485 1960 3585 2017 liis

1998 2062 2074 2117 ita
2100 2061 2289 2133 gestis,
2316 2061 2612 2130 imperator
2637 2059 2705 2114 de
2744 2058 3036 2113 Arduenna
3065 2056 3252 2127 Aquas
3291 2070 3544 2111 reversus
3563 2096 3581 2120 ,

1996 2166 2185 2208 mense
2227 2148 2553 2206 Novembrio
2578 2146 2868 2203 concilium
2899 2148 3091 2203 habuit
3135 2147 3203 2201 de
3230 2146 3584 2215 processione

1999 2241 2233 2312 Spiritus
2278 2239 2473 2305 sancti,
2520 2253 2683 2308 quam
2712 2238 3085 2308 quaestionem
3123 2235 3353 2292 Ioannes
3393 2235 3438 2266 ³ο
3462 2236 3586 2304 qui-

1999 2332 2122 2391 dam
2146 2332 2444 2386 monachus
2472 2328 2843 2385 Hierosolimis
2865 2328 3043 2399 primo
3073 2325 3364 2383 commovit
3385 2342 3400 2390 ;
3424 2325 3582 2380 cuius

1999 2423 2332 2479 definiendae
2348 2438 2513 2479 causa
2524 2421 2857 2478 Bernharius
2870 2421 2912 2453 ³¹
2930 2421 3217 2491 episcopus
3228 2419 3449 2474 Worma
3457 2434 3583 2473 cen-

1999 2515 2074 2569 sis
2097 2514 2141 2546 ³³
2169 2520 2222 2569 et
2242 2513 2580 2570 Adalhardus
2604 2512 2651 2545 ³³
2672 2511 2841 2568 abbas
2861 2511 2907 2543 ”
2926 2510 3239 2568 monasterii
3260 2509 3585 2566 Corbeiae”

1998 2604 2224 2661 Romam
2270 2606 2335 2661 ad
2375 2606 2609 2661 Leonem
2654 2620 2851 2675 papam
2901 2605 3053 2660 missi
3099 2612 3248 2659 sunt.
3300 2600 3583 2674 Agitatum

1997 2706 2082 2755 est
2106 2699 2273 2754 etiam
2302 2700 2357 2754 in
2386 2699 2575 2754 eodem
2604 2699 2836 2754 concilio
2865 2698 2931 2754 de
2967 2705 3113 2753 statu
3143 2696 3501 2752 ecclesiarum
3530 2704 3585 2750 et

1996 2789 2405 2845 conversatione
2451 2803 2663 2855 eorum,
2708 2789 2799 2858 qui
2853 2789 2907 2843 in
2956 2789 3038 2845 eis
3098 2787 3206 2842 Deo
3250 2786 3458 2843 servire
3503 2786 3585 2841 di-

1998 2885 2216 2941 cuntur,
2244 2893 2344 2932 nec
2385 2878 2588 2947 aliquid
2617 2885 2802 2933 tamen
2831 2877 3113 2932 deﬁnitum
3142 2886 3227 2931 est
3253 2884 3477 2947 propter
3508 2891 3590 2930 re~

1997 2983 2142 3034 rum,
2173 2976 2235 3024 ut
2258 2969 2563 3034 videbatur,
2585 2969 3034 3041 magnitudinem.
3057 2971 3357 3039 imperator
3376 2978 3583 3036 autem,

1998 3074 2123 3114 cum
2149 3060 2199 3114 ei
2225 3059 2398 3114 multa
2425 3060 2491 3115 de
2513 3060 2771 3115 iactantia
2791 3069 2846 3115 et
2865 3060 3115 3131 superbia
3142 3060 3285 3132 regis
3306 3060 3584 3115 Danorum
3612 3084 3617 3089 ·

2000 3150 2404 3215 nuntiarentur,
2428 3150 2620 3204 statuit
2641 3158 2793 3205 trans
2811 3150 3021 3205 Albiam
3058 3149 3277 3205 ﬂuvium
3305 3151 3587 3206 civitatem

1999 3239 2314 3307 aediﬁcare,
2343 3239 2788 3310 Francorumque
2817 3243 2869 3296 in
2903 3257 2965 3296 ea
2995 3257 3194 3312 ponere
3230 3242 3583 3312 praesidium.

2000 3328 2244 3399 Cumque
2278 3329 2348 3384 ad
2379 3329 2484 3386 hoc
2508 3344 2606 3399 per
2629 3330 2862 3385 Galliam
2900 3340 3063 3401 atque
3091 3331 3438 3387 Germaniam
3481 3332 3586 3386 ho-

2002 3423 2178 3478 mines
2230 3431 2615 3494 congregasset
2659 3423 2729 3491 “,
2761 3425 3037 3494 armisque
3083 3439 3147 3479 ac
3168 3424 3401 3478 caeteris
3426 3424 3471 3455 ³⁷
3515 3423 3586 3478 ad

2000 3528 2159 3567 usum
2187 3515 2511 3570 necessariis
2538 3514 2586 3546 ³⁸
2617 3516 2783 3571 rebus
2806 3515 3101 3571 instructos
3128 3530 3226 3584 per
3249 3514 3483 3569 Frisiam
3514 3516 3586 3570 ad

1998 3604 2178 3661 locum
2213 3606 2543 3661 destinatum
2576 3606 2775 3663 ducere
2804 3607 3070 3671 iussisset,
3116 3607 3359 3661 Thrasco
3395 3605 3441 3636 ”
3473 3605 3583 3659 dux

1996 3696 2382 3752 Abodritorum
2426 3698 2482 3752 in
2524 3699 2769 3768 emporio
2814 3697 2859 3731 “
2895 3698 3058 3754 Reric
3087 3697 3132 3730 “
3163 3700 3232 3753 ab
3272 3696 3588 3753 hominibus

1997 3784 2274 3843 Godofridi
2303 3802 2403 3859 per
2429 3787 2611 3844 dolum
2635 3788 2952 3845 interfectus
2976 3796 3079 3844 est.
3113 3788 3220 3843 Sed
3260 3789 3585 3858 imperator,

1995 3882 2282 3945 postquam
2310 3875 2463 3931 locus
2506 3877 2714 3932 civitati
2749 3878 3160 3932 constituendae
3199 3876 3245 3908 “
3277 3876 3453 3930 fuerat
3487 3892 3586 3931 ex»

1996 3964 2260 4034 ploratus,
2278 3965 2572 4036 Egbertum
2598 3966 2644 3999 “
2658 3969 2908 4023 comitem
2923 3967 3049 4022 huic
3060 3968 3273 4037 negotio
3285 3981 3589 4036 exsequen-

315 4066 373 4113 et
408 4075 535 4115 suas
568 4058 711 4114 ultus
755 4059 800 4090 ’θ
840 4065 926 4113 est
959 4057 1202 4123 iniurias,
1242 4056 1446 4112 addens
1482 4056 1619 4111 velle
1663 4070 1721 4111 se
1764 4071 1894 4126 pur-
2001 4056 2446 4129 d0praeficiens,
2475 4058 2652 4115 Albim
2691 4060 2923 4115 traicere
2947 4068 3003 4114 et
3029 4059 3204 4114 locum
3233 4058 3391 4113 iussit
3428 4073 3591 4112 occu-

316 4165 447 4221 gare
461 4150 529 4205 ab
544 4164 608 4206 eo
621 4150 764 4220 quod
779 4150 826 4205 ei
841 4150 1180 4207 obiciebatur
1195 4166 1210 4215 ;
1228 4149 1831 4219 foederisinruptionem
1848 4150 1891 4181 ²¹
1998 4162 2151 4218 pare.
2168 4148 2267 4205 Est
2281 4157 2461 4206 autem
2480 4150 2631 4207 locus
2660 4165 2825 4222 super
2845 4152 3018 4221 ripam
3044 4149 3258 4206 Sturiae
3284 4161 3308 4189 ο
3321 4148 3584 4216 ﬂuminis,

1563 4287 1953 4360 VARIANTES
1990 4304 2394 4363 LECTIONES.

389 4417 405 4447 ί
439 4418 671 4476 natalem
696 4420 745 4472 1.
776 4419 947 4473 am.
980 4418 1026 4473 Β
1051 4416 1105 4472 6.
1200 4419 1220 4448 ’
1243 4417 1310 4472 Et
1328 4403 1460 4473 inm.
1488 4426 1573 4473 est
1596 4433 1649 4471 η.
1679 4433 1731 4472 a.
1762 4416 1902 4472 deest
1927 4418 1972 4472 Β
1997 4418 2127 4474 5.6.
2157 4420 2211 4477 7.
2285 4421 2306 4453 ι
2335 4429 2573 4479 mutatus
2596 4423 2642 4477 Β
2661 4424 2714 4479 s.
2792 4422 2815 4455 ι
2839 4399 3129 4479 Veneciam
3168 4422 3189 4477 l
3230 4422 3274 4476 Β
3298 4422 3353 4477 2.
3384 4422 3452 4487 6;
3486 4423 3587 4476 alii

315 4490 598 4563 Venetiam
627 4488 711 4543 hic
751 4497 799 4543 et
826 4487 988 4557 infra.
1023 4487 1243 4563 _'_apud
1271 4487 1834 4563 domnnmpippinum
1854 4487 1901 4542 Β
1927 4488 1977 4563 7:
2005 4488 2051 4543 B
2074 4489 2152 4563 2?
2178 4561 2189 4563 Α
2224 4490 2245 4522 ⁸
2274 4492 2598 4563 ηνὶιιιτιιιίοίθ.
2675 4495 2696 4527 ⁷
2732 4494 2848 4549 eius
2875 4493 3017 4547 deest
3060 4494 3133 4563 l,
3209 4494 3232 4524 "
3261 4493 3585 4563 parentibus

317 4564 370 4641 1.
406 4560 537 4641 2._B
560 4558 612 4614 5.
640 4565 971 4641 iuraverunt
1016 4557 1184 4641 ΒβζΔ
1279 4557 1300 4587 ⁸
1329 4557 1572 4641 occiduis
1596 4558 1999 4641 _regionib'us__9.
2045 4561 2123 4641 __'°
2160 4561 2577 4641 desertosamji
2598 4563 2653 4617 2.
2684 4636 2695 4641 _
2733 4564 3007 4641 f‘hibe‘ris
3030 4557 3498 4641 l_._4_._5.'§._iber_i
3522 4564 3581 4641 ἶ.

315 4633 370 4704 9.
435 4631 491 4704 _“
521 4627 1027 4704 nordanimbrorum
1055 4628 1203 4704 4.__6.
1235 4627 1818 4704 nordamhumbrorum
1846 4628 1888 4681 Β
1910 4627 1963 4704 5:
2007 4699 2021 4704 _
2045 4630 2435 4704 “_ardulfusl.
2474 4632 2520 4687 B
2545 4633 2599 4687 6.
2629 4633 2893 4704 adolphus
2914 4633 2966 4688 9.
2992 4632 3240 4704 addulfus
3270 4632 3317 4686 Β
3344 4633 3394 4685 7.
3430 4633 3584 4704 aflui—

316 4703 403 4768 fus
423 4701 476 4757 4.
556 4701 600 4734 “
627 4699 888 4756 brittania
919 4700 1003 4753 l0.
1110 4701 1156 4732 "’
1180 4700 1415 4768 quadam
1457 4697 1503 4751 Β
1543 4698 1608 4768 2.
1700 4698 1744 4729 ⁸⁸
1770 4697 1964 4752 cenulfi
1993 4699 2048 4753 4.
2077 4699 2124 4753 Β
2150 4701 2205 4755 2.
2329 4703 2371 4734 ²⁷
2406 4719 2656 4759 reversus
2678 4697 2827 4759 est'B
2847 4704 2899 4757 2.
3003 4704 3046 4735 ³⁸
3072 4703 3419 4768 popolonium
3450 4702 3497 4755 Β
3521 4704 3578 4757 6.

318 4771 363 4804 "
387 4766 683 4849 ὀροϐιῶται
722 4769 774 4825 9.
874 4769 919 4799 ²⁰
939 4784 1107 4850 suum
1134 4766 1278 4823 ultus
1521 4768 1566 4799 ’ί
1598 4767 2018 4867 inrumptionem
2059 4769 2103 4823 Β
2143 4771 2196 4826 2.
2290 4772 2335 4803 “
2354 4772 2444 4827 illo
2470 4774 2660 4842 primis
2692 4776 2740 4828 l.
2778 4774 2831 4828 2.
2863 4776 2916 4829 5.
2946 4773 3031 4827 l0.
3062 4766 3108 4827 B
3138 4766 3189 4827 2.
3220 4772 3272 4827 5.
3306 4772 3358 4826 6.
3398 4772 3467 4826 ab
3496 4773 3584 4828 eis

319 4846 550 4868 ..-:...........
604 4839 623 4868 ι
684 4837 714 4868 κ
766 4838 798 4868 Ω
872 4853 1021 4868 ..η-..ο
1053 4837 1085 4868 ’1
1137 4838 1170 4868 ο
1243 4844 1494 4868 ηιμ-νηιοηι.
1532 4836 1622 4868 οη
1746 4837 1767 4868 ι
1822 4848 2115 4868 ΛΛΙιιη-ινιοιιη
2141 4850 2437 4868 “unum”...
2479 4843 2577 4868 ut:
2699 4843 2746 4868 ιι
2765 4854 2947 4868 ...Α-..η
2990 4844 3262 4868 .μνη-,ιμά
3310 4843 3362 4868 μ’
3389 4842 3407 4868 \
3444 4842 3483 4868 ι)
3522 4841 3557 4868 n

318 4836 552 4943 psrinium
682 4837 734 4893 5.
766 4838 818 4893 6.
872 4838 1024 4908 prius
1053 4837 1104 4893 7.
1137 4838 1189 4893 9.
1243 4837 1498 4906 primitus
1525 4836 1571 4890 Β
1593 4837 1647 4891 7.
1746 4836 1793 4919 ’ξ
1822 4848 2117 4895 conventus
2139 4850 2440 4924 corneatum
2471 4836 2517 4897 Β
2541 4843 2621 4925 2..
2699 4843 2746 4876 “
2764 4854 2949 4913 partes
2985 4844 3262 4899 emendari
3308 4842 3408 4912 (7.)
3436 4842 3483 4915 B
3522 4841 3578 4898 9.

396 4909 685 4968 badenﬂtot
730 4909 780 4962 1.
830 4907 884 4961 2.
932 4907 985 4962 5.
1019 4907 1071 4961 4.
1130 4908 1183 4962 6.
1209 4907 1261 4961 7.
1293 4906 1338 4960 B
1370 4906 1423 4960 5.
1473 4906 1526 4961 6.
1558 4904 1886 4962 badenﬂlotb
1914 4907 1967 4962 5.
1996 4909 2281 4966 badenﬂtet
2309 4912 2361 4967 9.
2405 4912 2683 4969 bateulltot
2722 4915 2808 4969 10.
2847 4914 3018 4969 melac
3059 4912 3102 4966 Β
3122 4914 3172 4967 7.
3206 4913 3351 4967 locus
3379 4928 3581 4967 vacuus

317 4981 530 5036 relictus
557 4979 602 5034 Β
625 4978 680 5034 2.
717 4977 773 5032 8.
874 4977 919 5008 "
946 4978 1163 5034 thrasco
1195 4978 1246 5032 l.
1277 4976 1330 5031 2.
1361 4976 1414 5030 5.
1448 4976 1492 5030 Β
1517 4976 1572 5031 2.
1627 4975 1680 5031 5.
1712 4978 1766 5031 6.
1818 4986 1996 5032 trasco
2022 4979 2074 5032 4.
2108 4981 2159 5035 6.
2188 4983 2241 5035 7.
2271 4992 2320 5037 et
2347 4982 2461 5037 alii.
2537 4984 2581 5015 ³⁷
2616 4984 2845 5039 collecto
2877 4985 2925 5037 l.
3005 4983 3050 5014 ³⁸
3085 4983 3317 5037 vastavit
3348 4983 3399 5036 4.
3434 4981 3487 5034 5.
3517 4982 3575 5036 6.

313 5050 362 5085 ”
385 5051 683 5106 maximum
713 5048 990 5104 civitatem
1026 5047 1072 5101 B
1092 5047 1143 5102 2.
1223 5048 1271 5079 ³⁸
1294 5047 1542 5103 iohannis
1566 5046 1613 5101 Β
1637 5047 1691 5101 2.
1769 5047 1810 5079 "
1830 5048 2239 5105 bernariusB7.
2262 5052 2603 5109 bernhardus
2623 5054 2677 5108 4.
2704 5054 2758 5109 5.
2785 5054 3085 5108 bernardus
3098 5053 3149 5107 6.
3168 5052 3496 5107 bernhartus
3517 5050 3573 5106 9.

317 5121 363 5153 ³⁸
383 5119 769 5177 wormacensis
792 5119 842 5173 l.
871 5118 926 5173 2.
956 5116 1009 5171 5.
1036 5117 1089 5171 7.
1130 5117 1177 5171 B
1197 5117 1252 5172 2.
1279 5118 1652 5173 unrmacensis
1680 5116 1723 5170 Β
1753 5116 1809 5171 5.
1843 5116 1896 5171 6.
1926 5120 2085 5172 ceteri
2117 5122 2545 5185 wormaciensis.
2571 5134 2669 5177 etc.
2774 5124 2820 5155 ⁸³
2843 5123 3131 5177 adalradus
3163 5122 3218 5175 4.
3248 5122 3577 5177 adelhardus

315 5190 370 5245 5.
398 5190 689 5247 alahardus
714 5191 766 5244 7.
824 5187 1137 5243 adelhartus
1160 5187 1503 5243 9.adhardus
1558 5186 1603 5240 Β
1649 5186 1699 5240 6.
1799 5185 1846 5219 ⁸⁵
1878 5187 2017 5243 abba
2068 5188 2115 5243 B
2136 5189 2190 5244 5.
2221 5190 2474 5247 abbatem
2500 5193 2545 5247 Β
2564 5194 2618 5247 2.
2685 5193 2733 5225 ³⁸
2754 5193 2974 5250 corbiae
3004 5194 3055 5247 l.
3087 5192 3141 5246 5.
3183 5192 3400 5247 corbeia
3440 5191 3483 5244 Β
3512 5191 3569 5245 2.

315 5261 362 5292 ⁸⁸
387 5260 593 5316 homini
625 5266 1007 5330 congregasset
1033 5257 1087 5311 2.
1132 5328 1138 5330 Α
1164 5258 1207 5330 ³⁷
1253 5259 1541 5330 armiscpie
1569 5257 1765 5330 ceteris
1807 5256 1879 5330 ‘2.
1908 5327 1917 5330 Α
1975 5257 2021 5290 ³⁸
2051 5262 2387 5318 necessarias
2414 5262 2469 5317 2.
2565 5264 2612 5295 ³⁹
2646 5265 2864 5318 thrarco
2890 5262 2933 5316 Β
2960 5263 3015 5316 2.
3120 5261 3165 5293 “
3201 5262 3572 5317 abodritarum

315 5329 577 5403 iemporio
599 5326 755 5403 reric:
765 5329 811 5384 Β
830 5326 905 5403 ἒ.-
966 5328 1008 5361 δ’
1036 5328 1217 5403 rerich
1249 5328 1282 5383 5
1313 5368 1325 5381 .
1355 5328 1407 5382 6.
1442 5326 1486 5381 B
1512 5326 1564 5382 6.
1643 5326 1689 5358 δ’
1717 5327 1923 5382 civitati
1951 5333 2345 5389 construendae
2372 5333 2495 5387 5.5.
2524 5334 2577 5387 6.
2604 5348 2654 5387 ο.
2687 5343 2858 5388 exstr.
2889 5332 2942 5386 4.
3021 5332 3069 5365 ⁸³
3097 5333 3413 5403 aegbertum
3439 5330 3485 5385 Β
3509 5331 3567 5384 2.

314 5399 612 5474 egibertum
635 5399 689 5455 5.
720 5400 777 5455 0.
806 5400 1068 5455 traiecere
1093 5399 1147 5453 2.
1828 5466 2034 5522 ΝΟΉΕ

386 5619 411 5646 ι
440 5604 772 5659 Comacchio.

391 5677 415 5716 ι’
450 5673 685 5728 Tartara.

388 5757 409 5785 ε
450 5742 708 5799 Montium
737 5742 940 5798 incolae.

2078 5603 2102 5643 δ
2138 5605 2311 5678 Locus
2337 5606 2581 5678 ignotus,
2602 5613 2747 5661 certe
2781 5621 2945 5678 prope
2971 5605 3259 5676 Egidoram
3280 5603 3435 5659 situs.

2070 5685 2093 5714 ε
2132 5675 2228 5731 Die
2258 5674 2381 5732 Slof
2408 5676 2461 5730 in
2489 5674 2747 5737 lloisatia.
