3988 6178
253 331 347 388 473

1721 326 2061 384 ANNALES-

3392 327 3498 384 475

253 446 504 505 vocabulo
517 441 814 500 Esesfelth‘
833 454 882 509 ο,
898 449 952 499 et
966 450 1257 514 occupatus
1277 449 1360 498 est
1389 440 1457 496 ab
1479 438 1815 512 Egberto’ct
1841 444 1894 504 Α
1917 439 2026 493 iam
2056 452 2176 495 esse
2199 439 2424 506 solutas,
2452 454 2634 512 regem
2658 454 2786 496 vero
2812 438 3164 498 Godofridum
3189 441 3331 497 domi
3361 458 3506 497 (sse.

251 538 533 596 comitibus
580 532 865 590 Saxonicis
905 534 1053 589 circa
1083 533 1205 589 idus
1246 532 1493 599 Martias,
1530 538 1588 585 et
1614 528 1819 584 muniri
1918 527 1988 583 Et
2018 543 2209 587 revera
2251 528 2327 584 ita
2364 537 2502 585 erat.
2544 529 2648 597 Qui
2689 530 2911 585 nuntius
2951 529 3087 585 adeo
3125 530 3509 601 imperatorem

251 636 468 701 coeptus
498 628 542 681 ³.
570 623 840 681 Aureolus
890 639 1073 680 comes
1095 623 1135 692 ⁸,
1164 624 1257 694 qui
1288 623 1344 678 in
1383 621 1702 678 commertio
1730 619 1822 675 Hi-

1919 619 2247 686 concitavit,
2280 626 2341 674 ut
2377 619 2560 675 missis
2585 620 2642 675 in
2670 634 2860 676 omnes
2886 620 3309 691 circumquaque
3342 622 3518 693 regio-

252 719 465 792 spauiae
491 723 656 786 atque
694 713 902 770 Galliae
941 722 1092 769 trans
1113 713 1390 769 Pirineum
1411 720 1600 768 contra
1624 709 1821 768 Oscam
1921 722 2021 763 nes
2055 709 2125 763 ad
2161 710 2598 781 congregandum
2638 710 2939 765 exercitum
2977 712 3205 778 nuntiis,
3247 712 3361 782 ipse
3401 712 3519 767 sine

255 818 307 866 et
346 807 834 875 Caesaraugustam
877 803 900 835 ⁸
935 802 1226 870 residebat,
1274 799 1562 857 defunctus
1615 809 1721 864 est,
1769 807 1825 855 et
1922 817 2076 858 mora
2114 802 2315 872 palatio
2352 804 2540 887 exiens
2574 802 2638 870 η,
2679 804 2857 875 primo
2898 804 3118 875 quidem
3139 805 3300 860 classi
3330 820 3522 860 occur—

254 899 482 955 Amoroz
509 896 554 963 ⁸,
584 894 891 965 praefectus
935 894 1396 966 Caesaraugustae
1423 901 1588 963 atque
1613 891 1787 949 Oscae
1807 933 1822 955 ,

1925 909 2048 951 rere
2071 895 2139 962 ”,
2165 896 2357 952 deinde
2381 897 2702 952 transmisso
2723 896 2914 952 Rheno
2940 896 3179 964 ﬂumine,
3204 899 3259 953 in
3287 898 3407 955 loco
3429 899 3522 971 qui

256 992 426 1048 locum
455 988 574 1044 eius
597 985 685 1058 [0.
708 986 1070 1041 ministerium
1098 986 1214 1041 eius
1243 984 1308 1037 Α.
1336 984 1426 1058 L.]
1452 985 1670 1050 invasit,
1695 993 1750 1040 et
1772 985 1828 1038 in
1927 987 2223 1057 Lippeham
2251 988 2293 1018 ¹¹
2324 995 2548 1044 vocatur
2587 989 2771 1059 c0pias
2810 1004 2948 1058 quae
2988 990 3225 1044 nondum
3257 1004 3525 1044 convene-

257 1082 491 1139 castellis
529 1081 551 1113 "
601 1078 745 1133 illius
794 1078 1065 1148 praesidia
1095 1078 1383 1148 disposuit,
1435 1077 1713 1149 missaque
1760 1073 1830 1130 ad

255 1173 633 1242 imperatorem
662 1169 684 1203 ⁸
712 1169 1004 1240 legatione,
1054 1183 1175 1224 sese
1226 1184 1349 1224 cum
1396 1168 1647 1229 omnibus
1693 1182 1834 1241 quae

256 1261 485 1317 habebat
535 1259 590 1314 in
643 1258 970 1314 deditionem
1027 1257 1102 1312 illi
1150 1258 1337 1314 venire
1376 1256 1511 1313 velle
1560 1258 1829 1330 promisit.

255 1351 500 1423 Eclypsis
524 1350 685 1405 lunae
713 1349 938 1419 contigit
958 1348 1011 1401 7.
1038 1348 1154 1402 Kal.
1181 1349 1395 1404 lanuar.

926 1437 1167 1494 DCCCX.

322 1532 559 1589 Amoroz
577 1532 623 1598 ’,
664 1529 1123 1601 Caesaraugustae
1141 1531 1183 1562 ¹⁰
1206 1531 1533 1603 praefectus,
1553 1541 1839 1603 postquam

259 1626 603 1698 imperatoris
624 1624 788 1696 legati
811 1624 877 1679 ad
900 1639 1020 1680 eum
1048 1634 1431 1695 pervenerunt,
1458 1623 1615 1695 petiit
1643 1633 1705 1679 ut
1733 1624 1840 1680 col-

256 1717 502 1790 loquium
525 1716 677 1772 ﬂeret
700 1717 840 1771 inter
865 1716 1041 1785 ipsum
1066 1723 1123 1771 et
1149 1716 1424 1786 Hispanici
1448 1715 1637 1771 limitis
1662 1725 1843 1771 custo-

1930 1084 2056 1131 rant
2083 1077 2272 1132 statuit
2295 1078 2527 1147 operiri;
2559 1078 2651 1133 ubi
2673 1078 2799 1132 dum
2830 1079 3034 1150 aliquot
3055 1080 3172 1135 dies
3193 1088 3524 1144 moraretur,

1932 1167 2139 1223 elefans
2170 1167 2276 1233 ille,
2307 1183 2468 1237 quem
2509 1169 2560 1223 ei
2599 1167 2784 1224 Aaron
2821 1183 2917 1224 rex
2960 1168 3385 1226 Sarracenorum
3428 1170 3533 1224 mi—

1934 1268 2101 1323 serat,
2120 1258 2298 1314 subita
2319 1267 2494 1315 morte
2516 1259 2694 1328 periit.
2720 1256 3077 1331 Congregatis
3099 1260 3315 1316 tandem
3341 1261 3531 1331 copiis,

1934 1359 2140 1421 quanta
2164 1349 2338 1420 potuit
2363 1350 2640 1405 celeritate
2662 1351 2731 1404 ad
2749 1350 2966 1408 Alaram
2991 1353 3035 1382 “
3058 1351 3280 1407 ﬂuvium
3306 1361 3539 1407 conten-

1939 1445 2046 1510 dit,
2077 1445 2380 1512 castrisque
2414 1442 2563 1497 iuxta
2590 1442 2950 1498 conﬂuentem
2977 1443 3115 1509 eius,
3147 1460 3254 1514 quo
3284 1444 3537 1499 Wisurae

1940 1534 2143 1589 ﬂumini
2168 1532 2534 1603 coniungitur,
2557 1533 2770 1604 positis,
2792 1533 3064 1593 minarum
3085 1531 3363 1589 Godofridi
3392 1533 3538 1603 regis

1941 1623 2305 1696 praestolatur
2340 1630 2619 1681 eventum.
2658 1621 2793 1676 Nam
2834 1638 2928 1678 rex
2974 1622 3081 1690 ille,
3112 1623 3410 1681 vanissima
3444 1637 3540 1693 spe

1944 1714 2205 1769 victoriae
2233 1712 2471 1779 inﬂatus,
2515 1714 2631 1771 acie
2662 1729 2721 1769 se
2754 1729 2878 1770 cum
2920 1715 3245 1789 imperatore
3286 1713 3540 1787 congredi

258 1807 372 1875 des,
404 1808 730 1878 promittens
757 1821 817 1861 se
843 1807 898 1861 in
924 1821 989 1862 eo
1012 1807 1281 1877 colloquio
1310 1822 1435 1862 cum
1460 1807 1573 1863 suis
1596 1805 1848 1860 omnibus
1874 1806 1923 1865 B
1949 1803 2088 1859 velle
2115 1803 2371 1858 iactabat.
2404 1801 2512 1857 Sed
2536 1803 2661 1857 dum
2691 1802 2987 1872 imperator
3012 1802 3066 1857 in
3093 1811 3396 1863 memorato
3423 1802 3543 1858 loco

260 1898 311 1954 in
341 1898 691 1969 imperatoris
729 1897 994 1953 dicionem
1035 1911 1156 1954 esse
1184 1907 1506 1964 venturum;
1549 1896 1694 1967 quod
1722 1894 1849 1950 licet

258 1989 557 2059 imperator
577 1996 637 2043 ut
663 1988 818 2044 ﬂeret
837 1990 1137 2054 annuisset,
1159 1988 1343 2044 multis
1367 1985 1848 2043 intervenientibus

258 2080 442 2137 causis
478 2080 742 2135 remansit
779 2079 1057 2134 infectum.
1104 2079 1297 2145 Mauri,
1340 2079 1406 2134 de
1444 2087 1559 2134 tota
1587 2077 1846 2148 Hispania

256 2169 497 2223 maxima
520 2168 693 2224 classe
713 2169 754 2200 ”
777 2179 1088 2239 conparata,
1106 2170 1283 2239 primo
1307 2168 1848 2233 Sardiniam,.deinde

256 2257 538 2314 Corsicam
572 2258 924 2329 appulerunt,
958 2259 1212 2330 nulloque
1235 2260 1289 2313 in
1316 2273 1379 2314 ea
1405 2261 1622 2313 invento
1644 2258 1851 2329 praesi-

255 2348 366 2416 dio,
396 2349 630 2404 insulam
653 2364 826 2421 paene
855 2356 1022 2403 totam
1048 2349 1378 2420 subegerunt
1403 2350 1467 2403 “.
1493 2349 1703 2404 interea
1726 2348 1852 2418 Pip-

254 2439 424 2509 pinus
465 2454 593 2505 rex,
639 2438 867 2509 perﬁdia
910 2440 1107 2494 ducum
1151 2440 1534 2496 Veneticorum
1576 2441 1852 2507 incitatus,

256 2530 559 2586 Veneciam
605 2530 749 2585 bello
796 2537 1048 2601 terraque
1087 2531 1337 2601 marique
1380 2531 1538 2587 iussit
1581 2539 1852 2602 appetere,

251 2620 622 2691 subiectaque
644 2622 876 2683 Venecia
901 2623 931 2663 b
962 2637 1027 2677 ac
1053 2621 1279 2678 ducibus
1305 2622 1421 2678 eius
1449 2622 1504 2677 in
1529 2623 1856 2684 deditionem

252 2712 527 2781 acceptis,
571 2711 800 2767 eandem
840 2713 1068 2769 classem
1110 2714 1178 2768 ad
1220 2712 1526 2770 Dalmaciae
1568 2714 1727 2771 litora
1761 2730 1857 2770 va-

256 2804 462 2860 standa
498 2806 668 2861 misit.
715 2806 821 2862 Sed
860 2823 983 2863 cum
1022 2808 1240 2876 Paulus,
1283 2808 1590 2871 Cefalaniae
1621 2811 1665 2843 ω
1699 2826 1857 2882 prae-

257 2893 458 2961 fectus,
506 2902 629 2952 cum
673 2898 920 2954 orientali
963 2899 1137 2955 classe
1183 2900 1254 2954 ad
1295 2901 1551 2957 auxilium
1598 2902 1857 2959 Dalmatis

257 2984 548 3041 ferendum
577 2987 917 3054 adventaret,
942 2990 1090 3060 regia
1113 2988 1307 3045 classis
1337 2990 1403 3045 ad
1430 2992 1648 3061 propria
1674 3007 1858 3063 regre-

259 3076 431 3131 ditur.
455 3075 765 3134 Hruodtrud
787 3079 851 3145 “,
878 3080 985 3134 ﬁlia
1008 3082 1352 3151 imperatoris
1372 3097 1508 3153 quae
1529 3090 1659 3137 natu
1685 3085 1860 3138 maior

1950 1894 2148 1953 stativa
2188 1894 2440 1959 haberet,
2486 1893 2825 1968 diversarum
2866 1909 3047 1950 rerum
3090 1894 3265 1950 nuntii
3312 1895 3379 1950 ad
3418 1909 3543 1953 eum

1951 1984 2268 2040 deferuntur
2287 1984 2354 2036 ’³.
2383 1982 2519 2039 Nam
2543 1992 2600 2039 et
2626 1983 2857 2038 classem
2880 2000 3018 2054 quae
3044 1984 3275 2040 Frisiam
3300 1984 3547 2040 vastabat

1952 2077 2172 2134 domum
2198 2091 2504 2148 regressam
2523 2115 2537 2141 ,
2570 2083 2625 2130 et
2653 2073 3007 2130 Godofridum
3038 2091 3223 2146 regem
3249 2090 3279 2129 a
3308 2074 3546 2145 quodam

1954 2184 2054 2225 suo
2093 2167 2322 2224 satellite
2362 2166 2739 2233 interfectum,
2783 2166 3067 2221 castellum
3095 2166 3357 2222 vocabulo
3398 2165 3549 2221 lioh-

1954 2257 2118 2313 buoki
2145 2259 2191 2289 ’⁸
2224 2269 2247 2297 ο
2276 2256 2465 2312 Albiae
2491 2256 2699 2311 ﬂumini
2744 2257 3071 2327 adpositum,
3112 2257 3166 2311 in
3198 2272 3305 2333 quo
3335 2256 3450 2313 Odo
3475 2256 3549 2311 le-

1957 2359 2115 2422 gatus
2135 2349 2479 2421 imperatoris
2502 2356 2558 2403 et
2578 2347 2924 2403 orientalium
2948 2347 3231 2403 Saxonum
3252 2356 3372 2403 erat
3395 2363 3550 2418 prae-

1958 2443 2185 2509 sidium,
2238 2458 2271 2496 a
2300 2441 2517 2497 Wiltzis
2555 2441 2602 2473 "
2641 2448 2891 2512 captum;
2947 2447 3001 2496 et
3045 2440 3331 2512 Pippinum
3381 2439 3553 2500 tilium

1957 2536 2098 2599 eius,
2120 2550 2302 2607 regem
2325 2535 2533 2601 Italiae,
2556 2534 2609 2590 8.
2634 2533 2759 2588 ldus
2784 2532 2880 2588 Iul.
2908 2533 2976 2589 de
3000 2547 3229 2603 corpore
3253 2531 3556 2602 migrasse;

1962 2629 2204 2698 duasque
2243 2627 2541 2699 legationes
2581 2626 2649 2680 de
2694 2625 2924 2681 diversis
2969 2633 3238 2680 terrarum
3282 2624 3554 2695 partibus,

1960 2736 2126 2777 unam
2153 2721 2219 2776 de
2243 2717 2732 2789 Constantinopoli,
2753 2717 2983 2773 alteram
3004 2717 3072 2773 de
3091 2715 3342 2772 Corduba
3365 2714 3431 2782 ’⁸,
3461 2731 3551 2786 pa-

1959 2814 2039 2870 cis
2067 2812 2347 2870 faciendae
2377 2828 2543 2868 causa
2580 2813 2873 2868 adventare
2914 2819 3189 2867 narratur.
3233 2809 3439 2879 Quibus
3469 2806 3555 2869 ille

1961 2902 2218 2973 acceptis,
2246 2902 2503 2973 disposita
2529 2917 2630 2972 pro
2660 2902 2921 2972 temporis
2952 2901 3261 2957 conditione
3294 2900 3554 2966 Saxonia,

1962 2996 2185 3051 domum
2240 2995 2553 3050 revertitur.
2610 2994 2781 3049 Tanta
2834 2994 2937 3048 fuit
2988 2994 3043 3049 in
3095 3008 3160 3048 ea
3216 2993 3559 3065 expeditione

1960 3086 2125 3141 boum
2169 3084 2504 3155 pestilentia,
2550 3092 2613 3139 ut
2655 3099 2828 3159 paene
2873 3084 3051 3139 nullus
3098 3093 3248 3139 tanto
3295 3085 3558 3139 exercitui

256 3174 379 3221 erat
418 3166 484 3232 “,
528 3168 583 3222 8.
628 3167 752 3224 ldus
793 3168 911 3223 Iun.
945 3169 989 3200 ¹⁶
1017 3170 1159 3225 diem
1203 3171 1354 3226 obiit.
1396 3170 1694 3242 Imperator
1731 3188 1860 3229 vero
1886 3156 1931 3218 (ἶ
1964 3184 2286 3248 superesset,
2312 3177 2440 3246 quin
2470 3191 2659 3231 omnes
2674 3156 2855 3247 usque
2882 3176 2949 3230 ad
2975 3192 3140 3229 unum
3171 3175 3456 3230 interirent
3477 3176 3559 3242 '7;

255 3248 590 3330 Aquisgrani
616 3261 791 3319 adhuc
817 3276 982 3332 agens
1010 3270 1065 3316 et
1088 3271 1276 3317 contra
1298 3261 1647 3318 G’odofridum
1675 3280 1859 3336 regem

259 3352 664 3422 expeditionem
712 3354 1003 3420 meditans,
1047 3355 1296 3409 nuntium
1343 3356 1581 3426 accepit,
1627 3354 1859 3411 classem

260 3441 625 3497 ducentarum
670 3444 889 3499 navium
924 3445 991 3499 de
1030 3443 1393 3500 Nordmannia
1424 3447 1463 3477 ⁸⁷
1494 3447 1724 3502 Frisiam
1765 3463 1859 3522 ap-

257 3532 490 3599 pulisse,
538 3539 786 3604 totasque
834 3534 1077 3590 Frisiaco
1117 3536 1263 3590 litori
1309 3537 1616 3593 adiacentes
1651 3539 1858 3595 insulas

260 3636 386 3678 esse
423 3630 678 3688 vastatas,
716 3624 930 3693 iamque
957 3627 1254 3680 exercitum
1285 3626 1433 3680 illum
1470 3628 1521 3682 in
1558 3629 1856 3685 continenti

261 3728 408 3777 esse,
437 3714 699 3785 ternaque
716 3716 921 3786 proelia
940 3731 1063 3771 cum
1084 3716 1418 3773 Frisionibus
1438 3719 1774 3775 commisisse
1792 3721 1857 3785 ιδ,

260 3804 558 3876 Danosque
587 3808 821 3863 victores
857 3809 1117 3865 tributum
1145 3810 1304 3865 victis
1332 3811 1654 3881 inposuisse,
1686 3820 1742 3867 et
1770 3827 1863 3867 ve-

262 3894 479 3967 ctigalis
515 3898 733 3953 nomine
769 3906 987 3955 centum
1024 3897 1192 3957 libras
1218 3901 1429 3968 argenti
1469 3915 1499 3954 a
1530 3901 1866 3957 Frisionibus

1961 3275 2015 3325 et
2040 3283 2147 3322 non
2176 3267 2347 3322 solum
2378 3266 2481 3333 ibi,
2513 3268 2608 3322 sed
2636 3267 2797 3322 etiam
2829 3282 2994 3336 super
3026 3265 3214 3339 [etiam
3242 3281 3340 3336 per
3367 3265 3433 3319 Α.
3466 3263 3559 3336 L.]

1961 3377 2149 3417 omnes
2177 3360 2223 3393 ’⁸
2252 3360 2569 3429 imperatori
2597 3360 2868 3414 subiectas
2893 3358 3203 3429 provincias
3232 3356 3376 3413 illius
3399 3372 3559 3429 gene-

1960 3454 2036 3509 ris
2064 3452 2380 3508 animalium
2418 3452 2724 3507 mortalitas
2766 3450 3143 3506 inmanissime
3182 3459 3426 3520 grassata
3454 3457 3557 3504 est.

1953 3549 2263 3616 Imperator
2312 3544 2650 3617 Aquasgrani
2696 3544 2921 3600 veniens
2960 3558 3147 3614 mense
3193 3540 3448 3597 Octobrio
3489 3540 3559 3600 ’θ’

1962 3646 2291 3693 memoratas
2329 3635 2624 3707 legationes
2659 3634 2893 3699 audivit,
2933 3646 3234 3703 pacemque
3262 3645 3385 3684 cum
3414 3628 3560 3682 Nici-

1966 3723 2085 3780 foro
2113 3726 2440 3795 imperatore
2467 3732 2522 3778 et
2554 3738 2677 3777 cum
2702 3722 2906 3776 Abulaz
2937 3735 3063 3790 rege
3088 3717 3379 3788 HiSpaniae
3407 3715 3556 3771 fecit.

1967 3813 2104 3871 Nam
2150 3812 2389 3868 Niciforo
2437 3812 2718 3866 Venetiam
2760 3809 2997 3865 reddidit
3048 3807 3093 3839 '°
3145 3806 3194 3872 τι,
3236 3814 3291 3862 et
3329 3806 3562 3860 Ilaimri-

1973 3917 2099 3957 cum
2134 3902 2177 3933 "
2208 3901 2465 3955 comitem
2495 3899 2625 3955 olim
2654 3914 2685 3954 a
2717 3898 3038 3953 Sarracenis
3071 3903 3318 3965 captum,
3356 3894 3559 3952 Ahulaz

1506 3990 1898 4047 VARIANTES
1930 3990 2334 4047 LECTIONES.

335 4082 353 4113 ί
383 4079 580 4134 esfelth
610 4081 659 4135 1.
691 4080 850 4136 esfelt
872 4081 929 4136 4.
957 4080 1010 4134 5.
1032 4080 1084 4134 6.
1117 4079 1439 4135 esesfelth2.
1461 4079 1547 4134 10.
1576 4079 1689 4135 B2.
1707 4080 1760 4133 5.
1779 4080 2053 4137 esesfeltB
2075 4081 2127 4135 6.
2145 4080 2458 4137 essesfelt9.
2488 4080 2774 4137 essesfelth
2802 4079 2847 4134 B
2877 4081 2929 4137 8.
2966 4078 3124 4135 esfelt
3150 4077 3203 4132 4.
3232 4076 3475 4134 esclfelth
3503 4079 3558 4132 3.

265 4152 317 4205 ’1.
336 4150 643 4206 esselfeltB
662 4148 716 4203 7.
791 4153 811 4182 ²
840 4151 1165 4206 abeaiberto
1188 4151 1241 4205 5.
1261 4149 1315 4204 6.
1392 4150 1651 4206 'caentus
1689 4151 1740 4205 1.

269 4167 642 4206 ·ι.θεεθιιειισ
675 4167 716 4203 ι.
791 4167 811 4182 ι
840 4167 952 4206 aue
991 4167 1165 4206 inerte
1188 4167 1315 4205 0.0.
1392 4167 1497 4204 'cat

269 4222 310 4275 Β
334 4222 392 4275 2.
471 4219 492 4251 ⁸
521 4235 737 4279 amaroz
763 4221 816 4274 5.
841 4222 895 4276 9.
928 4167 987 4274 B8
997 4222 1050 4277 8.
1126 4219 1147 4252 ⁷
1180 4226 1236 4277 et
1262 4220 1497 4275 castellis

267 4308 363 4346 τοι
393 4287 441 4342 Β
466 4288 518 4343 6.
574 4290 642 4360 Δί’
669 4298 1087 4360 caesaraugusto
1114 4287 1159 4343 B
1189 4289 1241 4343 2.
1323 4291 1364 4324 “
1392 4291 1563 4346 classe
1601 4291 1653 4345 1.

1818 4151 1839 4182 ⁵
1869 4151 2107 4207 auriolos
2122 4153 2292 4208 comis
2306 4151 2350 4205 Β
2362 4151 2418 4207 2.
2494 4152 3071 4222 fcaesaraugustum...
3091 4156 3372 4205 caestarau

1589 4221 1644 4275 2.
1721 4221 1742 4253 ⁸
1772 4222 1841 4276 ab
1871 4222 2252 4292 imperatorem
2286 4223 2330 4275 Β
2354 4223 2409 4277 2.
2439 4221 2507 4276 1N
2524 4220 2765 4277 DCCCX.
2796 4219 2915 4276 B5.
2957 4224 3012 4292 η’
3037 4219 3266 4292 Amare;
3294 4219 3559 4292 5.Arm9-

3446 4157 3563 4205 stus

1732 4292 1773 4363 '_’
1801 4288 2119 4363 subigerunt
2148 4291 2193 4346 B
2219 4292 2273 4363 2.
2308 4293 2362 4346 5.
2402 4292 2455 4347 6.
2491 4293 2838 4363 subiecerunt
2874 4292 2920 4345 Β
2955 4291 3008 4344 7.
3042 4360 3053 4363 _
3089 4290 3130 4363 ‘f
3162 4290 3467 4363 cefalagiaeg
3495 4288 3552 4363 ξ.

268 4358 1077 4433 cefalaiae‘6._cephaleniaeA7.
1106 4360 1482 4433 celalaniaegB
1518 4360 1576 4415 5.
1615 4358 2121 4433 celafaniaejliouq.

2200 4361 2245 4393 ²¹⁶
2272 4364 2563 4417 hruodtrut
2599 4361 2643 4416 Β
2683 4361 2735 4415 5.
2770 4360 3057 4417 hruottrud
3096 4359 3152 4413 2.
3195 4359 3471 4417 hruodrud
3502 4360 3557 4414 5.

270 4429 589 4486 rhodtrudis
616 4430 667 4484 7.
697 4431 967 4486 rotdrudis
996 4431 1048 4486 9.
1130 4430 1173 4462 ¹⁵
1200 4438 1328 4484 natu
1356 4431 1535 4486 minor
1560 4440 1681 4487 erat
1704 4431 1759 4486 '5.
1841 4433 1884 4463 ¹⁸
1905 4431 1990 4487 Ill.
2016 4429 2153 4487 Non.
2180 4431 2295 4486 iun.
2324 4431 2367 4485 Β
2388 4432 2441 4486 5.
2521 4433 2561 4464 ιτ
2591 4431 2952 4487 nordmannia
2976 4430 3028 4483 1.
3053 4431 3475 4485 nordusmannia
3497 4430 3555 4482 2.

269 4500 633 4556 nordmannia
660 4501 714 4555 5.
745 4500 797 4555 4.
830 4500 883 4555 6.
916 4501 969 4556 9.
1002 4501 1047 4554 Β
1075 4500 1128 4554 5.
1158 4500 1539 4556 northmannia
1564 4501 1617 4556 5.
1649 4501 2031 4557 nortdmannia
2058 4502 2111 4556 7.
2146 4503 2487 4556 nortmannia
2517 4501 2561 4557 Β
2586 4501 2641 4556 2.
2669 4503 2721 4555 7.
2748 4500 3034 4556 normania
3061 4499 3106 4552 Β
3136 4499 3189 4552 6.
3224 4498 3395 4552 Tanta
3418 4499 3559 4553 vocis

271 4571 501 4624 varietas
520 4571 649 4625 satis
673 4571 905 4642 indicgt,_
923 4570 1118 4625 codicis
1138 4570 1197 4642 1.
1228 4568 1501 4642 lectionem
1530 4574 1810 4642 genuinam
1839 4588 1969 4642 esse.
2048 4573 2091 4605 "
2119 4572 2424 4642 commissis
2454 4572 2505 4626 1.
2532 4571 2589 4625 2.
2621 4572 2675 4625 4.
2706 4571 2759 4625 6.
2791 4570 3083 4642 commisse
3112 4567 3156 4642 Β
3182 4567 3560 4642 2.-λοριιιιιιξδεε

272 4642 783 4714 εοντκεοιιιωίεὶεεβ
809 4641 853 4714 Β
876 4640 931 4714 5.
954 4640 1289 4714 commisisse
1308 4639 1361 4694 7.
1391 4642 1444 4696 9.
1475 4636 1765 4714 commissa
1794 4641 1906 4714 alii.
1986 4643 2031 4675 ¹⁹
2049 4641 2252 4714 palatio
2273 4642 2461 4714 exiens
2482 4651 2596 4714 post
2618 4638 3006 4714 Iiaec__verba__in
3025 4636 3552 4714 codice.B_2._[olium

270 4710 502 4782 excidit,
539 4713 704 4782 pergit
744 4710 885 4780 infra
914 4712 970 4782 in
999 4726 1120 4764 voce
1150 4710 1266 4782 eius
1304 4726 1485 4782 regem
1524 4713 1724 4767 italiae.
1800 4713 1846 4744 ὀ
1877 4710 2190 4768 occurreret
2216 4712 2261 4767 Β
2289 4712 2340 4766 7.
2418 4710 2603 4781 “’lipp

2606 4712 2707 4767 eha
2744 4710 2799 4765 5.
2827 4710 2882 4765 6.
2921 4708 3153 4777 lippeam
3182 4706 3226 4760 Β
3256 4707 3306 4760 7.
3353 4707 3557 4777 lippen-

272 4779 424 4835 beim
449 4782 502 4836 9.
539 4777 549 4782 ⁷
578 4777 880 4835 "'alraram
914 4781 963 4833 1.
1001 4795 1214 4833 araram
1241 4779 1294 4834 9.
1326 4777 1559 4837 alacrem
1583 4782 1629 4835 B
1654 4782 1707 4837 6.
1785 4782 1832 4813 “
1857 4781 2110 4839 deferunt
2139 4784 2189 4836 1.
2218 4784 2271 4837 5.
2300 4783 2344 4836 Β
2367 4783 2420 4836 7.
2453 4777 2719 4843 venerunt
2747 4781 2802 4834 5.
2834 4781 3170 4836 devenerunt
3193 4777 3245 4831 6.
3279 4777 3563 4848 perferun-

271 4856 363 4903 tur
389 4850 444 4904 9.
471 4850 787 4905 deferuntur
814 4852 866 4904 2.
892 4851 945 4904 7.
972 4849 1018 4904 Β
1045 4849 1097 4905 5.
1135 4849 1201 4904 ad
1239 4863 1297 4905 se
1325 4850 1573 4907 deferunt
1600 4852 1646 4906 B
1672 4852 1725 4906 6.

1826 4854 1873 4883 ³⁵
1902 4852 2211 4908 hohbuocbi
2235 4854 2289 4908 5.

275 4919 317 4990 ’τ
346 4922 589 4989 perirent
606 4920 649 4974 Β
673 4921 725 4976 7.
800 4922 846 4952 ’⁸
876 4936 971 4990 per
998 4936 1185 4976 omnes
1204 4919 1293 4990 1-0.
1370 4921 1413 4956 ²⁹
1438 4921 1685 4978 octubrio
1704 4921 1748 4975 Β
1773 4921 1826 4975 7.
1856 4922 2142 4978 octimbrio
2167 4922 2212 4975 Β
2238 4922 2292 4976 6.
2368 4924 2414 4956 ³⁰
2443 4923 2622 4978 reddit
2652 4923 2704 4977 1.

3031 4848 3076 4880 ³⁸
3133 4845 3366 4904 cordoba
3413 4845 3459 4900 Β
3504 4846 3557 4901 5.

2781 4923 2824 4955 “
2853 4919 3154 4975 bamricum
3176 4918 3226 4972 1.
3247 4918 3299 4971 4.
3329 4918 3415 4972 10.
3444 4930 3563 4970 am-

2387 4854 2434 4885 “
2458 4853 2663 4908 wilzzis
2690 4852 2736 4906 B
2766 4851 2818 4905 5.
2851 4850 2904 4904 6.

276 4985 448 5044 ricum
470 4991 524 5045 2.
557 4992 840 5046 hanricum
869 4985 922 5046 3.
952 4991 1088 5046 amri
1110 4991 1162 5046 5.
1198 4989 1369 5046 hamri
1401 4991 1454 5047 6.
1482 4993 1764 5048 henricum
1814 4992 1865 5046 7.
1896 4993 2256 5049 heimrichum
2293 4994 2349 5049 9.
2401 4994 2723 5049 haimricum
2771 4992 2817 5047 B
2836 4992 2891 5047 2.
2918 4988 2972 5044 5.
2996 4988 3051 5044 8.
3081 4988 3403 5044 heimricunt
3431 4985 3477 5040 Β
3503 4985 3557 5040 6.

1788 5125 2020 5184 NOTAE}.

274 5059 599 5116 adimricutn
628 5060 674 5115 Β
702 5061 755 5115 7.

350 5228 377 5258 II
418 5211 649 5274 itzeltoe.

350 5287 379 5360 if
418 5287 704 5360 Pippinum
742 5306 849 5344 non
882 5305 1073 5345 omnes
1087 5289 1437 5360 iVenetorum
1472 5287 1677 5343 insulas
1716 5287 1859 5343 obti—

278 5357 626 5438 nuissefsed
663 5370 825 5438 ponte
867 5360 1042 5415 navali
1079 5359 1273 5438 Rivum
1315 5357 1496 5438 altum_
1525 5372 1859 5438 aggressum,

276 5436 602 5498 tempestate
646 5427 825 5485 subito
869 5442 1051 5485 coorta
1093 5429 1162 5483 ab
1205 5430 1419 5497 incepto
1465 5427 1728 5483 desistere
1773 5443 1865 5483 co—

278 5504 464 5552 actum
491 5514 631 5565 esse,
662 5516 730 5555 ex
762 5502 1082 5556 Venetorum
1111 5498 1381 5554 chronicis
1414 5507 1645 5552 constat.

356 5578 376 5605 ο
418 5567 495 5624 De
533 5583 600 5624 eo
635 5571 870 5641 multum
915 5571 1247 5641 disputatur;
1291 5568 1380 5623 alii
1428 5566 1703 5641 [lamburg
1743 5583 1863 5625 esse

280 5645 505 5759 Qutant,
554 5640 750 5709 quibus
791 5636 1014 5723 obstare
1050 5640 1309 5721 videtur,”
1333 5637 1474 5759 (Brod
1515 5636 1789 5709 Hamliurg
1833 5655 1862 5692 a

310 5706 476 5759 Villis
503 5710 663 5759 naulo
688 5711 898 5759 longius
925 5711 1190 5759 distabat:
1225 5709 1314 5759 alu
1388 5708 1732 5759 mlzenliuru.
1769 5725 1861 5759 vo.

310 5706 476 5767 Nilzis
503 5706 663 5782 paulo
688 5711 898 5785 longius
925 5711 1190 5775 distabat;
1225 5709 1314 5764 alii
1344 5706 1732 5779 Boitzenhurg,
1763 5706 1861 5766 vo.

1965 5217 2157 5273 cabulo
2185 5227 2368 5276 tamen
2395 5221 2529 5277 satis
2555 5220 2811 5283 adverso;
2849 5218 3069 5275 Bucben
3098 5218 3475 5289 potiusgfuerit
3504 5233 3559 5272 tu

1967 5289 2167 5373 ducatu
2192 5289 2655 5373 ‘I'Jauenburgensi
2676 5330 2690 5355 ,
2712 5304 2842 5373 .no_n
2864 5287 3252 5373 Amagis‘quam
3291 5287 3344 5342 in
3390 5288 3558 5343 altera

1968 5359 2084 5429 ripa
2110 5359 2447 5416 Holdunsteti
2472 5358 2533 5416 et
2547 5360 2726 5415 Hliuni
2757 5359 2827 5412 ab
2850 5358 3007 5413 Albia
3036 5359 3261 5414 distans.

2036 5427 2061 5468 ἀ
2100 5428 2257 5483 Pacis
2282 5429 2442 5498 hujus
2465 5430 2802 5485 conditiones
2830 5443 2894 5482 ex
2926 5438 3086 5498 pacto
3108 5428 3373 5483 Hlotharii
3402 5428 3423 5482 Ι
3454 5429 3557 5483 im-

2004 5498 2233 5553 eratoris
2262 5514 2384 5553 cum
2414 5501 2637 5556 Venetis
2672 5498 3078 5568 cognoscimus,
3103 5499 3259 5568 'quod
3288 5514 3351 5552 ex
3382 5513 3557 5554 mem-

2004 5514 2233 5553 eratoris
2262 5514 2384 5553 cum
2423 5514 2637 5556 venetus
2672 5514 3078 5568 cognoscimus,
3103 5514 3259 5568 -quou
3288 5514 3351 5552 ex
3382 5514 3553 5554 mem-

1966 5514 2153 5623 ﬁrauis
2181 5569 2385 5623 archivi
2414 5570 2545 5625 olim
2570 5567 2881 5639 reipublicae
2909 5568 3146 5634 Venetae,
3180 5567 3291 5636 jam
3323 5568 3553 5623 Cmsarci

1971 5638 2430 5707 Vindobonensis,
2478 5637 2806 5710 descriptum
2853 5637 3144 5698 lectoribus
3187 5640 3240 5695 in
3282 5649 3556 5710 posterqu

1968 5724 2347 5779 proponemus.
