3986 6174
297 300 394 355 477

1764 297 2100 362 ANNALES.

3463 308 3564 369 478

289 420 412 468 ctus
436 409 746 466 nunciatur.
774 407 873 465 Cui
900 424 1024 466 cum
1060 409 1369 480 Sigifridus,
1400 425 1568 482 nepos
1597 410 1878 468 Godofridi
1905 413 1958 474 Α
1982 427 2141 468 suum
2178 412 2556 488 Hcmmingum
2583 416 2685 472 sibi
2724 416 2929 473 remitti
2956 425 3167 490 rogant.
3201 422 3218 439 ‘
3271 420 3384 477 lioc
3422 439 3566 480 anno

285 504 457 577 regis,
501 511 561 559 et
598 501 777 557 Anulo
821 504 862 569 ⁸,
906 518 1077 573 nepos
1106 504 1126 534 ¹
1173 502 1416 560 IIerioldi
1468 503 1743 574 quondam
1791 518 1878 558 re-
1979 500 2161 557 Idibus
2194 501 2320 563 Mali
2344 514 2466 573 post
2488 507 2771 563 meridiem
2801 508 2935 565 solis
2957 510 3191 582 eclypsis
3218 510 3343 567 fuit.

281 596 377 667 gis
420 593 443 626 ³
476 592 745 666 [Herioldi
783 600 839 649 et
890 592 1060 664 ipsius
1110 592 1254 665 regis
1301 594 1367 647 A.
1417 591 1543 665 L.],
1586 593 1879 649 succedere

279 684 614 751 voluissent,
642 699 820 754 neque
855 684 1001 739 inter
1026 699 1144 750 eos,
1190 693 1314 740 uter
1348 699 1579 755 regnare
1628 684 1874 748 deberet,

279 776 579 834 convenire
607 775 895 846 potuisset,
923 774 1253 847 comparatis
1280 774 1453 844 copiis
1479 782 1535 831 et
1571 774 1871 830 commisso

278 866 491 937 proelio
516 904 533 932 ,
574 866 736 921 ambo
792 865 1119 922 moriuntur.
1182 865 1318 922 Pars
1370 875 1553 921 tamen
1609 866 1874 922 Anulonis

277 955 479 1027 adepta
521 955 811 1011 victoriam
853 956 898 1020 ⁸,
939 953 1139 1010 fratres
1188 955 1306 1010 eius
1335 954 1651 1011 Herioldum
1680 963 1735 1011 et
1765 955 1872 1011 Re-

275 1042 578 1119 ginl’ridum
606 1050 627 1082 '
655 1064 810 1121 reges
853 1049 957 1105 sibi
1008 1050 1325 1116 constituit;
1365 1065 1529 1120 quam
1556 1052 1870 1108 necessario

274 1156 410 1211 pars
435 1142 579 1199 victa
606 1150 812 1208 secuta,
840 1142 1062 1196 eosdem
1106 1141 1211 1196 sibi
1241 1156 1471 1212 regnare
1499 1157 1610 1198 non
1640 1142 1863 1198 abnuit:

275 1231 335 1285 iri
356 1245 425 1286 eo
450 1230 660 1301 proelio
688 1230 778 1296 1ο,
807 1229 912 1286 940
939 1229 960 1261 ⁸
988 1229 1094 1284 viri
1123 1229 1388 1286 cecidisse
1419 1237 1733 1286 narrantur.
1776 1231 1869 1287 Ni-

273 1325 485 1383 ciforus
512 1327 813 1396 imperator
840 1333 962 1397 post
989 1325 1187 1381 multas
1216 1333 1273 1381 et
1322 1326 1568 1397 insignes
1608 1327 1868 1384 victorias

270 1415 332 1472 in
359 1414 565 1472 Moesia
590 1414 870 1487 provincia
897 1416 1190 1472 commisso
1219 1431 1343 1471 cum
1372 1415 1623 1487 Bulgaria
1659 1418 1866 1487 proelio

271 1509 533 1575 morimr,
560 1514 621 1563 et
646 1500 911 1573 Michahel
942 1520 1110 1579 gener
1156 1506 1273 1562 eius
1322 1508 1623 1578 imperator
1659 1507 1863 1574 factus,

271 1597 491 1669 legatos
535 1597 880 1668 imperatoris
928 1596 1112 1670 [legat.
1157 1598 1341 1654 domui
1390 1598 1432 1653 i.
1472 1598 1537 1653 A.
1568 1599 1657 1671 L._|
1691 1599 1862 1667 Karli,

2045 608 2079 643 ³⁸
2116 608 2423 682 [Bobertus
2466 615 2638 670 abbas
2698 618 2874 674 sancti
2934 617 3192 675 Germani
3243 625 3564 682 monasterii

1976 678 2088 732 vita
2119 678 2365 763 decessit
2421 682 2627 763 ⁵Ιι-ιιιιιιο
2657 685 2905 763 (Ιτηιὶηρ)
2956 703 3171 763 quoque
3198 678 3566 761 prudentissi:

1976 763 2098 803 mus
2122 750 2206 804 vir
2232 749 2352 806 loco
2386 753 2505 808 eius
2529 749 2815 810 successit.
2847 749 2898 811 71
2927 778 2935 795 -
2972 749 2992 759 ’
3081 749 3113 769 “’

2606 897 2920 956 DCCCXIII.

2050 1046 2352 1118 Imperator
2411 1051 2739 1126 Aquisgrani
2791 1058 3093 1126 hiemavit,
3160 1071 3219 1118 et
3266 1064 3560 1135 incipiente

1972 1140 2123 1195 verni
2153 1142 2415 1213 temperie
2446 1145 2487 1175 ¹⁹
2521 1145 2897 1204 Amalharium
2921 1150 2966 1181 ¹⁰
3013 1151 3405 1209 Treverenscm
3436 1158 3556 1227 epi-

1969 1244 2193 1299 scopum
2233 1241 2290 1287 et
2332 1233 2555 1289 Petrum
2595 1236 2850 1292 abbatem
2902 1241 3220 1296 monasterii
3269 1243 3556 1300 Nonantu-

1966 1318 2048 1374 las
2079 1321 2123 1351 “
2151 1329 2375 1391 propter
2410 1338 2600 1392 pacem
2633 1341 2757 1379 cum
2785 1326 3047 1383 Michaele
3072 1329 3402 1399 imperatore
3424 1347 3558 1387 con-

1969 1408 2288 1467 firmandam
2316 1412 2840 1485 Constantinopolim
2870 1417 3038 1472 misit.
3059 1419 3200 1475 Pons
3218 1422 3261 1453 “
3277 1421 3418 1492 apud
3443 1422 3558 1478 Μο-

1965 1500 2276 1569 gontiacum
2308 1518 2495 1558 mense
2540 1504 2680 1559 Maio
2718 1505 2970 1563 incendio
3017 1508 3392 1581 conﬂagravit,
3425 1522 3552 1582 post

1964 1591 2107 1659 quod
2137 1592 2436 1661 imperator
2455 1609 2577 1649 cum
2606 1596 2663 1650 in
2689 1596 2983 1653 Arduenna
3018 1611 3328 1666 venaretur,
3357 1604 3553 1672 pedum

270 1690 367 1759 qui
405 1689 477 1744 ad
531 1687 829 1745 Nicifomm
855 1688 878 1723 τ
928 1690 1084 1745 missi
1123 1688 1363 1758 ταειιωι,
1395 1690 1454 1745 in
1481 1689 1865 1747 οοηειεηιίηο.
1896 1759 1915 1760 7
1965 1681 2151 1737 dolore
2176 1683 2453 1751 decubuit,
2481 1693 2536 1740 et
2567 1686 2950 1743 convalescens
2993 1690 3339 1760 Aquasgrani
3378 1707 3555 1747 rever-

270 1778 759 1849 poli'susccpitet
781 1779 1045 1847 absolvit;
1070 1796 1194 1836 cum
1214 1781 1412 1852 quibus
1435 1789 1491 1837 et
1510 1798 1637 1839 suos
1656 1782 1864 1855 legatos
1892 1759 1939 1817 Β
1968 1788 2062 1828 Sus
2091 1782 2208 1841 est;
2250 1791 2316 1831 ac
2366 1776 2561 1833 deinde
2600 1777 2786 1834 habito
2813 1759 3349 1847 generaliconventu
3367 1823 3383 1849 ,
3428 1797 3555 1838 evo-

271 1873 494 1939 direxit,
510 1872 867 1929 Michahelem
890 1874 1100 1930 scilicet
1122 1875 1459 1946 episcopum,
1478 1885 1532 1931 et
1551 1875 1824 1933 Arsaiium
1839 1878 1860 1909 ’

271 1972 437 2035 atque
469 1964 884 2036 Theognostum
934 1965 977 1996 ¹⁰
1018 1966 1509 2036 protospatliarios,
1547 1977 1602 2023 et
1628 1984 1729 2039 per
1767 1984 1861 2025 eos

268 2066 460 2125 pacem
485 2070 518 2110 a
545 2054 788 2111 Nicil‘oro
826 2056 1094 2127 inceptam
1123 2056 1483 2113 conﬁrmavit.
1502 2057 1637 2113 Nam
1666 2059 1863 2130 Aquis-

267 2147 451 2218 grani,
481 2148 580 2225 ubi
606 2148 676 2203 ad
701 2149 1082 2220 imperatorem
1110 2158 1397 2217 venerunt,
1425 2152 1688 2222 scriptum
1714 2155 1861 2225 pacti

265 2236 334 2290 ab
364 2251 433 2292 eo
476 2236 536 2292 in
568 2222 821 2293 ecclesia
858 2238 1245 2309 suscipientes,
1298 2255 1449 2296 more
1499 2256 1598 2296 suo
1619 2283 1634 2308 ,
1674 2222 1732 2297 id
1776 2254 1862 2300 est

264 2326 479 2384 Graeca
508 2328 714 2401 lingua,
740 2329 926 2386 laudes
953 2330 1005 2385 ei
1030 2330 1303 2396 dixerunt,
1325 2331 1712 2402 Imperatorem
1733 2348 1858 2388 eum

262 2429 319 2475 et
367 2419 646 2477 Basileum
677 2420 719 2454 ¹¹
746 2422 1079 2493 appellantes
1103 2462 1117 2488 ,
1161 2429 1217 2477 et
1251 2424 1575 2479 revertendo
1623 2424 1855 2480 Romam

261 2512 572 2578 venientes,
602 2513 658 2567 in
697 2513 922 2570 basilica
973 2514 1147 2570 sancti
1188 2514 1342 2571 Petri
1369 2523 1425 2572 et
1461 2517 1690 2587 apostoli
1721 2532 1858 2572 euu-

260 2604 387 2660 dem
412 2605 563 2675 pacti
599 2621 696 2661 seu
721 2604 955 2661 foederis
985 2606 1225 2662 libellum
1251 2623 1282 2661 a
1312 2607 1495 2664 Leone
1517 2623 1654 2680 papa
1680 2609 1857 2664 denuo

258 2705 646 2768 susceperunt.
692 2698 901 2765 Quibus
949 2699 1226 2766 dimissis,
1270 2701 1569 2770 imperator
1615 2702 1853 2772 generali

258 2796 539 2844 conventu
589 2788 763 2859 Aquis
814 2790 1131 2847 solemniter
1198 2791 1383 2847 habito
1410 2833 1425 2857 ,
1480 2793 1853 2848 Bernbardum

260 2876 438 2933 lilium
466 2877 707 2949 Pippini,
732 2888 983 2951 nepotem
1028 2895 1209 2948 suum,
1243 2880 1298 2935 in
1342 2880 1551 2936 Italiam
1584 2883 1764 2949 misit;
1798 2891 1854 2938 et

253 2979 484 3040 propter
526 2968 732 3026 famam
786 2971 998 3038 classis,
1057 2987 1199 3041 quae
1249 2979 1305 3027 ct
1345 2973 1412 3027 de
1458 2970 1643 3027 Africa
1692 2981 1746 3028 et
1786 2974 1852 3029 de

255 3058 521 3131 Hispania
573 3062 644 3117 ad
672 3062 995 3117 vastandam
1041 3062 1254 3117 Italiam
1289 3070 1518 3118 ventura
1546 3062 1846 3130 dicebatur,

255 3150 548 3208 Walanem
605 3154 648 3185 "
705 3153 875 3209 lilium
929 3154 1233 3211 Bernhardi
1283 3154 1545 3225 patruelis
1601 3156 1683 3212 sui
1729 3171 1853 3211 cum

255 3241 346 3299 illo
376 3259 501 3299 esse
530 3244 711 3312 iussit,
746 3244 1098 3314 quoadusque
1131 3260 1314 3300 rerum
1366 3255 1594 3302 eventus
1649 3248 1853 3304 securi-

254 3340 426 3389 tatem
454 3335 663 3391 nostris
702 3335 959 3392 adferret.
993 3335 1139 3393 Haec
1166 3336 1359 3393 classis
1395 3338 1592 3409 partim
1623 3337 1678 3394 iu
1720 3339 1855 3396 Cor-

252 3424 451 3491 sicam,
496 3426 700 3495 partim
744 3427 800 3481 in
841 3427 1147 3483 Sardiniam
1204 3429 1383 3496 venit;
1437 3438 1493 3485 et
1521 3445 1586 3485 ea
1633 3432 1852 3501 quidem

249 3528 384 3586 pars
430 3531 573 3586 quae
614 3518 683 3572 ad
711 3516 1024 3575 Sardiniam
1074 3528 1159 3576 cst
1195 3521 1392 3587 delata,
1423 3537 1561 3592 pene
1600 3530 1710 3577 tota
1759 3524 1853 3578 dc-

252 3602 363 3662 Ieta
415 3615 521 3662 est.
575 3607 779 3665 Classis
834 3611 999 3666 etiam
1045 3611 1506 3668 Nortmannorum
1559 3614 1603 3645 ¹³
1657 3614 1850 3669 Iliber-

254 3696 400 3752 niam
455 3696 773 3754 Scottorum
827 3699 871 3732 “
928 3701 1159 3756 insulam
1215 3704 1472 3775 adgressa
1505 3744 1519 3770 ,
1593 3706 1847 3761 commis-

251 3799 423 3857 soque
468 3803 596 3843 eum
646 3786 850 3845 Scottis
895 3790 939 3821 ¹⁸
982 3790 1218 3860 proelio,
1267 3801 1425 3862 parte
1472 3809 1579 3848 non
1635 3794 1845 3852 modica

251 3872 729 3935 Nordmannorum
785 3881 1104 3949 interfecta,
1164 3885 1393 3954 turpiter
1450 3884 1705 3957 fugiendo
1751 3887 1847 3942 do-

250 3985 402 4027 mum
431 3987 652 4028 reversa
705 3981 808 4029 est.
840 3974 954 4029 Pax
982 3990 1107 4030 cum
1154 3974 1358 4030 Abulaz
1407 3976 1449 4008 ¹⁶
1478 3991 1607 4047 rege
1641 3978 1839 4033 Sarra-

250 4075 510 4117 cenorum
569 4061 742 4129 facta,
774 4063 900 4118 item
950 4079 1073 4119 cum
1136 4066 1271 4121 duce
1331 4065 1839 4123 Beneventanorum

249 4152 590 4220 Grimoaldo,
617 4165 675 4212 et
699 4156 890 4212 tributi
938 4158 1171 4227 nomine
1192 4159 1380 4231 viginti
1420 4160 1661 4231 quinque
1693 4160 1839 4216 milia

252 4246 550 4302 solidorum
591 4248 713 4303 auri
764 4263 795 4302 a
842 4248 1239 4306 Beneventanis
1287 4250 1483 4307 soluta.
1551 4249 1840 4321 Expeditio

250 4334 393 4394 facta
425 4339 495 4393 ad
523 4337 781 4404 Wiltzos,
805 4346 864 4395 et
891 4340 959 4395 ab
985 4341 1068 4396 eis
1106 4341 1325 4397 obsides
1369 4342 1599 4412 accepti.
1631 4341 1843 4398 Hariol-

251 4425 353 4482 dus
380 4428 420 4461 "
450 4437 509 4484 et
536 4428 887 4500 Reginfridus
926 4431 992 4499 ⁸⁸,
1034 4446 1191 4502 reges
1213 4433 1506 4498 Danorum,
1557 4435 1724 4491 missa
1771 4437 1840 4492 ad

249 4516 641 4589 imperatorem
693 4520 987 4591 legatione,
1015 4536 1204 4591 pacem
1241 4533 1453 4593 petunt,
1506 4532 1561 4581 et
1602 4523 1833 4582 fratrem

1963 1872 2145 1920 catum
2179 1866 2246 1921 ad
2295 1882 2355 1923 se
2407 1868 2550 1937 apud
2598 1867 2940 1939 Aquasgrani
2994 1870 3165 1926 filium
3215 1887 3374 1927 suum
3416 1872 3548 1927 [Ilu-

1962 1955 2176 2009 doicum
2210 1955 2255 1986 ’³
2284 1954 2614 2026 Aquitaniae
2639 1974 2845 2027 regem,
2884 1975 3145 2015 coronam
3176 1960 3252 2015 illi
3286 1963 3550 2032 inposuit,

1958 2053 2014 2100 et
2040 2046 2336 2115 imperialis
2358 2048 2596 2105 nominis
2622 2050 2726 2105 sibi
2752 2059 3066 2107 consortem
3094 2050 3246 2117 fecit,
3272 2052 3549 2109 Bernhar-

1960 2137 2193 2208 dumque
2215 2147 2468 2209 nepotem
2514 2156 2695 2206 suum,
2724 2141 2898 2197 lilium
2924 2142 3142 2214 Pippini
3184 2144 3283 2199 lilii
3311 2146 3418 2211 sui,
3448 2146 3555 2201 Ita-

1958 2226 2064 2283 liae
2129 2229 2413 2299 praefecit,
2461 2239 2518 2286 et
2552 2246 2739 2302 regem
2780 2232 3042 2302 appellari
3080 2233 3255 2290 iussit.
3306 2235 3549 2293 Concilia

1957 2333 2173 2388 quoque
2233 2320 2385 2376 iussu
2437 2321 2555 2377 eius
2607 2336 2772 2391 super
2825 2331 2971 2378 statu
3019 2324 3372 2380 ecclesiarum
3425 2343 3550 2383 cor-

1957 2407 2182 2479 rigendo
2229 2423 2329 2479 per
2368 2418 2539 2465 totam
2579 2410 2811 2466 Galliam
2856 2414 2924 2468 ab
2960 2415 3230 2485 episcopis
3277 2417 3550 2473 celebrata

1956 2512 2114 2569 sunt,
2149 2520 2383 2574 quorum
2428 2522 2595 2561 unum
2647 2507 3007 2577 Mogontiaci,
3059 2510 3290 2564 alterum
3338 2510 3544 2573 Remis,

1957 2594 2176 2648 tertium
2214 2593 2467 2661 Turonis,
2522 2598 3123 2665 quartumCabillioue
3170 2599 3249 2666 “,
3292 2602 3542 2669 quintum

1953 2683 2162 2739 Arelati
2205 2694 2589 2758 congregatum
2619 2696 2735 2754 est,
2778 2696 2834 2743 et
2886 2690 3361 2756 constitutionum,
3402 2706 3546 2761 quae

1955 2775 2010 2829 in
2039 2775 2268 2847 singulis
2312 2777 2491 2831 factae
2534 2785 2681 2843 sunt,
2730 2778 2949 2834 collatio
2980 2795 3165 2833 coram
3217 2780 3547 2850 imperatore

1954 2866 2011 2920 in
2058 2866 2152 2922 illo
2185 2876 2456 2922 conventu
2479 2868 2693 2935 habita;
2724 2886 2863 2940 quas
2896 2871 2989 2940 qui
3016 2886 3175 2925 nosse
3206 2871 3460 2938 voluerit,
3489 2873 3545 2927 in

1953 2957 2277 3026 supradictis
2303 2959 2542 3029 quinque
2579 2960 2892 3016 civitatibus
2938 2962 3184 3017 invenire
3230 2964 3432 3032 poterit
3473 2965 3545 3030 ²⁸,

1954 3062 2282 3118 quamquam
2310 3057 2365 3103 et
2388 3049 2443 3103 in
2486 3051 2710 3106 archivo
2754 3052 2938 3121 palatii
2971 3054 3299 3123 exemplaria
3328 3055 3544 3111 illarum

1959 3140 2282 3195 habeantur.
2332 3139 2483 3195 Missi
2536 3149 2663 3196 sunt
2706 3143 2772 3197 de
2828 3144 2932 3199 hoc
2993 3152 3261 3199 conventu
3322 3146 3544 3215 quidam

1957 3230 2292 3286 Francorum
2337 3238 2395 3287 et
2441 3230 2720 3287 Saxonum
2749 3234 3017 3302 primores
3049 3246 3200 3291 trans
3237 3236 3416 3292 Albim
3450 3235 3547 3291 llu-

1956 3320 2102 3375 vium
2145 3323 2213 3376 ad
2241 3321 2475 3376 conﬁnia
2523 3321 3016 3391 Nordmannorum,
3047 3327 3140 3395 qui
3183 3342 3370 3397 pacem
3418 3343 3546 3383 cum

1954 3412 2035 3466 eis
2075 3414 2373 3468 secundum
2396 3415 2715 3483 petitionem
2739 3431 2927 3485 regum
2952 3417 3163 3471 illorum
3199 3419 3464 3486 facerent,
3491 3429 3547 3474 et

1955 3503 2185 3558 fratrem
2209 3518 2397 3558 eorum
2427 3506 2743 3561 redderent.
2778 3507 2986 3573 Quibus
3017 3521 3140 3561 cum
3164 3509 3281 3576 pari
3316 3525 3543 3562 numero

1950 3624 2022 3635 —-
2049 3612 2175 3650 nam
2223 3595 2292 3651 16
2318 3597 2364 3628 ’θ
2393 3607 2552 3652 erant
2578 3629 2651 3639 —
2696 3599 2764 3653 de
2809 3599 3135 3668 primatibus
3182 3600 3455 3653 Danorum
3486 3600 3540 3653 in

1949 3686 2070 3742 loco
2119 3687 2378 3756 deputato
2429 3690 2840 3755 occurrissent,
2895 3689 3218 3743 iuramentis
3267 3689 3541 3759 utrimque

1948 3777 2106 3834 factis
2128 3792 2235 3848 pax
2262 3777 2600 3843 conﬁrmata,
2647 3787 2705 3833 et
2746 3793 2936 3848 regum
2982 3777 3153 3832 frater
3184 3778 3265 3833 eis
3295 3779 3541 3833 redditus

1946 3879 2048 3925 est.
2078 3869 2181 3937 Qui
2226 3876 2409 3924 tamen
2437 3885 2504 3925 eo
2542 3878 2785 3939 tempore
2819 3870 2966 3924 domi
2993 3884 3100 3924 non
3130 3878 3306 3935 erant,
3335 3870 3430 3926 sed
3457 3874 3527 3927 ad

1948 3965 2366 4024 Westarl‘oldam
2392 3968 2437 4000 "
2470 3981 2497 4009 α
2527 3985 2653 4024 cum
2679 3969 2923 4024 exercitu
2974 3957 3230 4041 profecti,
3260 3986 3401 4040 quae
3454 3987 3540 4027 re.

1948 4062 2035 4132 gio
2060 4061 2246 4116 ultima
2278 4062 2427 4134 regni
2449 4077 2638 4118 eorum
2665 4062 2810 4117 inter
2836 4062 3261 4132 septentrionem
3289 4070 3345 4117 et
3388 4063 3535 4118 occi-

1949 4154 2164 4209 dentem
2194 4154 2321 4221 sita,
2365 4163 2555 4210 contra
2583 4155 2944 4225 aquilonalem
2987 4156 3284 4211 Brittaniae
3311 4159 3535 4212 summi-

1946 4254 2113 4302 tatem
2136 4248 2374 4318 respicit,
2391 4249 2545 4303 cuius
2571 4249 2842 4319 principes
2860 4247 2905 4279 ”
2926 4264 2992 4303 ac
3012 4248 3245 4319 populus
3260 4250 3338 4304 eis
3359 4249 3535 4306 subici

1949 4344 2292 4398 recusabant.
2317 4342 2525 4409 Quibus
2552 4343 2892 4414 perdomitis,
2928 4358 3054 4397 cum
3083 4343 3455 4407 revertissent,
3481 4353 3537 4398 et

1945 4433 2170 4489 fratrem
2195 4433 2264 4488 ab
2292 4434 2622 4503 imperatore
2651 4434 2876 4489 niissnm
2904 4434 3256 4503 recepissent,
3297 4434 3393 4487 lilii
3421 4434 3533 4489 Go-

1945 4524 2141 4582 dofridi
2171 4524 2316 4596 regis
2355 4533 2412 4581 et
2436 4538 2504 4580 ex
2532 4525 2865 4596 primoribus
2908 4525 3183 4577 Danorum
3212 4537 3319 4577 non
3351 4524 3531 4592 pauci,

1460 4656 1853 4713 VARIA‘NTES
1888 4655 2290 4714 LECTIONES.

318 4744 334 4775 ¹
362 4743 539 4798 Αηοιο
565 4741 613 4795 Β
642 4740 695 4796 5.
720 4741 772 4796 8.
809 4742 972 4798 amilo
997 4743 1048 4796 7.
1091 4744 1143 4800 9.
1178 4751 1236 4799 et
1270 4744 1430 4799 anulo
1462 4761 1517 4799 ῃ.
1548 4745 1605 4800 Ii.

251 4812 412 4887 ria};
534 4812 593 4887 61
624 4813 676 4865 7.
701 4811 796 4887 10.
908 4813 962 4867 2.
985 4813 1038 4868 5.
1063 4814 1116 4887 6.
1144 4816 1207 4887 β.
1239 4814 1319 4887 9.
1372 4816 1392 4847 ⁵
1419 4810 1781 4885 reginl'redum
1901 4814 1951 4887 7_.
1989 4810 2432 4887 reginfridum'5.
2472 4814 2525 4869 6.
2542 4810 2947 4887 Aragenfrid‘um‘
2968 4810 3019 4864 7.

249 4882 346 4957 viri
367 4881 415 4957 _B
441 4883 496 4937 5.
551 4883 593 4957 _'
623 4884 715 4952 qui
743 4883 1031 4957 piciforum
1062 4885 1115 4957 l.
1136 4883 1190 4939 2.
1265 4885 1287 4916 "
1307 4885 1359 4939 in
1380 4881 1895 4957 conStantinopolim
1922 4885 1976 4938 2.
2012 4881 2130 4939 B'5.
2166 4955 2179 4957 _
2213 4886 2234 4916 ⁹
2253 4884 2512 4957 arfasium
2535 4884 2589 4938 2.

1700 4785 1714 4799 .
1762 4745 1907 4815 regis
1934 4746 2076 4800 deest
2110 4745 2164 4798 2.
2242 4742 2270 4779 λ
2294 4760 2527 4815 nepus...
2562 4740 2902 4815 neptts‘B‘2.
2968 4740 3001 4815 ξ
3030 4755 3136 4815 pas
3162 4740 3212 4815 1..

3314 4740 3335 4772 ⁸
3360 4742 3531 4800 victo-

3117 4810 3138 4841 ⁸
3177 4810 3226 4864 Χ
3259 4810 3528 4871 DCCCXL

2680 4884 2733 4937 2.
2814 4883 2856 4914 ²⁰
2883 4882 3057 4953 adque
3085 4890 3451 4953 teognostrum
3481 4885 3529 4938 Β

249 4949 301 5005 2.
342 4949 715 5026 theognistum
737 4953 798 5026 9:
848 4954 911 5026 _“
939 4955 1153 5026 βασιλέα
1184 4970 1308 5010 eum
1336 4955 1669 5026 appellantes
1690 4949 1746 5011 et
1775 4956 1900 5026 inde
1923 4957 2129 5011 reversi
2144 4955 2210 5009 ‘9.
2290 4956 2335 4987 ¹¹
2378 4955 2663 5010 wallonem
2690 4957 2739 5008 9.
2797 4953 2880 5026 1³-
2913 4949 3439 5026 nordusmannorum
3471 4955 3525 5009 2.

250 5021 733 5079 mrd—mannorum
765 5024 818 5078 5.
846 5024 897 5078 7.
939 5021 994 5081 9.
1025 5025 1071 5079 B
1092 5030 1147 5080 2.
1172 5025 1224 5080 5.
1243 5026 1295 5079 6.
1326 5021 1817 5082 nordamannorum
1845 5025 1899 5079 4.
1929 5035 2375 5080 nortmannorum
2406 5026 2450 5078 Β
2475 5026 2525 5078 7.
2554 5023 3087 5080 northanimbrorum
3110 5021 3163 5075 5.
3199 5022 3527 5079 nnrdanum-

248 5090 468 5148 brorum
492 5095 549 5148 6.

253 5161 293 5192 "
319 5162 599 5238 berigldus
633 5165 685 5219 5.
716 5164 804 5220 10.
852 5164 899 5218 Β
935 5166 1341 5238 7._he_ril_ioldus
1362 5167 1414 5238 9.
1495 5166 1540 5198 ⁸⁸
1570 5166 1908 5238 regenfridus
1936 5164 1981 5218 Β
2025 5166 2077 5220 6.
2108 5165 2451 5238 ragenl‘ridus
2475 5164 2874 5238 7.7reinl‘ridus
2896 5163 2951 5238 ᾖ.

657 5093 701 5126 ³⁵
722 5102 998 5149 scutorum
1024 5097 1079 5149 1.
1106 5095 1157 5150 6.
1188 5097 1239 5151 9.
1258 5096 1302 5149 Β
1331 5097 1384 5150 7.
1417 5098 1753 5152 scotthorum
1787 5097 1841 5150 2.
1922 5097 1965 5126 ”’
1988 5096 2180 5151 scottis
2202 5096 2254 5149 1.
2280 5096 2333 5149 2.
2361 5096 2414 5149 5.
2443 5096 2495 5149 4.
2531 5096 2585 5149 5.
2616 5096 2666 5148 7.
2700 5096 2786 5149 l0.
2814 5094 2860 5146 Β
2880 5094 2935 5145 2.
2958 5092 3011 5146 5.
3043 5090 3094 5143 6.
3175 5091 3217 5121 “
3245 5091 3439 5145 abulax
3467 5095 3523 5148 2.

3030 5161 3073 5191 ιθ
3110 5162 3253 5217 veris
3291 5161 3345 5213 4.
3380 5161 3431 5216 5.
3469 5164 3522 5218 6.

249 5244 418 5287 verna
440 5234 493 5288 7.
524 5248 694 5313 verno
720 5243 966 5313 tempore
989 5236 1041 5313 εξ.
1075 5236 1133 5313 Β
1149 5235 1241 5313 7._
1277 5238 1322 5313 ’ξ
1350 5233 1802 5313 Almabarium}.
1848 5237 1932 5313 __“_
1954 5233 2278 5313 novantulas
2292 5237 2615 5313 6._nantula_s
2635 5236 2680 5289 Β
2696 5235 2756 5313 2.
2833 5233 3226 5313 ':P_ons,_etc.,_
3249 5247 3411 5313 usque
3442 5249 3528 5313 re-

249 5305 729 5378 lersusestdeeu
755 5301 896 5378 ᾼὶῃξἹ,
921 5305 1047 5378 B2.
1078 5305 1179 5378 (5.)
1209 5307 1340 5378 7.8.
1371 5307 1424 5361 9.
1456 5308 1539 5360 10.
1571 5308 1771 5378 ll.;l2.
1847 5306 1892 5378 ἐξ
1919 5306 2304 5363 hludouuicum
2334 5308 2380 5361 B
2400 5306 2838 5378 2._bﬁlodov_vicum
2862 5301 2906 5355 B
2938 5302 2991 5356 5.
3068 5302 3115 5378 ’ξ
3145 5301 3427 5378 cabillonis
3467 5305 3521 5360 5.

252 5369 305 5424 7.
328 5373 579 5447 cabilloni
598 5375 653 5447 ρ.
675 5369 1028 5447 _cabillone_5.
1058 5369 1111 5430 6.
1146 5369 1211 5430 B.
1243 5377 1296 5430 7.
1364 5378 1420 5447 7"
1448 5378 1622 5447 potuit
1645 5377 1690 5430 Β
1711 5377 1763 5432 5.
1842 5376 1888 5408 ’⁸
1929 5392 2055 5432 nam
2085 5377 2182 5434 XV
2205 5378 2268 5445 6;
2302 5393 2427 5432 nam
2458 5374 2543 5431 Vl.
2571 5375 2615 5430 B
2646 5375 2695 5429 7.
2773 5375 2816 5409 ’⁷
2856 5371 3290 5428 vverstarfoldam
3320 5372 3373 5427 4.
3417 5390 3526 5429 we~

250 5442 566 5501 sterfoldam
590 5443 637 5499 Β
661 5444 716 5500 6.
748 5445 1181 5503 westerfoeldam
1202 5447 1256 5503 9.
1332 5446 1377 5478 ’⁸
1402 5442 1656 5518 princeps
1678 5447 1723 5501 Β
1764 5448 1818 5503 5.
1853 5446 1906 5502 6.

1761 5579 1993 5637 ΝΟΤᾸΖ.

323 5681 348 5708 ι
372 5668 746 5729 Wdestenland
768 5673 823 5730 in
854 5671 1175 5731 occidentali
1202 5670 1523 5730 Chersonesi
1547 5673 1831 5731 Cimbricze
1871 5671 2059 5739 latere,
2102 5674 2155 5729 in
2182 5671 2330 5728 Julia
2373 5668 2733 5726 meridionali.

256 5738 450 5806 p.382.

1229 5858 1261 5873 ρ

2806 5669 3077 5727 Gcbbardi
3145 5671 3271 5728 bist.
3314 5670 3525 5739 Datum,
