3986 6174
468 352 574 415 479

1750 345 2124 407 EGlNllAllDl
2161 337 2453 398 ABBATlS

3620 329 3733 384 480

469 467 560 536 qui
590 465 699 519 iam
721 460 922 516 dudum
950 456 1138 513 relicta
1162 456 1339 528 patria
1365 456 1505 527 apud
1534 455 1777 511 Sueones
1796 460 1814 490 ι
1857 454 2043 509 exula-
2071 455 2122 513 Α
2148 456 2410 504 venerunt
2441 448 2507 514 “,
2544 447 2747 516 legatos
2784 460 2941 509 suos,
2969 441 3366 536 Christoforum
3395 441 3737 536 sp;thai_'ium

470 561 615 619 haut,
653 551 959 623 conparatis
990 549 1367 620 undecumque
1393 548 1579 618 copiis,
1620 546 1821 612 bellum
1844 545 1925 600 eis
1969 544 2049 597 in-

471 648 729 710 tulerunt,
757 652 814 699 et
839 642 1234 698 confluentibus
1259 643 1327 697 ad
1353 657 1413 697 se
1436 641 1636 711 passim
1666 654 1735 695 ex
1759 638 1908 694 omni
1944 638 2049 693 Da-

468 753 662 794 nnrum
710 745 853 791 terra
880 734 1218 807 popularium
1267 733 1463 789 turmis
1500 734 1554 799 ’,
1583 732 1874 789 commisso
1924 745 2048 785 eum

467 833 548 887 eis
585 829 810 901 proelio,
834 829 999 883 etiam
1028 842 1195 897 regno
1218 842 1326 882 non
1357 826 1526 881 multo
1554 840 1648 880 eos
1675 824 1861 879 labore
1883 836 2051 893 pepu-

468 921 668 975 lerunt.
715 919 918 973 Mauris
971 918 1038 974 de
1091 917 1315 973 Corsica
1370 917 1391 948 ⁸
1438 916 1505 970 ad
1555 915 1867 986 Hispaniam
1924 928 2049 969 cum

469 1012 637 1067 multa
699 1009 899 1081 praeda
957 1008 1308 1064 redeuntibus
1353 1006 1703 1075 lrmingarius
1748 1004 1811 1070 ⁸,
1867 1019 2053 1060 comes

470 1103 853 1171 Emporitanos
881 1114 905 1141 α
933 1141 948 1166 ,
976 1100 1031 1154 in
1060 1099 1316 1153 Maiorica
1347 1098 1573 1152 insidias
1613 1096 1817 1167 posuit,
1847 1104 1902 1153 et
1928 1107 2052 1151 octo

470 1210 637 1249 naves
665 1209 852 1248 eorum
885 1193 1047 1261 cepit,
1081 1191 1135 1245 in
1168 1191 1365 1261 quibus
1390 1190 1712 1260 quingentos
1750 1197 1806 1242 et
1838 1204 1904 1244 eo
1933 1204 2050 1241 am-

467 1285 611 1355 plius
638 1283 834 1338 Corsos
861 1282 1103 1351 captivos
1144 1281 1367 1335 invenit.
1421 1279 1535 1335 Hoc
1565 1279 1735 1334 Mauri
1775 1279 2053 1335 vindicum

467 1374 733 1441 volentes,
764 1373 1158 1433 Centumcellas
1201 1373 1229 1413 ι»
1282 1371 1512 1427 Tusciae
1553 1372 1827 1427 civitatem
1871 1380 1927 1428 et
1957 1370 2051 1425 Ni-

469 1482 620 1522 ccam
645 1476 668 1506 ο
707 1465 1019 1536 provinciae
1042 1462 1413 1519 Narbonensis
1454 1471 1822 1518 vastaverunt.
1869 1462 2056 1518 Sardi-

470 1562 615 1616 niam
668 1575 883 1629 quoque
946 1557 1210 1628 adgressi,
1268 1557 1666 1626 commissaque
1704 1572 1827 1611 cum
1866 1555 2055 1612 Sardis

470 1649 696 1719 proelio,
723 1648 863 1719 pulsi
891 1663 956 1703 ac
978 1648 1129 1712 victi,
1161 1654 1216 1702 et
1240 1645 1423 1701 multis
1454 1661 1676 1701 suorum
1704 1646 1942 1711 amissis,
1974 1661 2056 1700 re-

469 1746 753 1794 cesserunt
783 1738 825 1791 ⁸.
873 1737 944 1791 At
986 1735 1215 1791 Michael
1262 1737 1558 1807 imperator
1602 1735 1862 1805 Bulgaros
1911 1736 2054 1791 bello

470 1832 732 1901 a'lpetens
759 1871 774 1895 ,
832 1829 976 1884 haud
1020 1828 1295 1899 prosperls
1350 1828 1687 1883 successibus
1744 1828 1937 1894 utitur,
1993 1843 2057 1883 ac

472 1920 697 1992 proinde
753 1920 973 1975 domum
1020 1933 1295 1985 reversus,
1338 1919 1582 1989 deposito
1612 1918 1914 1975 diademate
1943 1935 2059 1974 mo-

474 2013 681 2066 nachus
711 2010 974 2076 efficitur;
1008 2010 1062 2065 in
1083 2010 1237 2065 cuius
1268 2009 1445 2064 locum
1487 2009 1618 2074 Leo,
1652 2009 1859 2064 Bardae
1884 2010 2057 2079 patri-

473 2102 544 2155 cii
570 2100 591 2132 ⁸
637 2100 799 2164 filius,
856 2100 1154 2170 imperator
1198 2100 1566 2155 constituitur.
1612 2098 1838 2155 Crumas
1875 2101 1920 2164 ',
1962 2116 2060 2155 rex

474 2194 847 2263 Balgarorum,
882 2193 973 2263 qui
998 2192 1297 2248 Niciforum
1347 2193 1730 2263 imperatorem
1773 2200 1900 2248 ante
1925 2192 2059 2248 duos

474 2301 649 2341 annos
679 2285 969 2351 interfecit,
1018 2292 1076 2341 et
1118 2284 1434 2339 Michaelem
1480 2285 1547 2340 de
1595 2284 1797 2340 Moesia
1831 2283 2059 2356 fugavit,

473 2379 729 2435 secundis
760 2380 921 2434 rebus
948 2378 1124 2434 elatus
1148 2393 1274 2434 cum
1313 2378 1557 2434 exercitu
1585 2393 1757 2449 usque
1792 2377 1861 2433 ad
1888 2378 2061 2448 ipsam

474 2471 996 2541 Constantinopolim
1039 2471 1291 2537 accessit,
1314 2480 1370 2527 et
1391 2472 1543 2526 iuxta
1569 2480 1782 2543 portam
1825 2472 2063 2528 civitatis

477 2572 661 2620 castra
706 2562 906 2634 posuit.
958 2562 1129 2630 Quem
1166 2563 1449 2619 moenibus
1482 2563 1632 2618 urbis
1660 2563 2063 2634 obequitautem

482 2656 591 2711 Leo
617 2655 938 2725 imperator,
954 2653 1235 2724 eruptione
1265 2653 1430 2719 facta,
1457 2654 1733 2708 incautum
1763 2653 1991 2723 excepit,
2009 2659 2065 2707 et

481 2746 721 2818 graviter
743 2745 1087 2800 vulneratum
1131 2745 1386 2816 fugiendo
1414 2745 1518 2801 sibi
1564 2743 1850 2801 consulere
1879 2760 1943 2799 ac
1970 2759 2066 2821 pa-

483 2837 646 2895 tiam
668 2837 901 2911 turpiter
928 2836 1104 2891 redire
1130 2836 1327 2907 coegit.

1110 2946 1427 3007 DCCCXIY.

556 3054 797 3111 Domnus
817 3054 1014 3111 Karlus
1044 3054 1340 3126 imperator
1363 3057 1497 3112 dum
1512 3056 1837 3129 Aquisgrani
1862 3056 2069 3114 hiema-

2146 548 2201 596 et
2225 539 2547 610 Gregorium
2566 537 2870 601 diaconem,
2920 550 3043 591 cum
3084 534 3167 589 eis
3197 532 3266 588 ad
3301 533 3562 587 domuum
3589 532 3737 589 Karo

2147 634 2278 695 lum,
2324 641 2381 688 et
2426 647 2524 702 per
2550 645 2647 686 eos
2686 628 3109 699 descriptionem
3147 635 3206 681 et
3261 624 3739 681 conﬁrmationem

2146 723 2292 793 pacti
2311 737 2374 778 ac
2394 721 2627 778 foederis
2646 719 2815 775 misit.
2876 717 3085 785 Quibus
3130 716 3398 785 susceptis
3437 722 3605 785 atque
3650 714 3744 770 di-

2149 815 2348 877 missis,
2398 814 2635 868 domnus
2656 808 3002 865 Hludowicus
3034 808 3241 879 legatos
3280 821 3432 873 suos,
3462 805 3747 862 Nordber-

2151 914 2262 961 tum
2302 905 2344 938 “
2382 904 2705 974 Regiensem
2731 894 3045 971 episcopum
3072 908 3131 953 et
3154 897 3530 953 Richowinum
3559 898 3602 929 ⁸⁷
3633 897 3748 952 Pa—

2150 997 2387 1052 tavinum
2417 995 2461 1027 ¹⁸
2487 994 2762 1058 comitem,
2793 991 2862 1045 ad
2883 991 3118 1046 Leonem
3145 990 3527 1058 imperatorem
3555 989 3627 1044 ob
3653 1004 3749 1044 re-

2151 1088 2454 1143 novandam
2492 1099 2677 1140 secum
2717 1083 3015 1137 amicitiam
3049 1089 3105 1136 et
3150 1081 3484 1151 praedictum
3513 1088 3748 1149 pactum

2149 1177 2580 1233 conﬁrmandum
2615 1173 2815 1230 direxit
2842 1172 2920 1239 ¹⁹;
2970 1173 3265 1241 habitoque
3295 1171 3622 1242 Aquisgrani
3646 1188 3752 1243 gen

2153 1270 2324 1325 nerali
2370 1268 2555 1340 populi
2577 1270 2659 1323 sui
2686 1274 2953 1323 conventu
2985 1265 3055 1320 ad
3081 1264 3315 1320 iustitias
3352 1263 3630 1318 faciendas
3691 1272 3753 1318 et

2153 1361 2532 1432 oppressio'nes
2573 1357 2915 1429 popularium
2944 1354 3286 1419 relevandas,
3316 1353 3520 1425 legatos
3542 1355 3598 1408 in
3623 1369 3756 1409 om-

2153 1464 2251 1504 nes
2290 1449 2442 1518 regni
2485 1446 2568 1503 sui
2597 1454 2782 1516 partes
2816 1443 3023 1500 dimisit
3047 1443 3111 1509 '°,
3141 1442 3515 1498 Beruhardum
3555 1457 3757 1514 regem

2152 1541 2360 1606 italiae,
2386 1548 2636 1611 nepotem
2665 1552 2846 1620 suum,
2888 1537 2957 1591 ad
2988 1550 3047 1592 se
3065 1542 3370 1599 evocatum,
3423 1534 3757 1589 muneribus

2154 1636 2412 1688 donatum
2442 1632 2497 1686 in
2520 1632 2562 1663 “
2596 1644 2819 1702 regnum
2847 1627 3080 1692 remisit,
3123 1641 3250 1683 cum
3302 1624 3620 1682 Grimoaldo
3675 1626 3754 1690 “,

2156 1724 2660 1779 Beneventanorum
2699 1721 2854 1785 duce,
2881 1726 3100 1789 pactum
3123 1718 3253 1774 fecit
3289 1725 3451 1788 atque
3482 1717 3757 1782 ﬁrmavit,

2087 1801 2131 1860 Β
2159 1827 2225 1867 eo
2250 1812 2410 1869 modo
2433 1827 2542 1883 quo
2559 1818 2615 1867 et
2642 1818 2820 1881 pater,
2848 1809 3056 1865 scilicet
3083 1817 3144 1863 ut
3176 1806 3542 1863 Beneventani
3574 1807 3763 1863 tribu-

2163 1908 2276 1956 tum
2302 1901 2460 1956 annis
2477 1899 2704 1972 singulis
2729 1908 2937 1970 septem
2961 1898 3107 1954 milia
3128 1898 3329 1956 solidos
3351 1898 3542 1953 darent
3568 1915 3581 1949 :
3617 1906 3762 1953 tunc

2160 1991 2294 2047 duos
2314 2006 2381 2047 ex
2404 1991 2531 2047 ﬁliis
2553 1991 3044 2058 suis,lllotharium
3066 1991 3113 2021 ”
3133 1991 3189 2045 in
3215 1990 3544 2055 Baioariam,
3565 1990 3763 2061 Pippi-

2160 2096 2295 2137 num
2316 2082 2372 2136 in
2397 2081 2745 2151 Aquitaniam
2769 2080 2935 2136 misit.
2993 2078 3283 2139 Harioldus
3317 2090 3373 2135 et
3399 2077 3766 2151 Reginfridus

2161 2187 2315 2243 rcges
2338 2173 2633 2239 Danorum,
2664 2173 2755 2243 qui
2782 2188 2926 2228 anno
2951 2174 3233 2243 superiore
3258 2188 3289 2227 a
3314 2172 3440 2229 ﬁliis
3459 2172 3762 2231 Godofridi

2161 2265 2290 2320 victi
2317 2274 2374 2321 et
2397 2280 2564 2336 regno
2610 2264 2752 2336 pulsi
2776 2263 3018 2329 fuerunt,
3074 2264 3340 2335 reparatis
3381 2264 3614 2330 viribus,
3648 2265 3763 2321 ite-

2163 2371 2282 2410 rum
2303 2356 2383 2411 eis
2404 2355 2602 2411 bellum
2624 2354 2955 2416 intulerunt;
2990 2356 3045 2410 in
3061 2371 3170 2426 quo
3197 2354 3455 2412 conﬂictu
3476 2364 3531 2411 et
3554 2356 3771 2428 Regiu-

2163 2446 2336 2503 fridus
2377 2454 2432 2502 et
2477 2462 2617 2502 unus
2646 2446 2714 2502 de
2758 2445 2883 2502 ﬁliis
2918 2445 3220 2511 Godofridi,
3268 2447 3362 2517 qui
3408 2447 3585 2502 maior
3622 2434 3797 2503 natu

2163 2545 2298 2603 erat,
2329 2535 2647 2592 interfectus
2675 2544 2777 2592 est.
2826 2536 2944 2604 Quo
2972 2533 3137 2601 facto,
3177 2533 3465 2591 Herioldus
3499 2534 3549 2566 "
3590 2536 3772 2592 rebus

2163 2627 2279 2683 suis
2303 2626 2572 2693 diffidens,
2605 2627 2674 2683 ad
2702 2627 3084 2698 imperatorem
3113 2625 3282 2692 venit,
3309 2633 3365 2681 et
3382 2640 3441 2681 se
3471 2625 3527 2680 in
3551 2641 3764 2682 manus

2235 2739 2255 2758 ‘
2297 2736 2565 2810 [sepultus
2588 2738 2758 2807 Aquis
2779 2738 2833 2792 in
2856 2738 3076 2810 basilica
3096 2745 3316 2810 sanctae
3341 2736 3437 2792 Dei
3469 2737 3770 2810 genitricis

2165 2807 2471 2889 quamlipse
2490 2817 2897 2889 construxerat.
2949 2807 3163 2889 Corpus
3194 2807 3314 2863 eius
3339 2807 3773 2889 aroniatizatum

2168 2878 2352 2943 est,~et
2375 2878 2431 2933 in
2460 2879 2588 2935 sede
2614 2893 2779 2934 aurea
2806 2878 2999 2935 sedens
3027 2880 3261 2948 positum
3284 2878 3442 2948 estin
3465 2888 3776 2935 curvatura

2168 2948 2467 3019 sepulchri,
2486 2964 2617 3006 ense
2649 2963 2812 3005 aureo
2842 2947 3139 3014 accinctus,
3169 2947 3504 3019 evangelium
3530 2964 3775 3003 aureum

2170 3018 2365 3091 tenens
2389 3019 2443 3073 in
2478 3019 2727 3091 manibus
2746 3027 2801 3091 et
2825 3020 3073 3091 genibus,
3124 3018 3395 3091 reclinatis
3416 3019 3668 3074 humeris
3717 3020 3775 3073 in

2170 3088 2547 3171 cathedrata.
2578 3088 3013 3171 capitenhoneste
3031 3098 3217 3171 erecto
3262 3089 3429 3171 ligato
3476 3105 3649 3145 aurea
3677 3106 3777 3171 ca-

486 3158 590 3214 ret,
642 3163 785 3204 anno
818 3148 1014 3203 aetatis
1042 3150 1264 3204 circiter
1294 3152 1695 3223 septuagesimo
1727 3151 1937 3222 primo,
1973 3167 2064 3208 re-
2093 3151 2138 3214 C
2172 3169 2297 3217 tena
2327 3159 2395 3214 ad
2425 3148 2694 3216 diadema.
2749 3161 2818 3215 Et
2858 3160 2912 3214 in
2942 3160 3247 3215 diademate
3288 3148 3495 3230 lignum
3540 3169 3780 3215 sanctae

485 3238 576 3308 gni
631 3245 811 3291 autem
862 3238 1280 3309 quadragesimo
1325 3241 1558 3310 septimo
1604 3240 1650 3306 ⁸,
1697 3240 2067 3310 subactaeque

484 3327 669 3386 Italiae
689 3326 1108 3397 quadragesimo
1132 3328 1312 3392 tertio,
1327 3344 1393 3384 ex
1415 3344 1524 3399 quo
1542 3344 1672 3384 vero
1697 3329 1995 3400 imperator
2014 3340 2071 3385 et

488 3420 764 3491 Augustus
784 3418 1085 3490 appellatus
1109 3429 1194 3476 est
1221 3436 1363 3476 anno
1387 3422 1600 3478 decimo
1629 3431 1847 3492 quarto,
1878 3421 1931 3476 5.
1948 3421 2067 3476 Kal.

483 3510 643 3565 Febr.
701 3510 864 3566 rebus
892 3510 1146 3566 humanis
1192 3511 1471 3568 excessit”
1509 3514 1548 3566 ‘.
1612 3511 1779 3568 Cuius
1820 3513 1900 3568 rei
1933 3528 2072 3567 nun-

486 3602 631 3656 cium
661 3615 785 3656 cum
802 3600 1149 3658 Hludowicus
1180 3602 1322 3658 ﬁlius
1341 3604 1529 3659 ciusin
1552 3603 1842 3674 Aquitania
1865 3604 1905 3636 ¹⁰
1929 3603 2073 3674 apud

486 3691 796 3747 Tedoadum
834 3693 876 3723 “
905 3690 933 3731 ά
976 3692 1182 3759 villam,
1229 3694 1320 3750 ubi
1340 3703 1396 3749 et
1425 3695 1544 3764 ipse
1560 3701 1690 3749 tunc
1725 3694 2070 3760 hibernabat,

483 3782 734 3853 plurimis
748 3782 1115 3840 deferentibus
1139 3786 1457 3855 accepisset,
1491 3785 1771 3841 tricesimo
1788 3794 2076 3857 postquam

484 3876 539 3933 id
564 3874 839 3931 acciderat
869 3876 958 3932 die
994 3876 1336 3949 Aquasgrani
1376 3876 1545 3940 venit,
1603 3891 1922 3947 summoque
1961 3892 2078 3936 om-

490 3967 642 4028 nium
665 3967 999 4024 Francorum
1025 3985 1294 4027 consensu
1320 3986 1385 4026 ac
1422 3968 1607 4025 favore
1636 3971 1775 4040 patri
1794 3972 2074 4027 successit.

491 4058 558 4113 Et
605 4059 674 4113 ad
725 4060 962 4131 suscepti
994 4061 1145 4132 regni
1183 4062 1710 4117 administrationem
1764 4078 1896 4117 cura
1944 4078 2076 4119 con-

492 4162 675 4215 versa,
706 4151 884 4219 primo
906 4151 1206 4222 legationes
1226 4154 1463 4223 gentium
1495 4170 1633 4225 quae
1653 4155 1721 4210 ad
1749 4163 1961 4224 patrem
1990 4169 2081 4209 ve-

491 4249 708 4304 nerant,
738 4241 951 4296 auditas
973 4242 1225 4310 absolvit,
1258 4244 1393 4300 alias
1417 4246 1612 4302 deinde
1640 4247 1803 4302 simili
1833 4248 1993 4303 modo
2013 4249 2081 4303 ad

491 4338 701 4399 patrem
726 4332 945 4401 quidem
980 4334 1021 4365 ¹¹
1051 4334 1265 4403 missas,
1297 4338 1364 4392 ad
1394 4354 1453 4393 se
1484 4354 1615 4395 vero
1653 4340 1936 4396 venientes
1963 4356 2083 4397 sus-

492 4421 656 4491 cepit.
684 4420 831 4479 lnter
859 4441 996 4496 quas
1020 4430 1310 4500 praecipua
1337 4430 1439 4486 fuit
1469 4432 1668 4503 legatio
1684 4434 1751 4488 de
1772 4433 2081 4490 Constanti-

2172 3230 2351 3286 crucis
2376 3230 2611 3299 positum
2635 3238 2738 3286 est.
2785 3230 2853 3301 Et
2879 3231 3229 3301 repleverunt
3270 3230 3619 3300 sepulchrum
3646 3232 3778 3285 eius

2172 3301 2527 3381 aromatibus,
2555 3300 3218 3381 pigmentis-etbalsamo
3265 3308 3321 3354 et
3349 3315 3538 3381 musco
3560 3308 3617 3355 et
3645 3301 3779 3381 the-

2172 3371 2349 3427 sauris
2364 3371 2546 3427 multis
2562 3371 2624 3425 in
2651 3386 2805 3426 auro.
2831 3371 3097 3427 Vestitum
3118 3379 3204 3425 est
3231 3385 3427 3440 corpus
3449 3371 3571 3426 eius
3598 3372 3779 3440 vcsti—

2173 3441 2371 3497 mentis
2392 3441 2779 3511 imperialibus,
2809 3450 2864 3497 et
2889 3441 3109 3497 sudario
3136 3441 3237 3496 sub
3263 3439 3568 3496 diademate
3592 3439 3779 3497 facies

2172 3512 2293 3567 eius
2318 3519 2507 3581 operta
2526 3521 2629 3567 est.
2670 3512 2920 3567 Cilicium
2946 3512 3014 3567 ad
3038 3527 3256 3567 carnem
3269 3512 3386 3565 cius
3405 3512 3644 3580 positum
3663 3522 3776 3577 est,

2173 3598 2281 3652 quo
2304 3591 2512 3638 secreto
2533 3596 2749 3652 semper
2774 3582 3119 3646 induebatur,
3154 3589 3207 3636 et
3230 3596 3390 3651 super
3428 3583 3781 3637 vestimentis

2174 3652 2545 3722 imperialibus
2571 3666 2701 3722 pera
2724 3652 3080 3723 peregrinalis
3092 3667 3254 3723 aurea
3278 3652 3452 3721 posita
3466 3662 3570 3714 est.
3599 3667 3774 3721 quam

2177 3721 2407 3781 Romam
2429 3721 2651 3793 portare
2676 3721 2881 3778 solitus
2901 3731 3040 3778 erat.
3108 3721 3394 3793 Sceptrum
3436 3738 3669 3777 aureum
3725 3731 3781 3776 ct

2176 3800 2391 3853 scutum
2427 3808 2651 3848 aureum
2681 3794 2825 3862 quod
2854 3793 2964 3849 Leo
2986 3808 3125 3863 papa
3151 3802 3569 3863 consecraverat
3592 3833 3609 3863 ,
3639 3801 3777 3847 ante

2176 3879 2298 3918 cum
2320 3865 2493 3943 posita
2515 3871 2639 3918 sunt
2659 3862 3014 3943 dependentia
3030 3881 3042 3917 :
3060 3862 3124 3919 et
3147 3862 3460 3943 clausum_et
3473 3862 3780 3943 sigillatum

2178 3944 2261 3990 est
2284 3933 2627 4003 sepulchrum
2656 3935 2793 3988 eius.
2875 3933 3045 3988 Nemo
3094 3943 3276 4003 autem
3320 3933 3541 3988 referre‘
3569 3941 3776 4003 potest,

2179 4002 2416 4075 quantus
2445 4004 2691 4075 planctus
2717 4013 2773 4059 et
2796 4003 2974 4060 luctus
3001 4020 3099 4073 pro
3149 4020 3215 4057 eo
3245 4002 3411 4059 fuerit
3440 4018 3538 4073 per
3557 4002 3780 4075 univerg

2181 4074 2297 4130 sam
2333 4074 2567 4142 terram;
2596 4076 2935 4130 etiam'inter
2961 4074 3593 4146 paganosplangebatur,
3617 4074 3778 4146 quasi

2181 4155 2343 4217 pater
2369 4147 2565 4217 Orbis.
2608 4146 2873 4200 Maximus
2903 4145 3308 4217 vero’planctus
3336 4146 3480 4199 inter
3512 4145 3778 4217 christia-

2183 4214 2281 4288 nos
2321 4215 2442 4281 fuit,
2493 4214 2857 4288 et'praecipue
2899 4231 2997 4287 per
3032 4214 3776 4288 u'niversumregnumeius.

2182 4286 2312 4341 Oleo
2335 4294 2512 4341 autem
2544 4286 2734 4341 sancto
2759 4287 3012 4341 inunctus
3035 4287 3103 4341 ab
3138 4286 3425 4356 episcopis,
3480 4296 3537 4341 et
3572 4286 3783 4340 viatico

2183 4366 2510 4440 summoue}.
2529 4358 2783 4413 omnibus
2802 4356 2918 4440 suis
2935 4357 3237 4440 dispositis,
3260 4356 3653 4440 commendans

2186 4426 2334 4482 mino
2361 4428 2610 4497 spiritum
2641 4442 2819 4492 suum,
2863 4427 2998 4482 obiit
3025 4426 3081 4483 in
3111 4442 3245 4497 pace
3271 4443 3412 4482 anno
3437 4426 3543 4481 814
3575 4426 3647 4479 ab
3694 4426 3780 4497 iu-

494 4513 673 4583 nopoli
692 4494 899 4572 directa
923 4518 989 4572 ⁸³.
1020 4494 1157 4575 Nam
1185 4494 1298 4579 Leo
1319 4494 1615 4593 imperator
1645 4525 1736 4594 qui
1770 4523 2018 4581 Michaeli
2037 4526 2063 4557 ¹¹

2184 4494 3375 4594 E?IEEE§9“.°...'3‘3".‘“3LITSS.‘I‘3559-69959;
3403 4495 3784 4594 ΡΣΞΞΡΞΣἿ

492 4616 855 4676 successerat,
912 4610 1133 4668 dimisso
1176 4612 1490 4669 Amalhario
1528 4616 1781 4687 episcopo
1833 4624 1887 4671 et
1919 4615 2079 4673 Petro

495 4697 711 4765 abbate,
738 4701 828 4769 qui
845 4702 913 4757 ad
936 4702 1250 4760 Michaelem
1276 4706 1495 4775 quidem
1526 4706 1698 4772 missi,
1717 4706 1785 4760 ad
1806 4722 1865 4760 se
1892 4714 2075 4761 tamen

2219 4568 2604 4623 loriosissimus
2634 4568 2940 4623 Ludovicus
2972 4568 3115 4623 ﬁlius
3140 4569 3257 4621 eius
3280 4583 3377 4636 pro
3401 4581 3487 4629 eo,
3513 4573 3784 4636 regnante

2225 4638 2407 4694 omino
2434 4646 2621 4694 nostro
2648 4637 3036 4709 lesu‘Christo,
3085 4639 3173 4694 cui
3198 4647 3283 4693 est
3305 4639 3474 4709 gloria
3504 4637 3561 4691 iu
3591 4636 3782 4692 secula

2179 4709 2513 4764 seculorum.
2570 4709 2765 4765 Amen.
2797 4707 2913 4783 11.]

1720 4795 2114 4855 VARIANTES
2148 4798 2551 4856 LECTIONES.

569 4883 587 4915 ¹
620 4899 844 4940 soeones
867 4885 922 4938 2.
952 4901 1217 4941 suueones
1244 4888 1298 4942 5.
1329 4903 1525 4943 suenes
1564 4887 1618 4942 4.
1643 4903 1915 4945 suenones
1949 4888 1995 4942 Β
2023 4890 2077 4947 2.
2118 4906 2319 4947 suones
2341 4889 2385 4945 Β
2411 4891 2465 4947 5.
2542 4893 2563 4923 ²
2585 4891 2760 4947 turbis
2788 4891 2838 4945 Ι.
2862 4889 2915 4945 5.
2940 4890 2992 4947 6.
3073 4891 3093 4922 ³
3120 4890 3327 4946 sorsica
3347 4888 3392 4943 Β
3409 4888 3462 4944 5.

569 4955 677 5009 rius
708 4954 809 5009 2...
838 4956 1078 5016 ingarius
1107 4957 1150 5010 Β
1179 4958 1233 5011 2.
1268 4958 1702 5016 herminttuarius
1729 4958 1841 5013 B7.
1946 4961 1968 4992 '
1995 4972 2360 5016 recesserunt.
2390 4963 2445 5016 in
2465 4963 2563 5016 hac
2604 4979 2723 5016 voce
2765 4962 3008 5016 desinam
3033 4962 3080 5015 Β
3098 4961 3151 5015 2.
3181 4962 3235 5016 5.
3266 4961 3317 5015 7.
3417 4960 3462 5011 ⁸η

1995 4972 2360 5017 recesserunt.
2390 4972 2445 5016 tu
2465 4972 2563 5016 hac
2604 4979 2723 5016 voce
2765 4972 3008 5016 desinunt
3033 4972 3080 5015 Β
3098 4972 3151 5015 2.
3181 4972 3235 5016 5.
3266 4972 3317 5015 7.

494 4955 687 5029 garius
708 4954 811 5029 2..ἐ
838 4956 1078 5029 iugarius
1107 4957 1150 5010 Β
1179 4958 1233 5011 2.
1268 4958 1702 5029 herminguarius
1729 4958 1841 5013 B7.

3581 4889 3603 4921 ⁵
3628 4890 3783 4944 irmi-

3417 4960 3439 4991 ⁸
3461 4960 3547 5016 leo
3572 4960 3781 5015 eabdae

496 5025 757 5148 patricius
779 5026 831 5080 5.
863 5025 949 5108 leo
972 5027 1178 5096 bapJac
1205 5029 1257 5083 9.
1284 5028 1369 5083 leo
1389 5025 1813 5113 pap'daephesn.
1938 5031 2137 5087 crimas
2162 5031 2216 5086 4.
2251 5031 2554 5115 hrumasﬁ.
2629 5032 2651 5063 ⁸
2686 5031 2868 5113 XLllll
2902 5032 2962 5114 2.‘
3034 5032 3055 5063 ’
3083 5032 3317 5112 excessit
3336 5031 3457 5111 ﬁnis
3486 5030 3643 5085 codd.
3692 5030 3773 5083 l0.

541 5095 585 5148 I.
615 5111 839 5148 auorum
885 5097 965 5148 his
1000 5115 1169 5148 unum
1223 5100 1287 5148 de
1311 5100 1577 5148 serpullum
1606 5110 1936 5148 amneratona
1982 5117 2144 5148 suum
2172 5100 2338 5148 ullam
2372 5103 2541 5148 addit-
2620 5102 2662 5133 ¹⁰
2687 5114 2993 5148 amrmtama
3021 5101 3061 5148 Β
3081 5102 3134 5148 6-
3167 5111 3242 5148 lla
3267 5118 3493 5148 menius.
3592 5102 3633 5134 “
3671 5110 3773 5148 teo-

541 5095 846 5172 lzquorunl
870 5097 965 5172 [iis
999 5095 1169 5172 pauca
1219 5100 1287 5172 de
1308 5095 1577 5172 sepultura
1606 5100 1936 5172 imperatoris
1980 5117 2144 5172 supra
2172 5100 2338 5155 allata
2372 5103 2541 5156 addit.
2620 5102 2662 5133 ¹⁹
2687 5102 2995 5171 aequitania
3018 5101 3061 5156 B
3081 5102 3134 5155 6.
3167 5102 3242 5172 ita
3267 5095 3493 5170 saepius.

499 5164 695 5222 dudum
722 5164 774 5219 4.
801 5165 848 5220 Β
866 5167 919 5221 5.
950 5164 1197 5223 teoadum
1216 5169 1265 5223 5.
1292 5171 1345 5225 6.
1366 5164 1747 5226 'theoduadum
1772 5170 1823 5223 7.
1868 5164 2191 5226 thedoadum
2217 5172 2269 5227 9.
2349 5173 2392 5203 "

1810 5241 2192 5297 l‘norbertum
2238 5242 2292 5295 4.
2353 5241 2645 5298 5.“ηοι’όιιε
2694 5241 2908 5303 bet-tum
2932 5242 2986 5296 2.

506 5310 805 5405 {-ichonium
851 5310 902 5363 5.
934 5310 985 5363 7.
1018 5310 1064 5363 Β
1093 5310 1144 5365 6.
1190 5312 1511 5368 richwinum
1548 5312 1601 5368 9.
1699 5311 1743 5343 ⁸⁸
1782 5311 2076 5380 pitaviuum
2106 5311 2161 5365 4.
2206 5313 2538 5381 pictavinum
2570 5313 2616 5369 B
2642 5313 2695 5368 6.
2750 5314 3043 5414 pictavium
3096 5311 3148 5365 7.
3195 5313 3563 5382 pictaveusem
3608 5310 3778 5379 Bouq.

528 5375 549 5406 9
593 5379 1018 5414 conﬂi-montium
1062 5380 1205 5414 minii
1249 5383 1282 5414 0
1377 5383 1422 5414 so
1452 5383 1533 5414 ιυιῖ
1580 5381 1711 5414 ﬂnna
1763 5383 1908 5414 "de"
1962 5383 1995 5414 0
2089 5383 2133 5414 ιι
2155 5382 2369 5414 Annon,“
2427 5393 2474 5414 nl
2518 5384 2626 5414 tuo
2723 5385 2743 5414 Ι
2794 5383 3056 5414 ηιιῖηιΛιιΙΛ
3088 5383 3109 5414 ι
3172 5382 3202 5414 ἓξ
3254 5382 3287 5414 [ξ
3382 5381 3778 5414 SILI-“hominen

593 5379 1019 5435 conﬁrmandum
1062 5380 1210 5436 misit
1249 5383 1301 5437 9.
1377 5383 1422 5414 ⁸ο
1452 5383 1535 5437 sui
1580 5381 1714 5437 ﬁnes
1763 5379 1930 5437 misit.
1962 5383 2014 5437 9.
2089 5379 2375 5438 “donavit
2425 5393 2480 5439 et
2517 5384 2572 5438 in
2593 5385 2645 5439 9.
2723 5385 2743 5415 ³

504 5234 549 5268 ⁸³
621 5237 910 5293 michaheli
934 5237 1056 5293 Β2.
1148 5240 1191 5271 ¹⁵
1213 5250 1473 5295 venerant
1511 5240 1701 5295 Chesn.

503 5305 805 5363 richonium
851 5309 902 5363 5.
934 5309 985 5363 7.
1018 5308 1064 5363 Β
1093 5309 1144 5365 6.
1190 5312 1511 5368 richwinum
1548 5312 1601 5368 9.

3592 5102 3633 5134 ιι

2417 5110 2541 5156 ddit.
2620 5110 2662 5133 "
2687 5110 2995 5171 aequitania
3018 5110 3061 5156 Β
3081 5110 3134 5155 ti.
3167 5110 3242 5155 ita
3267 5110 3493 5170 saepius.
3592 5110 3633 5134 ”
3671 5110 3779 5154 teo-

2417 5181 2627 5242 patrcm
2652 5181 2777 5228 ante
2805 5173 3019 5242 quidem
3046 5173 3098 5227 9.
3178 5171 3221 5202 ¹³
3250 5172 3316 5227 de
3332 5180 3490 5228 coast
3534 5171 3704 5226 missa
3725 5171 3775 5224 9.

2444 5244 2645 5298 nordus
2694 5244 2908 5298 bertum
2932 5242 2986 5296 2.
3086 5242 3126 5274 ¹⁷
3154 5242 3460 5298 richoinum
3485 5240 3540 5297 2.
3564 5241 3620 5294 4.
3659 5240 3704 5292 Β
3724 5239 3775 5293 5.

2792 5382 3221 5456 grimoldo_4_._5.
3248 5382 3341 5456 §.__
3382 5383 3430 5456 ’ξ
3445 5381 3780 5456 hlutharium

504 5444 558 5527 4,
585 5444 878 5527 intimi-ium
905 5449 961 5527 6_._
993 5450 1285 5527 lotharium
1305 5453 1358 5508 9.
1392 5453 1468 5507 ita
1492 5453 1752 5523 deinceps.
1827 5452 1875 5485 “
1897 5452 2200 5511 heriholtus
2237 5454 2290 5510 9.
2322 5453 2466 5510 facto
2492 5452 2768 5511 herioldus
2793 5444 2862 5509 Vl.
2894 5454 2948 5509 2.
2978 5454 3080 5527 (5.)
3107 5454 3194 5509 lt).
3238 5452 3284 5507 Β
3309 5452 3364 5509 5.
3397 5454 3451 5509 6.
3498 5451 3782 5510 harioldus

504 5516 558 5567 4.
582 5515 634 5569 5.
657 5516 707 5570 6.
739 5518 789 5571 7.
827 5519 1126 5577 heriholtus
1153 5523 1204 5578 9.

2003 5614 2233 5673 ΝΟΤᾹΞ.

574 5708 601 5779 τ
634 5698 894 5779 ρίιρίιιυηι
937 5705 1096 5779 hodie
1129 5706 1418 5776 Ampurias
1448 5715 1694 5765 vocatur.

584 5768 610 5808 λ)
634 5768 1059 5828 Civita-uccchia.

2269 5720 2290 5747 ε
2338 5707 2530 5762 Mssa.

2265 5778 2289 5817 ά
2326 5778 2473 5833 Doué
2496 5795 2662 5851 prope
2696 5782 2947 5837 Saumur.
3018 5779 3193 5835 Vales.
3237 5780 3359 5837 Not.
3400 5780 3541 5837 (ian.
3570 5795 3625 5851 ιι,
3655 5777 3775 5834 559,.
