3986 6174
510 257 619 314 685

1785 255 2158 314 EGINHARDI
2196 257 2491 315 ABBATIS

3659 255 3756 312 681

508 381 620 437 Leo
657 390 792 447 papa
822 389 964 429 anno
987 373 1336 442 pontiﬁcatus
1360 373 1441 428 sui
1467 370 1728 428 vicesimo
1753 373 1952 444 primo,
1981 371 2089 426 cir-
2115 372 2168 431 Α
2191 368 2345 437 signo
2389 368 2685 438 Agitatoris
2718 367 2761 400 ιδ
2790 367 3059 439 apparuit.
3100 366 3309 422 interea
3339 365 3592 424 Stcfanus
3626 384 3760 440 papa

512 475 651 530 citer
674 473 726 525 8.
756 469 871 522 Kal.
916 467 1035 520 lun.
1069 468 1086 498 ¹
1133 467 1198 520 de
1245 481 1476 537 corpore
1533 466 1787 538 migravit
1825 468 1868 532 ¹,
1906 463 2085 519 Stefa-

511 574 718 628 nusque
743 558 1003 610 diaconus
1032 555 1086 608 in
1113 555 1290 609 locum
1318 555 1436 610 eius
1455 555 1658 610 electus
1687 562 1850 625 atque
1877 555 2090 608 ordina-

510 659 598 704 tus
641 657 741 712 est,
797 647 1140 714 nondumque
1183 647 1392 700 duobus
1446 655 1568 714 post
1622 645 2086 700 consecrationem

508 753 662 792 suam
691 734 901 790 exactis
928 734 1220 799 mensibus,
1243 749 1404 803 quam
1427 733 1678 788 maximis
1697 739 1913 803 poterat
1938 730 1959 761 ³
2001 729 2088 784 iti-

507 829 727 884 neribus
759 827 826 883 ad
850 825 1227 894 imperatorem
1255 823 1438 878 venire
1473 823 1776 888 contendit,
1800 819 2088 888 missisque

510 918 727 973 interim
759 916 968 970 duobus
993 914 1202 984 legatis,
1237 914 1329 985 qui
1359 913 1512 982 quasi
1541 928 1640 985 pro
1668 928 1762 968 sua
1803 926 2089 967 consecra-

508 1011 654 1065 tione
701 1007 1012 1078 imperatori
1057 1015 1426 1076 suggererent.
1462 1005 1615 1072 Quod
1656 1005 1748 1060 ubi
1791 1004 2089 1075 imperator

509 1100 730 1165 audivit,
782 1099 964 1156 Remis
1009 1099 1062 1152 ei
1107 1097 1296 1151 statuit
1325 1112 1632 1163 occurrere,
1668 1097 1958 1166 missisque
1993 1095 2090 1150 ob-

507 1191 648 1246 viam
703 1189 789 1243 his
824 1189 917 1257 qui
960 1203 1082 1242 eum
1114 1187 1206 1242 illo
1243 1187 1603 1252 deducerent,
1645 1188 1935 1243 adventum
1969 1185 2089 1240 eius

505 1279 882 1349 praeveniens,
924 1293 1046 1332 cum
1073 1292 1269 1346 magno
1293 1292 1416 1332 eum
1443 1277 1646 1332 ibidem
1671 1278 1875 1331 honore
1903 1288 2089 1330 susce-

504 1373 602 1443 pit.
644 1370 747 1436 Qui
781 1370 964 1424 statim
994 1368 1308 1437 impcratori
1337 1369 1600 1422 adventus
1637 1368 1720 1422 sui
1755 1381 1974 1421 causam
2005 1365 2088 1419 in-

507 1462 752 1525 sinuans,
805 1457 1092 1513 celebratis
1115 1472 1183 1512 ex
1229 1471 1379 1512 more
1426 1458 1714 1512 missarum
1766 1454 2084 1521 sollemniis,

505 1565 629 1603 eum
672 1547 991 1602 diadematis
1038 1546 1386 1616 impositione
1418 1546 1724 1601 coronavit.
1766 1545 1945 1600 Multis
1994 1547 2087 1601 de-

505 1639 629 1694 inde
656 1639 794 1691 inter
821 1651 912 1690 eos
943 1637 1257 1691 muneribus
1285 1645 1339 1690 et
1366 1638 1504 1692 datis
1537 1646 1594 1692 et
1619 1638 1875 1707 acceptis,
1901 1638 2086 1692 convi—

2190 461 2350 514 tertio
2375 467 2661 530 postquam
2683 459 2910 516 Romam
2932 468 3154 516 venerat
3177 475 3380 524 mense,
3408 459 3505 515 sed
3532 463 3762 518 nondum

2187 561 2401 617 exacto,
2450 551 2669 606 circiter
2715 551 2748 606 8
2792 551 2908 605 Kal.
2961 550 3123 606 Febr.
3156 551 3298 606 diem
3335 551 3492 605 obiit.
3535 550 3632 606 Cui
3671 553 3766 606 Pa-

2193 641 2395 696 schalis
2423 657 2706 696 successor
2735 641 2973 708 electus,
3001 648 3122 713 post
3161 641 3480 712 completam
3516 641 3765 696 solemni-

2184 739 2268 786 ter
2292 730 2682 786 ordinationem
2725 747 2878 786 suam
2906 741 2960 787 et
2993 747 3218 786 munera
3259 739 3314 786 et
3355 733 3758 789 excusatoriam

2189 821 2502 889 imperatori
2545 821 2694 876 misit
2727 821 3008 891 epistolam
3029 861 3044 887 ,
3079 821 3134 874 in
3164 835 3269 892 qua
3313 821 3414 876 sibi
3455 837 3562 878 non
3593 822 3765 878 solum

2185 911 2410 977 nolenti,
2459 911 2553 966 sed
2601 911 2767 966 etiam
2803 910 3095 982 plurimum
3127 911 3376 965 renitenti
3415 911 3767 980 pontiﬁcatus

2187 1000 2446 1056 honorem
2474 1001 2619 1056 velut
2643 1002 2918 1072 inpactum
2961 1001 3009 1032 ¹⁸
3049 1001 3350 1056 adseverat.
3400 1001 3563 1057 Missa
3589 1010 3770 1060 tamen

2187 1093 2292 1147 alia
2319 1093 2602 1163 legatione,
2625 1102 2840 1162 paetum
2868 1094 3012 1163 quod
3038 1109 3161 1148 cum
3193 1094 3636 1162 praecessoribus
3657 1095 3772 1154 suis

2188 1181 2386 1237 factum
2415 1191 2552 1249 erat,
2586 1183 2748 1237 etiam
2777 1198 2960 1238 secum
2989 1182 3106 1237 ﬁeri
3138 1190 3192 1237 et
3221 1182 3427 1238 ﬁrmari
3466 1183 3511 1214 ¹⁸
3541 1187 3770 1255 rogavit.

2189 1274 2336 1329 Hanc
2365 1274 2684 1344 legationem
2719 1274 3036 1330 Theodorus
3069 1273 3450 1329 nomenclator
3477 1282 3532 1329 et
3556 1275 3772 1342 detulit,

2188 1375 2244 1420 et
2294 1381 2357 1420 ea
2400 1381 2540 1436 quae
2580 1367 2811 1436 petierat
2862 1365 3188 1435 impetravit.
3243 1364 3401 1420 Feria
3436 1366 3627 1434 quinta
3663 1381 3770 1434 qua

2188 1471 2352 1512 coena
2390 1454 2601 1510 Domini
2645 1453 2967 1520 celebratur,
3009 1469 3132 1509 eum
3164 1453 3459 1524 imperator
3497 1454 3567 1509 ab
3598 1454 3774 1509 eccle-

2189 1549 2290 1614 sia,
2316 1556 2538 1618 peracto
2575 1561 2731 1602 sacro
2759 1544 2932 1601 oﬁieio
2951 1585 2966 1612 ,
2991 1554 3294 1610 remearet,
3321 1545 3500 1617 lignea
3526 1547 3776 1615 porticus

2187 1655 2285 1710 per
2333 1653 2495 1708 quam
2543 1636 2848 1700 incedebat,
2895 1651 3018 1692 cum
3054 1643 3110 1690 et
3153 1635 3329 1706 fragili
3370 1637 3600 1690 materia
3628 1646 3776 1692 esset

506 1729 715 1796 viisque
755 1728 1010 1796 oppipare
1048 1725 1068 1756 ⁸
1121 1726 1430 1792 celebratis,
1473 1734 1527 1782 et
1569 1728 1805 1782 amicitia
1845 1728 2086 1783 vicissim
2117 1722 2163 1782 Β
2193 1729 2499 1794 aediﬁcata,
2542 1737 2598 1782 et
2645 1736 2772 1782 tunc
2821 1727 2860 1759 "
2914 1727 3021 1781 iam
3071 1727 3312 1781 marcida
3343 1735 3399 1781 et
3441 1728 3773 1796 putrefacta,

507 1817 817 1871 ﬁrmissimo
854 1816 874 1847 ⁵
905 1815 1100 1870 robore
1127 1818 1450 1883 constituta,
1479 1818 1707 1888 aliisque
1763 1818 2086 1872 utilitatibus

507 1915 727 1961 sanctae
784 1906 878 1960 Dei
918 1906 1179 1961 ecclesiae
1227 1923 1327 1976 pro
1379 1909 1638 1978 temporis
1684 1910 2085 1979 opportunitate

502 1995 794 2063 dispositis,
825 1994 1066 2064 pontifex
1100 1994 1349 2059 Romam,
1381 1996 1674 2065 imperator
1693 1995 2083 2067 Compendium

503 2086 761 2157 palatium
811 2085 986 2156 petiit.
1032 2085 1110 2140 ibi
1149 2095 1608 2141 commemoratus
1634 2087 1678 2153 ⁸,
1710 2087 1918 2158 legatos
1942 2086 2086 2142 Abo-

504 2177 769 2232 dritorum
789 2185 844 2230 et
879 2177 945 2230 de
972 2176 1227 2245 Hispania
1265 2177 1468 2246 legatos
1522 2176 1892 2232 Abdirahman
1917 2178 1959 2243 ',
1990 2177 2084 2231 ﬁlii

502 2266 704 2320 Abulaz
743 2267 906 2336 regis,
936 2266 1004 2320 ad
1046 2280 1104 2320 se
1146 2267 1342 2320 missos
1386 2267 1660 2335 suscepit;
1692 2267 2084 2336 completisque

503 2359 578 2414 ibi
604 2359 788 2428 viginti
820 2357 904 2412 vel
928 2372 993 2411 co
1024 2357 1254 2426 amplius
1275 2358 1485 2423 diebus,
1512 2357 1849 2428 Aquasgrani
1879 2359 1945 2413 ad
1975 2359 2085 2414 hic-

503 2452 761 2505 mandum
783 2448 1057 2518 profectus
1082 2458 1183 2502 est.

1128 2536 1462 2593 DCCCXVII.

573 2627 758 2697 Legati
795 2625 1162 2681 Abdirabman
1190 2627 1210 2657 ⁸
1238 2626 1332 2680 ﬁlii
1367 2627 1592 2692 Abulaz,
1629 2627 1772 2697 regis
1827 2627 2083 2681 Sarrace-

506 2736 718 2786 norum,
745 2721 810 2775 de
845 2719 1270 2789 Caesaraugusta
1303 2723 1473 2786 missi,
1503 2723 1655 2791 pacis
1683 2722 1945 2793 petendae
1966 2737 2085 2792 gra-

499 2813 575 2867 tia
605 2823 888 2877 venerunt,
934 2821 989 2867 et
1033 2811 1361 2881 Compendio
1411 2814 1478 2866 ab
1528 2814 1850 2882 imperatore
1890 2812 2079 2876 auditi,

500 2903 836 2973 Aquasgrani
884 2919 1005 2956 eum
1052 2904 1380 2971 praecedere
1422 2903 1552 2957 iussi
1596 2912 1740 2957 sunt.
1793 2901 1911 2969 Quo
1954 2917 2079 2957 cum

498 2993 851 3066 pervenisset,
883 2993 1116 3061 legatum
1140 2991 1334 3046 Leonis
1360 2993 1705 3062 imperatoris
1727 2992 1792 3047 de
1817 2991 2079 3046 Constan-

2191 1833 2330 1890 quae
2395 1817 2849 1886 contignationem
2913 1823 2968 1870 et
3037 1815 3335 1870 tabulatam
3391 1815 3772 1880 sustinebant,

2188 1916 2424 1963 transtra
2455 1908 2664 1976 pondus
2693 1906 2911 1976 aliquod
2937 1905 3081 1960 ferre
3108 1921 3213 1960 non
3235 1913 3477 1974 possent,
3512 1904 3773 1960 inceden-

2188 2011 2294 2057 tem
2343 2002 2573 2071 desuper
2602 2001 2980 2070 imperatorem
3012 1998 3188 2052 subita
3227 1998 3383 2050 ruina
3423 2011 3547 2050 eum
3577 1997 3774 2068 viginti

2185 2103 2242 2148 ct
2268 2107 2332 2148 eo
2374 2093 2605 2163 amplius
2644 2090 2954 2146 hominibus
2988 2089 3079 2159 qui
3120 2104 3226 2142 una
3273 2088 3423 2142 ibant
3471 2087 3540 2142 ad
3568 2095 3777 2142 terram

2187 2199 2357 2252 usque
2381 2182 2628 2252 deposuit
2661 2181 2724 2234 “i.
2756 2180 2856 2248 Qui
2881 2195 3039 2234 casus
3058 2195 3182 2234 cum
3208 2177 3248 2209 ιθ
3275 2178 3560 2248 plerosque
3590 2192 3660 2232 ex
3695 2178 3777 2233 his

2186 2275 2276 2343 qui
2307 2272 2466 2328 simul
2507 2271 2818 2326 deciderant
2847 2269 3083 2341 graviter
3109 2267 3416 2334 adfecisset,
3461 2267 3537 2321 illi
3581 2277 3777 2325 tamen

2185 2361 2318 2415 nihil
2366 2359 2500 2414 aliut
2528 2359 2572 2389 ²⁰
2618 2359 2874 2414 laesionis
2922 2357 3103 2412 intulit
3149 2366 3365 2426 praeter
3405 2357 3552 2426 quod
3577 2357 3779 2427 capulo

2184 2454 2344 2525 gladii
2373 2469 2480 2523 quo
2507 2452 2782 2507 accinctus
2808 2459 2944 2516 erat,
2976 2450 3070 2504 imi
3107 2450 3343 2520 pectoris
3370 2463 3498 2518 pars
3540 2449 3776 2508 sinistra

2185 2554 2411 2598 contusa
2442 2550 2525 2597 cst
2552 2582 2566 2606 ,
2594 2550 2647 2594 et
2672 2541 2819 2595 auris
2847 2540 3040 2595 dextra
3069 2540 3122 2593 in
3146 2547 3299 2609 parte
3326 2538 3631 2608 posteriore
3665 2538 3782 2592 vul-

2183 2643 2392 2699 nerata,
2425 2633 2600 2688 femur
2626 2647 2840 2704 quoque
2881 2632 3132 2686 dextrum
3159 2630 3436 2685 cuiusdam
3473 2628 3607 2698 ligni
3640 2645 3781 2699 pon-

2185 2725 2313 2780 dere
2342 2724 2492 2778 iuxta
2521 2724 2742 2793 inguina
2765 2722 3051 2777 conlisum.
3099 2721 3204 2775 Sed
3236 2719 3496 2774 instantia
3527 2720 3570 2750 ²¹
3601 2721 3785 2775 medi-

2185 2829 2373 2870 corum
2416 2813 2506 2884 qui
2555 2813 2604 2866 ei
2643 2828 2826 2867 curam
2857 2812 3205 2876 adhibebant,
3239 2825 3449 2866 summa
3489 2808 3784 2865 celeritate

2185 2904 2475 2960 convaluit.
2516 2903 2651 2958 Nam
2681 2903 2944 2963 vicesima
2984 2910 3268 2973 postquam
3297 2901 3350 2955 id
3379 2900 3668 2955 acciderat
3698 2900 3787 2957 die

2187 2997 2574 3069 Noviomagum
2631 2997 2943 3066 profectus,
3005 3002 3203 3048 venatu
3269 3007 3388 3047 sese
3451 2993 3782 3047 exercebat.

500 3083 720 3152 tinopoli
750 3099 846 3153 pro
874 3083 1300 3136 Dalmatinorum
1333 3083 1353 3114 θ
1401 3098 1565 3137 causa
1604 3083 1853 3149 missum,
1880 3082 2077 3138 Nicifo-
2110 3071 2154 3133 C
2187 3087 2340 3146 Unde
2383 3102 2630 3142 reversus
2658 3126 2674 3152 ,
2722 3085 3025 3158 generalem
3071 3083 3252 3154 populi
3301 3082 3382 3137 sui
3441 3091 3787 3136 conventum

499 3193 617 3230 rum
644 3177 879 3238 nomine,
906 3176 1164 3244 suscepit,
1198 3190 1359 3244 quem
1389 3174 1578 3240 etiam,
1607 3175 1734 3245 quia
1759 3174 1999 3230 Gadolah
2035 3174 2076 3206 ³ο

501 3265 569 3320 ad
617 3281 776 3334 quem
823 3265 1032 3317 illorum
1079 3264 1374 3318 confinium
1419 3279 1549 3318 cura
1591 3265 1920 3332 pertinebat,
1971 3278 2081 3320 non

500 3357 706 3421 aderat,
731 3365 783 3410 et
809 3365 982 3409 tamen
1007 3357 1154 3411 brevi
1181 3364 1438 3410 venturus
1460 3357 1766 3426 putabatur,
1793 3358 2078 3412 adventum

497 3444 643 3500 illius
673 3446 831 3499 iussit
865 3445 1118 3513 opperiri.
1165 3445 1280 3511 Quo
1308 3445 1556 3500 veniente
1579 3486 1593 3510 ,
1624 3447 1763 3500 ratio
1790 3446 1930 3501 inter
1955 3462 2079 3502 eum

497 3543 553 3588 et
590 3535 823 3606 legatum
856 3536 1196 3605 imperatoris
1237 3535 1304 3589 de
1335 3537 1742 3604 quaestionibus
1770 3553 1905 3607 quas
1935 3539 2077 3594 idem

499 3626 706 3690 detulit,
737 3626 914 3679 habita
941 3634 1050 3691 est;
1082 3634 1136 3680 et
1156 3626 1280 3695 quia
1305 3641 1393 3681 res
1417 3627 1484 3681 ad
1511 3627 1773 3696 plurimos
1799 3637 1853 3682 et
1881 3629 2080 3685 Roma-

498 3731 597 3774 nos
619 3725 673 3770 et
709 3717 931 3772 Selavos
954 3718 1276 3786 pertinebat,
1321 3732 1496 3787 neque
1519 3718 1636 3773 sine
1665 3719 1882 3774 illorum
1924 3735 2080 3790 prac-

495 3809 670 3864 sentia
702 3807 843 3862 ﬁniri
871 3823 1028 3877 posse
1057 3809 1358 3874 videbatur,
1401 3809 1493 3864 illo
1531 3809 1870 3866 decernenda
1899 3811 2080 3866 differ-

495 3904 609 3963 tur,
634 3898 936 3966 missusque
976 3898 1044 3953 ad
1082 3899 1186 3953 hoc
1209 3914 1332 3954 cum
1356 3898 1629 3956 Cadolane
1656 3902 1698 3933 “
1724 3910 1780 3957 et
1800 3904 2081 3974 praedicto

494 3986 673 4059 legato
715 3989 768 4042 in
800 3988 1119 4043 Dalmatiam
1151 3988 1437 4060 Albgarius
1467 3991 1533 4056 ”,
1560 3991 1797 4053 Unrochi
1823 3994 1864 4024 ¹³
1893 4010 2078 4065 nepos.

497 4080 687 4150 Legati
718 4081 881 4134 etiam
913 4081 1301 4148 Abdirahman,
1334 4099 1458 4138 cum
1489 4086 1662 4140 tribus
1689 4087 1968 4144 mensibus
1991 4089 2082 4144 de-

499 4174 632 4226 tenti
661 4180 843 4226 essent
860 4211 875 4236 ,
913 4182 967 4226 et
993 4173 1098 4226 iam
1139 4173 1206 4227 de
1231 4175 1402 4230 reditu
1429 4174 1723 4245 desperare
1747 4180 2077 4250 coepissent,

498 4264 709 4318 remissi
741 4271 884 4317 sunt.
914 4263 1036 4318 Filii
1059 4280 1273 4335 quoque
1303 4265 1582 4322 Godofridi
1613 4270 1755 4340 regis
1784 4269 2077 4337 Danorum,

494 4363 716 4427 prepter
744 4354 1015 4408 assiduam
1070 4354 1306 4410 Herioldi
1353 4356 1752 4412 infestationem
1799 4360 1964 4414 missa
2012 4362 2081 4416 ad

498 4446 882 4516 imperatorem
909 4445 1197 4515 legatione,
1242 4463 1431 4518 pacem
1461 4459 1676 4520 petunt,
1705 4466 1934 4524 eamque
1961 4470 1991 4508 a
2023 4471 2082 4510 se

495 4535 816 4590 servandam
838 4535 1188 4606 pollicentur:
1217 4539 1311 4593 sed
1334 4554 1455 4593 cum
1479 4541 1610 4596 haec
1637 4543 1889 4597 simulata
1911 4547 2080 4616 magis

496 4642 658 4696 quam
681 4627 895 4682 veracia
927 4627 1256 4693 viderentur,
1286 4630 1431 4684 velut
1460 4631 1640 4685 inania
1672 4633 1911 4703 neglecta
1931 4645 2078 4701 sunt,

495 4731 552 4775 et
573 4722 830 4776 auxilium
859 4731 1050 4776 contra
1081 4739 1176 4778 eos
1207 4723 1460 4780 Hicroldo
1490 4725 1696 4777 datum.
1730 4725 1879 4778 Luna
1911 4725 2078 4783 Nonis

496 4811 658 4870 Febr.
704 4813 837 4866 hora
866 4813 1042 4867 noctis
1087 4814 1324 4868 secunda
1359 4813 1586 4880 defecit,
1640 4823 1695 4869 et
1744 4825 1982 4872 cometes
2021 4820 2075 4872 in

2183 3178 2510 3249 Aquisgrani
2540 3191 2688 3232 more
2729 3176 2886 3231 solito
2925 3175 3133 3241 habuit,
3175 3175 3228 3227 in
3271 3186 3377 3242 quo
3389 3171 3580 3251 filium
3615 3187 3784 3228 suum

2182 3268 2600 3339 primogenitum
2655 3266 2994 3320 Hlotharium
3051 3263 3368 3326 coronavit,
3422 3270 3479 3315 et
3535 3261 3792 3316 nominis

2182 3370 2344 3429 atque
2388 3359 2600 3429 imperii
2652 3358 2734 3412 sui
2780 3357 2987 3412 socium
3037 3355 3140 3410 sibi
3193 3352 3491 3416 constituit,
3521 3361 3790 3407 caeteros

2183 3469 2336 3523 reges
2359 3453 2652 3523 appellatos
2675 3467 2835 3506 unum
2859 3448 3202 3520 Aquitaniae,
3229 3447 3458 3500 alterum
3481 3445 3790 3500 Baioariac

2181 3543 2462 3613 praefecit.
2515 3544 2792 3596 Conventu
2829 3547 3050 3609 peracto
3087 3539 3152 3601 ",
3183 3551 3306 3591 cum
3349 3534 3546 3605 Vosegi
3577 3534 3792 3589 saltum

2183 3634 2412 3688 venandi
2450 3633 2621 3703 gratia
2653 3639 2884 3702 peteret,
2914 3629 3102 3685 obvios
3128 3627 3316 3682 habuit
3342 3625 3548 3696 legatos
3573 3624 3794 3681 Leonis

2184 3727 2546 3796 imperatoris,
2569 3740 2704 3795 quos
2727 3739 2848 3778 cum
2872 3723 2925 3777 in
2946 3721 3297 3793 lngilenheim
3324 3718 3369 3749 "
3391 3717 3597 3788 palatio
3631 3719 3793 3772 iuxta

2183 3820 2583 3892 Mogontiacum
2626 3817 2672 3848 ’³
2711 3817 2988 3873 civitatem
3035 3815 3292 3877 audisset,
3331 3827 3396 3866 ac
3440 3811 3791 3883 legationem

2183 3927 2369 3969 eorum
2407 3928 2513 3968 non
2545 3911 2704 3964 aliam
2734 3924 2875 3973 esse,
2913 3907 3014 3962 nisi
3041 3922 3203 3976 quam
3230 3903 3503 3960 Niciforus
3527 3905 3794 3960 eiusdem

2184 4004 2528 4075 imperatoris
2558 4002 2768 4072 legatus
2800 3999 3046 4070 proxime
3071 3996 3358 4061 adtulerat,
3390 3996 3793 4065 comperisset,

2185 4094 2435 4148 celeriter
2463 4091 2738 4146 absolutos
2782 4088 3017 4153 dimisit,
3049 4095 3104 4141 et
3131 4101 3238 4157 quo
3265 4083 3527 4140 tendebat
3553 4082 3802 4154 proﬁci-

2187 4186 2375 4241 scitur.
2393 4184 2761 4254 Nunciataque
2785 4180 3085 4237 defectione
3098 4177 3481 4233 Abodritorum
3505 4185 3561 4232 ct
3588 4177 3801 4232 Sclao-

2188 4275 2343 4339 miri,
2371 4273 2658 4329 comitibus
2685 4280 2892 4326 tantum
2921 4270 3014 4342 qui
3041 4271 3180 4324 iusta
3208 4267 3383 4322 Albim
3416 4267 3471 4321 in
3498 4267 3804 4338 praesidio

2189 4370 2428 4423 residere
2470 4367 2734 4433 solebant,
2765 4375 2826 4421 ut
2867 4365 3126 4420 terminos
3155 4363 3257 4419 sibi
3291 4361 3625 4417 commissos
3675 4371 3805 4416 tue-

2187 4468 2395 4523 rentur,
2445 4473 2542 4527 per
2583 4457 2819 4528 legatum
2869 4453 3165 4509 mandavit.
3216 4450 3392 4506 Causa
3445 4448 3808 4505 defectionis

2183 4557 2324 4613 erat,
2354 4547 2497 4618 quod
2525 4548 2729 4618 regiam
2757 4553 3098 4617 potestatem,
3129 4557 3290 4612 quam
3324 4540 3604 4596 Sclaomir
3637 4551 3809 4596 eate-

2182 4656 2284 4694 nus
2309 4647 2431 4712 post
2471 4646 2700 4692 mortem
2741 4636 3071 4691 Thrasconis
3101 4634 3247 4689 solus
3287 4647 3452 4702 super
3477 4633 3810 4689 Abodritos

2181 4733 2416 4793 tenelat,
2446 4743 2567 4782 cum
2595 4726 2872 4797 Ceadrago
2899 4725 3009 4780 ﬁlio
3031 4723 3359 4779 Thrasconis
3391 4723 3585 4793 partiri
3625 4725 3811 4779 iube-

2180 4822 2368 4884 batur;
2415 4834 2553 4888 qnae
2580 4835 2667 4873 res
2693 4819 2842 4872 illum
2885 4826 2991 4872 tam
3030 4817 3267 4888 graviter
3295 4818 3698 4882 exacerbavit,
3747 4829 3817 4873 ut

1734 4907 2127 4966 VARIANTES
2150 4910 2552 4969 LECTlONES.

574 4997 588 5026 '
620 4993 753 5049 Vill.
792 4991 898 5047 aal.
934 4992 1028 5046 lui.
1059 4991 1103 5045 Β
1125 4992 1177 5047 5.
1209 4993 1273 5046 ν.
1305 4992 1413 5048 kal.
1437 4993 1552 5069 Iun.
1585 4993 1630 5047 B
1653 4994 1704 5049 8.
1781 4997 1800 5026 ³
1834 5012 1862 5051 a
1894 4999 2075 5053 seculo
2101 5000 2355 5069 migravit
2381 4997 2550 5068 Bouq.

574 5082 629 5120 re
657 5065 710 5118 2.
745 5062 844 5124 (5.)
877 5063 928 5116 7.
959 5062 1004 5115 Β
1028 5062 1079 5116 5.
1111 5063 1369 5124 oppidare
1396 5064 1447 5118 5.
1481 5067 1532 5119 6.
1560 5067 1738 5124 opime
1767 5065 1822 5120 9.
1916 5069 1936 5099 ⁸
1966 5068 2259 5124 fortissimo
2289 5069 2341 5123 9.
2472 5069 2493 5098 ⁸
2519 5071 2550 5123 il

496 5082 629 5138 pare
657 5065 710 5118 2.
745 5062 1079 5138 (5.)_7.AB__5.
1111 5063 1369 5134 oppidare
1396 5064 1536 5138 5.6.
1560 5065 1822 5138 opinte9.

2630 4999 2650 5030 ³
2676 4998 2848 5068 potuit
2878 4997 2930 5052 9.
3009 4994 3647 5068 ‘oppipare_gi._4._B_6.
3682 4999 3820 5068 opi.

2472 5065 2591 5124 6ibi
2630 5065 2750 5123 cum
2783 5065 3091 5122 moraretur
3111 5065 3260 5121 5.75.
3297 5066 3348 5119 5.
3379 5065 3432 5119 6.
3462 5066 3517 5120 9.
3551 5066 3639 5120 ibi
3671 5065 3819 5122 etim

500 5130 817 5192 inoratur'2.
849 5130 896 5188 Β
920 5133 969 5188 6.
985 5133 1055 5188 ibi
1068 5130 1412 5188 conmoratus
1445 5135 1494 5188 1.
1525 5137 1576 5188 7.
1597 5130 1691 5189 “10.
1716 5135 1760 5188 Β
1787 5135 1839 5192 5.
1914 5140 1933 5170 ⁷
1967 5137 2476 5194 abdirabamanB5.
2504 5139 2888 5193 abdiraebman
2916 5138 2969 5191 9.
3046 5137 3066 5168 ⁸
3087 5135 3475 5191 abdirabaman
3497 5135 3607 5188 Β5.
3640 5139 3823 5192 abdi-

501 5222 718 5262 racman
743 5205 789 5258 Β
813 5204 864 5258 6.

497 5277 824 5332 cadolacbus
839 5277 890 5329 7.
908 5274 1160 5330 cadolacb
1187 5275 1240 5327 9.
1272 5275 1492 5329 eadolon
1519 5275 1561 5327 Β
1588 5277 1641 5330 5.

499 5347 613 5401 rius
641 5348 693 5400 5.
716 5346 769 5399 2.
800 5346 1103 5415 albagarius
1127 5345 1179 5398 5.
1207 5345 1259 5398 6.
1293 5345 1583 5415 albigarius
1611 5347 1660 5399 7.
1689 5347 1741 5401 9.

525 5485 546 5514 '
571 5494 625 5537 et
648 5485 864 5540 ﬁrmare
888 5486 932 5538 Β
957 5482 1007 5538 5.
1103 5487 1143 5516 ι’
1176 5494 1304 5540 tunc
1328 5482 1466 5538 Jeest
1504 5485 1556 5540 9.

1655 5486 1697 5516 ιθ
1725 5486 1989 5556 depresSit
2010 5491 2061 5544 9.

495 5566 660 5625 opera
701 5570 773 5607 m.
805 5557 858 5608 9.
907 5556 978 5625 _"
1011 5570 1138 5610 vero
1190 5564 1410 5625 peracto
1446 5555 1610 5625 Bouq.

959 5205 980 5234 ⁹
1005 5205 1410 5258 dalmatieorum
1433 5206 1486 5257 4.
1516 5205 1560 5258 Β
1587 5207 1639 5260 5.
1670 5207 2121 5264 dalmantinorum
2151 5209 2194 5262 Β
2222 5208 2273 5262 6.
2307 5210 2714 5264 delmaticorum
2754 5208 2807 5260 7.
2840 5208 3196 5262 dalmatarum
3225 5206 3278 5261 9.
3357 5207 3399 5237 ¹⁰
3428 5206 3723 5263 cadolaus
3756 5207 3820 5263 6.

1720 5277 1760 5307 ¹¹
1788 5292 1910 5331 cum
1938 5279 2280 5334 cadolaeh.9.
2313 5279 2575 5333 kadolone
2605 5278 2657 5331 5.
2690 5277 2946 5332 cadolone
2973 5279 3024 5331 6.
3057 5277 3310 5330 cadelanc
3337 5275 3381 5328 B
3406 5274 3460 5329 6.
3538 5276 3586 5306 ι’
3621 5278 3828 5347 abga-

1720 5363 1741 5397 ν.
1825 5349 1865 5378 ¹³
1896 5349 2122 5403 miroehi
2154 5351 2206 5402 7.
2286 5350 2328 5378 ”
2357 5349 2634 5403 aaitatoris
2663 5349 2714 5402 1.
2746 5347 2800 5401 2.
2834 5348 2886 5402 5.
2918 5347 2971 5401 4.
3005 5346 3056 5400 5.
3093 5347 3145 5400 6.
3177 5347 3262 5399 10.
3298 5345 3338 5398 Β
3363 5346 3418 5400 5.
3449 5345 3500 5400 6.
3543 5343 3670 5403 (8.)
3719 5363 3827 5403 sa-

499 5364 613 5401 1³1118
641 5364 693 5400 ο·
716 5364 769 5399 2.
800 5364 1103 5415 attingamus
1127 5364 1179 5398 ἱ).
1207 5364 1259 5398 οο
1293 5364 1583 5415 atmgurtlls
1620 5364 1660 5399 Ι.
1689 5364 1741 5401 υ.
1825 5364 1865 5378 ⁵³
1896 5364 2122 5404 nlll‘ocm
2162 5364 2206 5402 Ι.
2286 5364 2328 5378 Η
2357 5364 2634 5418 agllatol‘ls
2663 5364 2714 5402 1ο
2746 5364 2800 5401 Ζ.
2834 5364 2886 5402 ὓ.
2918 5364 2971 5401 ⁴ο

499 5416 746 5514 gitatoris
773 5416 998 5470 secunda
1025 5431 1184 5469 manu
1207 5415 1260 5468 5.
1288 5415 1552 5519 sagittarii
1580 5417 1630 5469 7.
1660 5416 1711 5469 9.
1791 5417 1835 5448 ’⁸
1866 5418 2137 5500 inpactum
2170 5420 2219 5472 1.
2247 5418 2386 5500 2.5.
2418 5421 2469 5472 7.
2497 5419 2551 5473 9.
2576 5418 2662 5471 10.
2685 5417 2730 5471 Β
2758 5419 2810 5472 5.
2839 5417 2890 5470 6.
2923 5417 2992 5498 im

571 5494 619 5519 nl
649 5485 864 5519 nus-narra
895 5486 932 5519 ρ
1103 5487 1143 5516 ι’
1176 5494 1302 5519 lnnn
1368 5495 1466 5519 and
1504 5485 1537 5519 0
1655 5486 1697 5516 ιθ
1726 5486 1982 5519 Ann-uocaui
2010 5491 2042 5519 ο
2153 5489 2195 5519 ιθ
2222 5489 2320 5519 nn-
2351 5505 2472 5519 nium
2506 5504 2663 5519 nuo-Ia
2697 5489 2716 5519 Ι
2821 5489 2867 5519 ’θ
2895 5488 2992 5519 olnt

1725 5489 1989 5556 depressit
2010 5491 2061 5544 9.
2153 5489 2195 5519 ¹¹⁵
2222 5489 2322 5556 Qui
2350 5505 2472 5543 cum
2505 5504 2665 5542 casus
2697 5489 2744 5541 1.
2821 5489 2867 5519 ’⁸
2893 5489 3024 5540 aliut
3053 5489 3104 5539 1.
3137 5489 3321 5556 reliqui
3356 5502 3378 5538 a

1710 5556 1755 5628 ’_'
1802 5557 2145 5628 ingilenhaim
2183 5559 2263 5610 10.
2297 5556 2341 5610 Β
2371 5557 2425 5610 5.
2458 5559 2509 5611 6.
2560 5558 2893 5628 ingilinheim
2927 5557 2976 5610 4.
3015 5556 3303 5627 ingclhcitn
3325 5556 3378 5610 9.

2286 5350 2328 5378 ”
2357 5349 2634 5403 aaitatoris
2663 5349 2714 5402 1.
2746 5347 2800 5401 2.
2834 5348 2886 5402 5.
2918 5347 2971 5401 4.
3005 5346 3056 5400 5.
3093 5347 3145 5400 6.
3177 5347 3262 5399 10.
3298 5345 3338 5398 Β
3363 5346 3418 5400 5.
3449 5345 3500 5400 6.
3543 5345 3670 5403 (8.)
3719 5345 3827 5403 sa-

2389 5349 2634 5418 gitatoris
2663 5349 2714 5402 1.
2746 5347 2800 5401 2.
2834 5348 2886 5402 5.
3005 5346 3056 5400 5.
3177 5347 3266 5428 10ἱ
3298 5345 3418 5427 Β.5.
3449 5345 3500 5426 6ἔ
3717 5343 3827 5403 ἐξ-

2418 5421 2469 5472 7.
2497 5418 2662 5473 9.10.
2923 5426 3229 5496 imposrtum
3255 5423 3521 5496 intimavit
3591 5455 3668 5496 ,μ
3702 5458 3720 5471 .
3759 5419 3827 5496 6.

2821 5489 2867 5519 ’°
2893 5485 3024 5540 aliut
3053 5487 3104 5539 1.
3137 5486 3321 5556 reliqui
3356 5485 3519 5541 aliud.
3613 5489 3673 5518 ⁸⁸
3713 5491 3828 5546 sed

2821 5558 2893 5611 im
2927 5557 2976 5610 4.
3015 5556 3303 5627 ingclhcim
3325 5556 3378 5610 9.
3470 5557 3514 5586 ”
3543 5571 3840 5632 mogon-

496 5621 709 5677 ciacunt
738 5624 785 5677 1.
815 5625 865 5677 5.
895 5623 947 5677 6.
998 5621 1326 5696 magoniiam
1354 5625 1397 5677 Β
1418 5627 1468 5680 6.
1504 5621 1901 5696 moguntiaeum
1929 5627 1979 5682 9.
2016 5630 2406 5699 magontiacam
2439 5629 2488 5681 7.
