3988 6178
274 218 277 223 ’
289 217 388 273 485

1756 203 2103 264 ANNALES.

3431 213 3534 271 526

286 329 634 389 adfirmaret,
688 336 746 378 se
800 338 1091 395 numquam
1141 324 1367 394 posthac
1408 323 1587 379 Albim
1638 322 1856 378 fluvium
1884 333 1935 390 Α
1962 319 2164 376 tiorvel
2186 319 2524 376 innocentior
2542 322 2857 394 apparebat,
2882 324 2967 381 vei
2988 325 3151 382 exilio
3173 325 3448 398 deportari
3466 330 3535 399 ⁸⁸,

288 418 659 481 transiturum,
702 430 876 486 neque
915 416 981 471 ad
1022 415 1280 486 palatium
1318 424 1622 471 venturum.
1663 414 1860 471 Statim

287 514 449 568 missa
496 519 651 563 trans
695 523 846 563 mare
897 508 1180 578 legatione,
1232 508 1409 563 iunxit
1438 508 1706 563 amicitias
1735 521 1859 563 cum

285 601 412 656 ﬁliis
440 596 739 661 Godofridi,
768 604 840 659 et,
876 605 938 650 ut
963 596 1236 651 exercitus
1266 597 1321 650 in
1350 595 1642 651 Saxoniam
1681 603 1857 649 trans-

286 693 550 748 albianam
600 690 617 720 ¹
667 689 991 755 mitteretur,
1032 687 1356 757 impetravit.
1403 685 1539 750 Nam
1565 694 1620 741 et
1668 686 1859 741 classis

284 800 467 839 eorum
523 798 622 855 per
659 782 871 837 Albiam
911 798 1081 852 usque
1117 785 1186 837 ad
1234 780 1473 836 Esesfcld
1513 782 1534 813 ²
1576 779 1858 835 castellum

285 875 441 938 venit,
469 889 608 944 quae
635 881 803 927 totam
835 872 1049 927 Sturiae
1076 872 1312 927 ﬂuminis
1332 873 1507 942 ripam
1537 871 1855 936 dcvastavit,

281 974 332 1020 et
383 964 594 1021 Giuomi
645 964 688 1029 ³,
736 971 918 1018 custos
957 962 1338 1018 Nordmannici
1376 963 1396 993 ⁸
1446 963 1656 1028 limitis,
1698 963 1858 1032 pede-

280 1066 417 1112 strcs
444 1057 630 1126 cupias
657 1056 878 1119 ducens,
905 1054 1065 1109 simul
1092 1070 1213 1109 cum
1235 1054 1509 1109 Abodritis
1525 1063 1739 1111 terreno
1765 1052 1855 1106 iti-

278 1161 403 1200 nere
428 1145 496 1199 ad
522 1146 697 1215 ipsum
721 1141 999 1199 castellum
1029 1142 1279 1198 accessit.
1311 1142 1515 1209 Quibus
1536 1158 1658 1197 cum
1682 1142 1854 1197 nostri

279 1235 490 1290 fortiter
538 1232 885 1299 restitissent,
930 1233 1130 1287 omissa
1175 1233 1381 1289 castelli
1437 1233 1853 1305 oppugnatione,

276 1327 659 1383 discesserunt.
690 1324 898 1379 Interea
937 1340 1063 1379 cum
1102 1326 1395 1396 imperator
1425 1327 1706 1379 venatione
1735 1342 1855 1396 per-

276 1425 395 1472 acta
426 1417 495 1472 de
522 1414 730 1485 Vosego
756 1414 1095 1484 Aquasgrani
1132 1422 1514 1480 reverteretur,
1544 1414 1852 1469 nuntiatum

272 1516 357 1564 est
400 1507 474 1573 ei,
519 1504 889 1561 Bernhardum
920 1514 1170 1575 nepotem
1212 1520 1366 1559 suum
1386 1546 1401 1572 ,
1434 1504 1618 1559 Italiae
1645 1520 1851 1575 regem,

271 1602 608 1671 quorundam
637 1612 927 1668 pravorum
958 1596 1235 1650 hominum
1265 1596 1487 1651 consilio
1514 1597 1851 1667 tyrannidem

1960 411 2046 466 vel
2085 411 2302 466 detondi
2329 420 2489 482 atque
2515 413 2570 468 in
2605 418 2951 472 monasteriis
2979 422 3309 475 conversari.
3356 422 3536 492 Atque

1958 502 2045 558 his
2096 503 2171 557 ita
2201 504 2497 573 dispositis,
2526 505 2641 577 ipse
2673 521 2797 561 cum
2837 509 3073 563 maximo
3112 512 3354 566 exercitu
3384 513 3534 568 Brit-

1958 593 2197 647 tanniam
2224 593 2536 665 adgressus,
2566 596 2872 667 generalem
2897 609 3219 654 conventum
3245 601 3477 657 Venedis
3504 616 3532 644 ι

1954 682 2159 738 habuit.
2219 683 2347 738 lnde
2405 695 2761 740 memoratam
2813 691 3148 757 provinciam
3207 692 3523 763 ingressus,

1953 773 2126 843 captis
2154 774 2434 830 rebellium
2460 776 2866 846 munitionibus,
2892 782 3045 836 brevi
3080 792 3246 838 totam
3289 785 3341 840 in
3374 801 3531 841 suam

1953 873 2278 934 potestatem
2300 882 2406 921 non
2422 884 2616 937 magno
2640 868 2826 924 labore
2848 872 3075 942 redegit.
3097 872 3230 927 ham
3244 885 3534 949 postquam

1956 953 2265 1012 Mormanus
2312 958 2375 1024 “,
2403 960 2494 1029 qui
2520 959 2573 1012 in
2609 974 2672 1014 ea
2699 970 2917 1029 praeter
2947 962 3161 1016 solitum
3199 963 3535 1020 Brittonibus

1954 1061 2161 1101 morem
2228 1048 2431 1119 regiam
2488 1049 2590 1104 sibi
2641 1052 3014 1106 vindicaverat
3065 1063 3408 1123 potestatem,
3464 1056 3535 1110 ab

1953 1137 2196 1190 exercitu
2244 1138 2584 1208 imperatoris
2629 1142 2842 1196 occisus
2877 1151 2980 1208 est,
3033 1142 3210 1198 nullus
3265 1144 3436 1202 Britto
3486 1147 3529 1179 "

1953 1223 2348 1293 inveniebatur,
2394 1229 2486 1297 qui
2539 1231 2839 1297 resisteret,
2873 1243 2966 1287 aut
3011 1235 3101 1303 qui
3161 1235 3425 1306 imperata
3455 1237 3532 1292 fa-

1953 1329 2079 1370 cere
2109 1316 2176 1380 ¹⁸,
2207 1327 2300 1371 aut
2321 1319 2412 1387 qui
2438 1320 2654 1375 obsides
2680 1324 2769 1391 qui
2795 1324 3120 1379 iubebantur
3144 1327 3274 1382 dare
3304 1344 3535 1384 rennue-

1954 1416 2055 1461 ret.
2088 1407 2203 1475 Qua
2243 1408 2586 1478 expeditione
2630 1413 2916 1481 completa,
2955 1431 3080 1470 cum
3110 1417 3426 1486 imperator,
3452 1421 3533 1475 di-

1953 1499 2121 1553 misso
2142 1501 2405 1567 exercitu,
2432 1501 2749 1559 Andecavos
2792 1505 2833 1536 ¹⁹
2864 1507 3139 1563 civitatem
3178 1520 3325 1565 esset
3353 1527 3535 1567 rever-

1952 1604 2068 1655 sus,
2118 1590 2465 1662 lrmingardis
2500 1592 2544 1623 "
2577 1594 2786 1664 regina,
2842 1597 3038 1651 coniux
3091 1600 3134 1629 “
3180 1600 3319 1667 eius,
3370 1617 3533 1670 quam

272 1689 626 1754 meditatum,
666 1688 774 1743 iam
804 1703 993 1742 omnes
1025 1688 1203 1741 aditus
1227 1687 1423 1758 quibus
1449 1686 1502 1741 in
1532 1686 1737 1741 italiam
1769 1688 1850 1741 in-

1952 1679 2303 1750 proﬁciscens
2331 1681 2403 1734 ibi
2430 1691 2801 1752 aegrotantem
2834 1685 3132 1751 dimiserat,
3162 1687 3371 1743 duobus
3413 1688 3533 1743 die-

272 1788 467 1846 tratur,
495 1779 549 1834 id
579 1788 662 1834 est
690 1779 867 1833 clusas
894 1779 938 1845 ⁵,
980 1779 1229 1850 inpositis
1271 1778 1517 1834 ﬁrmasse
1542 1780 1846 1850 praesidiis,

270 1877 428 1939 atque
452 1884 645 1925 omnes
679 1867 862 1924 Italiae
894 1869 1146 1925 civitates
1166 1869 1220 1923 in
1251 1870 1394 1926 illius
1417 1872 1583 1926 verba
1607 1871 1845 1938 iurasse;

270 1962 409 2032 quod
436 1977 504 2017 ex
526 1970 680 2032 parte
709 1976 916 2028 verum,
937 1977 1004 2017 ex
1026 1969 1183 2033 parte
1212 1961 1407 2018 falsum
1436 1972 1574 2018 erat.
1605 1964 1687 2019 Ad
1711 1980 1847 2035 quos

269 2060 447 2106 motus
472 2051 906 2122 comprimendos
937 2067 1060 2105 cum
1105 2067 1172 2106 ex
1205 2060 1313 2107 tota
1338 2054 1509 2108 Gallia
1537 2064 1695 2124 atque
1716 2054 1851 2111 Ger-

270 2143 450 2198 mania
496 2151 822 2213 congregato
863 2157 1072 2197 summa
1103 2144 1123 2172 °
1152 2143 1426 2200 celeritate
1455 2162 1650 2217 magno
1695 2163 1851 2204 exer-

268 2230 393 2295 citu,
425 2234 723 2301 imperator
749 2231 954 2287 Italiam
986 2232 1191 2288 intrare
1216 2233 1540 2302 festinasset,
1581 2237 1850 2295 Bernhar—

265 2321 364 2378 dus
411 2323 576 2378 rebus
620 2323 733 2377 suis
781 2322 1045 2389 difﬁdens,
1091 2325 1323 2377 maxime
1366 2329 1510 2397 quod
1555 2343 1613 2383 se
1661 2345 1692 2383 a
1737 2331 1851 2387 suis

262 2412 470 2467 cotidie
496 2414 673 2467 deseri
704 2412 940 2477 videbat,
987 2413 1153 2467 armis
1182 2414 1461 2484 depositis,
1493 2420 1633 2488 apud
1674 2418 1853 2476 Cavil-

259 2500 473 2555 lionem
494 2502 513 2532 ⁷
538 2501 847 2570 imperatori
886 2517 945 2556 se
971 2503 1218 2570 tradidit;
1247 2521 1406 2576 quem
1428 2510 1626 2565 caeteri
1655 2513 1849 2580 secuti,

258 2606 376 2646 non
425 2590 598 2644 solum
650 2592 816 2647 armis
862 2592 1119 2664 depositis
1166 2609 1224 2650 se
1271 2596 1609 2665 dediderunt,
1662 2617 1850 2658 verum

260 2682 409 2736 ultro
441 2690 498 2736 ct
522 2684 589 2737 ad
615 2685 845 2754 primam
876 2686 1351 2758 interrogationem
1383 2692 1562 2746 omnia
1592 2695 1668 2747 uti
1698 2706 1849 2767 gesta

262 2783 423 2830 erant
495 2787 841 2845 aperuerunt.
898 2778 1068 2835 liuius
1130 2783 1520 2840 coniurationis
1578 2789 1848 2860 principes

264 2865 416 2921 fuere
469 2866 703 2937 Eggidco
748 2867 792 2935 ⁸,
840 2869 983 2923 inter
1043 2872 1246 2928 amicos
1289 2876 1428 2945 regis
1460 2875 1480 2904 ³
1516 2877 1744 2949 primus,
1794 2890 1848 2934 et

266 2955 641 3026 lteginhardus
671 2958 712 2988 ¹⁰
744 2960 1072 3016 camerarius
1103 2962 1142 2992 ¹¹
1169 2963 1303 3028 eius,
1331 2974 1386 3019 et
1413 2965 1772 3038 Reginharius
1802 2973 1843 3002 ”

1952 1771 2054 1824 bus
2083 1780 2367 1839 postquam
2391 1772 2504 1842 ipse
2527 1774 2593 1827 ad
2614 1789 2734 1827 eam
2756 1777 2922 1840 venit,
2951 1779 3139 1833 morbo
3170 1778 3537 1837 invalescente

1951 1862 2005 1916 5.
2058 1862 2241 1916 Nonas
2271 1862 2462 1918 Octob.
2504 1867 2550 1894 ²²
2580 1864 2833 1920 decessit.
2864 1867 3110 1937 Eclypsis
3140 1869 3268 1925 solis
3307 1872 3536 1945 contigit

1949 1954 2003 2009 8.
2031 1953 2155 2007 ldus
2200 1952 2344 2007 lulii.
2392 1954 2691 2024 Imperator
2738 1973 2836 2026 per
2883 1958 3243 2031 Ratumagum
3270 1961 3317 1993 ’³
3350 1972 3406 2018 et
3433 1979 3532 2035 per

1948 2044 2247 2100 Ambianos
2290 2054 2345 2100 et
2373 2045 2729 2103 Camaracum
2757 2050 2803 2080 ”
2832 2052 3171 2121 Aquasgrani
3225 2055 3293 2109 ad
3350 2057 3535 2114 hiber-

1949 2137 2187 2192 nandum
2243 2154 2515 2205 reversus,
2572 2156 2696 2195 cum
2752 2142 2799 2173 "
2857 2142 3222 2199 lleristallinm
3274 2149 3534 2216 venisset,

1948 2226 2137 2280 obvios
2177 2226 2364 2281 habuit
2412 2228 2615 2299 legatos
2661 2228 2896 2300 Sigonis,
2948 2233 3101 2287 ducis
3130 2233 3539 2293 Beneventano-

1951 2333 2093 2383 rmn,
2139 2318 2279 2372 dona
2329 2319 2658 2386 deferentcs,
2690 2336 2921 2391 cumque
2965 2325 3031 2377 de
3085 2341 3217 2380 nece
3269 2327 3534 2385 Grimoldi

1950 2406 2103 2459 ducis
2154 2409 2516 2462 antecesseris
2556 2410 2637 2462 sui
2663 2421 3005 2466 excusantes.
3037 2414 3205 2467 Erant
3229 2416 3299 2470 ibi
3324 2426 3379 2472 et
3405 2420 3537 2473 alia-

1950 2510 2072 2548 rum
2102 2497 2381 2551 nationum
2407 2498 2591 2567 legati.
2620 2499 3004 2555 Ahodritorum
3035 2504 3285 2560 videlicet
3308 2523 3372 2561 ac
3396 2508 3534 2562 Bor-

1950 2601 2073 2652 nae,
2125 2588 2281 2642 ducis
2309 2587 2756 2644 Guduscanerum
2784 2600 2839 2646 et
2866 2592 3302 2650 Timocianorum
3336 2600 3402 2665 ",
3440 2603 3534 2671 qui

1949 2694 2123 2750 nuper
2169 2695 2200 2734 a
2251 2679 2607 2752 Bulgarorum
2659 2684 2919 2738 societate
2975 2686 3318 2743 desciverant
3374 2699 3429 2745 ct
3466 2693 3534 2747 ad

1948 2784 2163 2830 nostros
2212 2775 2346 2832 lines
2376 2792 2435 2832 se
2475 2779 2838 2846 contulerant,
2871 2782 3030 2836 simul
3074 2792 3130 2839 et
3157 2783 3439 2842 Liudewiti
3463 2789 3534 2855 ’⁷,

1949 2867 2102 2922 ducis
2150 2868 2461 2925 Pannoniae
2506 2872 2801 2940 inferioris,
2838 2876 2930 2944 qui
2965 2891 3051 2932 res
3080 2894 3247 2934 novas
3286 2883 3534 2951 moliens,

1949 2957 2241 3013 Cadolaum
2288 2960 2333 2991 ’⁸
2392 2962 2646 3016 comitem
2693 2973 2748 3018 ct
2793 2980 3011 3020 marcae
3058 2966 3452 3027 Foroiuliensis
3488 2975 3534 3006 ²⁹

267 3043 582 3117 Meginharii
612 3049 825 3104 comitis
866 3050 1024 3117 filius,
1066 3054 1219 3109 cuius
1247 3064 1525 3112 maternus
1555 3075 1687 3116 avus
1714 3061 1846 3116 llar-

1952 3050 2283 3120 praefectum
2316 3052 2650 3109 crudelitatis
2703 3065 2866 3124 atque
2906 3058 3228 3115 insolentiae
3278 3079 3538 3122 accusare

265 3136 462 3192 dradus
492 3138 620 3193 olim
646 3140 699 3193 in
728 3139 1015 3197 Germania
1036 3160 1158 3199 cum
1188 3148 1370 3203 multis
1395 3164 1461 3204 ex
1485 3166 1545 3205 ca
1566 3155 1848 3222 provincia

262 3230 535 3287 nobilibus
585 3242 775 3287 contra
822 3235 1040 3291 Karlum
1091 3239 1472 3309 imperatorem
1521 3246 1843 3303 coniuravit.

264 3318 429 3376 Erant
456 3332 745 3392 praeterea
768 3334 821 3380 et
850 3328 1107 3383 aliimulti
1135 3334 1398 3400 praeclari
1428 3346 1481 3390 et
1496 3339 1703 3394 nobiles
1725 3341 1859 3406 viri,

263 3412 349 3479 qui
380 3412 431 3466 in
458 3414 656 3467 codem
683 3415 883 3471 scelere
913 3419 1230 3488 deprehensi
1261 3434 1405 3490 sunt,
1451 3428 1594 3484 inter
1620 3446 1755 3500 quos
1793 3443 1849 3487 et

267 3505 423 3574 aliqui
467 3506 735 3577 episcopi,
775 3510 1100 3567 Anshelmus
1149 3514 1580 3590 Blediolanensis,
1612 3532 1665 3578 et
1700 3525 1848 3581 Wol-

269 3592 435 3651 foldus
500 3599 923 3668 Cremonensis,
990 3610 1044 3657 et
1108 3604 1440 3665 Tlieodulfus
1497 3612 1541 3643 ’³
1600 3614 1847 3671 Aurelia-

271 3702 465 3744 llCllSlS.

872 3784 1230 3845 DCCCXV’III.

338 3871 557 3929 Detecta
613 3872 802 3931 fraude
828 3886 883 3930 ct
910 3879 1283 3934 coniuratione
1336 3881 1626 3951 patefacta,
1668 3900 1732 3941 ac
1761 3900 1847 3941 se—

269 3959 479 4019 diciosis
521 3965 775 4021 omnibus
813 3967 866 4020 in
895 3976 1219 4037 potestatem
1265 3985 1417 4025 suam
1450 3972 1701 4040 redactis,
1746 3975 1848 4029 itu-

270 4066 479 4123 perator
533 4058 876 4131 Aquasgrani
929 4063 1244 4130 revertitur,
1285 4073 1667 4139 transactaque
1716 4086 1849 4142 qua-

271 4144 607 4216 drnesimali
656 4150 879 4219 ieiunio,
923 4156 1111 4224 paucis
1176 4166 1301 4230 post
1345 4169 1595 4217 sanctum
1642 4166 1847 4235 pascha

274 4238 450 4297 diebus
469 4244 865 4301 coniura1ionis
890 4258 1163 4317 auctores,
1192 4253 1283 4325 qui
1306 4254 1557 4326 superius
1583 4257 1846 4314 nominati

275 4339 413 4398 sunt,
441 4333 607 4389 simul
654 4344 709 4390 et
741 4353 923 4409 regem
952 4339 995 4370 "
1040 4340 1237 4397 iudicio
1261 4342 1598 4402 Francorum
1627 4349 1845 4420 capitali

1953 3144 2252 3196 conabatur
2275 3143 2340 3195 ’°.
2375 3143 2582 3209 Quibus
2607 3146 2679 3199 ibi
2716 3147 2914 3202 auditis
2951 3157 3115 3218 atque
3144 3151 3405 3218 dimiSsis,
3436 3155 3537 3210 im-

1949 3243 2172 3305 perator
2199 3234 2538 3305 Aquasgrani
2572 3237 2638 3290 ad
2672 3238 3020 3294 lnemandum
3050 3243 3330 3312 profectus
3357 3256 3461 3299 est.

2590 3329 2904 3386 DCCUXIX.

2021 3416 2307 3485 Sclaomir,
2331 3418 2714 3475 Abodritornm
2743 3438 2857 3490 rex,
2882 3425 2952 3480 ob
2975 3427 3129 3513 ctLius
3143 3427 3426 3498 perfidiam
3453 3428 3538 3484 uls

1949 3512 2255 3566 ciscendam
2282 3514 2556 3569 exercitus
2602 3512 2875 3569 Saxonum
2905 3524 2961 3571 et
2987 3512 3332 3573 orientalium
3357 3519 3533 3576 Fran-

1949 3618 2134 3658 corum
2158 3605 2348 3659 eodcm
2396 3621 2539 3659 anno
2563 3615 2711 3660 trans
2736 3607 2951 3664 Albiam
2984 3610 3183 3664 missus
3210 3608 3408 3678 fuerat,
3435 3627 3535 3681 per

1946 3696 2253 3764 praefectos
2298 3694 2549 3750 Saxonici
2607 3698 2795 3752 limitis
2842 3707 2897 3752 et
2948 3698 3154 3769 legatos
3188 3700 3534 3769 imperatoris

1947 3785 2038 3855 qui
2076 3786 2337 3839 exercitui
2390 3796 2698 3857 praeerant,
2748 3787 3089 3858 Aquasgrani
3118 3789 3381 3845 adductus
3413 3800 3516 3847 est.

1947 3877 2117 3945 Quem
2145 3892 2267 3932 cum
2299 3878 2568 3947 primores
2595 3879 2775 3949 pepuli
2811 3880 2915 3946 sui,
2960 3882 3051 3951 qui
3083 3881 3242 3938 simul
3269 3882 3400 3938 iussi
3434 3890 3537 3940 ve-'

1946 3978 2160 4035 nerant,
2212 3970 2396 4024 multis
2425 3970 2746 4027 criminibus
2774 3983 3116 4041 accusarent,
3153 3983 3211 4028 et
3243 3975 3331 4032 ille
3365 3978 3531 4032 ratio-

1946 4059 2111 4115 nabili
2156 4059 2473 4117 defensione
2498 4062 2709 4118 obiecta
2746 4064 2850 4120 sibi
2874 4064 3117 4120 refellere
3156 4080 3261 4121 non
3302 4067 3531 4135 valeret,

1947 4151 2110 4208 exilio
2133 4154 2521 4211 condenmatus
2541 4163 2646 4222 est,
2682 4164 2735 4211 et
2757 4170 2984 4227 regnum
3010 4156 3309 4229 Ceadrago,
3334 4159 3533 4216 Thras-

1948 4245 2100 4300 conis
2141 4244 2274 4313 lilio,
2304 4246 2508 4304 datum.
2561 4248 2733 4305 Simili
2777 4251 2938 4305 modo
2966 4258 3021 4306 et
3065 4251 3247 4323 Lupus
3272 4254 3534 4323 Ccntulli,

1955 4337 2174 4406 Wasco,
2204 4341 2441 4410 quicum
2472 4342 2798 4415 Berengario
2836 4343 3063 4399 Tolosae
3095 4354 3151 4399 et
3178 4345 3401 4401 Wariuo
3424 4346 3530 4400 Ar-

276 4426 535 4478 sententia
559 4429 961 4496 condemnatos,
992 4430 1283 4489 luminibus
1316 4442 1524 4491 tantum
1567 4438 1723 4495 iussit
1750 4457 1843 4497 or-

1952 4429 2103 4484 verni
2123 4432 2319 4487 comite
2342 4431 2532 4488 eodem
2570 4450 2711 4490 anno
2736 4434 2939 4505 proelio
2971 4432 3211 4489 conﬂixit
3237 4465 3309 4474 —
3337 4436 3391 4489 in
3421 4451 3559 4505 quo—

279 4508 405 4578 bari,
436 4515 721 4587 episcopos
755 4521 1000 4590 synodali
1028 4522 1249 4579 decreto
1275 4525 1547 4598 depositos
1571 4542 1848 4587 monaste-

280 4601 368 4658 riis
390 4609 710 4681 mancipari,
749 4622 1015 4681 caeteros,
1066 4624 1226 4685 prout
1266 4618 1495 4689 quisque
1537 4621 1623 4676 vel
1647 4638 1847 4680 nocen-

1952 4532 2007 4578 et
2045 4521 2267 4577 fratrum
2293 4522 2634 4579 Garsandum
2665 4526 2707 4556 ³¹
2742 4524 3030 4597 smgularis
3055 4526 3324 4581 amentiae
3351 4526 3534 4582 homiq

1952 4628 2077 4669 nem
2135 4614 2317 4669 amisit
2342 4614 2408 4687 “,
2440 4622 2496 4670 et
2529 4615 2664 4685 ipse,
2714 4615 2819 4670 nisi
2864 4615 2966 4672 sibi
2998 4614 3253 4689 fugiendo
3282 4617 3532 4674 consule-

1482 4804 1878 4867 VARIANTES
1908 4813 2307 4875 LECTIONES.

348 4883 363 4914 ¹
382 4887 656 4943 exercitus
682 4896 832 4946 trans
854 4891 1018 4946 albim
1048 4892 1101 4948 9.

284 4950 473 5009 feldum
496 4957 541 5010 Β
649 4961 969 5016 esesl'cldutu
1003 4963 1046 5015 B
1072 4965 1124 5018 6.

284 5023 303 5052 ‘
336 5039 486 5095 cong.
519 5044 643 5083 cum
685 5045 893 5086 summa
919 5034 973 5086 9.

283 5107 463 5174 omnes
484 5098 692 5174 amicos
733 5100 786 5174 9.
897 5103 938 5133 ιο
966 5098 1309 5174 reginﬁartus
1330 5107 1382 5161 9.

284 5315 408 5359 non.
437 5314 546 5360 oct.
577 5310 742 5364 codex
763 5312 980 5366 Arnum.

1191 4895 1211 4925 ‘
1230 4892 1481 4973 eselsfeld
1510 4896 1580 4951 2?
1610 4900 1841 4973 esscfeld
1863 4905 1917 4959 5.
1949 4907 2163 4963 esesllet
2187 4909 2240 4963 4.
2266 4910 2465 4969 escfeld
2487 4910 2539 4966 6.
2579 4911 2885 4970 eselfcldem
2907 4914 2961 4969 7.
2990 4911 3247 4970 essesfeld
3270 4913 3325 4970 9.
3348 4929 3531 4973 esses-

1229 4965 1639 5043 f__glu0inicus_to
1667 4971 1718 5024 l.
1747 4973 1997 5043 gluomus
2028 4979 2079 5031 7.

1071 5036 1090 5109 Τ
1124 5036 1450 5109 gavilloneut
1485 5037 1530 5091 Β
1554 5039 1609 5093 5.
1638 5036 1954 5100 caviilonem
1976 5050 2030 5101 5.
2055 5047 2102 5100 Β
2130 5048 2181 5103 6.
2224 5036 2754 5109 είιυίιιοιιὰὶίῖῖῖίθ.

1497 5110 1536 5140 ¹¹
1563 5112 1926 5171 cubicularius
1952 5118 2005 5173 9.

288 5161 330 5250 ξξ
357 5174 477 5250 suo}
517 5180 572 5223 et
597 5161 1153 5250 bernltartumre‘gem
1177 5180 1230 5231 9.
1272 5246 1284 5250 Δ
1309 5178 1354 5208 ³⁵
1379 5178 1545 5235 exilio

287 5230 330 5263 “
352 5235 614 5323 andecaos
715 5243 1005 5323 andccavis
1182 5230 1561 5323 andego'vis—ti.
1579 5230 1968 5323 Zhab'gziibs'i.
1997 5259 2049 5314 9.

1057 5315 1104 5397 ξ⁸
1129 5315 1515 5397 rothoniagmn‘
1531 5320 1599 5397 '7._
1614 5315 1953 5397 rotoinagum
1977 5331 2030 5383 9.

286 5377 547 5459 {torum}.
585 5382 669 5459 “’7
702 5381 1101 5459 lud_evviei_4.AS.
1133 5377 1410 5459 liudewiliv
1416 5389 1462 5442 Β
1484 5390 1536 5445 5.
1584 5377 2514 5459 ludoivitiufir'li'udcwiciuiéi
2546 5377 2923 5459 “(calolaiiiii

287 5445 357 5499 sis
384 5444 426 5497 Β
456 5444 511 5501 5.
584 5450 628 5482 ³⁸
650 5454 917 5508 conabant
938 5451 982 5507 Β
1012 5452 1066 5510 6.
1142 5456 1191 5488 ἰ
1213 5444 1705 5526 garuhanduntv9iv
1724 5444 2607 5537 w‘riit-iin‘incm

2180 4980 2603 5039 ‘nordmannlci
2650 4983 2705 5038 2.
2801 4985 2823 5015 ⁸
2861 4985 3076 5040 clausas
3135 4986 3189 5040 3.
3239 4984 3296 5039 4.
3348 4986 3401 5041 5.
3468 4988 3529 5043 6.

2872 5055 2893 5086 ⁸
2921 5055 3147 5126 egiddeo
3169 5053 3224 5126 ξ’).
3294 5125 3297 5126 ν
3328 5054 3349 5086 ⁹
3379 5057 3535 5112 Inter

2111 5120 2152 5149 “
2179 5121 2537 5192 reginhardus
2565 5124 2885 5196 meginharii
2918 5120 2981 5179 ΙΙ
3074 5123 3116 5155 ⁸³
3144 5123 3445 5182 tlicodolfus
3467 5128 3531 5182 5.

2026 5189 2069 5219 “
2098 5204 2429 5249 marmamus
2449 5193 2494 5247 Β
2518 5194 2572 5247 ti.
2675 5196 2715 5226 ¹⁷
2741 5196 2919 5251 bretto
2943 5193 2995 5247 4.
3100 5193 3142 5224 “
3169 5193 3372 5251 faceret
3398 5197 3442 5251 Β
3467 5213 3529 5251 ε.

2098 5204 2429 5249 marmamus
2449 5193 2494 5247 Β
2518 5194 2572 5247 ti.
2660 5193 2715 5226 "'
2741 5196 2919 5253 bretto
2943 5193 2995 5247 4.
3100 5193 3142 5224 “
3169 5193 3372 5251 faceret
3398 5197 3442 5251 Β
3467 5213 3529 5321 g.

2113 5260 2173 5335 Af“
2201 5261 2560 5335 irmengardis
2579 5262 2641 5335 2.
2713 5265 2756 5295 ²¹
2776 5265 2921 5335 regia
2944 5262 3140 5335 coniux
3163 5261 3214 5317 4.
3232 5263 3285 5318 6.
3363 5267 3408 5298 "
3435 5268 3471 5322 \'
3507 5304 3528 5322 .

2110 5330 2514 5389 “cameracum
2539 5335 2588 5388 1.
2613 5334 2668 5389 5.
2744 5334 2791 5366 "
2817 5330 3047 5391 c'umaue
3079 5333 3130 5388 1.
3206 5335 3252 5366 ’⁸
3282 5336 3529 5391 timacia-

3021 5402 3075 5458 5.
3151 5402 3198 5436 ”
3229 5405 3526 5463 foroiulen-

1782 5576 1987 5637 NOTA'.‘
1998 5623 2011 5635 .

356 5664 382 5693 ι
420 5652 633 5718 l'uuncs.

3556 4736 3564 4809 ἓ
