3986 6174
447 263 550 320 437

1709 247 2081 307 EGINIIARDI
2117 248 2289 302 ABBA
2298 247 2403 304 TIS

3611 239 3726 293 4δὸ

448 389 534 436 ret
579 380 621 445 ¹,
656 391 824 448 prope
875 372 1151 430 interitum
1183 371 1286 428 fuit
1312 400 1382 411 —-
1420 384 1544 426 cum
1590 369 1645 424 in
1682 375 2030 438 conspectum
2059 366 2109 425 Α
2135 375 2204 414 nu
2233 373 2376 414 nunc
2399 372 2430 413 a
2455 365 2622 426 tergo,
2648 368 2791 409 nunc
2813 368 2842 407 a
2865 353 3036 408 latere
3063 351 3107 382 η
3131 348 3403 415 insistens,
3431 349 3728 409 Liudewiti

449 469 795 541 imperatoris
816 466 1071 528 venisset,
1097 477 1161 516 ac
1189 463 1255 517 de
1276 460 1526 530 perﬁdia,
1549 459 1702 514 cuius
1722 473 1750 512 a
1765 469 2034 511 memora-

449 560 522 616 tis
577 558 866 614 comitibus
941 555 1159 607 inmane
1207 554 1227 584 ²
1274 551 1652 614 accusabatur,
1697 565 1755 604 se
1803 559 2035 618 purgare

446 667 556 705 non
592 648 875 718 potuisset,
908 653 963 698 et
989 644 1104 714 ipse
1134 643 1422 712 temporali
1470 648 1555 696 est
1596 639 1759 694 exilio
1783 639 2036 708 deporta-

449 750 536 794 tus
573 739 612 792 ³.
670 737 981 792 Conventus
1009 733 1335 804 Aquisgrani
1366 731 1388 764 δ
1431 739 1553 802 post
1582 729 1817 784 natalem
1854 725 2037 781 Domi-

449 836 502 888 ni
528 833 768 897 habitus,
801 831 854 885 in
879 845 984 900 quo
1011 829 1179 882 multa
1200 827 1267 881 de
1294 834 1436 881 statu
1462 823 1816 880 ecclesiarum
1844 828 1898 876 et
1921 834 2038 874 mo-

448 925 816 980 nasteriorum
849 928 1078 975 tractata
1108 928 1268 988 atque
1296 917 1547 972 ordinata
1602 923 1750 980 sunt,
1779 913 1990 984 legibus
2016 912 2037 942 "

449 1015 617 1070 etiam
666 1011 896 1082 capitula
933 1010 1199 1080 quaedam
1228 1006 1636 1078 pernecessaria
1680 1004 1720 1070 ⁸,
1744 1004 1881 1073 'quia
1916 1003 2039 1057 dee—

449 1114 595 1170 rant,
645 1103 948 1172 cunscripta
989 1109 1151 1170 atque
1200 1099 1383 1154 addita
1431 1105 1577 1152 sunt.
1625 1095 1743 1162 Quo
1793 1101 2034 1164 peracto,

450 1196 764 1264 imperator,
824 1191 1082 1261 inspectis
1139 1189 1414 1260 plerisque
1473 1185 1736 1241 nobilium
1803 1183 2036 1246 ﬁliabus,

451 1284 683 1354 Iluelpi"
713 1282 929 1337 comitis
975 1280 1162 1344 ﬁliam,
1195 1279 1412 1334 nomine
1464 1277 1663 1341 Iudith,
1698 1274 1855 1329 duxit
1905 1289 2041 1329 uxo-

453 1390 586 1429 rem.
625 1373 934 1442 Iterumque
969 1376 1266 1424 conventus
1295 1381 1483 1421 mense
1534 1365 1666 1419 Iulio
1719 1363 1859 1433 apud
1905 1363 2044 1433 lngi-

453 1463 739 1518 lunheim“
791 1461 1053 1532 palatium
1115 1457 1352 1522 habitus,
1400 1463 1455 1510 et
1500 1456 1772 1509 exercitus
1797 1454 1863 1507 de
1891 1452 2043 1506 Italia

457 1556 510 1610 iu
536 1554 868 1610 Pannoniam
891 1559 1113 1621 propter
1137 1549 1422 1604 Liudewiti
1450 1548 1796 1603 rebellionem
1820 1547 2040 1613 missus,

455 1644 546 1713 qui
580 1644 740 1696 rebus
768 1655 957 1710 parum
978 1653 1237 1709 prospere
1270 1638 1457 1708 gestis,
1489 1635 1687 1692 infecto
1716 1652 1853 1706 pene
1879 1652 2043 1708 uego-

2135 453 2318 522 copias
2353 450 2394 482 ¹⁹
2419 457 2473 504 et
2511 455 2672 503 noctu
2710 458 2765 501 et
2795 445 3024 500 interdiu
3067 459 3408 514 quacumque
3435 444 3480 475 '°
3506 455 3732 514 poterat

2134 542 2416 607 laceravit,
2444 553 2618 609 neque
2644 553 2766 592 eum
2791 537 2844 590 in
2867 551 2961 591 sua
2984 535 3264 605 provincia
3290 536 3488 605 inpune
3517 537 3731 591 versari

2134 633 2417 702 permisit;
2466 630 2535 685 ad
2565 639 2869 684 extremum
2897 626 3048 697 gravi
3101 625 3302 681 damno
3332 625 3609 682 adfectum
3643 643 3733 683 rc—

2136 722 2297 793 gione
2340 736 2438 777 sua
2466 720 2643 791 coegit
2673 719 2719 751 ³¹
2748 717 3033 783 excedere,
3073 716 3248 771 tribus
3273 717 3550 772 hominum
3587 719 3735 772 mili-

2135 818 2237 873 bus
2276 817 2342 872 de
2366 816 2609 872 exercitu
2636 814 2783 869 illius
2809 810 3126 877 interfectis,
3172 819 3228 864 et
3263 809 3525 867 trecentis
3551 811 3642 866 vel
3668 827 3736 868 co

2138 909 2370 979 amplius
2415 906 2638 962 caballis
2688 899 2882 973 captis,
2938 911 3158 974 praeter
3193 901 3438 957 sarcinas
3467 910 3522 956 et
3558 903 3737 973 spolia

2139 999 2337 1054 diversi
2368 997 2583 1068 generis
2605 995 2844 1065 direpta;
2892 1008 3032 1062 quae
3061 992 3294 1062 qualiter
3323 1000 3474 1063 gesta
3499 992 3733 1056 fuerint,

2138 1103 2236 1158 per
2257 1089 2463 1159 legatos
2507 1101 2633 1141 suos
2662 1083 2979 1154 imperatori
3011 1082 3262 1138 nuntiare
3297 1084 3526 1137 curavit.
3561 1085 3634 1137 At
3679 1085 3733 1138 in

2139 1180 2388 1250 partibus
2413 1177 2652 1234 occiduis
2684 1176 2965 1246 Pippinus,
2996 1176 3339 1244 imperatoris
3378 1172 3544 1240 ﬁlius,
3577 1174 3733 1231 iussu

2139 1268 2311 1338 patris
2340 1266 2688 1322 Wasconiam
2725 1281 2849 1320 cum
2877 1265 3120 1320 exercitu
3162 1265 3458 1334 ingressus,
3500 1264 3734 1321 sublatis

2141 1377 2208 1416 ex
2234 1376 2296 1416 ea
2319 1360 2609 1424 seditiosis,
2629 1367 2797 1414 totam
2821 1374 2940 1413 eam
2955 1357 3288 1428 provinciam
3314 1359 3387 1412 ita
3410 1360 3634 1428 pacavit
3662 1361 3733 1427 “,

2141 1463 2202 1509 ut
2227 1452 2405 1508 nullus
2457 1453 2509 1508 in
2545 1467 2609 1507 ea
2641 1451 2858 1508 rebellis
2892 1459 2986 1505 aut
3017 1451 3369 1507 inoboediens
3395 1453 3737 1507 remansisse

2141 1547 2437 1602 videretur.
2477 1545 2764 1600 Harioldus
2813 1560 3029 1615 quoque
3058 1545 3206 1600 iussu
3264 1545 3612 1616 imperatoris
3663 1547 3736 1601 ad

2147 1651 2315 1693 naves
2361 1653 2487 1692 suas
2546 1653 2646 1707 per
2690 1635 2981 1692 Abodritos
3033 1636 3310 1703 reductus,
3361 1638 3416 1691 in
3471 1639 3734 1708 patriam,

456 1736 532 1790 tio
565 1748 842 1806 regressus
873 1740 976 1787 est.
1050 1731 1117 1785 Et
1137 1729 1466 1784 Liudewitus
1493 1728 1513 1758 ’
1563 1729 1816 1798 superbia
1848 1728 2044 1793 elatus,
2074 1727 2120 1786 B
2148 1728 2305 1798 quasi
2331 1743 2558 1799 regnum
2585 1727 2658 1782 ibi
2685 1735 3024 1797 accepturus,
3078 1727 3371 1799 navigavit,
3420 1730 3508 1783 cui
3543 1744 3602 1784 se
3627 1730 3738 1784 duo

454 1821 662 1898 legatos
692 1825 844 1894 quasi
873 1837 1062 1894 pacem
1093 1822 1324 1892 petendo
1353 1821 1418 1876 ad
1448 1821 1828 1891 imperatorem
1876 1819 2041 1883 misit,

451 1918 799 1973 conditiones
822 1916 1083 1986 quasdam
1111 1929 1421 1984 pr0ponens
1440 1954 1454 1978 ,
1485 1913 1551 1967 ad
1575 1913 1615 1943 '°
1641 1929 1870 1981 quarum
1918 1927 2048 1966 eon-

456 2008 762 2063 cessionem
789 2021 851 2060 ea
874 2019 1013 2074 quae
1036 2004 1354 2057 iuberentur
1379 2018 1437 2058 se
1469 2004 1737 2056 facturum
1760 2003 2048 2072 polliceba-

459 2105 564 2153 t’ur.
619 2098 766 2164 Quas
800 2111 923 2150 cum
950 2094 1246 2162 imperator
1267 2109 1374 2148 non
1399 2093 1688 2161 reciperet,
1728 2091 1972 2161 aliasque
1994 2091 2044 2145 ei

462 2205 560 2259 per
576 2204 702 2242 suos
725 2186 930 2256 legatos
955 2191 1303 2254 proponeret,
1317 2182 1739 2253 permanendum
1757 2181 1857 2236 sibi
1884 2184 1936 2235 in
1965 2182 2047 2234 iu-

457 2281 657 2335 choata
685 2278 910 2349 perﬁdia
940 2279 1089 2332 velut
1117 2276 1380 2346 Optimum
1430 2274 1694 2339 iudicans,
1728 2273 1908 2328 missis
1941 2273 2046 2327 cir-

455 2382 800 2437 cumquaque
847 2365 1062 2437 legatis,
1115 2366 1322 2419 vicinas
1363 2364 1512 2418 iuxta
1563 2364 1603 2394 “
1638 2377 1697 2418 se
1745 2371 1933 2434 gentes
1978 2362 2045 2417 ad

459 2459 661 2518 bellum
713 2461 1004 2516 sollicitare
1050 2459 1280 2514 curavit.
1345 2457 1784 2512 Timocianorum
1828 2469 2046 2525 quoque

463 2550 742 2623 populum,
775 2553 867 2624 qui
911 2552 1132 2606 dimissa
1173 2551 1528 2620 Bulgarorum
1559 2550 1816 2605 societate
1853 2550 1919 2604 ad
1948 2550 2045 2603 im-

461 2653 766 2716 peratorem
790 2644 977 2699 venire
1024 2658 1090 2697 ac
1119 2642 1317 2696 dicioni
1344 2641 1462 2696 eius
1491 2656 1549 2696 se
1577 2641 1897 2710 permittere
1925 2653 2056 2710 ges-

463 2737 652 2800 tiebat,
683 2752 752 2790 ne
771 2737 874 2791 hoc
905 2734 1138 2790 efficeret
1169 2735 1234 2798 “,
1260 2733 1335 2786 ita
1359 2733 1646 2802 intercepit
1665 2749 1728 2788 ac
1752 2731 1901 2787 falsis
1926 2747 2052 2802 per-

466 2827 812 2883 suasionibus
846 2826 1054 2888 inlexit,
1104 2833 1198 2889 ut,
1231 2824 1437 2878 omisso
1466 2824 1606 2892 quod
1632 2822 1811 2877 facere
1849 2822 2061 2892 cogita-

465 2919 578 2984 bat,
613 2918 869 2989 perﬁdiae
891 2917 1034 2971 illius
1059 2916 1237 2970 socius
1267 2922 1318 2968 et
1348 2914 1559 2968 adiutor
1578 2913 1854 2968 existeret.
1886 2912 2050 2966 Exer-

467 3011 574 3066 citu
602 3025 729 3064 vero
751 3010 814 3064 de
837 3005 1112 3062 Pannonia
1139 3020 1384 3071 reverso,
1413 3003 1670 3069 Cadolah,
1699 3005 1806 3059 dux
1821 3003 2046 3060 Foroiu-

466 3100 673 3164 liensis,
704 3098 852 3153 febre
890 3105 1173 3166 correptus
1206 3098 1259 3150 in
1289 3096 1406 3166 ipsa
1448 3109 1632 3148 marca
1659 3093 1906 3148 decessit.
1947 3091 2044 3148 Cui
2071 3071 2116 3134 (ἶ

468 3206 592 3244 cum
616 3189 890 3243 Baldricus
915 3195 1058 3241 esset
1079 3182 1423 3255 subrogatus,
1450 3191 1504 3239 et
1533 3184 1587 3237 in
1615 3181 2046 3238 Carautanorum

471 3277 768 3346 regionem,
802 3290 939 3343 quae
983 3275 1048 3328 ad
1085 3273 1252 3342 ipsius
1285 3289 1471 3328 curam
1508 3273 1832 3342 pertinebat,
1857 3272 2049 3327 fuisset

471 3370 766 3439 ingressus,
818 3366 1034 3420 obvium
1063 3365 1136 3419 ibi
1174 3365 1362 3419 habuit
1406 3365 1690 3420 Liudewiti
1724 3366 2048 3432 exercitum,

471 3471 631 3527 quem
688 3457 835 3510 iuxta
873 3455 1108 3508 Dravum
1141 3468 1165 3494 δ
1200 3453 1417 3508 fluvium
1441 3454 1546 3509 iter
1585 3465 1832 3527 agentem
1881 3473 2049 3531 parva

473 3563 635 3603 manu
682 3546 984 3617 adgressus,
1015 3544 1259 3614 pluribus
1291 3543 1610 3612 interfectis,
1663 3554 1716 3600 et
1751 3548 1965 3613 avertit,
1999 3557 2056 3604 et

472 3639 538 3692 de
567 3637 653 3691 illa
696 3635 972 3712 provincia
1016 3634 1241 3706 fugavit.
1287 3633 1465 3689 Borna
1491 3651 1641 3700 vero,
1678 3637 1785 3693 dux
1836 3635 2054 3692 Dalma-

472 3729 608 3793 ciae,
625 3729 690 3780 cii
717 3744 745 3778 u
777 3726 985 3801 magnis
1006 3726 1175 3794 copiis
1196 3726 1263 3780 ad
1283 3724 1562 3795 Colapium
1585 3727 1626 3758 ¹³
1643 3728 1669 3767 b
1685 3725 1904 3782 fluvium
1924 3729 2053 3784 Liu-

473 3819 672 3873 dewito
703 3819 769 3872 ad
806 3834 864 3872 se
894 3817 1130 3872 venienti
1176 3832 1488 3885 occurrens,
1520 3819 1573 3874 in
1601 3821 1774 3888 prima
1805 3835 2058 3892 congres-

473 3910 624 3964 sione
650 3925 678 3962 a
710 3907 1049 3962 Guduscauis
1080 3907 1376 3972 deseritur;
1410 3909 1610 3963 auxilio
1635 3918 1812 3964 tamen
1842 3918 2057 3981 praeto-

474 4001 750 4053 rianorum
798 4013 1018 4052 suorum
1075 4005 1374 4069 protectus,
1436 3999 1627 4052 evasit.
1673 3998 1843 4053 Periit
1891 4000 1946 4054 in
1991 4015 2056 4055 eo

473 4089 676 4166 proelio
718 4087 1076 4156 Dragamosus
1107 4087 1148 4117 υ
1177 4102 1332 4143 socer
1362 4089 1668 4156 Liudewiti,
1698 4092 1788 4160 qui
1816 4092 1868 4146 in
1893 4108 2055 4148 exor-

472 4180 565 4234 dio
594 4177 932 4242 defectionis,
964 4178 1152 4232 relicto
1180 4195 1402 4249 genero,
1439 4180 1650 4236 Bornae
1675 4199 1735 4238 se
1761 4186 2056 4242 coniunxe-

476 4277 581 4321 rat.
607 4267 916 4322 Guduscani
945 4268 1162 4321 domum
1200 4271 1449 4340 regressi,
1489 4272 1686 4326 iterum
1725 4289 1756 4327 a
1803 4273 1981 4331 Borna
2010 4278 2054 4308 “’

472 4360 813 4430 subiguntur.
847 4357 918 4413 At
956 4358 1290 4416 Liudewitus
1344 4362 1386 4392 ¹⁶
1431 4364 1772 4418 occasionem
1798 4376 2048 4434 nanctus,

2145 1835 2212 1874 ex
2245 1820 2372 1875 ﬁliis
2402 1818 2702 1884 Godofridi,
2739 1819 2895 1889 quasi
2932 1836 3039 1873 una
3078 1827 3201 1875 dim
3225 1835 3289 1875 eo
3318 1835 3543 1890 regnum
3571 1823 3736 1876 habi-

2147 1911 2276 1973 turi,
2309 1912 2546 1966 sociasse
2584 1910 2857 1976 dicuntur,
2883 1909 3007 1965 aliis
3036 1910 3248 1966 duobus
3267 1913 3444 1981 patria
3466 1912 3734 1982 expulsis.

2147 2001 2253 2057 Sed
2295 2003 2400 2056 hoc
2430 2002 2552 2056 dolo
2599 2001 2799 2055 factum
2822 2009 3062 2071 putatur.
3111 2001 3425 2071 Imperator,
3461 2011 3740 2058 conventu

2147 2094 2396 2157 dimisso,
2428 2094 2606 2163 primo
2633 2091 3012 2147 Cruciniacum
3041 2091 3086 2122 ²³
3125 2104 3170 2155 θ,
3200 2092 3394 2147 deinde
3431 2093 3684 2164 Bingiam
3709 2093 3738 2133 ά

2145 2185 2385 2248 veniens,
2421 2183 2655 2237 secunda
2681 2198 2816 2252 aqua
2845 2180 3214 2237 Conﬁuentem
3241 2199 3411 2252 usque
3441 2199 3538 2253 per
3587 2185 3743 2240 Illic-

2147 2290 2275 2328 num
2329 2273 2625 2343 navigavit,
2686 2271 2813 2327 inde
2866 2272 3215 2327 Arduennam
3273 2274 3504 2328 venandi
3555 2276 3740 2346 gratia

2144 2361 2537 2434 proﬁciscitur;
2584 2362 2864 2417 venatorio
2913 2377 3125 2431 quoquc
3159 2363 3421 2418 exercitio
3453 2380 3605 2418 more
3635 2381 3738 2419 so-

2145 2455 2308 2510 lemni
2335 2455 2533 2510 ibidem
2554 2461 2770 2520 exacto,
2797 2453 3138 2525 Aquasgrani
3173 2453 3240 2508 ad
3263 2455 3612 2510 hiemandum
3639 2469 3740 2512 re-

2145 2550 2396 2604 vertitur.

2781 2637 3075 2694 DCCCXX.

2218 2730 2399 2786 Mense
2435 2730 2683 2784 Ianuario
2719 2738 3018 2786 conventus
3061 2729 3257 2785 ibidem
3293 2729 3514 2784 habitus
3566 2728 3634 2795 ",
3679 2730 3733 2785 in

2146 2837 2255 2894 quo
2278 2823 2345 2877 de
2369 2822 2656 2877 Liudcwiti
2685 2821 2987 2877 defectione
3018 2822 3373 2877 deliberatum
3399 2829 3504 2887 est,
3534 2828 3595 2875 ut
3623 2831 3734 2876 tres

2147 2915 2422 2971 exercitus
2469 2912 2629 2967 simul
2669 2927 2736 2968 ex
2768 2913 2940 2967 tribus
2967 2913 3210 2983 partibus
3249 2913 3316 2967 ad
3344 2912 3732 2966 devastandam

2147 3007 2264 3061 eius
2309 3005 2582 3076 regionem
2621 3013 2783 3074 atque
2829 3003 2997 3073 ipsius
3044 3003 3323 3058 audaciam
3376 3003 3733 3058 coercendam

2149 3100 2514 3153 mitterentur.
2539 3097 2717 3150 Borna
2734 3110 2946 3164 quoque
2966 3095 3145 3164 primo
3166 3111 3262 3166 per
3288 3094 3514 3165 legatos,
3542 3095 3735 3150 deinde

2150 3189 2264 3260 ipse
2304 3189 2552 3255 veniens,
2593 3188 2724 3259 quid
2753 3188 2855 3243 sibi
2885 3187 3028 3242 facto
3080 3203 3216 3257 opus
3259 3203 3379 3242 esse
3433 3188 3732 3248 videretur,

2149 3281 2433 3353 suggessit.
2460 3279 2517 3334 In
2541 3295 2606 3335 eo
2635 3289 2902 3334 conventu
2925 3279 3086 3344 Bera,
3104 3295 3288 3334 comes
3316 3279 3737 3343 Barciuonae",

2151 3373 2242 3443 qui
2295 3373 2402 3426 iam
2434 3372 2526 3426 diu
2553 3371 2756 3427 fraudis
2783 3380 2837 3426 et
2883 3370 3215 3425 inﬁdelitatis
3254 3370 3299 3401 “
3331 3386 3360 3424 a
3393 3371 3585 3426 vicinis
3623 3373 3746 3429 suis

2154 3460 2568 3518 insimulabatur
2588 3463 2655 3528 "’,
2683 3477 2804 3518 cum
2824 3469 3141 3516 accusatore
3171 3477 3268 3517 suo
3289 3463 3528 3532 equestri
3557 3479 3748 3533 pugna

2154 3555 2442 3628 conﬂigere
2471 3565 2715 3622 conatus,
2746 3556 3002 3611 vincitur.
3030 3554 3272 3628 Cumque
3300 3565 3358 3610 ut
3380 3571 3507 3611 reus
3535 3557 3748 3612 maies—

2157 3648 2286 3702 tatis
2317 3647 2534 3717 capitali
2587 3647 2853 3701 sententia
2892 3646 3262 3711 damnaretur,
3302 3661 3520 3716 parsum
3568 3654 3657 3701 est
3693 3649 3746 3703 ei

2157 3737 2528 3792 misericordia
2560 3735 2922 3807 imperatoris,
2962 3744 3016 3790 et
3052 3736 3410 3807 Ratumagum
3445 3737 3612 3791 exilio
3647 3738 3750 3792 de—

2157 3835 2402 3897 portatus
2444 3828 2488 3858 "
2526 3835 2626 3882 est.
2657 3826 2952 3882 Transacta
2979 3825 3180 3892 hieme,
3217 3835 3277 3880 ut
3302 3827 3538 3896 primum
3570 3828 3747 3883 herba

2159 3919 2414 3990 pabulum
2443 3918 2696 3974 iumentis
2721 3917 2984 3989 praebere
3009 3919 3205 3988 potuit,
3232 3927 3340 3974 tres
3367 3919 3442 3973 illi
3467 3921 3750 3976 exercitus

2159 4019 2348 4066 contra
2388 4012 2744 4066 Liudewitum
2773 4011 3078 4066 mittuntur.
3108 4010 3346 4078 Quorum
3372 4027 3511 4066 unus
3540 4012 3608 4066 de
3633 4011 3746 4066 Ita-

2156 4104 2228 4158 lia
2263 4120 2362 4174 per
2387 4104 2550 4176 Alpes
2576 4104 2818 4170 Noricas,
2848 4102 2985 4158 alter
3009 4118 3106 4173 per
3150 4102 3585 4159 Carantanorum
3613 4120 3748 4174 pro-

2155 4194 2412 4259 vinciam,
2466 4193 2669 4249 tercius
2699 4209 2795 4267 per
2845 4193 3148 4250 Baioariam
3191 4200 3244 4247 et
3274 4193 3614 4250 Pannoniam
3653 4209 3750 4251 su-

2155 4285 2424 4352 periorem
2456 4285 2678 4340 intravit
2711 4301 2722 4336 :
2759 4292 2813 4338 et
2841 4284 2948 4340 duo
2989 4285 3230 4353 quidem,
3256 4284 3308 4337 id
3337 4291 3423 4338 est
3459 4284 3653 4338 dexter
3680 4300 3747 4341 ac

2159 4374 2401 4440 sinister,
2429 4375 2636 4429 tardius
2662 4375 2888 4444 ingressi
2917 4382 3062 4439 sunt,
3095 4389 3158 4428 eo
3183 4375 3326 4444 quod
3355 4391 3495 4430 unus
3521 4375 3745 4446 Alpium

474 4465 596 4505 cum
627 4449 801 4504 valida
833 4467 995 4505 manu
1045 4450 1360 4508 Decembrio
1411 4471 1596 4511 mense
1625 4457 1944 4514 Dalmatiam
1976 4462 2056 4517 in-
2082 4434 2134 4491 D
2164 4465 2410 4530 transitu,
2467 4463 2701 4519 hostium
2750 4480 2910 4519 manu
2965 4465 3272 4530 resistente,
3325 4465 3743 4534 prohibebatur,

475 4559 714 4614 gressus,
737 4542 880 4598 ferro
909 4553 963 4599 et
989 4544 1096 4614 igni
1127 4543 1370 4601 devastat
1403 4546 1536 4619 [igni
1560 4558 1753 4605 cuncta
1783 4552 1916 4606 d.A.
1943 4553 2051 4626 L.].

473 4635 570 4691 Cui
600 4653 722 4691 cum
748 4636 924 4690 Borna
955 4650 1012 4691 se
1057 4636 1303 4706 paenitus
1329 4638 1592 4708 imparem
1625 4641 1665 4672 "
1695 4641 2051 4713 conspiceret,

472 4727 655 4782 omnia
687 4743 783 4783 sua
809 4728 1044 4783 castellis
1071 4727 1305 4794 inclusit,
1337 4737 1391 4783 et
1432 4731 1546 4800 ipse
1567 4746 1688 4786 cum
1713 4732 1918 4787 delecta
1941 4751 2054 4790 ma-

2159 4555 2296 4610 altcr
2322 4565 2377 4609 et
2416 4555 2746 4626 longitudine
2772 4556 2984 4612 itineris
3025 4564 3082 4611 et
3110 4556 3288 4611 Dravo
3326 4556 3548 4613 ﬂumine
3595 4560 3746 4630 quod

2160 4647 2512 4702 traiciendum
2559 4656 2679 4702 erat
2717 4648 3123 4718 inpediebatur;
3157 4649 3365 4705 medius
3413 4660 3620 4716 autem,
3651 4652 3744 4722 qui

2156 4755 2252 4809 per
2294 4737 2630 4794 Carantanos
2662 4740 2919 4806 intrabat,
2961 4755 3287 4810 quamquam
3315 4740 3369 4794 in
3407 4743 3582 4798 tribus
3611 4743 3744 4799 lo.is

1694 4915 2083 4976 VARIANTES
2119 4917 2518 4977 LECTIONES.

1126 5029 1146 5059 ²
1184 5027 1399 5083 inmane
1427 5027 1566 5083 deest
1590 5029 1643 5084 9.
1677 5029 1984 5086 immaniter
2012 5032 2066 5086 7.

1194 5099 1204 5110 ο

547 5029 570 5063 ι
597 5027 955 5084 consuluisset
976 5027 1028 5083 9.

2163 5031 2184 5063 ³
2209 5032 2372 5087 exilio
2390 5033 2675 5086 damnatus
2702 5033 2735 5087 9
2785 5101 2796 5103 A
2855 5030 3223 5103 'faquasgrani
3255 5033 3304 5086 1.
3383 5033 3404 5065 ⁸
3428 5033 3664 5103 legimus
3689 5037 3735 5089 1.

476 5101 499 5132 ⁸
520 5101 820 5156 necessaria
846 5101 900 5153 9.
976 5099 997 5130 "
1029 5097 1206 5220 lluelpi
1309 5098 1360 5151 2.
1384 5101 1436 5153 5.
1476 5099 1528 5153 4.
1559 5100 1611 5154 5.
1639 5101 1689 5154 6.
1713 5100 1762 5153 7.
1794 5101 1902 5155 Β5.
1937 5101 1990 5154 6.
2021 5103 2175 5172 welpi
2203 5103 2254 5156 9.
2332 5103 2352 5133 ³
2377 5103 2746 5172 ingilumheim
2775 5101 2829 5155 2.
2858 5097 3579 5174 ingilenlieimlgilenhéim
3608 5106 3660 5160 6.
3687 5111 3737 5160 in

476 5172 824 5222 inrzileuhaim
854 5168 919 5222 Β.
959 5170 1011 5222 5.
1043 5185 1152 5222 tum
1179 5168 1388 5222 hetm.B
1417 5169 1467 5222 6.
1495 5171 1780 5222 inaelheitu
1813 5171 1865 5222 9.
1943 5171 1962 5202 ³
1993 5181 2076 5222 est
2095 5173 2400 5222 liudevvitus
2426 5188 2556 5222 vero
2584 5173 2636 5222 9.
2717 5173 2758 5203 ¹⁰
2785 5188 3112 5222 nrononens.
3141 5189 3368 5222 nuarum
3396 5175 3445 5222 1-
3525 5176 3568 5206 ίι
3595 5177 3735 5222 ἰιηιίι

475 5172 824 5242 iugileuhaim
854 5168 919 5223 Β.
959 5170 1011 5224 5.
1043 5169 1152 5242 iugi

474 5239 700 5296 se'dectt
727 5242 780 5296 9.
860 5242 901 5271 "
945 5242 1050 5295 hoc
1093 5239 1246 5293 ﬁeret
1287 5239 1340 5294 9.
1420 5240 1464 5270 ¹³
1491 5239 1815 5308 colampium
1843 5241 1896 5294 4.
1930 5241 1982 5295 6.

1214 5168 1388 5223 eim.B
1417 5169 1467 5222 6.
1495 5171 1780 5227 iugclheitu
1813 5171 1865 5225 9.
1943 5171 1962 5202 ’
1993 5181 2076 5226 est
2095 5168 2400 5227 li'udevvitus
2426 5168 2556 5226 vero
2584 5173 2636 5226 9.

2063 5243 2104 5274 ³⁵
2133 5245 2485 5312 dramagosus
2512 5243 2564 5296 5.
2593 5242 2625 5295 6
2653 5241 3005 5312 dragOmosus
3031 5245 3082 5297 9.

3525 5176 3568 5206 “
3594 5177 3736 5229 iuxta

3164 5245 3210 5275 ³⁵
3245 5261 3274 5298 a
3314 5245 3486 5298 horna
3517 5246 3658 5300 deest
3686 5247 3733 5298 1.

2717 5173 2758 5203 ¹⁰
2784 5173 3112 5242 prepOnens,
3141 5189 3368 5242 quarum
3396 5175 3445 5228 1.

477 5311 521 5396 ξ⁶
554 5311 598 5364 A
625 5312 930 5396 liudewitus
959 5312 1008 5364 1.
1033 5380 1046 5396 ¹
1087 5309 1507 5396 "vp.niinp_eram
1553 5311 1603 5365 1.
1625 5381 1656 5396 __
1686 5311 1726 5396 '_°
1757 5312 2123 5396 nuncualtare
2145 5314 2195 5366 1.
2278 5309 2594 5396 “'liudewit
2619 5309 2804 5394 copias
2835 5313 2884 5366 1.
2966 5314 3010 5396 ’ξ
3036 5313 3344 5396 ubicunque
3371 5315 3454 5396 9._
3504 5315 3738 5396 '_‘.aﬁ"ec_-

474 5389 561 5433 tus
590 5397 632 5434 r.
661 5398 756 5435 sua
780 5383 922 5450 cepit
947 5397 995 5436 e.
1021 5380 1073 5433 4.
1131 5380 1184 5435 5.
1219 5379 1271 5433 6.
1348 5381 1390 5408 ²¹
1419 5381 1663 5450 paccavit
1685 5381 1732 5434 1.
1765 5381 1817 5435 5.
1896 5382 1942 5412 ’³
1975 5384 2361 5438 cruciauacum
2390 5383 2436 5434 Β
2461 5382 2513 5435 5.
2547 5379 2953 5436 crucianiacum
2979 5382 3030 5437 6.

3182 5383 3229 5414 "
3255 5383 3290 5438 i.
3315 5393 3398 5438 est
3440 5385 3659 5441 habitus
3683 5385 3733 5436 6.

473 5451 520 5482 ⁸³
549 5452 945 5524 bareinoneque
964 5453 1017 5506 4.
1042 5451 1093 5507 5.
1117 5451 1518 5520 barciuoneque
1541 5451 1593 5506 6.
1669 5452 1714 5483 "
1739 5451 2070 5508 infelicitatis
2095 5453 2141 5506 Β
2173 5453 2228 5507 5.
2307 5453 2348 5484 ’⁷
2388 5452 2746 5508 simulabatur
2769 5452 2821 5505 4.
2853 5452 2906 5507 5.
2939 5452 2990 5506 6.
3070 5453 3114 5486 ’⁸
3135 5453 3300 5510 exilio
3321 5457 3660 5525 proscriptus
3683 5455 3735 5512 9.

866 5547 869 5549 ·
1981 5544 2212 5613 mor/r3.

549 5639 571 5666 ³
607 5628 699 5682 Die
732 5629 929 5695 Dravc,
961 5631 1126 5688 Drau.

549 5697 576 5737 ιο
609 5698 703 5753 Die
738 5699 924 5770 Culpa.

2242 5642 2265 5671 ε
2288 5630 2607 5691 Creuznarh.

2241 5701 2265 5742 δ
2278 5702 2496 5768 Bingen.
