3986 6174
321 318 422 373 489

1781 297 2112 356 ANNALES.

3469 291 3497 342 ιὶ
3507 291 3572 338 €10

319 446 367 481 ei
410 425 775 480 resisteretur.
828 418 1068 473 feliciore
1099 432 1226 471 usus
1268 418 1502 478 fortuna,
1531 423 1614 468 ter
1639 415 1796 467 hoste
1819 428 1904 465 su-
1933 421 1979 476 Α
2009 409 2187 461 fiebat.
2227 406 2281 459 In
2325 406 2646 474 quibusdam
2674 421 2802 461 vero
2852 406 2981 461 locis
3011 409 3074 460 dc
3101 404 3448 459 inundatione
3481 404 3578 457 fin-

321 526 530 590 perato,
585 515 761 567 Dravo
792 511 958 566 etiam
988 509 1328 570 transmisso,
1359 508 1586 562 celerius
1618 507 1684 558 ad
1739 505 1901 558 desti-

323 618 449 664 nata
503 607 616 662 loca
663 604 933 674 pervenit.
965 602 1165 656 Contra
1206 601 1339 655 haec
1390 599 1717 653 Liudevvitus
1769 597 1901 650 nihil

325 701 558 760 molitus,
604 696 908 752 munitione
955 701 1164 747 tantum
1217 691 1423 747 castelli
1473 690 1615 759 quod
1647 690 1699 742 in
1733 689 1902 741 arduo

326 798 504 845 monte
557 791 960 846 construxerat,
994 798 1052 836 se
1085 797 1317 851 suosque
1353 780 1642 842 continuit,
1700 787 1754 832 et
1804 793 1901 830 nec

325 880 448 935 ‘Jelli
477 893 580 932 nec
622 877 770 946 pacis
822 875 908 928 vel
949 888 1043 942 per
1076 873 1424 940 semetipsum
1453 870 1536 924 vel
1566 885 1665 936 per
1699 869 1902 939 legatos

294 978 296 980 ’
327 972 486 1025 ullum
510 983 636 1025 cum
668 969 683 998 ¹
710 968 790 1021 eis
814 978 1116 1020 sermonem
1139 963 1396 1016 habuisse
1423 961 1622 1014 dicitur
1651 961 1692 1010 ’.
1741 960 1903 1012 Exew

326 1062 462 1115 citus
502 1073 636 1111 vero
672 1065 958 1127 postquam
1008 1054 1061 1106 in
1092 1067 1256 1105 unum
1301 1058 1686 1110 convenerunt,
1735 1057 1900 1102 totam

327 1167 461 1223 pene
500 1151 781 1220 regionem
813 1147 957 1202 ferro
1000 1156 1053 1200 ct
1083 1147 1190 1215 igni
1221 1147 1563 1200 devastantes
1605 1145 1647 1209 ³,
1697 1147 1840 1200 haud
1885 1147 1903 1176 ⁵

328 1241 434 1295 ullo
485 1239 635 1310 gravi
663 1237 861 1290 damno
907 1244 1150 1303 accepto,
1187 1235 1405 1289 domum
1451 1236 1649 1289 reversi
1681 1243 1826 1290 sunt.
1856 1235 1903 1288 ls

331 1341 529 1392 tamen,
575 1328 666 1395 qui
689 1341 786 1395 per
809 1326 1142 1379 Pannoniam
1178 1325 1513 1388 superiorem
1546 1325 1650 1379 iter
1678 1324 1900 1388 fecerat,

332 1423 381 1474 in
413 1419 645 1473 transitu
677 1417 840 1470 Dravi
885 1417 1117 1470 ﬂuminis
1173 1431 1238 1470 ex
1267 1416 1507 1470 locorum
1538 1425 1592 1470 et
1642 1432 1904 1485 aquarum

331 1509 705 1564 insalubritate
783 1504 943 1560 soluti
998 1505 1205 1559 ventris
1275 1505 1615 1560 incommodo
1672 1507 1908 1575 graviter

330 1599 575 1653 adfectus
623 1606 730 1659 est,
777 1603 835 1649 et
887 1610 1012 1664 pars
1057 1595 1174 1648 eius
1219 1610 1325 1648 non
1356 1595 1565 1648 modica
1594 1596 1695 1648 hoc
1721 1596 1908 1649 morbo

330 1697 648 1757 consumpta
698 1694 802 1740 est.
852 1685 918 1738 Hi
982 1693 1094 1738 tres
1152 1685 1421 1739 exercitus
1457 1685 1523 1737 de
1575 1684 1808 1738 Saxonia
1855 1693 1909 1737 ct

2004 498 2229 557 minum,
2260 499 2414 566 aquis
2446 497 2498 550 in
2531 498 2690 565 plano
2721 497 3112 566 stagnantibus,
3143 495 3470 550 autumnalis
3494 510 3580 547 sa-
3661 507 3670 514 ·

2003 588 2077 640 tio
2108 586 2178 639 ita
2227 587 2478 656 impedita
2509 595 2611 649 est,
2639 596 2700 640 ut
2745 588 2992 656 paenitus
3041 587 3175 640 nihil
3212 585 3426 656 frugum
3457 595 3581 640 ante

2002 677 2151 730 verni
2185 678 2500 746 temperiem
2523 673 2902 742 seminarctur.
2950 677 3100 731 Luna
3147 676 3342 732 defecit
3371 679 3423 732 8.
3461 677 3575 730 Kal.

2004 765 2255 820 Decemb.
2283 766 2413 818 hora
2441 766 2477 796 “
2502 766 2676 820 noctis
2698 767 2950 821 secunda.
2985 766 3280 834 imperator
3306 773 3426 834 post
3459 779 3581 832 per-

2002 867 2180 910 actum
2233 857 2490 911 Carisiaci
2544 867 2869 911 conventum
2909 857 3378 923 antumnalemque
3417 870 3582 909 vena-

2003 947 2202 1000 tionem
2242 961 2307 1000 ex
2345 962 2495 1001 more
2538 947 2856 1016 completam
2892 947 3228 1017 Aquasgrani
3266 947 3308 977 ¹¹
3337 961 3585 1000 reversus

2003 1052 2106 1093 CSl.

2672 1129 2985 1187 DCCCXXI.

2075 1219 2384 1276 Conventus
2419 1235 2603 1274 mense
2633 1220 2792 1275 Febr.
2837 1220 3008 1288 Aquis
3056 1221 3294 1284 habitus,
3323 1227 3380 1274 et
3430 1220 3482 1272 in
3517 1233 3584 1273 eo

2006 1311 2072 1365 de
2126 1311 2266 1366 bello
2303 1311 2656 1364 Liudcwitico
2717 1318 3026 1374 tractatum,
3067 1325 3131 1364 ac
3157 1319 3262 1364 tres
3307 1311 3583 1364 exercitus

2005 1400 2239 1455 ordinati
2289 1400 2378 1468 qui
2436 1399 2617 1453 futura
2669 1408 2876 1453 aestate
2909 1399 3242 1466 perfidorum
3299 1414 3462 1468 agros
3491 1414 3588 1468 per

2007 1495 2153 1548 vices
2182 1500 2477 1546 vastarent.
2520 1491 2692 1545 Simili
2742 1491 2898 1544 modo
2942 1491 3006 1543 de
3035 1505 3217 1544 marea
3271 1489 3504 1558 Hispana
3543 1489 3588 1520 ¹³

2009 1584 2382 1645 constitutum,
2426 1590 2480 1636 et
2525 1583 2626 1636 hoc
2651 1581 2794 1634 illius
2826 1581 3012 1634 limitis
3055 1580 3342 1648 praefectis
3365 1582 3590 1649 impera-

2012 1685 2121 1729 tum
2165 1683 2264 1729 est.
2325 1674 2630 1742 lterumquc
2670 1682 2967 1728 conventus
3013 1687 3199 1726 mense
3249 1672 3388 1725 Maio
3414 1674 3456 1703 ἰ
3487 1673 3593 1725 Νο-

333 1777 581 1832 orientali
615 1774 849 1828 Francia
897 1785 954 1828 et
1001 1774 1318 1826 Alamannia
1349 1773 1392 1836 ⁵,
1425 1773 1672 1827 Baioaria
1708 1789 1918 1842 quoque

2024 1763 2252 1831 viomagi
2305 1761 2583 1816 habendus
2638 1761 2923 1816 condictus
2969 1769 3076 1823 est,
3118 1762 3450 1830 comitesque
3501 1764 3590 1832 qui

332 1881 490 1939 atque
511 1868 669 1922 ltalia
701 1865 1017 1935 congregati
1055 1872 1201 1918 sunt.
1235 1863 1440 1929 Quibus
1471 1864 1688 1918 domum
1727 1879 1912 1920 rever-

332 1962 427 2020 sis,
459 1957 844 2014 Carniolenses
891 1955 982 2023 qui
1014 1955 1160 2008 circa
1207 1953 1405 2007 Savum
1453 1953 1476 1984 ⁸
1511 1953 1730 2008 fluvium
1766 1955 1916 2008 babi-

333 2057 448 2100 tant
475 2057 530 2101 et
552 2044 1019 2101 Foroiuliensibus
1040 2057 1211 2112 paene
1236 2045 1473 2113 contigui
1497 2054 1640 2108 sunt,
1668 2045 1916 2099 Baldrico

333 2155 390 2193 se
428 2139 748 2193 dediderunt
773 2153 787 2200 ;
824 2136 962 2190 idem
990 2143 1046 2189 et
1069 2151 1195 2204 pars
1222 2135 1672 2200 Carantanorum,
1690 2151 1827 2205 quae
1851 2138 1918 2191 ad

336 2228 618 2282 Liudevviti
652 2235 837 2296 partes
885 2241 916 2278 a
948 2226 1103 2279 nobis
1143 2225 1434 2287 defecerat,
1478 2227 1658 2280 facere
1686 2226 1913 2280 curavit.

337 2318 544 2373 Foedus
600 2319 746 2371 inter
794 2331 894 2369 nos
928 2324 984 2368 et
1003 2314 1241 2376 Abulaz,
1299 2330 1479 2385 regem
1527 2314 1816 2385 Hispaniae
1873 2318 1916 2378 ⁷,

338 2411 686 2463 constitutum
715 2415 771 2461 et
798 2415 1020 2461 neutrac
1042 2407 1183 2475 parti
1215 2405 1347 2461 satis
1372 2406 1674 2476 proficuum
1703 2407 1919 2462 consul-

341 2508 395 2552 to
417 2509 651 2569 ruptum,
693 2497 1000 2566 bellumque
1031 2497 1289 2550 adversus
1313 2511 1437 2550 eum
1476 2505 1784 2565 susceptum
1813 2505 1915 2550 est.

341 2588 397 2642 ln
420 2587 602 2642 Italico
623 2587 764 2642 mari
799 2594 922 2640 octo
942 2601 1106 2640 naves
1135 2587 1531 2654 negotiatorum
1573 2585 1640 2639 de
1670 2585 1918 2639 Sardinia

340 2679 405 2730 ad
431 2677 637 2731 Italiam
669 2676 1060 2730 revertentium
1086 2691 1114 2729 a
1138 2676 1328 2744 piratis
1355 2685 1544 2745 captae
1569 2690 1633 2729 ac
1655 2677 1921 2730 dimersae

338 2777 465 2820 sunt
495 2785 508 2820 :
537 2768 604 2821 de
632 2766 997 2820 Nordmannia
1033 2781 1164 2820 vero
1195 2767 1448 2820 tredecim
1475 2767 1734 2834 piraticae
1761 2781 1922 2820 naves

337 2871 610 2923 egressae,
645 2857 820 2926 primo
876 2856 930 2908 in
972 2855 1286 2909 Flandrensi
1315 2855 1472 2909 litore
1502 2855 1752 2924 praedari
1808 2870 1922 2908 mo-

341 2945 554 3008 lientes,
579 2945 651 2999 ab
670 2945 758 2998 bis
781 2945 872 3012 qui
908 2945 928 2975 ⁸
953 2944 1006 2997 in
1031 2944 1302 3012 praesidio
1327 2951 1483 2997 erant
1502 2943 1747 3013 repulsae
1774 2952 1920 3007 sunt,

340 3040 435 3092 ubi
465 3048 650 3095 tamen
697 3038 768 3092 ab
818 3039 898 3092 eis
939 3047 1160 3106 propter
1190 3039 1470 3094 custodum
1508 3037 1772 3091 incuriam
1827 3035 1923 3092 ali-

2021 1855 2144 1909 illuc
2178 1853 2221 1884 "
2267 1853 2515 1908 venirent
2563 1853 2824 1923 deputati.
2868 1853 2946 1907 Eo
2993 1853 3034 1884 ¹⁶
3082 1853 3311 1909 donmus
3364 1855 3595 1924 impera—

2017 1953 2102 1998 tor
2161 1952 2283 2012 post
2341 1942 2462 1998 festi
2511 1944 2783 2013 paschalis
2833 1943 3194 2012 expletionem
3248 1959 3345 2012 per
3391 1944 3592 2000 Mosam

2019 2034 2324 2104 navigavit,
2380 2035 2561 2104 ibique
2617 2035 2963 2089 constitutam
3014 2035 3176 2089 annis
3227 2035 3595 2104 superioribus

2019 2134 2180 2193 atque
2232 2125 2594 2193 conscriptam
2642 2125 2786 2178 inter
2812 2124 2952 2178 filios
2984 2140 3113 2180 suos
3158 2126 3306 2195 regni
3358 2127 3397 2157 ¹⁷
3429 2127 3596 2195 parti-

2021 2215 2220 2270 tionem
2249 2216 2541 2278 recensuit,
2573 2230 2637 2268 ac
2664 2215 2984 2270 iuramentis
3008 2217 3328 2285 optimatum
3356 2222 3444 2285 qui
3470 2227 3596 2270 tunc

2021 2307 2210 2360 azlessc
2251 2314 2539 2375 potuerant
2581 2307 2944 2371 confirmavit,
2991 2309 3368 2376 susceptisque
3399 2311 3595 2364 ibidem

2021 2397 2296 2452 Paschalis
2332 2399 2556 2452 Romani
2607 2399 2877 2468 pontificis
2923 2400 3134 2469 legatis,
3197 2401 3360 2454 Petro
3410 2402 3597 2455 videlio

2020 2496 2106 2542 cet
2132 2485 2585 2542 Centumcellensi
2614 2489 2865 2559 episcopo
2899 2500 2954 2545 et
2977 2489 3156 2545 Leone
3177 2492 3594 2548 nomenclatorc.

2019 2577 2332 2646 eisdemque
2359 2579 2399 2607 “‘
2426 2579 2673 2632 celeriter
2697 2579 2980 2643 absolutis,
3005 2579 3289 2633 comitibus
3317 2581 3480 2633 etiam
3507 2581 3598 2648 qui

2022 2668 2265 2731 aderant,
2317 2670 2383 2722 ad
2421 2669 2816 2738 expeditionem
2869 2669 3232 2724 Pannonicam
3290 2671 3596 2733 destinatis,

2024 2759 2138 2828 ipse
2157 2759 2430 2828 paululum
2455 2760 2526 2814 ibi
2558 2760 2952 2825 remoratus",
2983 2760 3320 2830 Aquasgrani
3353 2777 3602 2815 reversus

2023 2862 2125 2907 est.
2169 2853 2235 2908 Et
2280 2863 2402 2923 post
2438 2869 2637 2922 paucos
2667 2853 2785 2909 dies
2832 2868 2931 2922 per
2975 2852 3322 2908 Arduennam
3371 2854 3475 2908 iter
3523 2853 3602 2906 fa-

2025 2943 2194 3006 ciens,
2248 2942 2513 2997 Treveros
2549 2958 2614 2997 ac
2644 2943 2823 2997 Metlis
2866 2944 3034 3006 venit,
3073 2943 3304 3011 indeque
3333 2943 3377 2974 ὀ
3409 2943 3603 2996 flume-

2028 3032 2126 3088 rici
2169 3033 2447 3088 castellum
2503 3040 2712 3102 petens,
2775 3033 3037 3101 reliquum
3088 3033 3278 3086 aestivi
3329 3033 3527 3088 caloris
3547 3044 3603 3088 et

336 3137 475 3194 quot
497 3141 657 3182 casae
677 3127 810 3183 viles
839 3127 1185 3190 incensae,et
1202 3143 1403 3196 parvus
1424 3127 1637 3196 pecoris
1662 3140 1923 3180 numerus
1951 3109 1994 3170 C
2027 3123 2269 3176 autumni
2302 3121 2580 3176 dimidium
2609 3122 3002 3176 exercitatione
3027 3123 3305 3176 venatoria
3333 3123 3384 3176 in
3412 3122 3603 3193 Vosegi

337 3219 569 3272 abactos
596 3226 712 3279 est;
744 3219 794 3270 in
840 3217 979 3271 ostio
1010 3215 1294 3287 Sequanae
1335 3217 1531 3271 similia
1574 3225 1922 3286 temptantes,

339 3309 728 3364 resistentibus
766 3309 869 3363 sibi
919 3310 1092 3364 litoris
1135 3309 1467 3374 custodibus,
1524 3311 1762 3379 quinque
1802 3325 1926 3365 suo-

341 3415 468 3453 rum
493 3399 812 3461 interfectis,
839 3399 1032 3453 inritae
1062 3407 1429 3464 recesserunt;
1453 3401 1667 3454 tandem
1693 3401 1744 3453 in
1767 3399 1927 3469 Aqui-

345 3490 530 3543 tanico
587 3489 745 3541 litore
772 3488 1044 3556 prosperis
1078 3503 1207 3542 usae
1241 3489 1599 3550 successibus,
1655 3489 1773 3542 vico
1797 3503 1930 3556 quo.

347 3581 474 3634 dam
519 3580 612 3648 qui
641 3588 865 3634 vocatur
891 3577 1157 3634 Bundium
1206 3591 1231 3619 α
1273 3579 1706 3649 [Buynbundium
1743 3579 1807 3631 Α.
1843 3577 1928 3647 ι.]

351 3669 424 3723 ad
441 3669 715 3739 integrum
744 3668 1086 3737 depopulato,
1115 3683 1236 3722 cum
1263 3669 1465 3738 ingenti
1497 3669 1694 3737 praeda
1720 3667 1787 3721 ad
1815 3682 1934 3736 pro-

354 3759 469 3826 pria
515 3774 766 3812 reversae
805 3766 950 3810 sunt.
985 3756 1097 3811 Hoc
1118 3773 1260 3812 anno
1299 3764 1520 3826 propter
1548 3757 1701 3827 iuges
1725 3757 1934 3826 pluvias

359 3859 413 3902 et
433 3865 616 3904 aerem
652 3848 819 3902 nimio
862 3850 1086 3903 humore
1112 3848 1133 3878 ⁸
1183 3849 1477 3904 resolutum
1501 3863 1696 3918 magna
1726 3848 1932 3901 incom-

363 3938 515 3990 moda
538 3938 905 4005 contigerunt.
953 3935 1086 3989 Nam
1107 3945 1162 3990 ct
1189 3938 1465 3991 hominum
1493 3943 1548 3992 et
1575 3937 1738 3990 boum
1771 3936 1936 4003 pesti-

365 4023 521 4080 lentia
550 4035 664 4080 tam
683 4027 901 4080 inmane
924 4025 1080 4096 longe
1108 4026 1318 4096 lateque
1343 4033 1588 4095 grassata
1620 4033 1720 4087 est,
1762 4033 1822 4076 ut
1849 4024 1932 4077 vix

367 4113 468 4168 ulla
496 4130 623 4184 pars
649 4114 811 4168 totius
842 4115 991 4184 regni
1018 4114 1344 4168 Francorum
1367 4116 1436 4168 ab
1466 4115 1567 4168 hac
1591 4121 1742 4182 peste
1765 4113 1937 4166 inmu-

368 4203 447 4257 nis
471 4213 634 4273 atque
675 4205 876 4258 intacta
906 4206 1078 4272 possit
1122 4206 1366 4259 inveniri.
1401 4203 1691 4257 Frumenta
1723 4219 1937 4272 quoque

368 4302 420 4345 et
446 4294 719 4364 legumina
760 4295 1013 4348 imbrium
1052 4296 1374 4350 adsiduitate
1401 4305 1675 4362 corrupta,
1720 4294 1800 4348 vel
1828 4295 1938 4349 col-

369 4385 457 4454 ligi
489 4402 596 4440 non
643 4393 893 4455 poterant
936 4386 1016 4440 vel
1047 4387 1270 4442 collecta
1309 4386 1812 4456 conputt‘escebant.
1855 4386 1939 4439 Vi-

372 4489 496 4526 num
551 4473 738 4538 etiam,
787 4475 941 4528 cuius
977 4491 1174 4543 parvus
1217 4485 1506 4544 proventus
1561 4475 1749 4529 eodem
1797 4489 1940 4528 anno

375 4564 487 4629 fuit,
533 4572 756 4633 propter
779 4563 975 4618 caloris
1005 4565 1237 4634 inopiam
1265 4567 1515 4619 acerbum
1561 4566 1602 4596 ‘°
1629 4573 1684 4621 et
1720 4565 1941 4620 insuave

2027 3211 2166 3266 saltu
2221 3219 2383 3280 atque
2431 3211 2657 3290 secretis
2711 3211 2888 3280 exegit
2928 3213 2992 3264 ²¹.
3031 3211 3236 3266 Interea
3265 3213 3462 3278 Borua,
3495 3215 3603 3269 dux

2029 3302 2327 3356 Dalmatiae
2371 3312 2531 3372 atque
2586 3302 2896 3367 Liburniae,
2941 3304 3224 3359 defunctus
3253 3317 3355 3370 est,
3413 3316 3468 3360 et
3509 3322 3606 3375 pc-

2032 3403 2175 3448 tente
2223 3394 2419 3462 populo
2455 3402 2618 3463 atque
2656 3395 2979 3463 imperatore
3037 3399 3412 3453 consentiente
3439 3415 3608 3469 nepos

2030 3486 2196 3549 illius,
2240 3487 2458 3540 nomine
2495 3485 2854 3541 Ladasclavus
2902 3490 2969 3551 “,
3028 3504 3311 3544 successor
3330 3492 3380 3544 ei
3405 3493 3611 3546 consti-

2033 3586 2178 3632 tutus
2225 3587 2326 3632 est.
2380 3578 2631 3632 Adlatum
2681 3588 2765 3634 est
2797 3588 2852 3634 et
2894 3579 2961 3632 de
3005 3590 3181 3633 morte
3228 3580 3420 3636 Leonis
3467 3582 3609 3636 Con-

2031 3668 2489 3736 stantinopolitaui
2509 3671 2868 3738 imperatoris,
2889 3671 3029 3737 quod
3053 3671 3455 3738 conspiratione
3479 3686 3612 3739 quo.

2035 3757 2256 3810 rundam
2277 3759 2444 3824 optim
2465 3769 2594 3811 itum
2624 3775 2869 3821 suorum,
2905 3770 2960 3813 et
2995 3762 3282 3828 praecipue
3335 3759 3610 3815 Michaelis

2033 3846 2246 3899 comitis
2291 3847 2709 3900 domesticorum
2741 3849 2806 3912 ¹³,
2851 3849 2904 3901 in
2940 3849 3055 3917 ipso
3095 3849 3295 3916 palatio
3333 3850 3403 3902 sit
3444 3850 3610 3902 inter-

2033 3943 2282 4004 emptus;
2340 3937 2430 4004 qui
2488 3935 2742 4007 snfl‘ragio
2789 3937 2986 3990 civium
3033 3931 3096 3991 et
3147 3939 3611 4007 praetorianorum

2037 4026 2268 4082 militum
2281 4027 2460 4080 studio
2484 4028 2678 4081 infulas
2705 4028 2912 4096 imperii
2929 4031 3234 4099 suscepisse
3259 4031 3303 4059 "'
3325 4030 3523 4085 dicitur
3543 4033 3612 4086 ".

2047 4115 2375 4170 Fortunatus
2426 4119 2732 4186 patriarcha
2785 4117 3078 4174 Gradensis
3123 4136 3244 4174 cum
3300 4135 3330 4174 a
3381 4122 3612 4190 quodam

2037 4208 2334 4277 presbitero
2363 4223 2478 4272 suo,
2519 4209 2736 4262 nomine
2774 4209 3011 4275 Tiberio,
3060 4211 3201 4278 apud
3235 4211 3616 4280 imperatorem

2039 4295 2228 4352 fuisset
2287 4307 2592 4362 accusatus,
2620 4299 2761 4368 quod
2792 4299 3149 4354 Liudewitum
3174 4301 3240 4353 ad
3264 4315 3616 4369 perseveran—

2042 4389 2168 4441 dum
2225 4389 2277 4440 in
2308 4388 2530 4456 perfidia
2573 4403 2680 4456 qua
2730 4399 2982 4458 coeperat
3010 4392 3339 4456 hortaretur,
3391 4408 3621 4462 eumque

2046 4477 2112 4529 ad
2141 4477 2355 4530 castella
2393 4492 2486 4530 sua
2535 4479 2822 4532 munienda
2854 4480 3088 4532 artifices
3122 4489 3176 4534 et
3201 4483 3467 4535 murarios
3499 4484 3624 4536 mit-

2050 4567 2210 4620 tendo
2238 4567 2466 4631 iuvaret,
2500 4577 2554 4622 et
2574 4569 2644 4622 ob
2663 4570 2766 4622 hoc
2807 4569 2872 4621 ad
2894 4568 3153 4635 palatium
3186 4570 3266 4622 ire
3303 4571 3577 4625 iuberetur
3604 4588 3618 4636 ;

1585 4699 1970 4754 VARIANTES
2008 4701 2406 4758 LECTIONES.

447 4790 460 4819 '
497 4802 620 4843 cum
652 4790 732 4844 eis
757 4789 896 4842 deest
919 4791 970 4844 9.
1048 4792 1067 4821 ¹
1092 4791 1340 4845 habuisse
1362 4807 1482 4845 cum
1510 4793 1705 4847 dicitur
1740 4795 1789 4847 1.

377 4873 632 4912 casaunm
679 4858 897 4912 ﬂuvium
927 4862 978 4914 5.
1013 4859 1066 4912 9.

379 4925 506 4979 λι.
543 4928 598 4980 5.
635 4928 688 4982 6.
720 4929 748 4980 7
777 4930 829 4982 9.
864 4929 974 4982 35.
1027 4930 1078 4983 6.

383 4998 582 5050 intacta
624 5038 636 5050 .
677 5038 690 5049 .
724 5038 736 5049 .
819 5013 885 5051 ex
936 4999 1280 5052 inundatione
1327 5037 1339 5049 .
1375 5039 1386 5050 .
1419 5037 1430 5048 .

1867 4795 1886 4825 ³
1911 4796 2033 4866 igne
2061 4811 2336 4858 vastantes
2363 4805 2414 4858 9.
2493 4806 2512 4836 ³
2534 4806 2682 4862 haut.
2709 4807 2762 4860 4.

1161 4863 1198 4943 ς’,
1215 4876 1393 4928 regem
1437 4877 1815 4943 saraeennoruut
1852 4863 2024 4943 Const.
2061 4870 2110 4922 9.
2145 4939 2154 4943 Δ
2189 4873 2210 4902 ³
2239 4878 2307 4926 ab
2338 4875 2405 4928 iis
2445 4876 2535 4943 qui
2581 4877 2635 4932 in
2672 4877 2723 4931 9.

1159 4931 1198 5010 ξ’
1258 4944 1514 4982 aceruum
1555 4931 1604 4982 1.
1642 4932 1694 4984 2.
1748 4933 1832 5002 10,
1876 4934 1921 4986 Β
1969 4937 2020 4990 6.
2082 4939 2264 5010 reliqui
2309 4931 2584 4998 acerbum.

1494 5013 1716 5072 vernum
1776 5012 1984 5072 tempus
2030 5048 2041 5060 .

3413 4809 3466 4864 ui
3497 4824 3622 4864 car-

3437 4894 3626 4934 umore

3038 4949 3079 4978 ¹³
3131 4949 3441 5002 inmaniter.
3471 4987 3484 5000 .
3515 4987 3528 5000 .
3572 4959 3628 5002 et

2515 5016 2558 5044 ⁸³
2608 5015 2832 5087 bispana
2879 5018 2926 5087 1.
2961 5018 3015 5070 2.
3061 5017 3112 5070 '5.
3144 5019 3196 5070 7.
3243 5018 3326 5070 10.
3376 5018 3624 5087 hispania

2841 4807 2861 4839 '
2881 4807 3169 4862 alimannia
3201 4809 3250 4862 1.
3328 4808 3349 4840 ⁸

2821 4877 2842 4908 ⁵
2870 4892 3056 4932 umore
3083 4879 3132 4932 1.
3178 4879 3230 4932 2.
3263 4879 3348 4932 10.

2667 4949 2704 4976 ¹¹
2752 4963 2848 5001 ora
2905 4947 2954 5000 1.

2080 5047 2093 5060 .
2131 5048 2143 5060 .
2177 5027 2346 5078 aquas
2381 5015 2432 5064 9.

382 5064 520 5153 ἕρ
548 5067 680 5153 5.
711 5067 1068 5153 Ahyispani‘avb'.
1109 5068 1160 5153 ti:
1209 5068 1483 5153 hispanica.
1522 5071 1573 5120 9.
1654 5069 1697 5099 ”
1740 5064 2059 5153 cpn‘ventns‘
2084 5064 2242 5153 maio.
2267 5064 2439 5153 [ΑΨ
2493 5064 2832 5153 (εοιηῖίέξιξιῖξ
3154 5064 3352 5140 ⁷ί⁶ῙΣὸ

383 5134 567 5205 eodem
621 5134 865 5205 tempore
915 5136 1031 5190 85.

1111 5139 1151 5209 "_
1193 5138 1339 5209 regni
1369 5139 1421 5190 in
1465 5138 1562 5209 hac
1592 5154 1709 5192 voce
1753 5139 1924 5209 deﬁcit
1962 5147 2125 5199 codex:
2179 5151 2260 5202 10.

2341 5150 2382 5182 ³⁸
2414 5150 2804 5222 icsdcmque].
2885 5156 2926 5186 "
2958 5165 3200 5210 moratus
3229 5155 3272 5207 Β
3297 5157 3349 5208 6.
3425 5155 3471 5186 ¹⁰
3505 5156 3628 5210 inde

386 5201 1405 5296 EglmtiegitlifLui'Jladps‘clavtts
1432 5207 1790 5296 fiLl‘adasela‘o
1818 5201 1865 5264 Β
1905 5217 1956 5269 8.
1987 5217 2039 5269 9.
2118 5217 2161 5248 ⁸³
2189 5201 2865 5279 domesticordmﬁinsidiis
2894 5201 3384 5280 ἱειηδίηίῖῖηἶιιῖᾆσ
3413 5201 3628 5296 imperii

387 5275 702 5343 suscepisse
725 5275 1004 5329 dicebatur
1031 5275 1169 5329 deest
1196 5277 1249 5329 2.
1344 5279 1390 5308 ’⁵
1429 5277 1710 5332 dicebatur
1746 5279 1798 5333 9.

1901 5389 2128 5447 ΝΟΤᾸΞ.

455 5512 480 5541 ι
518 5499 684 5555 Vicus
723 5500 1056 5562 incognitus;
1109 5517 1230 5556 nam

1274 5504 1419 5575 guol
1452 5502 1690 5560 Valesius
1720 5505 1754 5558 l.
1805 5521 1879 5569 c.,
1906 5522 1958 5575 p.

2071 5515 2188 5580 tur,
2243 5506 2526 5578 legendum
2573 5526 2692 5566 esse
2751 5510 2922 5577 Rom;
2977 5511 3119 5580 quod
3184 5515 3402 5574 minime
3456 5517 3628 5577 locum

393 5569 522 5644 103,
560 5570 645 5622 St.
677 5569 810 5644 Paul
833 5569 896 5623 de
919 5570 1060 5644 Born
1090 5580 1236 5644 trans
1262 5569 1587 5644 Garumnam
1619 5576 1684 5628 ad
1712 5569 1960 5644 stagnum
1988 5599 2015 5625 ο
2069 5577 2246 5628 habet.

392 5641 524 5693 mari
573 5641 878 5708 proximum
945 5640 1106 5693 situm
1155 5640 1434 5711 intelligit,
1485 5640 1966 5713 conjectura'niti—

833 5729 1101 5787 ΡΑτιιοι..
1159 5728 1318 5786 (ἸΠ.

3169 5745 3241 5805 10
