3986 6174
383 251 481 306 l9!

1850 236 2034 294 tABDl
2072 231 2360 289 ABBATIS

3530 222 3636 278 491

382 364 579 434 primo,
625 361 774 416 velut
817 359 1104 414 iussionem
1150 356 1484 426 impleturus,
1540 355 1593 408 in
1630 352 1891 408 Histriam
1938 351 1954 382 '
1987 351 2036 411 Α
2061 345 2364 415 pluviarum
2417 341 2471 396 in
2516 338 2834 410 quibusdam
2894 336 3025 393 locis
3077 332 3332 434 impedita
3383 339 3501 395 est,
3550 333 3637 387 cui

387 454 662 523 profectus
688 462 790 517 est,
816 453 940 507 inde
974 451 1227 505 simulato
1264 449 1440 504 reditu
1466 448 1534 502 ad
1558 446 1797 501 Gradum
1830 444 1961 500 civi-

2062 438 2235 493 hiems
2281 436 2323 467 ¹⁸
2354 434 2408 487 ἰη
2449 439 2657 486 tantum
2682 430 2724 461 "
2756 428 2959 499 prolixa
3006 423 3270 481 successit
3326 432 3382 479 et
3424 438 3639 493 aspera,

390 556 578 612 tatem,
630 545 777 600 nullo
830 558 1052 598 suorum
1078 551 1294 613 praeter
1341 555 1436 595 eos
1464 554 1588 595 cum
1633 537 1831 608 quibus
1859 538 1962 590 hoc
2061 536 2123 581 ιιι
2150 542 2256 597 non
2310 523 2483 579 solum
2546 522 2783 575 minores
2843 518 2944 572 ι’ἱνὶ
2995 532 3059 571 ac
3103 515 3407 570 mediocres
3470 512 3639 574 “uVii.

389 643 717 692 traetaverat
770 621 1095 704 suspicante,
1153 640 1382 687 nanctus
1431 631 1775 685 occasionem
1822 628 1960 682 clam

392 725 684 796 navigavit,
707 725 1034 793 veniensque
1058 722 1304 777 laderam
1333 719 1641 774 Dalmaciae
1663 718 1961 779 civitatem,

390 815 613 871 lohanni
662 812 934 885 praefecto
962 811 1274 882 provinciae
1303 809 1446 864 illius
1484 809 1642 880 fugae
1689 822 1818 862 suae
1844 821 1971 863 cau-

394 923 484 962 sas
522 906 751 976 aperuit,
806 905 895 973 qui
927 918 1049 958 eum
1081 902 1264 956 statim
1319 899 1443 954 navi
1474 899 1781 968 impositum
1835 892 1970 949 Con-

395 996 797 1066 stantinopolim
833 994 1000 1048 misit.
1053 992 1227 1047 Medio
1262 1003 1445 1044 mense
1493 987 1746 1043 Octobrio
1774 986 1794 1015 ²
1836 998 1969 1038 con—

395 1093 588 1141 ventus
625 1083 887 1155 generalis
923 1081 1065 1150 apud
1111 1078 1416 1133 Theodonis
1443 1076 1624 1129 villam
1653 1086 1844 1142 magna
1872 1085 1969 1140 po-

395 1177 503 1247 puli
535 1176 864 1230 Francorum
892 1171 1192 1240 frequentia
1238 1169 1562 1229 celebratur,
1608 1166 1664 1219 in
1689 1178 1799 1233 quo
1828 1163 1975 1216 dom-

401 1281 504 1320 nus
547 1265 569 1296 ³
613 1263 944 1325 lllotltarius,
1010 1259 1399 1329 primogenitus
1449 1256 1631 1311 domui
1687 1255 1977 1323 imperato-

402 1356 478 1408 ris
548 1351 866 1415 llludovici,
923 1349 1313 1420 lrmingardam
1378 1346 1416 1410 ‘,
1462 1345 1702 1415 [ingenis
1756 1343 1974 1397 comitis

402 1445 592 1507 ﬁliam,
651 1441 876 1496 solemni
933 1454 1083 1493 more
1142 1438 1292 1492 duxit
1339 1451 1584 1508 uxorem.
1631 1433 1760 1488 Illuc
1807 1432 1974 1486 etiam

404 1539 564 1609 legati
587 1546 807 1592 sanctae
832 1536 1107 1589 Romanae
1134 1530 1399 1587 ecclesiae
1436 1530 1479 1595 ⁸,
1511 1527 1825 1582 Theodorus
1865 1524 1978 1595 pri-

406 1629 662 1684 micerius
705 1643 770 1681 ac
801 1625 994 1679 Florus
1035 1622 1304 1693 superista
1344 1621 1366 1652 ⁸
1394 1632 1447 1685 ι,
1485 1634 1607 1674 cum
1648 1617 1862 1686 magnis
1888 1630 1977 1669 ve—

2063 632 2250 672 verum
2296 616 2396 684 ipsi
2422 609 2648 669 maximi
2687 627 2752 666 ac
2782 607 3131 664 famosissimi
3178 620 3385 671 amnes,
3422 604 3647 659 Rhenus

2064 707 2314 762 videlicet
2335 720 2399 760 ac
2444 702 2740 767 Danubius,
2789 699 3051 767 Albisque
3097 711 3163 750 ac
3208 693 3482 764 Sequana,
3511 709 3644 749 eae—

2071 806 2299 864 teraque
2350 809 2450 863 per
2503 790 2731 847 Galliam
2784 796 2948 857 atque
2995 784 3342 841 Germaniam
3392 784 3437 814 "
3487 797 3651 837 ocea-

2068 900 2195 939 num
2229 883 2470 953 petentia
2522 879 2738 934 ﬂumiua
2767 878 2901 933 adeo
2934 876 3102 931 solida
3129 874 3298 945 glacie
3323 873 3651 943 stringeren-

2070 980 2179 1038 tur,
2230 979 2290 1026 ut
2337 969 2560 1025 tricenis
2608 968 2692 1022 vel
2729 981 2794 1021 eo
2828 967 2873 997 ²¹
2910 964 3143 1034 amplius
3176 963 3364 1019 diebus
3406 961 3651 1030 plaustra

2071 1064 2178 1117 huc
2227 1069 2387 1131 atque
2416 1060 2543 1115 illuc
2594 1056 2954 1114 commeantia
2989 1054 3137 1108 velut
3167 1050 3422 1122 pontibus
3466 1052 3650 1107 iuncta

2074 1152 2423 1216 sustinerent,
2445 1149 2597 1204 cuius
2625 1146 2882 1203 resolutio
2908 1159 3015 1199 non
3044 1143 3318 1197 modicum
3338 1142 3479 1197 villis
3500 1142 3652 1195 iuxta

2074 1242 2248 1297 Rheni
2293 1239 2492 1296 ﬂuenta
2534 1240 2842 1295 constitutis
2867 1238 3121 1292 damnum
3140 1233 3343 1288 intulit.

2471 1346 2541 1374 νιν
2740 1327 2958 1383 DCCCX
2966 1327 3076 1382 XII.

2148 1424 2206 1478 In
2255 1423 2475 1493 regione
2504 1420 2900 1489 Thuringorum
2941 1420 2985 1452 "
3013 1418 3247 1486 quodam
3279 1416 3334 1470 in
3362 1415 3482 1471 loco
3503 1416 3656 1470 iuxta

2076 1513 2295 1568 ﬂuvium
2325 1513 2392 1578 ’³,
2431 1512 2606 1580 cespis
2631 1511 2673 1541 "
2715 1507 3046 1579 longitudine
3078 1506 3275 1578 pedum
3327 1507 3660 1576 quinquage-

2078 1622 2231 1671 num,
2281 1603 2565 1659 latitudine
2608 1600 3087 1670 quattuordenum,
3138 1598 3423 1654 altitudine
3463 1599 3511 1629 "
3540 1612 3657 1653 ses-

396 1732 537 1775 nere
576 1717 910 1771 muneribus.
960 1712 1264 1769 Adfuerunt
1291 1713 1311 1744 ⁷
1357 1719 1412 1765 et
1448 1710 1675 1765 comites
1703 1708 1759 1762 in
1785 1707 1975 1761 eodem

2093 1692 2363 1763 mipedali,
2391 1690 2458 1744 de
2490 1698 2636 1744 terra
2663 1688 2781 1743 sine
2805 1688 3053 1741 manibus
3077 1695 3132 1741 et
3159 1687 3436 1756 praecisus
3454 1694 3510 1739 et
3537 1686 3662 1740 sub—

404 1816 668 1865 conveutu
696 1808 803 1861 iam
831 1806 896 1861 de
921 1805 1198 1860 Pannonia
1226 1803 1478 1874 regressi,
1520 1801 1634 1870 qui,
1670 1798 1993 1868 depopulata

412 1903 748 1956 desertorum
809 1907 865 1954 et
918 1897 1222 1951 Liudewito
1285 1893 1695 1950 adhaerentium
1741 1891 1992 1944 universa

413 1991 655 2062 regione,
680 2004 805 2045 cum
836 1988 1015 2043 nullus
1053 1988 1135 2041 eis
1156 1985 1369 2055 copiam
1404 1985 1426 2016 ⁸
1451 1981 1726 2053 pugnandi
1754 1979 1992 2044 fecisset,

416 2089 636 2151 domum
668 2079 900 2150 regressi
951 2085 1095 2132 sunt.
1116 2074 1375 2130 .Eminuit
1407 2074 1461 2128 in
1510 2074 1617 2127 hoc
1643 2070 1842 2141 placito
1865 2068 1995 2139 piis-

416 2171 540 2226 simi
590 2167 932 2239 imperatoris
960 2165 1327 2221 misericordia
1377 2161 1685 2231 singularis,
1721 2173 1882 2228 quam
1912 2171 1998 2212 os-

417 2259 593 2315 tendit
632 2272 793 2327 super
809 2272 923 2322 eos,
961 2256 1199 2326 quicum
1245 2251 1559 2308 Bernhardo
1595 2259 1790 2319 nepote
1815 2262 1911 2303 suo
1939 2248 1994 2302 in

417 2347 571 2402 Italia
591 2355 782 2402 contra
806 2352 969 2415 caput
1003 2358 1068 2399 ac
1089 2357 1311 2414 regnum
1350 2356 1506 2394 suum
1549 2339 1989 2403 coniuraverunt,

417 2441 614 2509 quibus
643 2438 715 2493 ibi
756 2439 822 2493 ad
853 2437 1214 2508 praesentiam
1237 2434 1424 2489 venire
1468 2432 1651 2496 iussis,
1682 2445 1791 2485 non
1816 2428 1992 2483 solum

412 2532 581 2586 vitam
618 2538 678 2585 et
730 2529 973 2584 membra
1024 2527 1045 2558 ⁹
1095 2524 1384 2589 concessit,
1430 2535 1620 2578 verum
1667 2520 1832 2574 etiam
1871 2533 1997 2587 pos-

415 2622 686 2680 sessiones
726 2621 925 2676 iudicio
974 2619 1108 2689 legis
1153 2618 1208 2671 in
1260 2616 1451 2671 fiscum
1493 2613 1742 2668 redactas
1800 2624 1993 2680 magna

416 2713 742 2768 liberalitate
764 2711 806 2743 ¹⁰
835 2711 1088 2767 restituit.
1112 2706 1475 2762 Adalhardum
1502 2715 1716 2773 quoque
1741 2701 1808 2755 de
1831 2700 1994 2770 Aqui-

421 2808 566 2862 tania
593 2808 659 2873 “,
695 2805 788 2861 ubi
834 2804 1108 2868 exulabat,
1156 2810 1460 2863 evocatum,
1493 2798 1757 2853 Corbeiae
1802 2810 1993 2849 mona-

417 2898 606 2962 sterio,
643 2905 704 2950 ut
748 2896 899 2966 prius
935 2894 1132 2959 fuerat,
1167 2892 1415 2947 abbatem
1462 2904 1528 2944 ac
1573 2894 1843 2942 rectorem
1870 2898 1992 2939 esse

416 2993 595 3057 iussit,
655 3006 778 3046 cum
830 3004 938 3059 quo
976 2996 1033 3043 et
1062 2986 1423 3042 Bernharium
1451 2984 1520 3049 ",
1576 2981 1803 3037 fratrem
1852 2978 1989 3041 eius,

2094 1784 2237 1839 latus
2273 1790 2378 1848 est,
2421 1789 2475 1834 et
2515 1781 2585 1835 ab
2624 1794 2689 1835 eo
2723 1779 2861 1843 loco,
2906 1778 2961 1831 in
2991 1792 3099 1846 quo
3146 1785 3391 1847 sumptus
3427 1785 3529 1842 est,
3582 1777 3665 1830 vi-

2093 1873 2229 1943 ginti
2263 1872 2499 1942 quinque
2549 1869 2744 1940 pedum
2795 1868 2971 1937 spatio
3023 1866 3232 1921 distans
3262 1866 3514 1921 inventus
3554 1875 3661 1921 est.

2092 1963 2225 2019 Item
2250 1965 2305 2019 in
2328 1970 2483 2034 parte
2515 1961 2765 2018 orientali
2788 1958 3057 2015 Saxoniae
3081 1973 3221 2028 quae
3249 1957 3580 2013 Soraborum
3618 1958 3665 1989 “

2093 2054 2292 2110 ﬁnibus
2341 2054 2593 2124 contigua
2652 2059 2773 2117 est,
2824 2050 2882 2105 in
2944 2049 3177 2118 quodam
3234 2048 3447 2104 deserto
3502 2049 3661 2113 loco,

2092 2148 2241 2203 iuxta
2302 2145 2478 2202 lacum
2516 2146 2609 2214 qui
2659 2143 2855 2200 dicitur
2894 2142 3103 2199 Arnseo
3131 2141 3183 2206 ι’,
3223 2142 3277 2195 in
3306 2141 3523 2197 modum
3575 2157 3668 2211 ag-

2094 2241 2239 2311 geris
2289 2250 2437 2296 terra
2475 2239 2750 2302 intumuit,
2794 2244 2850 2292 et
2882 2235 3109 2290 limitem
3151 2233 3312 2288 unius
3366 2232 3558 2303 leugae
3618 2234 3663 2265 ’τ

2092 2332 2424 2404 longitudine
2469 2339 2777 2401 porrectum
2806 2329 2907 2383 sub
2953 2326 3111 2383 unius
3155 2325 3327 2380 noctis
3345 2327 3521 2395 spatio
3544 2325 3668 2380 abs-

2092 2439 2198 2494 que
2224 2424 2445 2479 humaui
2475 2422 2653 2493 aperis
2686 2419 2962 2475 molimine
3003 2418 3068 2471 ad
3094 2417 3267 2471 instar
3303 2416 3429 2470 valli
3478 2415 3667 2471 subre-

2092 2515 2174 2569 xit
2222 2516 2286 2567 “.
2324 2513 2617 2584 Winigisus
2649 2510 2718 2577 ",
2760 2511 2869 2565 dux
2908 2507 3205 2579 Spolitinus
3246 2505 3315 2572 ³⁸,
3362 2506 3472 2560 iam
3516 2507 3671 2561 senio

2094 2603 2393 2666 confectus,
2471 2602 2661 2656 habitu
2718 2597 2980 2655 saeculari
3028 2595 3288 2666 deposito,
3338 2595 3671 2649 monasticae

2095 2690 2488 2748 conversatioui
2538 2705 2598 2744 se
2622 2686 2970 2758 mancipavit,
3014 2698 3207 2739 aenon
3249 2683 3423 2738 multo
3436 2691 3564 2754 post
3586 2690 3668 2737 ta—

2095 2791 2214 2839 ctus
2260 2783 2504 2853 corporis
2542 2780 2856 2834 infirmitate
2882 2774 3146 2839 decessit;
3198 2774 3255 2828 in
3312 2772 3467 2828 cuius
3492 2772 3670 2828 locum

2098 2873 2298 2943 Suppo,
2343 2872 2559 2927 Brixiae
2624 2881 2647 2909 ο
2713 2869 2950 2924 civitatis
3010 2869 3053 2901 ³¹
3095 2879 3297 2931 comes,
3346 2863 3671 2919 substitutus

2096 2972 2181 3020 est
2206 2964 2273 3018 ⁸⁸.
2317 2963 2556 3018 Domnus
2584 2962 2896 3032 imperator,
2949 2961 3177 3017 consilio
3227 2973 3367 3014 cum
3406 2955 3673 3027 episcopis

420 3049 825 3137 reconciliatum
851 3049 1040 3135 .eidem
1088 3073 1423 3132 monasterio
1463 3072 1724 3135 reddidit;
1752 3068 1992 3137 comple-
2022 3053 2066 3116 C
2096 3065 2154 3110 et
2193 3054 2542 3125 optimatibus
2601 3054 2714 3107 suis
2766 3054 2973 3119 habito,
3041 3051 3302 3107 fratribus
3359 3049 3494 3113 suis,
3538 3060 3675 3117 quos

422 3171 599 3239 tisque
633 3170 720 3224 bis
751 3182 891 3237 quae
915 3167 985 3221 ob
1006 3166 1156 3235 regni
1202 3165 1247 3196 ¹⁸
1292 3163 1580 3218 utilitatem
1625 3160 1993 3221 inchoaverat,

421 3267 477 3314 et
523 3264 862 3312 sacramento
886 3255 929 3286 ιδ
953 3254 1097 3325 quod
1127 3254 1266 3324 apud
1305 3251 1693 3320 Noviomagum
1730 3262 1858 3317 pars
1904 3261 1999 3314 op-

423 3349 673 3403 timatum
714 3347 987 3400 iuraverat
1045 3342 1370 3414 generaliter
1436 3345 1827 3400 consummato,
1884 3336 1999 3404 ipse

422 3436 759 3508 Aquasgrani
818 3435 1137 3499 revertitur,
1194 3432 1363 3487 ﬁlium
1420 3440 1600 3486 autem
1659 3427 1998 3484 Hlotharium

423 3534 547 3598 post
590 3524 806 3594 nuptias
840 3523 950 3578 ritu
988 3521 1217 3578 solemni
1237 3520 1541 3576 celebratas
1567 3519 1634 3573 ad
1657 3516 2000 3572 hiemandum

430 3617 796 3674 Wormaciam
843 3615 888 3647 ¹⁵
948 3614 1115 3670 misit.
1163 3614 1241 3669 De
1304 3621 1461 3684 parte
1500 3612 1772 3667 Danorum
1821 3608 2002 3663 omnia

425 3708 610 3778 quieta
643 3721 709 3762 eo
755 3721 898 3761 anno
926 3703 1164 3769 fuerunt,
1193 3708 1251 3757 et
1276 3698 1566 3755 Harioldus
1612 3714 1643 3753 a
1676 3697 1803 3753 filiis
1828 3695 2006 3751 Godo-

425 3796 553 3852 fridi
608 3796 663 3850 in
709 3796 1021 3852 societatem
1071 3793 1224 3865 regni
1253 3798 1522 3861 receptus,
1574 3804 1715 3860 quae
1740 3803 1829 3843 res
1857 3799 2006 3842 tran-

428 3886 654 3956 quillum
709 3886 854 3940 inter
895 3899 990 3940 eos
1043 3884 1203 3938 huius
1254 3882 1513 3952 temporis
1558 3887 1757 3936 statum
1812 3877 2008 3934 fecisse

428 3985 653 4050 putatur
675 3976 737 4030 “.
782 3974 890 4031 Sed
925 3975 1054 4045 quia
1092 3973 1421 4043 Ceadragus,
1445 3970 1829 4026 Abodritorum
1864 3969 2009 4038 prin-

429 4083 580 4137 ceps,
617 4065 877 4136 perﬁdiae
926 4075 981 4119 et
1031 4063 1311 4119 cuiusdam
1381 4077 1506 4116 eum
1555 4060 1681 4115 filiis
1726 4056 2008 4114 Godofridi
2056 4058 2062 4064 ’

433 4158 608 4213 factae
634 4156 908 4212 societatis
933 4155 1246 4219 notabatur,
1274 4152 1561 4218 Sclaomir,
1592 4152 1835 4215 aemulus
1866 4152 2002 4218 eius,

435 4245 489 4300 in
533 4243 767 4313 patriam
804 4241 1115 4306 remittitur,
1155 4240 1393 4310 quicum
1422 4241 1477 4294 in
1514 4238 1804 4294 Saxoniam
1832 4239 2009 4294 venis-

435 4343 537 4399 set,
551 4331 885 4404 aegritudine
904 4330 1553 4399 decubuit,perceptoque
1575 4328 1829 4397 baptismi
1859 4329 1898 4358 ι’
1924 4342 2004 4381 sa-

2102 3145 2298 3200 invitos
2345 3145 2569 3199 tondere
2614 3142 2661 3174 ³⁸
2683 3143 2862 3208 iussit,
2914 3141 3293 3198 reconciliatus
3334 3146 3436 3204 est,
3476 3147 3532 3193 et
3562 3146 3675 3193 tam

2102 3235 2171 3290 de
2210 3236 2314 3290 hoc
2345 3233 2510 3297 facto,
2552 3248 2713 3303 quam
2747 3234 2896 3289 etde
2923 3234 3010 3289 his
3061 3246 3201 3303 quae
3227 3246 3356 3302 erga
3403 3231 3675 3285 Bernhar-

2104 3327 2250 3392 dum,
2279 3326 2448 3380 illium
2478 3326 2662 3380 fratris
2687 3326 2770 3380 sui
2808 3325 3040 3395 Pippini,
3088 3338 3299 3379 necnon
3327 3332 3384 3378 et
3423 3322 3509 3376 his
3537 3334 3677 3391 quae

2104 3416 2248 3472 circa
2287 3416 2652 3471 Adalbardum
2710 3417 2960 3472 abbatem
3006 3425 3061 3470 et
3108 3414 3332 3470 fratrem
3385 3413 3503 3469 eius
3549 3399 3679 3466 Wa-

2102 3505 2289 3561 lahum
2318 3506 2366 3538 “
2407 3514 2559 3576 gesta
2621 3515 2769 3574 sunt,
2812 3507 3084 3577 publicam
3112 3505 3503 3561 confessionem
3551 3502 3679 3558 fecit

2102 3605 2160 3651 et
2208 3584 2595 3667 poenitentiam
2631 3597 2761 3668 egit,
2809 3597 2954 3666 quod
2995 3605 3175 3653 tamen
3208 3597 3265 3651 in
3303 3610 3370 3651 eo
3409 3603 3677 3650 conventu

2105 3703 2267 3759 quem
2292 3690 2482 3745 eodem
2507 3705 2648 3746 anno
2673 3705 2860 3746 mense
2901 3688 3142 3760 Augusto
3167 3688 3425 3743 Attiniaei
3468 3687 3678 3751 habuit,

2108 3782 2162 3836 in
2188 3783 2491 3852 praesentia
2514 3784 2679 3838 totius
2706 3784 2886 3855 populi
2914 3785 2995 3839 sui
3023 3784 3261 3854 peregit;
3301 3784 3354 3837 in
3385 3797 3492 3852 quo
3521 3783 3676 3852 quic-

2108 3874 2238 3944 quid
2275 3874 2530 3929 similium
2560 3864 2742 3929 rerum
2785 3874 2869 3929 vel
2903 3890 2934 3929 a
2977 3890 3036 3930 se
3073 3874 3158 3930 vel
3184 3890 3214 3927 a
3254 3880 3407 3943 patre
3454 3887 3556 3927 suo
3604 3872 3680 3926 fa—

2109 3972 2255 4019 ctum
2303 3964 2351 3996 ³⁸
2376 3966 2619 4021 invenire
2643 3967 2835 4037 potuit,
2892 3982 3102 4021 summa
3147 3966 3430 4021 devotione
3498 3981 3680 4022 emen-

2111 4054 2242 4109 dare
2280 4055 2507 4109 curavit.
2533 4055 2814 4111 Exercitus
2844 4056 2911 4111 de
2948 4055 3099 4110 Italia
3141 4062 3362 4125 propter
3408 4053 3685 4109 Lindeni-

2112 4145 2279 4200 ticum
2330 4144 2532 4201 bellum
2580 4145 2970 4201 conficiendum
3024 4147 3077 4200 in
3119 4145 3450 4201 Pannoniam
3485 4148 3685 4201 missus

2110 4243 2211 4301 est,
2267 4236 2334 4291 ad
2387 4236 2544 4292 cuius
2588 4238 2876 4291 adventum
2920 4237 3271 4303 Liudewitus,
3315 4236 3491 4292 Siscia
3551 4238 3598 4269 ³⁸
3634 4237 3661 4276 ἀ

2112 4326 2331 4381 civitate
2381 4326 2589 4393 relicta,
2641 4328 2710 4382 ad
2749 4326 3004 4394 Sorabos,
3033 4343 3171 4399 quae
3233 4330 3382 4383 natio
3432 4344 3687 4399 magnam

437 4431 731 4488 cramento,
763 4420 1046 4477 defunctus
1083 4428 1184 4474 est.
1237 4418 1575 4473 Autumnalis
1609 4417 1747 4473 satio
1782 4404 2004 4486 iugitate
2029 4410 2082 4467 D
2109 4414 2405 4470 Dalmatiae
2457 4424 2668 4486 partem
2733 4418 2979 4473 obtinere
3050 4419 3269 4485 dicitur,
3308 4418 3568 4490 fugiendo
3629 4433 3688 4474 se

1653 4524 2042 4581 VARIANTES
2078 4523 2475 4581 LECTIONES.

2898 4522 2981 4595 ἦξδ

509 4631 525 4661 ¹
554 4626 744 4682 histria
782 4625 831 4677 l.
855 4622 1040 4693 reliqui
1076 4620 1326 4693 histriam
1371 4628 1461 4693 aut
1488 4578 1771 4693 bystriam.
1802 4686 1814 4693 _
1849 4618 1869 4647 ¹
1895 4578 2195 4693 οεᾼιοὶιι-ἰ-εξ.⁷
2221 4578 2227 4579 Β
2254 4578 2554 4693 ’ἶάοιηηιιε
2574 4618 2665 4693 _bis
2689 4619 2831 4693 deest
3016 4620 3036 4650 ⁸
3069 4619 3494 4693 Δἰιίῐιίιιειιινιιηιηι
3541 4619 3588 4676 Β
3633 4578 3687 4674 6.

435 4696 837 4800 ξιίηἰηείιτάπηι
866 4694 916 4747 6.
964 4686 1348 4761 ’ἱνωίηςαι-(ἰὶῐη
1400 4689 1452 4743 9.
1510 4686 1907 4755 irlneugardam
1945 4686 1998 4739 2.

506 4766 705 4800 ..Μαι-ο
748 4765 781 4800 ο
878 4762 900 4793 8
947 4762 1144 4800 ἰιιίιὶιδπι
1184 4760 1391 4800 onnimn
1442 4758 1494 4800 Ω-
1591 4757 1611 4786 ⁸
1671 4756 1889 4800 menhm
1955 4755 1995 4800 Β

505 4758 705 4822 afluere
748 4765 801 4818 9.
878 4762 900 4793 ⁸
947 4758 1401 4829 ἰδίιίεηιόορὶςιιηί
1442 4758 1495 4811 9.

438 4838 554 4892 Β6.
634 4837 677 4868 ⁸³
724 4832 1103 4887 hernariumB
1136 4829 1188 4883 5.
1222 4825 1599 4881 ιῐθι-ρηὴειινίιιω
1644 4825 1686 4876 Β
1734 4826 1786 4877 6.
1867 4825 1910 4855 ⁸³
1960 4826 2026 4880 iis

438 4904 639 4961 tiamB
684 4902 737 4957 5.
778 4902 1112 4958 warmatiam
1163 4899 1207 4951 Β
1255 4897 1307 4950 6.
1400 4896 1442 4926 ¹⁶

440 4978 483 5008 ¹⁸
530 4977 676 5031 hiem
728 4973 777 5026 Ι.
868 4970 909 5001 ¹⁹
961 4971 1132 5026 hiems
1186 4977 1393 5021 tantum

437 5046 726 5116 quemdam
781 5041 997 5116 ﬂuvium
1046 5041 1213 5116 Bpuq.

1546 4965 1597 5019 5.
1674 4966 1719 4996 ³⁸

1591 4757 1611 4786 ⁸
1650 4756 1909 4834 “mentire
2040 4756 2092 4811 5.
2174 4758 2215 4787 ⁸ο
2266 4757 2519 4834 libertate
2564 4755 2798 4834 l_._5.__6.
2879 4759 2917 4789 “
2969 4755 3304 4834 equitauia.__.
3331 4798 3343 4810 .

2073 4828 2324 4900 quaead
2372 4827 2527 4900 regni
2570 4829 2623 4900 9A.
2692 4829 2747 4900 7”
2795 4827 3131 4900 sacramenta
3165 4827 3218 4900 _B
3254 4827 3307 4900 5.

1540 4896 1775 4977 {labatur
1819 4893 1872 4947 4.
1918 4893 2107 4977 5._6._'
2148 4893 2531 4977 "ubaptissimi
2590 4897 3035 4977 l._ba_ptis_mo‘B
3164 4898 3594 4977 baptismatis
3637 4900 3687 4951 7.

1318 4981 1393 5047 im
1454 4967 1518 5047 Β.
1546 4967 1603 5047 5-.
1654 4967 1719 5047 ﬂ“
1760 4967 2230 5047 gaertnani'a'l.__“
2276 4967 2522 5047 tricenis
2551 4982 2617 5021 eo
2731 4967 2782 5020 5.
2859 4967 3405 5047 '1tho‘ringorumn2._
3471 4967 3691 5022 "iuxta

1290 5036 1335 5068 "'
1375 5036 1551 5105 cepsis
1573 5035 1626 5089 5.
1652 5034 1703 5105 6.
1781 5035 1841 5105 "_
1864 5035 1916 5089 in
1961 5036 2242 5090 altitudine
2268 5037 2313 5091 Β
2350 5040 2403 5094 5.
2479 5037 2525 5067 ’⁸
2552 5038 2865 5092 saraborutn
2889 5035 2940 5090 5.
2971 5034 3277 5091 solaborum
3303 5035 3345 5088 Β
3386 5036 3439 5091 5.
3470 5038 3693 5092 saraba-

2100 4689 2121 4718 ⁸
2152 4688 2311 4758 legati
2378 4689 2586 4744 romani
2633 4690 2904 4758 pontiﬁcis
2933 4689 2988 4743 9.
3065 4689 3085 4719 ‘
3120 4688 3387 4758 superista
3436 4691 3581 4743 deest
3632 4691 3684 4745 9.

3396 4759 3690 4815 cluu-beiae

3388 4828 3431 4860 ⁸⁵
3471 4844 3687 4883 uurma-

440 5103 623 5169 norum
649 5115 699 5167 6.
778 5113 820 5143 ⁸⁷
854 5112 1040 5165 leucae
1067 5112 1119 5166 9.
1173 5103 1243 5140 ’³⁵⁸
1271 5106 1393 5160 valli
1421 5103 1636 5161 sustulit
1673 5104 1724 5158 9.
1803 5103 1847 5134 “
1884 5105 2187 5177 uiuuigisus
2221 5107 2270 5162 l.
2349 5109 2393 5139 ³ο
2426 5106 2738 5177 spolegnus
2764 5106 2898 5177 7.79.
2942 5106 3243 5177 spolitanus
3273 5108 3323 5159 4.
3353 5106 3405 5177 6.
3485 5106 3527 5136 ³⁸
3559 5108 3694 5177 civi-

446 5186 571 5240 tatis
599 5184 737 5238 deest
764 5183 816 5236 9.
894 5182 937 5212 “
973 5182 1023 5235 in
1054 5182 1208 5235 cuius
1229 5178 1405 5231 locum
1436 5190 1480 5229 s.
1513 5177 1564 5230 b.
1589 5190 1637 5228 c.
1668 5188 1715 5227 c.
1745 5188 1790 5227 s.
1816 5184 1898 5228 est
1918 5174 2062 5228 deesi
2077 5175 2131 5228 4.
2161 5175 2214 5229 6.
2291 5176 2337 5209 ³³
2368 5174 2581 5232 ton—deri
2605 5174 2656 5228 7.
2686 5176 2739 5230 9.
2817 5176 2862 5207 "
2896 5175 3165 5231 uualahun
3193 5175 3247 5227 4.
3285 5175 3606 5230 unalaum5.
3638 5177 3690 5228 6.

444 5253 763 5309 uualachum
789 5253 840 5305 ὅ.
865 5253 919 5307 9.
954 5251 1273 5319 gualachum
1307 5248 1358 5299 7.
1392 5246 1722 5300 uualahuum
1746 5241 1859 5296 B5.
1936 5244 1983 5275 ³⁸
2012 5253 2167 5313 patre
2200 5246 2467 5303 factarum
2498 5246 2550 5299 9.
2633 5246 2677 5275 "
2708 5246 2837 5300 sicia
2866 5245 2918 5299 2.
2953 5260 3048 5298 sua
3083 5244 3198 5297 cod.
3226 5244 3445 5297 Armau.
3502 5247 3697 5298 scissia

1968 5382 2199 5441 NOTAE.

445 5321 485 5374 Β
499 5324 551 5376 9.
581 5323 741 5378 seisia
767 5321 875 5376 85.
910 5321 1102 5377 sciscia
1125 5319 1170 5373 Β
1187 5319 1237 5374 6.

513 5496 537 5566 ς
569 5483 863 5604 _Superista
887 5486 1099 5565 proprie
1120 5484 1380 5547 :cdituus;
1405 5480 1546 5539 inter
1564 5480 1852 5551 pontntlcim
1875 5478 2010 5538 aulai
2042 5538 2063 5555 ,

519 5569 616 5604 lt‘lil
641 5570 675 5604 1)
698 5569 838 5604 111⁸185
866 5563 1120 5604 OCCUI‘I‘IL

445 5552 616 5606 officia
641 5552 838 5621 pluries
866 5552 1120 5608 occurrit.

517 5626 541 5662 ιτ
592 5622 762 5675 Lacus
796 5622 1073 5688 Arendsce,
1111 5622 1163 5675 in
1201 5622 1436 5678 Marehia
1461 5621 1651 5678 veteri.

2189 5493 2212 5522 ο
2258 5479 2496 5536 Brescia.

2185 5551 2214 5591 ά
2257 5548 2430 5607 Sissek
2445 5589 2461 5605 .
