3988 6178
358 336 464 394 ωδ

1815 332 1994 386 ΑΝΝΑ
2004 329 2149 386 LES.

3518 329 3621 382 ‘9‘

357 451 605 515 contulit,
649 457 703 504 et
744 465 849 504 uno
901 466 964 504 ex
1024 450 1248 504 ducibus
1278 464 1463 503 eorum
1488 463 1517 501 a
1545 462 1651 517 quo
1684 455 1932 514 receptus
1962 448 2008 506 Α
2039 442 2422 505 Nordmannia,
2466 449 2573 494 tam
2603 438 2667 493 dc
2699 445 2851 508 parte
2898 433 3136 491 llarioldi
3183 453 3341 510 quam
3387 437 3619 491 filiorum

357 552 442 597 est
472 555 568 611 per
615 541 792 594 dolum
846 539 1152 603 interfecto,
1202 538 1480 592 civitatem
1534 537 1652 590 eius
1678 536 1732 588 in
1779 549 1934 588 suam

359 631 565 699 redegit
593 629 860 684 dicionem
919 629 956 680 ¹.
989 627 1166 681 Missis
1197 635 1374 680 tamen
1405 625 1470 678 ad
1501 624 1803 679 exercitum
1832 622 1902 676 im
1921 651 1934 659 -

355 721 620 792 peratoris
668 718 860 789 legatis
891 717 1026 782 suis,
1058 717 1126 771 ad
1153 715 1270 769 eius
1315 713 1678 783 praesentiam
1706 726 1765 764 se
1803 707 1936 764 velle

354 813 539 868 venire
578 811 847 882 promisit.
926 809 1172 864 Saxones
1217 808 1422 862 interea
1458 807 1604 860 iussu
1645 802 1937 874 imperato-

355 903 427 956 ris
476 899 760 955 castellum
793 897 1064 969 quoddam
1108 906 1260 951 trans
1297 897 1509 950 Albiam
1573 892 1626 948 in
1679 895 1798 950 loco
1847 889 1934 948 cui

356 990 623 1046 Delbende
667 1001 692 1029 ι
746 1003 942 1043 nomen
967 985 1270 1050 aediﬁcant,
1302 985 1540 1056 depulsis
1582 999 1650 1039 ex
1677 999 1744 1039 eo
1786 983 1935 1039 Scia—

351 1081 453 1144 vis,
502 1078 594 1148 qui
637 1077 788 1132 illum
862 1077 881 1107 ⁹
909 1077 1059 1146 prius
1098 1083 1516 1146 occupaverant,
1574 1070 1934 1146 praesidium-

350 1185 457 1238 que
500 1167 776 1222 Saxonum
805 1165 858 1221 in
899 1179 964 1220 eo
1015 1165 1250 1236 positum
1284 1171 1474 1220 contra
1498 1163 1836 1220 incursiones
1878 1163 1936 1217 il-

350 1261 549 1313 lorum.
583 1257 822 1313 Comites
868 1272 1082 1312 marcae
1116 1256 1440 1326 Hispanicae
1475 1265 1624 1310 trans
1648 1250 1878 1310 Sicorim
1904 1256 1931 1295 δ

349 1350 573 1404 ﬂuvium
624 1348 680 1403 in
738 1347 996 1418 Hispania
1051 1341 1311 1418 profecti,
1376 1346 1601 1402 vastatis
1663 1347 1811 1418 agris
1879 1355 1934 1400 et

349 1439 590 1494 incensis
651 1437 1000 1506 conpluribus
1049 1437 1209 1499 villis,
1247 1445 1302 1491 et
1348 1445 1505 1506 capta
1566 1452 1672 1491 non
1721 1437 1934 1491 modica

345 1527 572 1595 praeda,
628 1525 857 1595 regressi
895 1534 1041 1580 sunt.
1089 1525 1261 1580 Simili
1304 1527 1465 1581 modo
1513 1532 1634 1597 post
1681 1527 1934 1596 aequino-

344 1618 518 1672 ctium
580 1616 888 1672 autumnale
919 1615 1292 1672 a.comitibus
1342 1631 1560 1671 marcae
1601 1616 1931 1671 Brittanicae

347 1713 405 1766 in
435 1711 829 1780 possessionem
851 1710 1130 1766 cuiusdam
1148 1709 1407 1765 Brittonis
1430 1709 1450 1740 ³
1474 1711 1565 1780 qui
1613 1718 1723 1764 tum
1763 1712 1932 1766 rebel-

2039 531 2359 596 Godofridi;
2410 532 2606 601 quibus
2648 531 2899 584 omnibus
2953 529 3150 583 auditis
3209 544 3272 582 ac
3330 527 3377 559 "
3439 527 3622 582 dimis-

2039 627 2134 690 sis,
2166 626 2279 695 ipse
2314 625 2366 677 in
2393 624 2580 676 eodem
2622 621 2762 685 loco,
2806 621 3137 676 constructis
3162 620 3230 674 ad
3259 621 3361 675 hoc
3391 617 3436 650 "
3458 633 3620 688 opere

2039 730 2177 768 novo
2224 712 2505 777 aedificiis,
2538 713 2681 767 sicut
2725 711 3040 780 dispositum
3083 709 3347 765 habuerat
3389 709 3458 773 ",
3507 709 3620 762 hie-

2039 805 2205 858 mavit
2233 803 2299 855 ’3.
3601 803 3604 806 ’

2643 908 3003 973 DCCCXXIil.

2109 1049 2289 1106 Mense
2311 1049 2450 1105 Maio
2473 1059 2769 1106 conventus
2794 1051 2847 1104 in
2873 1050 3060 1104 eodem
3089 1049 3206 1104 loco
3231 1046 3276 1080 ”
3301 1048 3539 1114 habitus,
3563 1051 3615 1104 in

2037 1155 2144 1211 quo
2172 1156 2278 1196 non
2313 1141 2358 1172 '°
2387 1140 2626 1195 universi
2656 1139 2701 1171 ⁸¹
2733 1135 2997 1193 Franciae
3023 1138 3310 1209 primores,
3343 1138 3436 1193 sed
3468 1138 3536 1192 de
3571 1139 3616 1169 "

2035 1232 2284 1286 orientali
2329 1232 2560 1287 Francia
2604 1240 2767 1300 atque
2806 1229 3064 1295 Saxonia,
3098 1229 3345 1285 Baioaria
3383 1229 3448 1294 ⁸³,
3489 1230 3616 1284 Ala-

2035 1321 2254 1375 mannis
2295 1320 2343 1352 ³⁸
2385 1331 2548 1389 atque
2595 1320 2945 1376 Alamanniae
2993 1320 3330 1375 contermina
3377 1317 3620 1389 Burgun-

2036 1414 2122 1468 dia
2146 1414 2192 1445 ³³
2220 1423 2275 1467 et
2302 1413 2609 1484 regionibus
2631 1412 2822 1466 Rheno
2854 1412 3228 1467 adiacentibus
3257 1412 3449 1466 adesse
3484 1411 3616 1466 iussi
3663 1448 3666 1450 -

2035 1513 2180 1558 sunt.
2218 1503 2274 1557 in
2305 1517 2412 1572 quo
2446 1503 2589 1556 inter
2623 1509 2873 1556 caeteras
2903 1501 3260 1556 barbarorum
3293 1499 3612 1571 legationes,

2035 1611 2173 1664 quae
2199 1595 2282 1650 vel
2314 1595 2491 1650 iussae
2514 1595 2600 1648 vel
2623 1609 2717 1649 sua
2741 1602 2930 1662 sponte
2953 1600 3237 1657 venerunt,
3267 1593 3373 1646 duo
3395 1591 3612 1654 fratres,

2037 1702 2189 1757 reges
2224 1685 2475 1740 videlicet
2507 1681 2829 1739 Wiltrorum
2849 1719 2863 1748 ,
2900 1683 3327 1738 controversiam
3374 1683 3516 1736 inter
3555 1697 3615 1735 se

347 1773 462 1854 iis;
490 1800 765 1865 extiterat,
809 1800 1024 1855 nomine
1069 1797 1448 1856 Wihomarcus
1476 1773 1520 1864 '-,
1546 1799 1820 1868 expeditio
1848 1799 1926 1855 fa—
1955 1792 2001 1849 Β
2029 1779 2095 1833 de
2119 1792 2288 1849 τεεηο
2314 1776 2596 1842 ιιθδεῐιίθεν
2613 1777 2688 1868 Pd
2709 1775 3074 1868 praeseqfism
3096 1773 3618 1868 Ῐωβθξξίοτίδᾼνείξθ

343 1901 457 1954 cta,
516 1900 570 1947 et
592 1893 774 1946 omnia
807 1891 828 1922 ⁸
858 1891 1003 1947 ferro
1033 1899 1089 1946 et
1116 1892 1224 1963 igni
1253 1899 1461 1946 vastata
1491 1899 1643 1946 sunt.
1698 1889 1928 1948 Per-acto

343 1987 613 2034 conventu
661 1979 805 2048 quod
856 1979 875 2010 ⁷
928 1979 1180 2034 Attiniaci
1239 1979 1566 2046 habebatur,
1632 1978 1863 2036 domnus
1905 1982 1926 2011 "

343 2070 644 2138 imperator
693 2069 919 2124 venandi
966 2069 1139 2140 gratia
1188 2068 1535 2125 Arduennam
1582 2070 1767 2140 petiit;
1803 2071 1930 2127 Hlo-

339 2159 582 2213 tharium
630 2174 760 2213 vero
805 2158 973 2212 lilium
1001 2174 1157 2213 suum
1197 2157 1217 2189 ’
1272 2159 1325 2213 in
1367 2158 1575 2213 italiam
1606 2161 1773 2225 misit,
1802 2176 1928 2215 cum

339 2264 455 2318 quo
502 2248 782 2304 Walalium
811 2247 1158 2312 monachum,
1210 2249 1568 2319 propinquum
1611 2265 1790 2316 suum,
1822 2249 1930 2305 fra-

343 2346 486 2390 trem
533 2336 780 2390 videlicet
831 2335 1123 2389 Adalhardi
1163 2336 1394 2402 abbatis,
1427 2345 1482 2392 et
1503 2335 1816 2410 Gerungum
1841 2355 1929 2395 os-

342 2427 634 2482 tiariorum
660 2422 977 2497 magistrum
1005 2441 1110 2480 una
1141 2426 1339 2481 direxit
1389 2428 1452 2492 ιο,
1481 2444 1713 2497 quorum
1743 2432 1928 2485 consi-

342 2519 423 2572 lio
468 2526 523 2570 et
552 2517 688 2570 inre
738 2515 988 2570 familiari
1041 2525 1096 2570 et
1145 2517 1199 2570 in
1229 2517 1458 2587 negotiis
1493 2520 1563 2572 ad
1590 2519 1742 2588 regni
1785 2535 1934 2574 com-

345 2607 513 2660 moda
547 2605 942 2674 pertinentibus
995 2613 1259 2661 uteretur.
1316 2605 1600 2677 Pippinum
1653 2617 1832 2663 autem
1877 2611 1930 2665 in

344 2696 698 2765 Aquitaniam
755 2695 833 2750 ire
886 2697 1179 2772 praecepit,
1228 2711 1388 2765 quem
1451 2707 1628 2752 tamen
1692 2698 1932 2772 “prius

341 2783 516 2839 filiam
559 2785 870 2842 Tlieotbcrti
912 2785 954 2816 “
999 2779 1214 2842 comilis
1261 2784 1600 2839 Matricensis
1649 2783 1702 2862 in
1745 2787 1930 2841 coniu-

339 2874 492 2945 gium
543 2873 673 2929 fecit
722 2876 985 2944 accipere,
1035 2884 1090 2930 et
1110 2883 1232 2946 post
1281 2873 1494 2953 nuptias
1520 2872 1823 2930 celebratas
1861 2876 1929 2932 ad

341 2967 601 3022 occiduas
647 2977 830 3036 partes
877 2967 920 2998 ”
973 2967 1260 3039 proficisci.
1307 2967 1427 3037 ipse
1480 2983 1640 3034 vero,
1705 2977 1928 3039 peracta

338 3055 644 3110 autumnali
684 3055 988 3121 venatione,
1017 3065 1168 3112 trans
1207 3057 1457 3112 Rhenum
1486 3058 1553 3112 ad
1582 3058 1928 3116 hiemandum

2033 1876 2179 1934 runt,
2213 1882 2440 1937 quorum
2483 1865 2700 1921 nomina
2747 1875 2876 1920 sunt
2917 1864 3225 1935 Milegastns
3254 1863 3302 1895 ⁸⁸
3331 1874 3385 1920 et
3431 1863 3617 1921 Ceala-

2032 1961 2232 2032 dragus
2261 1961 2327 2013 ³⁷.
2370 1961 2540 2014 Erant
2580 1959 2724 2014 idem
2772 1955 2866 2011 ﬂlii
2903 1956 3056 2011 Liubi
3099 1957 3244 2028 regis
3272 1956 3610 2020 Wiltzorum,

2031 2052 2120 2119 qui
2145 2051 2270 2106 licet
2301 2065 2423 2107 cum
2452 2049 2710 2105 fratribus
2732 2049 2846 2104 suis
2875 2063 3100 2119 regnum
3126 2048 3173 2080 ³⁸
3205 2049 3436 2104 divisum
3466 2058 3616 2105 tene-

2032 2150 2133 2208 ret,
2160 2150 2361 2208 tamen,
2386 2151 2671 2212 propterea
2702 2139 2844 2210 quod
2871 2139 3043 2194 maior
3064 2147 3195 2194 natu
3225 2147 3362 2205 erat,
3399 2139 3467 2194 ad
3489 2155 3615 2195 eum

2029 2235 2196 2292 totius
2225 2235 2374 2306 regni
2396 2249 2606 2289 summa
2635 2233 2959 2304 pertinebat.
2975 2232 3076 2299 Qui
3097 2247 3241 2298 cum,
3258 2233 3548 2289 commisso
3567 2233 3613 2266 ⁸⁹

2030 2337 2153 2383 cum
2176 2325 2532 2382 orientalibus
2552 2323 2828 2380 Abodritis
2859 2323 3084 2394 proelio,
3117 2323 3394 2380 interisset
3415 2323 3484 2391 ⁸⁸,
3513 2337 3614 2392 po-

2029 2420 2187 2492 pulus
2210 2419 2532 2476 Wiltzorurn
2558 2415 2724 2472 illium
2755 2419 2872 2472 elus
2896 2414 3235 2486 Hilegastum
3263 2415 3330 2482 δ’,
3353 2415 3478 2486 quia
3506 2430 3616 2471 ma-

2032 2510 2114 2565 ior
2135 2518 2264 2566 natu
2291 2516 2411 2565 erat
2429 2508 2497 2574 “,
2529 2521 2710 2580 regem
2733 2508 2835 2563 sibi
2859 2507 3166 2574 constituit;
3197 2506 3296 2564 sed
3321 2522 3445 2563 cum
3467 2507 3514 2565 is
3534 2523 3617 2565 se-

2031 2599 2266 2655 Cundum
2303 2599 2466 2654 ritum
2506 2599 2681 2670 gentis
2721 2599 3072 2654 commissum
3119 2597 3219 2654 sibi
3260 2613 3484 2672 regnum
3522 2615 3615 2672 pa.

2033 2704 2153 2745 rum
2183 2691 2345 2760 digne
2373 2689 2801 2754 administraret,
2836 2689 2927 2745 illo
2953 2689 3184 2756 abiecto,
3217 2687 3413 2746 iuniori
3457 2693 3612 2748 fratri

2032 2780 2237 2851 regium
2261 2779 2521 2836 honorem
2548 2774 2800 2833 deferunt
2819 2777 2898 2844 “;
2930 2791 3091 2848 quam
3116 2778 3187 2834 ob
3213 2786 3434 2836 causam
3455 2785 3615 2838 ambo

2031 2871 2098 2926 ad
2110 2871 2473 2941 praesentiam
2487 2869 2831 2940 imperatoris
2843 2877 3126 2926 venerunt.
3140 2870 3288 2938 Quos
3299 2883 3422 2928 cum
3435 2875 3613 2930 audis-

2029 2971 2133 3028 set,
2147 2971 2202 3017 et
2222 2961 2396 3033 gentis
2419 2961 2752 3016 voluntatem
2773 2960 3083 3031 proniore
3110 2961 3164 3016 in
3180 2962 3410 3019 iunioris
3427 2963 3614 3022 fratris

2028 3057 2290 3113 honorem
2305 3055 2632 3128 agnovisset,
2645 3053 2858 3120 statuit,
2871 3062 2931 3108 ut
2941 3054 2989 3109 is
3010 3052 3243 3110 delatam
3257 3054 3358 3112 sibi
3372 3071 3402 3109 a
3416 3057 3613 3130 populo

342 3146 401 3198 in
444 3144 562 3199 loco
597 3145 691 3214 qui
733 3145 1143 3202 Franconofurd
1194 3145 1238 3177 ¹⁸
1285 3145 1602 3217 appellatur,
1653 3148 1929 3219 profectus
1955 3162 1999 3224 ς
2031 3157 2464 3220 suopotcstatem
2479 3146 2695 3221 [populo
2706 3147 3489 3221 potestatem,A.L.]haberct,
3505 3165 3615 3205 am-

339 3245 451 3298 est,
486 3235 666 3305 ibique
709 3235 945 3309 generali
995 3245 1263 3292 conventu
1285 3245 1630 3308 congregato,
1677 3253 1930 3295 necessa-

341 3327 430 3379 ria
467 3340 710 3395 quaeque
759 3325 826 3380 ad
864 3327 1152 3398 utilitatem
1197 3326 1541 3381 orientalium
1579 3329 1814 3398 partium
1842 3344 1928 3384 re-

339 3415 439 3485 gni
467 3415 550 3469 sui
583 3414 625 3444 “
658 3416 984 3484 pertinentia
1029 3431 1178 3471 more
1214 3415 1439 3471 solemni
1493 3433 1616 3472 cum
1655 3419 1929 3488 optimati-

341 3507 452 3561 bus
487 3521 621 3576 quos
670 3507 736 3562 ad
779 3507 882 3562 hoc
936 3522 1162 3563 evocare
1199 3509 1241 3540 "
1270 3509 1524 3575 iusserat,
1576 3518 1810 3566 tractare
1834 3528 1928 3568 cu-

343 3602 512 3656 ravit.
557 3602 614 3658 In
660 3617 767 3674 quo
810 3609 1077 3658 conventu
1104 3604 1343 3658 omnium
1389 3604 1735 3660 orientalium
1779 3602 1928 3661 Scia-

343 3706 564 3756 vorum,
608 3692 660 3746 id
691 3701 776 3747 est
797 3691 1220 3762 Λιιοόῐίιοιηιιιι,ἶ
1248 3691 1575 3748 Soraborum
1610 3693 1672 3759 '7,
1702 3693 1929 3750 πηιλο-

345 3797 473 3835 rum
503 3781 567 3844 ’³,
595 3780 972 3836 Bebeimorum
1003 3780 1070 3846 “,
1113 3778 1487 3837 Marvanorum
1519 3781 1586 3845 ’°,
1632 3780 1928 3837 Praedone-

344 3878 634 3925 centorum
654 3871 696 3900 "
717 3881 766 3937 ο,
789 3879 845 3925 et
874 3870 928 3924 in
952 3869 1230 3924 Pannonia
1252 3871 1599 3925 residentium
1621 3871 1856 3924 Avarum
1880 3871 1925 3902 "

346 3962 650 4030 legationes
671 3977 798 4017 cum
845 3961 1162 4016 muneribus
1184 3959 1252 4014 ad
1275 3975 1334 4013 se
1363 3960 1599 4036 directas
1621 3958 1829 4013 audivit
1857 3961 1922 4014 ’³.

346 4049 594 4105 Fuerunt
643 4051 688 4081 ’⁵
742 4051 797 4104 in
847 4049 1036 4105 eodem
1092 4059 1357 4104 conventu
1405 4056 1460 4103 ct
1513 4047 1807 4118 legationes
1855 4048 1922 4104 de

2033 3240 2132 3296 bos
2173 3249 2352 3296 tamen
2387 3241 2701 3296 muneribus
2724 3240 2951 3296 donatos
2975 3247 3031 3295 et
3060 3250 3402 3299 sacramento
3433 3240 3614 3297 ﬁrma-

2035 3332 2185 3387 tosin
2200 3332 2432 3402 patriam
2461 3331 2689 3387 remisit.
2707 3330 3008 3388 Accusatus
3029 3343 3114 3388 est
3134 3330 3391 3389 ineodem
3413 3333 3612 3405 placito

2034 3424 2173 3494 apud
2186 3425 2570 3493 imperatorem
2589 3421 2918 3495 Ceadragus,
2935 3421 3320 3480 Abodritorum
3337 3422 3609 3500 princeps,

2034 3515 2177 3586 quod
2204 3530 2262 3570 se
2289 3530 2417 3585 erga
2440 3523 2647 3585 partem
2666 3514 3000 3571 Francon
3024 3529 3214 3585 parum
3240 3514 3468 3574 ﬁdeliter
3489 3533 3612 3590 age-

2034 3614 2136 3669 ret,
2172 3613 2228 3658 et
2261 3606 2330 3660 ad
2363 3605 2707 3676 imperatoris
2743 3599 3107 3675 praesentiam
3148 3601 3256 3662 iam
3298 3606 3388 3660 diu
3425 3607 3612 3665 venire

2027 3694 2440 3760 dissimulasset,
2488 3703 2712 3768 propter
2758 3696 2904 3764 quod
2947 3697 3014 3750 ad
3057 3711 3182 3751 cum
3221 3695 3379 3768 legati
3421 3695 3608 3751 directi

2027 3793 2176 3848 sunt,
2202 3799 2324 3838 cum
2352 3784 2550 3852 quibus
2571 3783 2660 3838 ille
2685 3784 2878 3841 iterum
2903 3784 3164 3856 quosdam
3191 3798 3257 3839 ex
3282 3781 3610 3854 primoribus

2026 3873 2202 3942 gentis
2235 3887 2366 3928 suae
2405 3873 2472 3928 ad
2514 3874 2894 3943 imperatorem
2935 3869 3099 3939 misit,
3144 3889 3347 3944 perque
3396 3873 3608 3930 illorum

2029 3958 2190 4012 verba
2218 3959 2488 4028 promisit,
2527 3975 2586 4014 se
2626 3957 2692 4012 ad
2721 3957 3026 4027 proximum
3061 3957 3254 4013 hiemis
3296 3963 3508 4029 tempus
3541 3961 3608 4014 ad

2029 4047 2171 4104 illius
2212 4051 2573 4120 praesentiam
2617 4064 2739 4106 esse
2774 4056 3079 4106 venturum.
3128 4043 3441 4107 Hlotharlus
3479 4066 3610 4108 vero

1559 4155 1946 4215 VARIANTES
1984 4158 2383 4218 LECTlONES.

423 4250 440 4282 '
477 4250 682 4318 redegit
710 4248 1134 4318 dominationem
1154 4246 1266 4318 85.
1343 4246 1368 4318 '_
1391 4245 1483 4316 qui
1509 4245 1636 4318 illud
1657 4249 1711 4301 5.
1738 4246 1793 4318 7._
1821 4247 1873 4302 9.
1905 4249 1996 4318 qui
2037 4266 2159 4305 eum
2191 4250 2242 4305 6.
2286 4246 2342 4298 ν
2369 4250 2632 4306 brettonis
2655 4251 2710 4306 ι.
2786 4251 2809 4282 ⁸
2842 4247 3057 4310 rebellis
3096 4261 3224 4311 tunc
3264 4255 3316 4311 9.
3351 4261 3483 4314 tunc
3511 4269 3604 4312 re-

347 4321 508 4375 bellis
531 4321 584 4374 .l.
615 4321 666 4374 7.

743 4321 764 4351 ⁸
791 4316 1192 4391 wiliomarchus
1221 4316 1275 4372 9.
1351 4316 1372 4347 ⁸
1401 4315 2130 4391 ῥχρςίιίιὶοιιςΐξιοιξοξηῃίει
2171 4321 2223 4374 9.
2300 4322 2320 4353 "
2354 4330 2624 4376 conventu
2667 4321 2757 4391 qui
2799 4320 2849 4374 7.
2879 4319 2932 4391 9.
3011 4321 3034 4354 ⁸
3064 4324 3293 4378 domnus
3346 4325 3489 4379 deest
3548 4325 3608 4382 9..

344 4389 370 4420 ⁵
417 4405 546 4445 vero
582 4390 746 4460 lilium
788 4405 971 4460 suum.-
1002 4387 1271 4459 posthaec
1306 4385 1458 4460 verba
1495 4386 1615 4460 duo
1636 4387 1828 4460 codicis
1966 4388 2097 4456 folia
2137 4391 2478 4454 exciderunt;
2525 4401 2586 4460 pc

344 4467 498 4515 esset
531 4459 864 4514 interiectus.
914 4456 1257 4512 Nunciatum.
1337 4456 1379 4487 “
1401 4471 1507 4510 una
1545 4457 1693 4510 misit
1718 4457 1771 4510 9.
1851 4457 1892 4488 "
1921 4471 2045 4511 eum
2074 4467 2254 4514 tanien
2285 4460 2339 4514 9.
2420 4461 2463 4491 ¹¹
2491 4456 2616 4514 then

2659 4389 2696 4444 it
2722 4406 2862 4474 (iuno
2902 4389 3008 4447 823
3055 4393 3112 4447 in
3148 4394 3356 4476 tacitur
3395 4395 3608 4517 aps?“

2659 4470 2756 4516 arti
2776 4461 2832 4514 2.
2858 4460 2903 4513 Β
2936 4463 2990 4515 6.
3024 4462 3324 4517 theorlbortn
3360 4463 3412 4517 6.
3445 4465 3504 4517 th
3527 4473 3608 4517 et-

2687 4462 2756 4515 rti
2776 4461 2832 4514 2.
2858 4460 2903 4513 Β
2936 4463 2990 4515 6.
3024 4462 3324 4517 themiberti
3360 4460 3412 4517 6.
3436 4460 3608 4519 ἰιιῖοι-

345 4530 490 4584 berti
535 4530 588 4584 9.
633 4529 886 4584 tentberti
933 4529 984 4584 7.
1066 4528 1108 4559 ¹³
1133 4528 1387 4608 occiduas
1421 4526 1666 4626 regiones
1704 4526 1780 4597 9..
1839 4527 1882 4557 “
1913 4527 2139 4583 rhenum
2169 4529 2464 4585 hiematum
2486 4531 2555 4585 ad
2583 4529 2956 4586 franoonofurt
2975 4546 3030 4600 p.
3055 4531 3109 4586 9.
3191 4533 3234 4562 ¹⁸
3258 4533 3605 4588 orientalium

349 4600 504 4626 ..-υ-..ἱ
538 4599 617 4626 nn:
659 4599 842 4626 ﬂ.-:..m
885 4598 919 4626 α
1019 4597 1062 4626 IS
1102 4612 1312 4626 ηιηυηιιηι
1355 4595 1388 4626 (ὶ
1507 4595 1528 4626 ’1
1575 4597 1889 4626 οη-ηῑιηικηιη
1949 4596 1984 4626 ο
2039 4597 2059 4626 Ι
2117 4597 2145 4626 Β
2197 4598 2229 4626 Ω
2303 4598 2340 4626 D
2384 4599 2413 4626 Ε
2462 4600 2494 4626 ιε
2594 4600 2636 4626 ιι
2681 4599 3012 4626 ...ἀΙ-..Α-...κ
3065 4598 3103 4626 D
3149 4598 3178 4626 Β
3231 4599 3505 4626 ...Ἀρι-...μη
3549 4602 3583 4626 n

349 4600 506 4668 regni
538 4599 619 4652 sui
659 4599 844 4668 finium
885 4598 940 4652 9.
973 4666 983 4668 _
1019 4597 1062 4628 ’⁸
1101 4596 1313 4668 evocari

347 4666 655 4722 Ituilzortlm
699 4667 750 4720 5.
803 4667 855 4721 6.
895 4666 1200 4719 uultzorum
1239 4667 1288 4718 i.

341 4739 492 4791 deest
518 4739 571 4791 4.
605 4739 997 4791 ιηςιι-ἱιιιιιοιοιιηι
1025 4735 1077 4788 ὅ.

1162 4738 1205 4767 ⁸³
1237 4735 1786 4804 praedevocentorum
1827 4735 1871 4788 Β
1903 4735 1954 4790 6.

347 4809 401 4860 6.
433 4809 639 4880 harum
656 4809 709 4861 6.
782 4807 832 4880 _”
855 4821 914 4861 se
936 4805 1116 4880 missis
1145 4803 1437 4880 excepit_9.
1514 4803 1560 4834 "‘
1581 4805 1732 4859 fuere
1763 4804 1815 4858 9.
1847 4806 1957 4875 (5?)
2005 4803 2078 4880 ’ξ’
2099 4809 2296 4880 auditis
2320 4819 2480 4880 atque
2501 4808 2577 4880 9.;
2609 4808 2676 4880 ﬁ“
2697 4807 2888 4880 adhuc-

1507 4589 1528 4626 "’
1575 4589 1891 4650 saraborum
1949 4596 2002 4650 2.
2032 4597 2086 4650 4.
2115 4597 2167 4651 5.
2197 4598 2249 4652 6.
2297 4598 2340 4652 Β
2381 4599 2435 4653 5.
2462 4600 2514 4653 6.
2594 4600 2636 4630 ¹⁸
2681 4589 3014 4653 nuilzzorum
3058 4598 3103 4652 Β
3146 4598 3199 4654 5.
3231 4599 3506 4655 wilsorum
3549 4602 3602 4656 9.

1371 4665 1412 4695 ¹⁹
1439 4665 1902 4720 beheman'norum
1940 4667 1993 4721 9.
2036 4668 2411 4723 boheimorum
2455 4669 2508 4723 6.
2543 4669 2918 4723 bohemiorum
2946 4669 3000 4722 7.
3076 4669 3120 4700 "
3147 4685 3509 4725 moramoru
3551 4672 3604 4725 7.

2005 4739 2555 4806 predenescentorum
2575 4737 2628 4793 ὅ.
2658 4739 2710 4792 7.

2813 4740 2858 4769 ⁹¹
2890 4739 3115 4795 aliarum
3138 4739 3192 4794 2.
3239 4739 3294 4793 5.
3317 4740 3372 4793 4.
3401 4741 3458 4794 5.
3490 4739 3600 4794 B5.

2889 4821 3056 4878 opere
3080 4824 3224 4864 novo
3245 4808 3360 4864 B5.
3435 4811 3478 4841 ³⁷
3508 4810 3610 4866 hoc

349 4877 672 4932 necessariis
699 4877 816 4931 aed.
847 4875 1001 4929 novis
1026 4875 1476 4942 quemadmodum
1513 4888 1698 4928 secum
1737 4882 2002 4942 stanterat
2028 4877 2082 4932 9.
2160 4879 2205 4910 ³⁸
2242 4875 2516 4934 hiemabat
2543 4877 2659 4933 B5.
2735 4879 2782 4909 ”
2815 4875 3118 4935 conventus
3139 4879 3336 4934 ibidem
3365 4881 3419 4934 h.
3450 4888 3534 4934 est
3549 4880 3602 4934 9.

349 4945 397 4977 ³⁸
439 4961 544 5000 non
571 4946 744 5000 solum
770 4945 1006 4999 universi
1038 4941 1091 4996 5.
1120 4945 1173 4999 6.
1249 4944 1292 4974 ⁸⁸
1339 4943 1621 4996 universae
1649 4943 1701 4997 9.
1779 4944 1822 4974 “
1870 4941 1961 4998 sed
1982 4955 2038 5000 et
2059 4949 2124 5002 de
2152 4947 2204 5000 5.
2233 4949 2286 5002 6.
2365 4949 2412 4979 ³⁸
2456 4949 2752 5003 bauuuaria
2776 4949 2820 5002 Β
2858 4949 2910 5002 6.
2989 4949 3038 4980 ⁸⁸
3086 4949 3377 5004 alimaunia
3497 4948 3606 5003 ala-

351 5016 603 5070 manniae
625 5015 668 5067 Β
700 5016 752 5068 6.
829 5015 876 5046 ³⁵
919 5013 1376 5094 conterminabilis
1419 5013 1718 5134 bargundia
1755 5015 1898 5068 etde
1939 5015 1993 5069 5.
2023 5017 2075 5070 6.
2151 5017 2196 5048 ³⁸
2245 5019 2576 5088 millegastus
2608 5020 2664 5072 4.
2695 5017 2748 5071 5.
2778 5018 2830 5072 6.
2869 5019 3183 5091 meligastus
3210 5021 3264 5073 ὅ.
3295 5020 3347 5074 9.
3391 5020 3610 5088 milega—

351 5094 439 5136 tus
459 5085 512 5136 2.
591 5086 634 5116 ³⁷
663 5085 1012 5136 cealanrauus
1035 5083 1086 5135 ἓ).
1115 5084 1464 5136 cealadarnus
1569 5083 1620 5136 6.
1646 5083 1990 5136 oeleadrazus
2003 5087 2054 5136 7.
2080 5086 2131 5136 9.
2210 5087 2255 5118 ³⁸
2278 5103 2500 5136 regnum
2522 5103 2680 5136 suum
2707 5089 2759 5136 d.
2787 5088 2840 5136 9.
2918 5090 2962 5121 ³⁸
2989 5090 3080 5136 mn
3109 5089 3198 5136 ubi
3226 5089 3517 5136 mmmiem
3553 5090 3606 5136 9.

351 5094 439 5138 tus
459 5085 512 5138 2.
591 5086 634 5116 ³⁷
663 5085 1012 5154 cealagragus
1115 5084 1464 5154 cealadargus

349 5155 398 5185 ⁸⁸
418 5154 622 5223 proelio
643 5153 926 5209 cecidisset
946 5153 1098 5206 Wilsi
1123 5153 1174 5207 9.

350 5232 472 5277 erat
490 5224 543 5279 9.
620 5225 667 5255 ³³
689 5224 999 5279 detulerunt
1019 5223 1071 5276 9.

1609 5123 1620 5134 .
1646 5083 2054 5158 celeadmgus].
2080 5086 2131 5158 9.
2206 5087 2255 5158 ἦέ
2278 5083 2500 5157 regnum
2522 5103 2680 5142 suum
2707 5089 2759 5141 d.
2787 5088 2840 5142 9.
2918 5090 2962 5121 ³⁸
2989 5083 3081 5158 qui
3109 5089 3199 5143 ubi
3226 5083 3606 5158 commisso—9.

1252 5153 1293 5183 “
1323 5152 1660 5220 milcgastum
1682 5154 1737 5206 2.
1763 5152 1816 5206 ι.
1845 5155 1896 5206 7.
1922 5154 1965 5207 Β
1986 5155 2040 5209 5.
2065 5157 2118 5210 6.
2144 5152 2500 5227 millega'stum
2521 5158 2573 5210 5.
2602 5159 2654 5211 6.
2685 5152 3023 5229 meligastuni
3041 5158 3096 5212 ὅ.
3125 5158 3178 5212 9.
3255 5156 3298 5189 δ’
3320 5160 3412 5228 qui
3441 5159 3613 5213 maior

423 5399 448 5427 ι
499 5383 775 5441 Deivunda
829 5381 1020 5436 fluvius
1060 5391 1143 5435 est
1183 5381 1269 5452 die
1308 5379 1589 5452 Stecknitz,
1636 5382 1688 5452 in
1738 5293 2104 5447 (locatio
2131 5387 2350 5440 ﬂuvium
2377 5385 2671 5447 Steclmitz,
2707 5386 2762 5438 in
2789 5383 3304 5441 conﬁnibus-limitis
3339 5339 3610 5452 Saxouiei,

351 5455 780 5525 Lanenburgico,
793 5453 916 5525 inde
928 5451 997 5505 ab
1009 5453 1204 5525 oppido
1225 5451 1381 5505 Mella
1399 5465 1574 5525 usque
1592 5453 1645 5505 in
1664 5451 1860 5525 Albim,
1876 5453 1928 5525 in

354 5527 506 5596 cujus
526 5519 703 5593 capite
725 5532 780 5577 et
798 5523 987 5576 silvam
1011 5519 1641 5596 ejusdemﬁnominisjam
1659 5519 1933 5596 μεν-διιςὴ-

354 5590 1000 5661 εεῆωαιά“ηυηςιψπιαηι,
1034 5590 1220 5644 Adami
1253 5590 1426 5661 Brem.
1474 5590 1705 5643 Historia
1747 5591 1931 5645 Eccle-

357 5667 594 5726 siastica,
621 5664 713 5718 lib.
743 5660 880 5726 u,’c.
905 5665 957 5725 9,
987 5661 1246 5730 agnoscit.
1295 5660 1634 5730 Cumigitur
1672 5661 1934 5730 Egiuhar-

362 5737 461 5792 dus
484 5736 547 5790 de
577 5734 731 5789 Albia
773 5728 1099 5786 mentionem
1141 5729 1341 5785 nullam
1385 5728 1609 5799 injiciat,
1655 5728 1934 5785 castellum

2039 5466 2094 5513 et
2115 5470 2285 5539 prope
2323 5455 2506 5520 Moliri,
2539 5456 2624 5508 vel
2648 5456 2766 5526 Ipso
2787 5455 2844 5508 iu
2867 5453 3004 5519 loco,
3037 5463 3406 5512 musti-octoni
3451 5459 3617 5514 fuisse

2041 5543 2369 5674 ορίθοὲξςνε,
2391 5593 2483 5663 qui
2503 5590 3095 5674 propenMeqninenAzAam
3112 5595 3330 5674 ligarem
3353 5599 3545 5654 inﬂuit.

2115 5677 2137 5705 ο
2195 5661 2391 5722 Eorum
2412 5661 2578 5719 sedes
2608 5661 2748 5718 infra
2791 5678 2930 5718 anno
2959 5665 3064 5721 824
3093 5666 3436 5724 definiuntur.
