3986 6174
321 306 408 362 5m
1775 291 2114 349 ANNALES.

925 409 1286 464 DCCCXXVI.
1352 455 1370 472 ,

382 507 514 558 Gum
543 505 656 572 regi
690 501 1042 569 Bulgarorum
1091 499 1252 566 legati
1300 497 1380 551 sui
1402 498 1540 566 quid
1584 495 1792 565 egerint
1821 490 1904 548 re-

317 597 664 652 nunciassent
697 591 736 654 ί,
764 591 959 644 iterum
989 603 1132 650 eum,
1158 603 1318 655 quem
1346 586 1522 655 primo
1557 585 1798 647 miserat,
1834 583 1902 636 ad

318 689 699 756 imperatorem
719 697 841 735 cum
871 679 1067 732 litteris
1086 677 1311 740 remisit,
1337 690 1534 744 rogans
1555 683 1616 726 ut
1645 674 1761 726 sine
1787 687 1901 725 mo-

307 791 497 832 .rarum
537 771 948 840 interpositione
991 767 1347 821 terminorum
1381 769 1399 794 '
1441 763 1684 817 deﬁnitio
1714 762 1898 825 ﬁeret,

315 871 397 925 vel
422 869 466 924 si
495 869 603 921 hoc
650 881 754 918 non
785 863 1044 932 placeret,
1071 875 1198 913 suos
1222 859 1448 926 quisque
1495 856 1757 909 terminos
1786 855 1903 908 sine

314 961 462 1031 pacis
493 957 714 1012 foedere
749 962 990 1007 tueretur
1031 952 1071 1003 ³.
1109 950 1205 1005 Cui
1248 938 1566 1017 imperator,
1593 947 1720 1014 quia
1759 945 1902 997 fama

315 1062 432 1106 erat
457 1051 814 1118 Bulgarorum
843 1061 1020 1115 regem
1066 1061 1096 1096 a
1138 1059 1237 1097 suo
1265 1044 1498 1112 quodam
1525 1041 1783 1109 optimate
1811 1048 1904 1092 aut

316 1156 482 1211 regno
508 1139 725 1208 pulsum
748 1144 840 1190 aut
867 1133 1205 1188 interfectum
1226 1173 1240 1197 ,
1299 1132 1622 1200 respondere
1654 1129 1860 1185 distulit
1885 1143 1901 1191 ;

317 1229 514 1297 illoque
534 1227 557 1256 ‘
579 1235 866 1295 expectare
893 1225 1059 1286 iusso,
1093 1231 1314 1291 propter
1335 1221 1508 1274 famae
1521 1219 1901 1274 certitudinem

313 1319 755 1389 compericndam
789 1315 1086 1368 Bertricum
1115 1313 1299 1381 palatii
1329 1313 1580 1365 comitem
1609 1311 1672 1364 ad
1696 1309 1904 1363 Baldri—

314 1425 439 1463 eum
494 1409 516 1439 ⁵
559 1416 614 1461 et
639 1405 931 1460 Geroldum
965 1404 984 1433 ⁸
1020 1403 1246 1456 comites
1269 1411 1320 1456 et
1349 1401 1560 1455 Avarici
1589 1401 1774 1454 limitis
1804 1414 1900 1453 cu-

313 1499 500 1552 stodes
536 1497 592 1550 in
632 1495 1064 1548 Carantanorum
1118 1491 1451 1560 provinciam
1497 1492 1516 1521 ⁷
1566 1489 1756 1554 misit,
1810 1489 1901 1557 qui

314 1608 441 1646 cum
471 1605 727 1645 reversus
759 1588 893 1642 nihil
921 1587 1056 1640 certi
1081 1600 1244 1653 super
1299 1583 1383 1638 his
1423 1598 1562 1652 quae
1593 1582 1733 1635 fama
1786 1581 1903 1635 vul-

315 1693 542 1755 gaverat
571 1688 921 1750 reportasset,
955 1679 1247 1747 imperator
1273 1675 1506 1745 legatum
1532 1674 1598 1726 ad
1624 1688 1684 1727 se
1709 1687 1903 1726 evoca-

3479 294 3583 350 503

1932 409 1980 464 Α
2008 404 2262 458 Octobrio
2293 404 2358 457 ad
2418 404 2760 472 imperatoris
2794 404 3098 474 generalem
3150 411 3466 458 conventum
3501 422 3583 461 ve—

2006 499 2122 552 nire
2143 498 2438 552 distulisset
2467 499 2513 528 “
2533 539 2547 561 ,
2580 499 2872 567 condignas
2900 496 3154 568 perﬁdiae
3203 512 3331 551 suae
3386 513 3587 568 poenas

2003 601 2123 640 esse
2152 587 2399 639 daturum
2425 587 2490 638 ³³.
2527 585 2803 639 Venerunt
2829 597 2883 640 et
2909 601 2975 639 ex
3010 585 3313 640 Brittonum
3339 588 3589 655 primori-

2002 674 2122 735 bus,
2150 689 2286 741 quos
2314 672 2457 726 illius
2487 673 2670 726 limitis
2697 673 2946 728 custodes
2982 674 3252 728 adducere
3277 673 3580 728 voluerunt.

2004 764 2204 819 Eodem
2229 773 2470 832 tempore
2499 763 2780 817 Herioldus
2808 779 2932 817 cum
2975 777 3144 816 uxore
3177 770 3234 817 et
3262 778 3451 833 magna
3482 763 3585 816 Da-

2003 869 2193 908 noruin
2227 852 2569 906 multitudine
2606 853 2829 906 veniens
2853 892 2866 915 ,
2929 851 3246 922 Mogontiaci
3283 854 3422 922 apud
3465 869 3589 908 san—

2001 957 2146 1001 ctum
2178 947 2442 1001 Albanum
2468 961 2588 999 cum
2613 945 2697 999 his
2727 961 2863 1012 quos
2885 959 3068 1004 secum
3098 945 3320 1000 adduxit
3343 946 3584 1014 baptiza-

2005 1045 2090 1090 tus
2109 1043 2214 1097 est,
2245 1034 2534 1101 multisque
2559 1035 2873 1088 muneribus
2895 1034 2963 1088 ab
2984 1034 3310 1102 imperatore
3331 1035 3584 1098 donatus,

2000 1143 2099 1195 per
2123 1126 2374 1191 Frisiam,
2406 1141 2513 1193 qua
2557 1134 2779 1180 venerat
2805 1126 2916 1190 via,
2948 1139 3198 1180 reversus
3248 1135 3349 1180 est.
3383 1126 3442 1180 In
3485 1143 3608 1196 qua.

2002 1217 2276 1284 provincia
2318 1231 2457 1270 unus
2494 1217 2541 1246 “
2573 1217 2862 1270 comitatus
2886 1217 2978 1284 qui
3007 1217 3243 1271 llriustri
3272 1218 3317 1248 ’³
3341 1228 3589 1279 vocatur,

2001 1307 2177 1362 eidem
2207 1306 2365 1359 datus
2382 1315 2466 1360 est
2490 1307 2556 1372 ³⁸,
2574 1314 2632 1359 ut
2655 1307 2706 1358 in
2731 1321 2853 1360 cum
2881 1322 2938 1360 se
2955 1322 3075 1362 cum
3097 1310 3260 1363 rebus
3273 1310 3470 1374 suis,_si
3499 1327 3590 1364 ne—

2001 1396 2228 1448 cessitas
2255 1396 2519 1465 exigeret,
2551 1397 2796 1465 recipere
2827 1397 3110 1465 potuisset.
3143 1397 3426 1453 Baldricus
3456 1415 3602 1453 vero.

2004 1494 2058 1539 et
2075 1483 2360 1550 Geroldus,
2378 1487 2605 1540 comites
2621 1501 2686 1540 ac
2713 1486 3004 1541 Pannonici
3033 1488 3588 1558 limitispraefceti,.in

2001 1575 2190 1628 eodem
2227 1583 2492 1629 conventu
2514 1575 2803 1630 adfuerunt
2831 1577 2899 1641 ³⁷,
2928 1585 2983 1632 et
3007 1579 3184 1632 adhuc
3205 1580 3269 1634 de
3293 1589 3440 1635 motu
3460 1581 3587 1635 Bul-

2002 1681 2255 1736 garorum
2286 1667 2572 1721 adversum
2599 1684 2700 1722 nos
2726 1668 2860 1724 nihil
2884 1671 3170 1724 sesentire
3218 1686 3379 1739 posse
3407 1675 3587 1727 testati

315 1753 428 1826 tum
458 1774 478 1803 ⁸
529 1772 646 1825 sine
672 1770 867 1824 litteris
914 1781 1156 1822 remeare
1204 1764 1354 1819 fecit.
1386 1764 1596 1818 Interea
1647 1763 1904 1832 Pippinus
1932 1753 1978 1810 B
2006 1764 2150 1809 sunt.
2189 1755 2343 1810 Venit
2367 1772 2489 1810 cum
2519 1756 2769 1814 Baldrico
2788 1758 3054 1828 presbiter
3082 1760 3300 1828 quidam
3331 1762 3399 1815 de
3420 1760 3592 1818 Vene-

314 1879 431 1927 rex,
462 1862 606 1914 ﬁlius
631 1859 995 1930 imperatoris.
1024 1863 1083 1910 ut
1115 1856 1293 1910 iussus
1317 1866 1454 1920 erat,
1484 1869 1605 1908 cum
1630 1854 1741 1908 suis
1767 1853 1905 1921 opti-

313 1952 554 2006 matibus
580 1958 638 2003 et
666 1947 940 2016 Hispanici
972 1946 1161 2000 limitis
1183 1945 1499 2000 custodibus
1527 1945 1672 1998 circa
1709 1943 1905 1998 Kalen-

312 2043 410 2096 das
437 2039 767 2095 Februarias
800 2035 1137 2106 Aquasgrani
1164 2063 1236 2075 —-—
1263 2049 1388 2087 nam
1429 2033 1500 2087 ibi
1556 2042 1684 2086 tunc
1735 2033 1904 2100 impe-

311 2143 465 2186 rator
509 2127 1133 2192 hiemaverat—venit,
1187 2141 1309 2180 cum
1365 2126 1562 2193 quibus
1613 2140 1737 2179 cum
1783 2127 1850 2179 de
1882 2124 1903 2155 ⁸

312 2223 531 2276 tuendis
555 2231 744 2276 contra
771 2219 1104 2274 Sarracenos
1133 2217 1548 2272 occidentalium
1578 2217 1813 2285 partium
1845 2215 1905 2268 ﬁ-

312 2313 475 2366 nibus
504 2319 650 2365 esset
681 2317 968 2364 tractatum
1012 2316 1172 2377 atque
1197 2308 1516 2376 dispositum
1561 2307 1625 2371 ¹⁰,
1648 2306 1906 2376 Pippinus

311 2399 362 2453 in
389 2398 741 2468 Aquitaniam
773 2413 1071 2468 regressus,
1101 2405 1360 2451 aestatem
1406 2397 1459 2449 in
1509 2397 1762 2464 deputato
1803 2395 1906 2449 sibi

312 2486 435 2543 loco
466 2489 804 2558 transegit".
837 2487 1135 2556 imperator
1162 2501 1286 2540 vero
1309 2485 1484 2538 medio
1501 2485 1744 2538 mense.”
1767 2485 1908 2539 Maio

311 2580 490 2652 Aquis
523 2580 566 2609 "
593 2594 866 2648 egressus,
894 2578 1040 2632 circa
1090 2576 1358 2631 Kalendas
1385 2575 1517 2629 lunii
1551 2576 1618 2629 ad
1675 2575 1908 2645 lngilun-

310 2673 458 2742 geim
485 2670 527 2701 "
557 2670 726 2732 venit,
750 2668 1043 2738 habitoque
1085 2669 1156 2722 ibi
1185 2677 1451 2722 conventu
1501 2681 1607 2720 non
1654 2668 1863 2722 modico
1889 2709 1904 2734 ,

313 2759 519 2814 multas
542 2767 597 2812 et
624 2774 690 2812 ex
719 2759 948 2812 diversis
969 2766 1234 2811 terrarum
1273 2757 1516 2826 partibus
1541 2757 1734 2811 missas
1763 2757 1908 2828 lega-

313 2850 494 2904 tiones
539 2847 746 2901 audivit
791 2856 845 2900 et
875 2847 920 2878 ¹⁸
953 2847 1200 2900 absolvit.
1247 2847 1394 2900 Inter
1443 2861 1580 2915 quas
1619 2849 1907 2918 praecipua

311 2940 657 3008 cacterisque
697 2939 1039 3007 praeminens
1065 2939 1107 2968 ¹⁶
1133 2946 1252 2993 erat
1287 2937 1484 3008 legatio
1509 2941 1550 2970 ³⁷
1579 2948 1796 2995 sanctae
1824 2955 1909 2995 se-

310 3030 396 3086 dis
429 3029 777 3100 apostolicae,
813 3028 1086 3083 Romanae
1129 3027 1378 3082 videlicet
1418 3027 1712 3083 aecclesiae
1735 3070 1750 3093 ,
1801 3045 1906 3097 qua

2007 1846 2104 1910 tia,
2142 1846 2358 1900 nomine
2391 1844 2674 1916 Georgius,
2701 1849 2881 1916 quise
2929 1863 3194 1919 organum
3227 1850 3404 1906 facere
3432 1868 3600 1921 posse

2006 1941 2283 1995 asserebat
2310 1941 2385 2005 ³⁸;
2425 1955 2584 2008 quem
2615 1941 2910 2010 imperator
2928 1941 3401 2011 Aquasgranicum
3419 1945 3601 1998 Thai».

2005 2032 2145 2087 coll'o
2168 2032 2215 2063 ”
2238 2033 2555 2088 saccellario
2581 2033 2747 2099 misit,
2781 2040 2857 2099 et,
2889 2043 2945 2088 ut
2995 2035 3043 2088 ei
3081 2036 3262 2090 onia
3291 2037 3358 2092 ad
3393 2037 3600 2091 instru-.

2005 2132 2248 2179 mentum
2300 2125 2344 2155 ³ο
2395 2123 2730 2179 eﬁiciendum
2800 2127 3106 2181 necessaria
3158 2128 3550 2195 praeben-antur
3576 2169 3600 2191 μ

2006 2217 2294 2285 imperavit
2331 2229 2378 2269 ι.
2407 2216 2774 2286 Condictoque
2801 2231 2866 2271 ac
2887 2195 3236 2285 pronuntiato
3261 2219 3328 2274 ad
3357 2221 3596 2275 medium

2007 2306 2318 2363 Octobrium
2342 2309 2581 2377 generali
2606 2319 2889 2372 conventu,
2915 2311 3145 2365 caeteris
3166 2312 3418 2367 omnibus
3441 2327 3594 2366 more

2007 2398 2232 2454 solemni
2265 2399 2545 2464 absolutis,
2568 2400 2682 2467 ipse
2704 2406 2855 2454 trans
2888 2399 3135 2454 Rhenum
3158 2401 3225 2454 ad
3249 2401 3434 2455 villam
3453 2416 3594 2470 quae

2009 2488 2154 2544 Saltz
2192 2491 2234 2522 ³¹
2263 2499 2488 2545 vocatur
2511 2506 2633 2544 cum
2662 2506 2760 2545 suo
2786 2491 3050 2544 comitatu
3080 2490 3357 2559 profectus
3384 2500 3486 2546 est.
3516 2492 3591 2546 lbi

2008 2583 2077 2636 ad
2101 2598 2224 2637 eum
2255 2582 2413 2652 legati
2443 2581 2920 2649 Neapolitanorum
2946 2588 3228 2646 venerunt,
3257 2589 3420 2649 atque
3445 2582 3591 2647 inde,

2009 2682 2230 2742 accepto
2267 2688 2544 2742 responso,
2575 2673 2644 2727 ad
2682 2688 2777 2728 sua
2818 2674 3046 2743 regressi
3070 2680 3234 2727 sunt:
3262 2673 3336 2727 ibi
3363 2673 3431 2727 ad
3475 2673 3594 2728 eius

2009 2767 2257 2820 notitiam
2286 2765 2552 2834 perlatum
2574 2773 2658 2820 est
2677 2765 2745 2819 de
2769 2764 2892 2834 fuga
2922 2780 2987 2819 ac
3028 2763 3253 2833 perﬁdia
3277 2763 3501 2820 Aizonis
3523 2764 3592 2828 ³⁸,

2009 2858 2278 2926 quomodo
2301 2855 2672 2910 fraudulenter
2702 2855 2977 2910 Ausonam
2999 2854 3045 2885 ⁸³
3072 2852 3098 2892 δ
3123 2854 3427 2924 ingressus,
3467 2863 3524 2908 et
3561 2869 3593 2908 a

2009 2947 2204 3016 populo
2233 2946 2328 3000 illo
2345 2961 2505 3014 quem
2530 2946 2650 3000 dolo
2674 2946 2959 3015 deceperat
2976 2955 3247 3014 receptus,
3268 2947 3455 3000 lotam
3473 2958 3493 2982 ε
3515 2946 3593 2999 ci-

2008 3040 2231 3092 vitatem
2256 3037 2301 3069 ³⁴⁵
2330 3039 2618 3101 destruxit,
2643 3037 2862 3092 castella
2893 3037 3134 3092 eiusdem
3182 3036 3418 3106 regionis
3451 3051 3592 3105 quae

312 3097 682 3188 fungebantur
703 3119 813 3172 Leo
839 3116 1320 3172 Centumcelleusis
1353 3118 1636 3187 episcopus
1660 3127 1716 3172 et
1739 3118 1908 3173 Theo-
1935 3097 1978 3158 C
2014 3127 2252 3181 ﬁrmiora
2281 3097 2973 3182 videbanturvcommunivit
2998 3126 3064 3191 ³⁸,
3090 3097 3361 3196 missoque
3391 3097 3594 3182 ωλι)-

312 3213 532 3266 ﬁlactus
559 3209 948 3273 nomenclator,
974 3216 1028 3262 et
1055 3208 1121 3261 de
1176 3208 1421 3276 partibus
1462 3207 1837 3262 transmarinis
1862 3209 1904 3241 ¹⁸

311 3302 631 3357 Dotoinicus
669 3301 839 3354 abbas
892 3300 957 3354 de
989 3311 1171 3352 monte
1209 3297 1371 3363 Olivi,
1402 3298 1565 3367 legati
1608 3313 1822 3366 quoque
1847 3298 1905 3352 ﬁ-

315 3395 516 3448 liorum
550 3390 849 3454 Godol‘ridi,
878 3390 1020 3460 regis
1048 3389 1344 3453 Danorum,
1378 3390 1528 3458 pacis
1574 3404 1640 3442 ac
1670 3388 1903 3444 foederis

311 3497 480 3536 causa
507 3481 696 3534 directi
732 3479 794 3546 ¹⁹,
823 3487 878 3534 et
915 3481 982 3534 de
1005 3478 1318 3534 Sclavorum
1349 3480 1653 3550 regionibus
1684 3481 1902 3549 quidam

309 3573 1034 3642 Abodritorumprimorcs’“
1051 3573 1385 3642 Ceadragum
1405 3575 1596 3626 ducem
1623 3573 1778 3626 suum
1810 3589 1902 3628 ac-

311 3673 589 3719 cusantes.
618 3665 988 3718 Accusabatur
1016 3675 1072 3718 et
1090 3663 1296 3734 Tunglo
1320 3664 1384 3728 υ,
1415 3680 1556 3718 unus
1578 3665 1643 3719 de
1671 3663 1907 3718 Sorabo-

2011 3216 2256 3270 diraman
2281 3216 2324 3247 ³⁶
2341 3231 2522 3286 regem
2549 3215 2971 3271 Sarracenorum
3002 3215 3166 3270 fratre
3187 3230 3309 3280 suo,
3334 3215 3596 3270 auxilium.

2012 3307 2153 3374 quod
2186 3307 2420 3374 petebat,
2455 3307 2603 3361 iussu
2629 3306 2869 3362 eiusdem
2892 3307 3039 3377 regis
3065 3307 3107 3336 ³⁷
3139 3315 3327 3360 contra
3376 3315 3590 3361 nostros

2011 3395 2237 3462 accepit.
2267 3394 2374 3450 Sed
2403 3396 2694 3464 imperator
2729 3395 2857 3449 licet
2877 3395 3038 3449 huius
3090 3395 3168 3449 rei
3193 3395 3438 3449 nuntium
3468 3410 3590 3464 gra-

2009 3487 2149 3540 viter
2185 3485 2371 3551 ferret,
2397 3487 2531 3542 nihil
2558 3496 2735 3541 tamen
2784 3484 3085 3540 inconsulte
3113 3486 3406 3554 gerendum
3461 3485 3589 3538 iudi-

2011 3593 2160 3644 cans,
2186 3579 2616 3634 consiliariorum
2663 3593 2882 3632 suorum
2917 3577 3207 3632 adventum
3260 3577 3452 3630 statuit
3495 3591 3590 3644 op-

2014 3672 2198 3740 pcriri,
2234 3680 2616 3739 transactaque
2644 3668 2938 3723 autumnali
2968 3668 3272 3729 venatione,
3301 3668 3443 3722 circa
3470 3667 3585 3721 Kal.

315 3769 440 3805 rum
489 3753 839 3820 primoribus,
866 3754 1011 3821 quod
1038 3760 1092 3806 et
1121 3753 1236 3822 ipse
1263 3753 1408 3808 dicto
1439 3753 1665 3807 audiens
1688 3769 1795 3807 non
1823 3768 1903 3808 es-

2014 3761 2204 3816 Octob.
2261 3775 2359 3830 per
2407 3760 2654 3814 Moenum
2699 3757 2916 3811 ﬂuvium
2961 3770 3131 3824 usque
3183 3755 3248 3808 ad
3285 3754 3592 3810 Fraucono—

312 3854 419 3899 set.
449 3846 692 3911 Quorum
711 3847 928 3914 utrique
953 3846 1325 3900 denuntiatum
1348 3853 1452 3910 est,
1483 3845 1626 3914 quod
1654 3846 1698 3900 si
1730 3847 1908 3900 medio
2013 3852 2210 3905 vurd“
2226 3853 2459 3906 secunda
2473 3866 2611 3920 aqua
2638 3849 2926 3918 navigavit.
2943 3847 3070 3902 inde
3095 3847 3162 3901 ad
3174 3846 3530 3916 lngilunhaim
3547 3848 3590 3880 ³⁹

1541 3954 1927 4013 VARIANTES
1965 3960 2259 4016 LECTION
2265 3961 2367 4015 ES.

387 4051 402 4079 '
440 4049 679 4118 egissent
705 4051 1085 4103 renunciarcnt
1105 4049 1157 4102 9.
1234 4050 1254 4078 ²
1284 4049 1400 4103 sine
1447 4063 1597 4102 mora
1648 4051 2000 4105 terminorum
2024 4052 2077 4106 9.
2155 4053 2176 4083 ³
2203 4060 2484 4107 tuerentur
2510 4055 2562 4109 9.

313 4118 674 4191 figerholtum
857 4119 876 4150 "
911 4119 1188 4188 provincia
1221 4119 1269 4171 1.
1348 4119 1368 4149 ⁸
1394 4128 1646 4172 vocatum
1695 4119 1746 4170 7.
1779 4119 1832 4172 9.
1927 4121 1947 4150 ¹³
1981 4138 2031 4175 c.
2082 4124 2278 4191 quibus
2329 4125 2419 4178 ubi
2449 4124 2515 4178 de
2541 4124 2593 4178 9.

314 4189 354 4218 “
383 4204 679 4260 regressus
728 4189 924 4260 ibidem
978 4198 1141 4260 totam
1178 4197 1489 4260 sequentem
1519 4198 1779 4260 aestatem
1800 4191 2073 4260 transegit
2100 4189 2156 4247 9.
2263 4194 2302 4223 "
2331 4208 2515 4248 mense
2569 4193 2707 4247 deest
2730 4193 2782 4248 9.
2863 4193 2905 4223 ³³
2944 4192 3267 4260 aquisgrano
3302 4190 3353 4244 9.
3433 4192 3476 4221 “
3511 4191 3591 4244 in-

310 4257 580 4344 gel-elieip‘i
627 4259 678 4312 '5.
710 4258 1055 4344 gingilinheitru
1087 4257 1463 4344 izqg‘ilenheim
1594 4257 2021 4344 ingilepbeim].
2051 4261 2182 4344 BHG:
2221 4263 2590 4344 ingilenhaim
2612 4262 2657 4316 B
2687 4264 2740 4318 5.
2783 4257 3070 4344 ingelheim
3093 4257 3148 4344 ἦ.
3225 4263 3267 4293 ³⁵
3296 4270 3350 4315 et
3387 4261 3592 4344 audivit

309 4338 362 4403 et
389 4329 449 4403 9_.
505 4328 572 4403 -ίῗ
603 4327 973 4403 praeelilineus
993 4328 1046 4382 9.
1079 4398 1100 4403 Α
1126 4328 1165 4358 ¹⁷
1201 4327 1394 4403 legatio
1411 4327 1622 4403 romani
1638 4327 1919 4403 pontiﬁcis
1944 4331 1996 4384 9.
2019 4401 2029 4403 _
2079 4333 2120 4362 "‘
2145 4333 2210 4387 de
2237 4327 2545 4403 regionibus
2578 4327 2954 4388 transmarinis
2975 4333 3027 4403 9.
3108 4333 3149 4362 "
3173 4347 3335 4386 causa
3363 4331 3512 4386 missi
3534 4331 3586 4403 9.

309 4397 355 4426 ’°
377 4396 755 4461 abodritOrum
777 4398 1046 4466 principes
1074 4398 1126 4451 9.
1204 4399 1245 4428 ²¹
1280 4408 1444 4465 tungo
1477 4398 1544 4450 7.‘
1605 4398 1649 4426 ²²
1675 4397 1984 4454 distulerint
2008 4401 2060 4455 9.
2091 4396 2422 4458 distulissent
2445 4403 2498 4454 7.
2575 4403 2620 4434 ²³
2649 4405 2870 4457 daturos
2895 4403 2946 4455 7.
2971 4401 3022 4455 9.
3102 4403 3147 4432 ’⁸
3174 4417 3316 4455 unus
3362 4408 3503 4454 deest
3533 4400 3585 4452 9.

310 4466 356 4545 ’ξ
385 4466 578 4545 ιςξυειςὶ
607 4467 660 4520 9.
737 4468 782 4545 ξθ
811 4468 1028 4545 Veritus
1055 4475 1240 4545 autem
1279 4468 1554 4545 piissimus
1597 4467 1930 4545 imperator,_
1965 4486 2031 4525 ne
2072 4473 2141 4526 ob
2193 4474 2297 4545 tale
2339 4472 2547 4545 factum
2582 4482 2872 4545 negaretur
2919 4472 2969 4524 ei
2999 4471 3268 4545 habitatio
3301 4470 3584 4529 naturalis,

309 4535 468 4606 dedit
500 4537 550 4588 ei
580 4537 848 4606 quendam
883 4537 1200 4590 comitatum
1229 4538 1280 4589 in
1307 4535 1476 4601 frisia,
1526 4535 1690 4591 cuius"
1709 4539 2026 4593 vocabulum
2055 4548 2137 4596 est
2170 4543 2352 4596 ruistri
2378 4543 2429 4595 7.
2506 4543 2548 4573 ³⁷
2581 4535 2851 4596 aﬂ'ﬁerunt
2899 4547 2953 4593 et
2998 4540 3052 4593 in
3103 4541 3288 4593 eodem
3321 4548 3584 4593 conventu

307 4603 619 4660 baldericus
643 4615 698 4658 et
723 4606 998 4682 gerholtus
1019 4621 1070 4660 c.
1109 4622 1172 4682 ac
1193 4621 1245 4682 p_.
1271 4606 1306 4658 l.
1339 4607 1470 4682 p_.__9.
1576 4607 1621 4636 ³⁸
1659 4623 1922 4682 organum
1955 4625 2106 4682 more
2135 4627 2296 4680 posse
2343 4627 2660 4682 graecoer
2713 4625 3072 4682 componere._
3093 4609 3265 4682 Quem
3294 4609 3586 4682 imperator

305 4683 599 4758 gratanter
641 4675 899 4758 spscepil,
941 4683 997 4758 et
1040 4676 1174 4758 quia.
1201 4677 1334 4730 deus
1365 4675 1439 4728 illi
1471 4690 1610 4744 quae
1650 4675 1776 4757 ante
1811 4693 1870 4731 se
1902 4675 2156 4758 inusitata
2187 4675 2536 4758 erant'regno
2565 4675 2895 4758 Francorum
2929 4675 3587 4758 attribuebat,_gratiaruni

305 4746 562 4819 actiones
590 4744 841 4808 reddidit,
873 4760 938 4819 ac
965 4745 1202 4819 tancull‘o
1253 4760 1530 4819 sacrorum
1565 4747 1889 4819 s‘criniorum
1930 4750 2175 4818 praelato
2215 4744 2628 4814 commendavit,
2678 4749 3017 4819 publicisque
3061 4744 3343 4819 stipendiis
3390 4761 3582 4819 curare

307 4813 500 4876 iussit,
531 4822 586 4867 et
615 4829 678 4868 ea
720 4829 858 4914 quae
886 4815 1014 4870 huic
1041 4815 1189 4884 operi
1237 4815 1543 4869 necessaria
1577 4815 1754 4868 forent
1786 4813 2109 4886 praeparare
2139 4823 2413 4877 mandavit
2440 4822 2491 4873 7.
2525 4813 2854 4890 interpolatio
2898 4813 2962 4872 εῖτ
3021 4813 3147 4871 υἱιιί
3177 4815 3470 4870 Hludowici
3512 4817 3585 4884 pii

308 4898 410 4914 η...
485 4881 552 4914 ιη
701 4885 721 4913 ﬁ
795 4884 1030 4914 οιιηηηιση
1078 4885 1099 4914 ι
1161 4884 1194 4914 ιζ
1260 4883 1552 4914 ιιιηηηηηιρη
1588 4883 1621 4914 0
1689 4886 1923 4914 ιιι-...ηιμ
1968 4889 1997 4914 *τ
2052 4889 2088 4914 D
2121 4889 2148 4914 ε
2227 4892 2496 4914 “unum”-
2542 4891 2579 4914 υ
2618 4890 2648 4914 n
2790 4890 2834 4914 no
2870 4890 2933 4914 ...ι
2972 4888 3022 4914 ;.ι
3064 4887 3481 4914 ξ..ηι......ιη..ι.....
3530 4886 3562 4914 0

637 4881 754 5006 ..ξ
788 4884 1045 5008 sese
1071 4881 1133 5007 λ.
1161 4881 2096 5024 triverat-9raetiis:
2117 4881 2954 5029 ⁵.ι.ξξςέξξοὲςίοεθρδ⁵....ῖῑίςδίὶ.
2972 4888 3024 5011 ίὲ
3064 4887 3492 5011 ίιιξετξτξξῖιεξξλι
3514 4881 3582 5007 '2-

308 5035 581 5094 auzonam
624 5022 677 5075 6.
705 5024 966 5078 ausollam
993 5023 1111 5094 36.
1163 5092 1184 5094 _
1218 5021 1264 5094 'f
1291 5024 1780 5094 totamicivitatem
1811 5021 1888 5077 ἓξ
1915 5025 1966 5080 5.
2015 5028 2064 5084 7.
2102 5029 2156 5094 9,
2209 5039 2384 5086 rotam
2439 5021 2601 5084 corrf
2631 5039 2795 5084 totam
2844 5029 2896 5082 5.
2941 5029 3128 5082 rodam
3164 5027 3332 5094 Bonq.
3377 5040 3442 5077 ex
3460 5025 3584 5094 irim

309 5088 619 5169 gludovici.
655 5102 829 5169 rotam
857 5093 929 5169 _i.
975 5093 1029 5169 4:
1057 5093 1108 5147 6.
1130 5092 1277 5169 3-5.
1311 5092 1345 5146 6
1439 5093 1486 5169 ’f
1512 5094 1836 5169 munivisset
1966 5136 1983 5169 _.
2023 5137 2035 5150 .
2062 5088 2362 5169 accepisset
2411 5101 2466 5154 9.
2572 5100 2616 5130 ³⁸
2649 5099 3046 5169 alidirachman
3072 5098 3124 5150 9.
3145 5088 3414 5169 _thrainan
3445 5093 3494 5169 ’Β
3516 5093 3581 5169 Δ(ι.

310 5160 353 5238 ξ’
393 5162 626 5238 iussae;
662 5161 1050 5238 regisdefslﬁ.
1108 5163 1172 5238 __”
1196 5162 1579 5238 ΐςαζιοοῃοΐμνά
1696 5163 1762 5238 ,6.
1799 5164 1841 5238 β
1877 5164 1929 5238 5.
1958 5160 2370 5238 franchonel‘urt
2413 5170 2457 5222 Β
2502 5169 2554 5223 6.
2653 5169 2696 5200 ³⁸
2737 5168 3108 5238 ingilumhaim
3134 5166 3187 5218 2.
3229 5164 3587 5234 ingclcuheim

308 5231 364 5283 5.
409 5230 746 5300 ingilinheim
787 5232 840 5286 4.
885 5233 940 5286 5.
966 5233 1020 5285 7.
1069 5232 1362 5299 gilenheim
1395 5233 1445 5285 6.
1479 5232 1767 5302 ingelheim
1799 5234 1852 5288 9.
1882 5235 2260 5304 inginlinhaim
2284 5238 2327 5291 Β
2363 5239 2415 5294 5.
2451 5230 2822 5309 ingulunheilﬁ
2859 5236 2903 5289 Β
2929 5236 2980 5290 6.

1835 5343 2043 5400 NOTAE
2054 5387 2066 5400 .

388 5426 538 5508 lc!-
579 5429 857 5508 Ejnhql‘qi_
882 5430 1179 5487 "iSIOI‘iam
1223 5432 1589 5508 lﬂllsjalimi?
1772 5431 1912 5508 Mf!!-
1941 5439 1989 5497 D
2017 5442 2331 5495 monasterii
2373 5441 2428 5495 S.
2477 5439 2642 5494 Salvii
2672 5440 2723 5492 in
2754 5439 2872 5492 vico
2901 5436 3232 5492 Valentianis
3267 5440 3590 5494 constitutus

311 5497 496 5552 cellini
529 5507 583 5552 et
613 5500 759 5554 Petri
807 5500 898 5554 lib.
934 5517 1006 5564 Iv,
1052 5518 1199 5556 num.
1241 5502 1327 5556 75.
1357 5502 1597 5556 Bolland.
1632 5502 1747 5555 Act.
1803 5500 1902 5556 SS.
2017 5523 2137 5563 esse
2165 5511 2413 5565 traditur.

2656 4053 2678 4084 δ
2701 4053 2792 4108 illo
2816 4067 2942 4106 vero
2981 4051 3034 4106 9.
3131 4051 3152 4083 ⁸
3175 4050 3506 4105 baldericum
3535 4052 3585 4106 9.

2673 4123 2714 4154 ¹⁰
2747 4129 3036 4176 tractatum
3075 4129 3130 4175 et
3183 4120 3496 4176 conclusum
3535 4121 3587 4175 9.

311 5566 444 5642 Jun.
505 5569 557 5642 Ξ,
617 5585 755 5642 pag.
795 5569 918 5624 201.
989 5571 1065 5625 lbi
1114 5571 1376 5642 Georgius
1429 5573 1517 5626 hic
1561 5590 1580 5622 ε
1632 5573 1722 5640 qui
1757 5611 1768 5624 .
1806 5611 1818 5642 .
1853 5573 1908 5625 in

316 5637 554 5705 Aqueusi
596 5637 795 5711 palatio
834 5656 1121 5711 organum,
1163 5637 1304 5709 quo'd
1357 5642 1542 5695 Graece
1591 5637 1906 5710 hydraulica

319 5717 564 5776 vocatur,
614 5710 840 5766 miriﬁca
892 5710 1008 5766 arte
1056 5712 1377 5780 composuit,
1412 5731 1427 5762 ι
1485 5721 1672 5780 postea
1732 5719 1910 5766 rector

2093 5580 2118 5618 1»
2161 5579 2324 5633 Vicus
2348 5578 2698 5640 Ausoncnsis,
2750 5575 2872 5630 Vicit
2911 5578 3101 5633 dictus.

2092 5662 2111 5687 ο
2157 5648 2302 5704 Rada
2339 5647 2402 5703 ad
2431 5647 2652 5701 ﬂuvium
2687 5647 2814 5715 Ter,
2840 5649 2905 5703 ab
2931 5648 3206 5704 occidente
3232 5648 3517 5704 Genladae.
