3986 6174
410 315 516 371 5ῢὸ

1686 308 2058 366 EGlNllARDi
2098 308 2392 366 ABBATIS

3570 311 3671 366 50S

408 431 588 488 medio
612 428 863 485 Octobrio
911 427 1164 489 veniens,
1212 424 1519 497 generalem
1570 424 1679 486 ibi,
1717 430 1778 477 ut
1803 421 1989 478 condi-
2020 422 2066 480 Α
2093 429 2199 488 tus,
2230 423 2395 477 multa
2428 423 2671 480 eiusdem
2713 422 2902 479 lin'dtis
2932 422 3248 483 custodibus
3274 422 3505 478 adversa
3537 425 3676 478 iutu-

407 528 555 578 ctum
577 528 695 575 erat
715 519 756 582 ⁸,
779 515 959 586 populi
984 514 1069 569 sui
1092 521 1418 569 conventum
1449 512 1658 577 habuit,
1692 512 1744 566 in
1778 525 1889 581 quo
1937 520 1994 566 et

407 606 742 676 Ceadragum
764 603 1146 658 Abodritorum
1176 603 1367 658 ducem
1386 644 1402 668 ,
1440 617 1653 658 necnon
1683 610 1739 657 et
1761 600 1993 672 Tunglo—

409 714 550 762 nem,
574 696 663 765 qui
703 694 841 764 apud
866 709 990 748 eum
1043 692 1303 764 perﬁdiae
1341 692 1739 749 accusabantur
1774 734 1786 757 ,
1840 692 1994 745 audi-

405 791 482 842 vit
509 806 522 842 :
549 795 603 842 et
640 785 972 857 Tunglonem
1003 785 1252 855 quidem,
1290 792 1516 854 accepto
1543 784 1611 839 ab
1637 799 1701 839 eo
1727 785 1838 840 ﬁlio
1872 784 1990 839 eius

405 877 614 941 obside,
646 878 865 931 domum
915 874 1091 930 redire
1130 874 1407 944 permisit,
1454 873 1791 942 Ceadragum
1837 888 1989 936 vero,

404 970 604 1025 ceteris
628 966 904 1022 Abodritis
948 954 1223 1030 dimissis,
1272 981 1457 1021 secum
1498 965 1724 1021 retinnit
1771 966 1816 1028 ',
1863 966 1992 1020 mis-

406 1059 587 1127 sisque
639 1057 705 1111 ad
755 1055 1012 1126 populum
1063 1054 1448 1109 Abodritorum
1482 1054 1707 1123 legatis,
1767 1053 1814 1109 si
1868 1067 1993 1108 eum

405 1150 507 1204 sibi
539 1147 726 1217 vulgus
775 1160 1004 1216 regnare
1030 1145 1192 1199 vellet
1216 1185 1231 1210 ,
1276 1145 1592 1215 perquirere
1629 1143 1824 1208 iussit;
1876 1141 1995 1213 ipse

405 1249 588 1294 autem
616 1236 979 1307 Aquasgrani,
1009 1234 1101 1290 ubi
1141 1234 1385 1290 hiemare
1417 1234 1796 1297 constituerat,
1814 1228 1994 1302 profe-

405 1338 524 1386 ctus
548 1337 651 1385 est.
693 1328 936 1398 Cumque
971 1327 1135 1398 legati
1185 1340 1321 1396 quos
1364 1326 1386 1357 ³
1411 1327 1479 1379 ad
1518 1326 1805 1379 Abodritns
1834 1326 1995 1379 raise.

408 1426 510 1482 rat,
538 1416 743 1473 reversi
792 1416 1157 1480 nuntiassent,
1178 1413 1387 1467 variam
1436 1414 1611 1484 gentis
1645 1412 1790 1467 illius
1833 1427 1995 1482 super

409 1522 535 1578 rege
554 1523 654 1563 suo
691 1505 1004 1574 recipiendo
1047 1504 1392 1567 sententiam,
1420 1504 1675 1558 meliores
1702 1510 1883 1557 tamen
1929 1518 1994 1559 ac

406 1600 833 1670 praestantiores
868 1598 891 1630 ’⁵
919 1611 1163 1667 quosque
1215 1597 1283 1651 de
1321 1596 1467 1651 illius
1515 1597 1822 1666 receptione
1860 1611 1994 1651 con-

407 1689 654 1753 cordare,
675 1688 911 1757 acceptis
933 1688 1003 1742 ab
1027 1703 1092 1743 eo
1108 1687 1615 1756 quosimperaverat
1626 1686 1920 1751 obsidibus,
1937 1686 1993 1741 in

2093 510 2175 576 iit,
2216 526 2421 581 eosque
2446 512 2688 568 adsiduis
2731 512 3129 567 incursionilms
3159 514 3212 566 in
3242 520 3453 566 tantum
3487 511 3679 584 fatiga-

2091 601 2169 654 vit
2197 600 2263 665 ⁸⁸,
2294 611 2353 654 ut
2393 601 2614 670 quidam
2645 601 2879 666 illorum,
2928 601 3136 657 relictis
3164 616 3306 671 quae
3347 602 3485 656 tueri
3510 602 3680 659 debe-

2092 692 2224 746 bant
2266 692 2522 757 castellis,
2571 693 2908 747 recederent.
2953 691 3161 746 Defecit
3194 691 3262 745 ad
3302 706 3424 746 eum
3454 700 3514 746 et
3538 690 3682 748 ﬁlius

2092 781 2284 836 Berani
2329 782 2392 846 ",
2436 781 2656 836 nomine
2702 780 3100 837 Willemundus
3146 780 3213 846 ³⁸,
3249 794 3351 835 nec
3390 795 3500 835 non
3532 780 3574 812 “
3625 791 3682 836 et

2093 872 2180 926 alii
2209 872 2497 942 conplures
2520 887 2782 927 novarum
2809 887 2990 927 rerum
3029 871 3306 942 gentilicia
3337 872 3561 927 levitate
3588 887 3681 927 cu-

2093 962 2224 1033 pifli,
2254 964 2535 1032 iunctique
2552 962 2875 1018 Sarracenis
2907 978 2973 1017 ac
2995 961 3197 1017 Mauris
3217 962 3263 994 '°
3291 961 3629 1018 Ceritaniam
3653 974 3679 1005 ι

2093 1061 2147 1108 et
2178 1053 2479 1108 Vallensem
2512 1054 2539 1096 δ
2578 1053 2784 1122 rapinis
2810 1062 2975 1122 atque
3006 1052 3274 1108 incendiis
3313 1051 3514 1109 cotidie
3542 1049 3681 1105 infe-

2027 1137 2046 1149 ⁴
2093 1143 2329 1198 stabant.
2360 1142 2604 1212 Cumque
2634 1144 2704 1197 ad
2730 1143 2999 1197 sedandos
3018 1158 3084 1197 ac
3112 1143 3437 1213 mitigandos
3472 1140 3676 1197 Gotho-

2093 1248 2214 1287 rum
2238 1242 2401 1302 atque
2438 1233 2800 1302 Hispanorum
2832 1233 2886 1286 in
2928 1232 3032 1286 illis
3080 1231 3278 1286 ﬁnibus
3318 1231 3680 1287 habitantium

2094 1326 2303 1378 animos
2344 1323 2662 1379 Helisachar
2709 1323 2876 1378 abbas
2903 1337 3025 1377 cum
3065 1322 3189 1377 aliis
3237 1325 3308 1378 ab
3353 1323 3681 1393 imperatore

2096 1418 2293 1471 missus
2320 1417 2389 1481 “,
2419 1416 2587 1471 multa
2633 1425 2690 1471 et
2727 1417 2947 1487 propria
2992 1416 3260 1471 industria
3299 1423 3358 1469 et
3406 1415 3685 1470 sociorum

2094 1507 2322 1563 consilio
2374 1505 2672 1577 prudenter
2725 1507 3165 1562 administrasset
3222 1507 3269 1539 ³³
3332 1505 3683 1561 Bcrnhardus

2094 1608 2330 1669 quoque,
2376 1599 2712 1654 Barcinonae
2736 1613 2938 1663 comes,
2987 1599 3210 1654 Aizonis
3252 1599 3465 1654 insidiis
3499 1606 3556 1653 et
3591 1614 3683 1653 eo-

2098 1702 2215 1741 rum
2242 1689 2335 1758 qui
2363 1687 2430 1743 ad
2451 1703 2576 1743 eum
2616 1687 2927 1744 defecerant
2969 1690 3016 1721 ⁸³
3056 1689 3339 1744 calliditati
3377 1704 3441 1744 ac
3465 1689 3683 1743 fraudu-

410 1792 630 1848 regnum
660 1792 818 1832 suum
852 1790 977 1831 eum
1002 1775 1133 1832 fecit
1151 1776 1384 1831 restitui.
1415 1776 1552 1829 Dum
1584 1776 1717 1829 haec
1737 1782 1988 1843 aguntur,
2020 1769 2069 1831 Β
2095 1777 2255 1832 lentis
2284 1778 2772 1833 machinationibus
2796 1779 3231 1849 pertinacissime
3269 1779 3575 1844 resisteret,
3602 1762 3685 1833 at-

406 1868 690 1923 llildoinus
715 1868 754 1931 ',
800 1867 1318 1922 abbas'monasterii
1346 1868 1369 1898 ⁸
1399 1865 1570 1921 sancti
1596 1864 1823 1920 Dionisii
1850 1881 1992 1921 mar-

408 1961 548 2024 tiris,
588 1960 816 2015 Romam
868 1960 1086 2014 mittens
1108 2002 1123 2026 ,
1177 1962 1448 2019 adnuente
1476 1960 1728 2030 precibus
1752 1961 1869 2016 eius
1893 1961 1995 2015 Eu-

408 2047 566 2120 genio
605 2057 828 2103 sanctae
846 2048 993 2103 sedis
1013 2048 1342 2117 apostolicae
1363 2056 1490 2103 tunc
1515 2048 1762 2117 praesule
1790 2049 1837 2114 ⁷,
1868 2064 1991 2105 ossa

409 2138 706 2193 beatissimi
733 2137 974 2223 martiris
1001 2137 1207 2193 Christi
1221 2137 1524 2192 Sebastiani
1556 2139 1797 2209 accepit,
1845 2148 1900 2194 et
1929 2154 1995 2194 ea

409 2226 549 2296 apud
592 2226 920 2282 Suessonam
950 2226 971 2258 '
1008 2227 1284 2281 civitatem
1335 2227 1389 2280 in
1415 2226 1637 2282 basilica
1677 2228 1852 2282 sancti
1881 2228 1994 2282 Me-

410 2318 561 2372 dardi
583 2316 887 2381 collocavit,
902 2315 992 2370 ubi
1006 2316 1131 2370 dum
1153 2316 1330 2370 adhuc
1345 2317 1624 2372 inhumata
1637 2318 1692 2371 in
1716 2316 1911 2379 loculo,
1941 2317 1994 2371 in

410 2424 519 2479 quo
544 2408 721 2462 adlata
751 2406 963 2462 fuerant
992 2407 1034 2470 ’,
1065 2407 1211 2460 iuxta
1254 2407 1515 2463 tumulum
1544 2406 1719 2463 sancti
1757 2406 1994 2463 Medardi

411 2500 672 2561 iacerent,
697 2504 846 2551 tanta
896 2497 1174 2566 signorum
1208 2510 1275 2551 ac
1307 2496 1678 2567 prodigiorum
1708 2496 1995 2551 multitudo

410 2589 624 2654 claruit,
657 2596 809 2643 tanta
839 2588 1099 2641 virtutum
1136 2586 1220 2641 vis
1245 2587 1298 2640 in
1323 2588 1470 2641 omni
1497 2587 1540 2618 “
1583 2600 1779 2657 genere
1799 2586 1998 2641 sanita-

414 2690 527 2737 tum
552 2676 650 2750 per
673 2679 908 2733 divinam
935 2679 1164 2747 gratiam
1193 2677 1249 2731 in
1275 2677 1493 2732 nomine
1515 2677 1759 2733 eiusdem
1789 2678 1995 2734 beatis-

412 2769 534 2827 sinsi
562 2768 803 2823 martiris
823 2768 1021 2823 enituit
1053 2768 1119 2833 “,
1148 2776 1259 2822 uta
1283 2766 1429 2822 nullo
1449 2766 1763 2823 mortalium
1784 2783 1998 2823 eorum-

411 2859 533 2913 dem
559 2857 938 2913 miraculorum
963 2865 1056 2910 aut
1083 2870 1343 2911 numerus
1379 2856 1765 2925 conprehendi,
1788 2867 1881 2912 aut
1903 2873 1997 2911 va-

416 2950 580 3005 rietas
627 2949 809 3004 verbis
859 2947 1037 3003 valeat
1083 2946 1393 3011 enuntiari;
1454 2960 1683 3017 quorum
1731 2946 1995 3014 quaedam

415 3040 551 3096 tanti
571 3039 808 3109 stuporis
832 3053 954 3093 esse
982 3044 1299 3102 narrantur,
1328 3045 1389 3091 ut
1412 3038 1682 3091 humanae
1713 3036 1995 3099 imbecilli-

2092 1880 2198 1935 que
2218 1875 2405 1920 eorum
2442 1866 2763 1921 temerarios
2790 1874 3016 1921 conatus
3034 1866 3217 1922 irritos
3236 1865 3501 1931 efﬁceret,
3525 1881 3684 1920 exer-

2093 1958 2235 2013 cltus
2273 1972 2303 2012 a
2330 1971 2457 2028 rege
2495 1958 2923 2012 Sarracenorum
2950 1957 3285 2013 Abdiraman
3326 1958 3394 2012 ad
3421 1958 3683 2012 auxilium

2093 2048 2284 2103 Aizeni
2333 2047 2615 2101 ferendum
2669 2048 2866 2103 missus
2926 2047 3416 2118 Caesaraugustam
3469 2047 3683 2102 venisse

2095 2139 2402 2203 nunciatur,
2427 2151 2591 2207 supra
2616 2152 2776 2207 quem
2798 2138 2845 2170 “
2894 2139 3258 2203 Abumarvan,
3286 2139 3431 2210 regis
3457 2138 3679 2208 propin-

2095 2243 2256 2298 quus,
2290 2228 2399 2282 dux
2424 2227 2774 2291 constitutus,
2806 2242 2873 2282 ex
2902 2228 3344 2298 persuasionibus
3380 2229 3429 2261 ”
3457 2228 3687 2283 Aizonis

2097 2319 2243 2373 haud
2286 2318 2504 2374 dubiam
2562 2319 2665 2374 sibi
2712 2320 2998 2375 victoriam
3056 2318 3428 2390 pollicebatur.
3482 2319 3683 2374 Contra

2096 2425 2257 2480 quem
2301 2410 2599 2479 imperator
2627 2409 2797 2464 ﬁlium
2830 2426 2986 2466 suum
3013 2410 3324 2481 Pippinum,
3356 2409 3683 2480 Aquitaniae

2096 2516 2299 2572 regem,
2344 2516 2471 2556 cum
2496 2501 2782 2557 inmodicis
2830 2502 3164 2557 Francorum
3216 2502 3388 2571 copiis
3430 2502 3679 2563 mittens,

2096 2592 2247 2661 regni
2278 2591 2362 2646 sui
2392 2591 2653 2646 terminos
2679 2591 2820 2646 tueri
2849 2591 3147 2660 praecepit.
3176 2588 3331 2657 Quod
3372 2590 3446 2645 ita
3477 2588 3681 2659 factum

2097 2691 2262 2746 esset,
2292 2683 2348 2736 ni
2375 2683 2570 2737 ducum
2614 2682 2821 2738 desidia
2853 2698 2991 2752 quos
3027 2682 3367 2738 Francorum
3409 2683 3679 2737 exercitui

2096 2769 2447 2842 praefecerat,
2473 2770 2681 2827 tardius
2708 2787 2871 2841 quam
2896 2786 3079 2827 rerum
3114 2772 3413 2827 necessitas
3439 2771 3680 2841 postula-

2097 2860 2210 2926 bat,
2237 2862 2285 2916 is
2310 2875 2472 2934 quem
2504 2862 2776 2918 ducebant
2805 2862 2853 2894 “
2881 2864 2950 2917 ad
2974 2876 3213 2917 meream
3245 2863 3487 2917 venisset
3514 2876 3675 2916 exer-

2096 2952 2262 3010 citus.
2296 2956 2447 3022 Quae
2477 2953 2707 3009 tarditas
2736 2954 2790 3008 in
2820 2961 3030 3008 tantum
3070 2954 3233 3008 noxia
3284 2951 3407 3017 fuit,
3448 2961 3512 3006 ut
3539 2951 3683 3006 Abu-

2100 3060 2324 3100 marvan
2372 3046 2439 3109 π,
2486 3032 2713 3099 vastatis
2747 3044 3231 3099 Barcinenensium
3262 3058 3328 3098 ac
3370 3042 3684 3099 Gel-unden-

415 3127 543 3185 tatis
572 3126 733 3181 ﬁdem
759 3126 1103 3186 excederent,
1129 3125 1232 3180 nisi
1272 3134 1484 3180 eertum
1518 3132 1685 3197 esset,
1721 3131 1996 3187 dominum
2023 3130 2067 3190 C
2099 3135 2239 3190 sium
2292 3135 2437 3203 agris
2464 3134 2712 3203 villisque
2759 3134 3018 3199 incensis,
3064 3134 3276 3189 cunctis
3328 3134 3495 3188 etiam
3547 3147 3683 3203 quae

416 3224 661 3273 nostrum
688 3216 863 3270 iestrm
890 3214 1194 3278 Christum,
1218 3230 1320 3282 pro
1343 3229 1451 3283 quo
1470 3215 1613 3269 idem
1650 3221 1996 3278 beatissimus

417 3306 608 3360 martir
634 3306 677 3336 “
707 3318 898 3374 passus
926 3319 1049 3358 esse
1093 3304 1413 3368 dinoscitur,
1434 3309 1622 3364 omnia
1649 3312 1689 3345 "
1717 3326 1860 3381 quae
1884 3311 1999 3367 vult

419 3393 594 3452 facere
621 3408 779 3462 posse
801 3408 888 3462 per
918 3393 1155 3447 divinant
1171 3393 1766 3466 omnipotentiam“,in
1789 3416 1896 3471 qua
1921 3400 1995 3455 im

416 3483 594 3543 crauis
610 3492 864 3541 creatura
886 3483 941 3536 in
965 3482 1117 3538 coelo
1140 3490 1194 3537 et
1237 3482 1290 3538 iu
1310 3500 1451 3545 terra
1483 3491 1721 3548 subiecta
1751 3501 1852 3550 est.

1028 3633 1409 3691 DCCCXKVII.

488 3765 785 3837 Imperator
814 3768 1131 3823 Helisachar
1154 3766 1513 3837 presbiterum
1554 3778 1608 3824 et
1650 3770 1903 3825 abbatem
1942 3779 1999 3825 et

419 3871 541 3912 cum
562 3870 631 3914 eo
668 3854 1073 3915 Hildibrandum
1100 3858 1145 3890 "
1167 3866 1329 3928 atque
1372 3859 1635 3913 Donatum
1676 3840 1906 3915 comites
1931 3859 1999 3914 ad

422 3953 599 4001 motus
635 3944 958 4016 Hispanicae
985 3961 1199 4000 marcae
1221 3947 1621 4015 componendus
1650 3948 1817 4003 misit.
1855 3948 1997 4005 Ante

420 4050 647 4109 quorum
684 4035 971 4093 adventum
1002 4034 1156 4098 Aizo,
1196 4033 1623 4090 Sarracenorum
1650 4036 1851 4091 auxilio
1883 4036 1992 4093 fre-

2103 3233 2256 3281 extra
2284 3224 2447 3279 urbes
2474 3225 2756 3279 invenerat
2794 3222 3042 3292 direptis,
3073 3237 3198 3277 cum
3240 3222 3491 3277 incolumi
3531 3236 3683 3276 exer-

2103 3316 2211 3371 citu
2240 3313 2728 3384 Caesaraugustam
2755 3330 2814 3371 se
2840 3316 2996 3387 prius
3017 3318 3303 3385 reciperet,
3332 3331 3496 3385 quam
3534 3330 3564 3368 a
3590 3330 3684 3368 no-

2102 3413 2216 3460 stro
2235 3404 2478 3458 exercitu
2504 3405 2588 3459 vel
2613 3406 2783 3461 videri
2812 3407 3096 3475 potuisset.
3129 3405 3300 3460 Huius
3320 3405 3494 3460 cladis
3526 3420 3688 3474 prae-

2102 3490 2249 3562 sagia
2275 3492 2482 3547 credita
2509 3501 2634 3546 sunt
2655 3493 2803 3548 visae
2830 3494 3107 3549 m-ultoties
3133 3495 3187 3549 in
3232 3494 3387 3549 coelo
3430 3494 3599 3556 acies,
3628 3501 3686 3547 et

2102 3582 2191 3637 ille
2225 3582 2480 3637 terribilis
2501 3591 2797 3639 nocturnae
2823 3585 3217 3640 cornscationis
3242 3585 3298 3640 in
3319 3600 3447 3640 aere
3474 3584 3687 3639 discun-

2097 3690 2210 3731 sns.
2240 3676 2544 3746 Imperator
2579 3687 2781 3741 autem,
2811 3678 3022 3733 duobus
3059 3677 3420 3733 conventibus
3455 3674 3677 3735 habitis,

2096 3781 2207 3821 uno
2225 3766 2367 3834 apud
2390 3764 2713 3837 Niumagum
2741 3766 2787 3799 "
2814 3776 3037 3836 propter
3060 3767 3222 3823 falsas
3246 3766 3470 3822 Hobrici
3499 3765 3567 3828 υ,
3587 3763 3683 3818 ﬁlii

2099 3855 2381 3912 Godofriai
2403 3858 2545 3927 regis
2573 3857 2866 3923 Dacorum,
2909 3857 3343 3927 pollicitationes,
3393 3856 3595 3925 quibus
3625 3868 3688 3909 se

2103 3946 2195 4002 illo
2221 3947 2291 4002 ad
2336 3947 2683 4017 imperatoris
2711 3948 3072 4015 praesentiam
3100 3957 3386 4002 venturum
3425 3945 3689 4014 promise-

2102 4043 2207 4100 rat,
2234 4035 2408 4092 altero
2456 4036 2599 4106 apud
2654 4034 3067 4105 Compendium,
3099 4037 3152 4090 in
3201 4051 3309 4106 quo
3335 4033 3687 4115 et‘annualia

1660 4160 2050 4218 VARIANTES
2086 4163 2484 4221 LECTIONES.

497 4277 512 4306 ¹
554 4274 814 4329 indictum
842 4275 894 4329 9.

972 4275 1012 4343 ξ
1034 4272 1265 4343 retenuit
1302 4272 1348 4324 l.
1385 4272 1570 4343 reliqui
1602 4272 1840 4327 retinuit.
1919 4274 1940 4306 ³

425 4345 664 4400 tissimos
715 4343 768 4398 9.
870 4344 890 4375 ⁵
944 4340 1215 4397 hilduinus
1251 4342 1304 4394 9.

1977 4291 2112 4344 quos
2168 4275 2442 4332 abodritos
2500 4278 2550 4329 Ι.

1408 4341 1430 4373 ⁸
1468 4341 1782 4397 monasterii
1862 4341 2011 4398 deest
2047 4345 2100 4399 9.

423 4416 447 4447 ⁸
482 4426 770 4468 uessonam
818 4413 869 4467 l.
901 4413 954 4466 4.
983 4424 1270 4464 uessonem
1307 4410 1361 4463 2.
1398 4425 1657 4466 uesonam
1704 4411 1759 4467 3.
1793 4427 2108 4468 suessonam
2143 4412 2197 4467 5.
2237 4414 2291 4468 6.
2319 4415 2370 4468 7.
2424 4416 2470 4470 B
2511 4415 2565 4469 5.

2664 4277 2686 4308 δ
2739 4277 2973 4346 optimos
3025 4285 3206 4330 tamen
3269 4291 3348 4346 ac»
3400 4285 3689 4346 praestari-

2212 4346 2233 4377 ⁷
2274 4355 2544 4400 annuente
2608 4344 2869 4471 praesule
2912 4345 3106 4416 (media
3151 4344 3361 4415 desunt)
3405 4344 3458 4399 4.
3488 4415 3502 4428 .
3526 4345 3594 4429 5..
3636 4349 3683 4403 6.

2237 4414 2291 4468 6.
2319 4415 2370 4468 7.
2424 4416 2470 4470 B
2511 4415 2565 4469 5.
2648 4457 2659 4469 .
2698 4429 3038 4471 suessmnam
3089 4415 3141 4469 9.
3196 4413 3295 4468 B9.
3329 4429 3683 4471 suessxoniam

2648 4457 2659 4469 .
2698 4413 3038 4471 suessionam
3089 4415 3141 4469 9.
3196 4413 3295 4468 B9.
3329 4413 3687 4473 suessioniam

422 4484 614 4556 Chesn.
649 4482 815 4556 Bouq.
890 4483 913 4514 ’
932 4495 1070 4556 cum_
1093 4479 1265 4556 loculo
1292 4481 1586 4556 vectatonio
1607 4481 1889 4556 ut_al_latae
1911 4494 2037 4556 sunt
2071 4484 2124 4536 7.
2163 4483 2315 4556 lectio
2342 4500 2408 4556 ea:
2433 4485 2691 4556 Anonymi
2702 4485 2819 4556 inita
2848 4483 3144 4538 Hludowici
3166 4500 3283 4556 cap.
3311 4483 3401 4556 46.
3428 4484 3687 4556 derivata.

425 4555 663 4607 Samen.
768 4548 810 4586 ⁸⁸
848 4567 1011 4607 omne
1044 4548 1096 4603 4.
1196 4552 1237 4582 ⁸³
1270 4549 1493 4605 emicuit
1519 4550 1573 4605 9.

426 4624 532 4677 div.

1674 4551 1715 4583 “
1742 4552 2085 4608 beatissimus
2112 4554 2304 4608 martir
2346 4553 2486 4609 deest
2512 4554 2566 4609 9.
2587 4551 2606 4556 ⁷
2676 4555 2719 4587 ³³

572 4625 869 4693 potentiam
901 4622 937 4675 f.
969 4637 1024 4692 ι).
1070 4620 1122 4673 9.
1157 4630 1259 4693 est.
1293 4620 1411 4693 Ipse
1437 4628 1617 4674 autem
1647 4622 1968 4693 venerabilis
1997 4623 2164 4693 abbas
2205 4621 2483 4692 praefatus
2526 4620 2810 4679 Hilduinus
2861 4625 3003 4678 inter
3049 4622 3299 4693 plurima,
3328 4636 3472 4692 quae
3506 4623 3558 4677 ei
3589 4620 3688 4679 au-

2755 4569 2947 4624 passus
2972 4563 3095 4624 est,
3125 4554 3309 4624 omnia
3342 4553 3396 4608 9.
3504 4553 3550 4584 “
3595 4570 3692 4624 per

427 4691 629 4763 gustali
650 4690 986 4763 benignitate
1023 4690 1311 4763 commissa
1341 4690 1584 4763 fuerant,
1628 4691 1998 4763 monasteria,
2013 4690 2246 4747 habebat
2292 4695 2730 4763 procurationem
2764 4694 3010 4763 coenobii
3050 4690 3254 4747 nobilis
3291 4690 3363 4747 in‘
3395 4703 3687 4763 prospectu

428 4758 941 4833 ill'hiSASllCSSfll‘llm,
976 4760 1121 4833 quod
1145 4758 1478 4833 Clotharius,
1524 4759 1794 4833 quondam
1844 4775 1937 4815 rex
1961 4758 2311 4825 Francorum,
2338 4762 2587 4833 ﬁliusque
2608 4765 2725 4818 eius
2750 4762 3082 4832 Sygebertus
3107 4758 3456 4833 inhonorein
3485 4758 3684 4833 beatis-

427 4832 548 4885 simi
584 4829 819 4904 lle-lardi
864 4829 1189 4904 cqul'essoris
1234 4828 1436 4904 Christi
1484 4828 1701 4904 magnis
1724 4839 2150 4904 construxerant
2177 4828 2583 4904 sumptibusfin
2612 4850 2720 4903 quo
2745 4828 2939 4888 eteius
2976 4832 3369 4904 sacratissima
3392 4832 3692 4904 tantulach

430 4910 550 4973 rant
586 4900 849 4954 membra.
908 4898 1080 4973 Simili
1126 4898 1291 4973 morio
1334 4897 1649 4973 praedictus
1689 4897 1857 4973 abbas
1902 4909 2025 4969 post
2069 4897 2349 4973 decessum
2392 4897 2681 4973 lrminonis
2713 4904 2935 4973 regebat
2975 4902 3154 4973 locum
3196 4901 3373 4955 sancti
3422 4900 3689 4973 Vincentii

428 4968 989 5042 levitae_et_martyris
1017 4968 1069 5021 in
1108 4964 1417 5042 suburbano
1445 4966 1593 5042 urbis
1615 4964 2019 5042 Parrhisiaéae,
2046 4972 2134 5026 ubi
2162 4972 2438 5042 preciosus
2461 4971 2663 5027 Christi
2705 4964 2990 5042 confessor
3016 4970 3318 5042 Germanus
3341 4970 3688 5042 requiescit;

428 5040 580 5123 quod
611 5035 1030 5123 Childebertulsn
1055 5051 1183 5123 "rei
1204 5036 1508 5123 quondam“
1537 5035 1867 5123 [aranearum
1918 5035 2178 5123 inclytus;
2195 5041 2379 5123 frater
2405 5042 2695 5123 “praedicti
2749 5042 2894 5123 regis
2932 5039 3227 5123 Clotharii;
3257 5035 3585 5123 aediﬁ'cajitn

435 5104 479 5141 ³⁷⁵
509 5109 878 5164 ildebrandum
929 5107 982 5160 ‘2.
1017 5104 1425 5161 hildebranlum
1478 5104 1528 5158 7.
1559 5105 1615 5160 9.

431 5179 650 5233 berouis
676 5178 731 5233 9.
759 5179 923 5233 herae
964 5177 1016 5230 7.
1120 5175 1164 5207 “
1202 5174 1565 5229 willimundus
1616 5174 1659 5228 Β
1689 5176 1742 5229 6.

434 5249 480 5278 ²¹
514 5248 917 5303 administraret
943 5247 995 5302 9.
1096 5244 1141 5278 ³³
1178 5259 1302 5300 eum
1350 5244 1586 5298 fecerant
1632 5244 1685 5298 5.
1726 5245 1771 5298 Β
1811 5247 1863 5299 5.

439 5386 533 5441 rici
562 5387 614 5447 7.

1713 5107 1757 5180 ξε
1800 5108 1905 5180 inc.
1951 5107 2086 5164 adeo
2135 5111 2382 5180 fatigavit
2404 5107 2458 5166 9'.

1855 5177 1897 5209 "
1936 5192 2144 5234 necnon
2175 5177 2315 5233 debat
2357 5180 2412 5236 9.
2506 5181 2552 5213 '°
2590 5196 2656 5234 ac
2705 5179 2908 5234 mauris
2965 5180 3107 5233 deest
3150 5179 3204 5233 9.

1988 5248 2035 5280 "'
2070 5263 2234 5317 super
2273 5264 2432 5317 quem
2486 5250 2539 5304 9.

436 5316 481 5390 "_
522 5316 888 5390 _abumaruam
915 5315 971 5373 2.
1064 5316 1110 5348 ³⁸
1147 5315 1451 5385 niumagam
1484 5312 1536 5366 2.
1589 5313 1640 5367 5.
1671 5316 1719 5368 7.
1754 5315 1798 5366 Β
1831 5316 1883 5377 5.
1923 5318 1975 5375 6.
2031 5312 2334 5390 mogiogam
2358 5318 2409 5375 6.
2460 5312 2837 5389 noviomagum
2860 5320 2912 5372 5.
2945 5318 2998 5373 9.

2567 5106 2917 5210 ’ἶηδθξὶίὲἱέξ
2947 5108 3248 5210 ²λὲ;.⁴;.⁵·
3297 5109 3349 5210 ‘3;
3393 5106 3604 5210 5.51;}?
3633 5108 3687 5210 ἕ·

2639 5196 2656 5234 3
2705 5179 2908 5234 mauris
2965 5180 3107 5233 deest
3150 5179 3204 5233 9.
3302 5180 3347 5210 “
3400 5178 3586 5234 missis
3633 5177 3687 5229 9.

2639 5251 2688 5282 "
2719 5249 3073 5304 nerstmsione
3111 5250 3164 5301 9.
3262 5248 3310 5279 “
3346 5247 3583 5302 ducebat
3634 5248 3687 5300 5.

2719 5265 3073 5319 persuasione
3111 5265 3164 5301 υ.
3262 5265 3310 5279 π
3346 5265 3583 5302 uucenar
3634 5265 3687 5300 ο.

2719 5335 2837 5372 sum
2860 5320 2912 5372 5.
2945 5318 2998 5372 9.
3098 5318 3142 5348 ²⁹
3184 5318 3354 5372 horici
3388 5316 3440 5370 6.
3472 5318 3525 5372 9.
3550 5319 3688 5372 hon-

1960 5474 2164 5532 ΝΟΤίΕ
2175 5518 2190 5532 .

517 5580 539 5637 f‘
578 5563 863 5637 Qerdagne.

516 5635 541 5674 ιι
587 5634 780 5698 Vailes,
808 5637 965 5693 vallis
999 5636 1326 5697 fertilissima
1363 5636 1563 5695 28,000

1602 5652 1853 5705 passuum
1896 5637 2011 5690 lon-

443 5705 700 5776 gitudinis
730 5705 925 5773 i6,000
962 5721 1217 5778 passuum
1262 5706 1577 5773 latitudinis,
1624 5706 1691 5765 ad
1740 5707 2005 5763 orientem

2038 5589 2090 5648 Ι)
2116 5568 2350 5648 fluminis
2379 5568 2682 5648 Liobregat,
2715 5566 3134 5648 eseptentrione
3169 5566 3501 5648 Bageinonze.
3539 5562 3687 5621 Petr.

2116 5639 2181 5695 de
2204 5638 2253 5693 la
2286 5638 2488 5704 Marsa,
2518 5635 2698 5693 Manes
2720 5635 3028 5705 Hispanica,
3058 5651 3162 5709 pag
3216 5635 3334 5691 166.
