3986 6174
258 259 355 315 595

1710 257 2033 315 AMALES

2957 205 2985 218 ο

3409 274 3513 327 509

254 375 389 427 dona
438 369 695 438 suscepit,
734 375 789 422 et
820 367 905 421 bis
930 367 1024 437 qui
1066 367 1133 421 ad
1162 379 1401 420 marcum
1430 366 1777 436 Hispanicum
1808 370 1825 399 ⁸
1854 372 1905 430 Α
1926 377 1985 423 et
2027 367 2318 425 Ansiridus
2359 371 2528 426 abbas
2552 373 2598 405 ³⁸
2627 376 2947 433 monasterii
2992 377 3329 435 Nonnullae
3370 382 3519 441 Con-

253 457 499 514 mittendi
523 466 697 523 erant,
726 457 855 525 quid
876 457 969 512 vel
984 456 1221 526 qualiter
1247 472 1408 526 agere
1430 457 1710 523 deberent,
1734 458 1835 511 im-

252 552 487 625 peravit,
519 550 636 619 ipse
663 550 805 603 inter
831 548 1219 618 Compendium
1248 556 1305 603 et
1329 547 1662 603 Carisiaeum
1690 555 1835 603 cete-

252 657 420 710 raque
445 641 531 696 bis
558 639 737 694 vicina
784 638 980 708 palatia
1010 652 1180 707 usque
1204 638 1273 692 ad
1318 637 1529 692 hiberni
1576 637 1833 706 temporis

256 733 466 788 initium
511 741 863 786 conversatus
902 737 1006 784 est.
1063 729 1275 783 Interea
1326 743 1482 799 reges
1537 728 1830 793 Danorum,

257 823 347 876 ﬁlii
376 820 632 876 videlicet
677 820 698 850 ³
740 817 1042 883 Godofridi,
1082 818 1395 873 Herioldum
1441 818 1509 873 de
1557 820 1834 873 consortio

256 912 404 981 regni
441 911 722 974 eicientes,
768 907 1237 963 Nordmannorum
1289 911 1312 939 ³
1345 906 1543 962 ﬁnibus
1570 909 1834 963 excedere

255 1001 650 1071 compulerunt.
693 999 910 1070 Bulgari
937 1013 1152 1068 quoque
1181 998 1406 1053 Sclavos
1431 999 1486 1053 in
1510 998 1786 1052 Pannonia
1813 999 1831 1031 δ

255 1094 529 1155 sedentes,
561 1091 727 1145 misso
753 1103 853 1158 per
882 1087 1118 1142 Dravum
1146 1088 1321 1142 navali
1371 1088 1637 1152 exercitu,
1688 1087 1836 1142 ferro

256 1195 308 1239 et
336 1183 449 1253 igni
480 1187 846 1243 vastaverunt,
872 1190 929 1234 et
953 1179 1191 1247 expulsis
1218 1193 1403 1233 eorum
1429 1177 1675 1241 ducibus,
1706 1177 1834 1230 Bul-

255 1276 469 1347 garicos
518 1273 542 1306 '
584 1286 749 1341 super
800 1285 895 1326 eos
942 1271 966 1302 ‘
1010 1280 1251 1325 rectores
1278 1270 1695 1325 constituerunt.
1731 1270 1838 1323 Eu-

255 1366 444 1436 genius
475 1379 613 1434 papa
647 1376 832 1418 mense
854 1361 1096 1433 Auguste
1121 1363 1371 1427 decessit,
1402 1363 1456 1415 in
1482 1362 1636 1417 cuius
1658 1362 1835 1421 locum

257 1458 579 1512 Valentinus
615 1456 879 1512 diaconus
910 1471 941 1509 a
973 1455 1232 1509 Romanis
1257 1463 1314 1508 et
1341 1455 1547 1508 electus
1587 1454 1628 1517 ⁷,
1655 1462 1712 1507 et
1745 1468 1838 1508 or-

257 1550 496 1612 dinatus,
532 1547 622 1601 vix
653 1560 822 1600 unum
864 1545 886 1577 ⁸
928 1558 1173 1599 mensem
1227 1545 1281 1598 in
1320 1543 1638 1613 pontiﬁcatu
1680 1558 1835 1599 com-

256 1640 447 1709 plevit,
491 1652 598 1707 quo
650 1636 928 1701 defuncto,
966 1634 1262 1705 Gregorius
1310 1634 1581 1705 presbiter
1628 1634 1771 1687 tituli
1812 1634 1834 1665 °

257 1728 431 1785 sancti
460 1728 626 1784 Marci
673 1728 897 1794 electus,
945 1728 1041 1782 sed
1086 1741 1192 1781 non
1226 1727 1378 1797 prius
1420 1726 1701 1782 ordinatus
1730 1735 1836 1793 est,
1868 1710 1914 1768 Β

258 1838 418 1893 quam
462 1823 673 1893 legatus
703 1821 1049 1891 imperatoris
1087 1819 1315 1873 Romam
1348 1819 1497 1873 venit
1534 1820 1599 1884 ιο,
1644 1828 1699 1873 et
1732 1820 1842 1874 ele-

257 1915 492 1968 ctionem
520 1910 721 1982 populi,
761 1909 937 1979 qualis
980 1916 1127 1965 esset
1159 1908 1224 1974 “,
1258 1908 1610 1963 examinavit.
1650 1909 1838 1979 Legati

260 2001 572 2059 Michahelis
609 2000 952 2071 imperatoris
983 2000 1049 2055 de
1086 1998 1549 2069 Constantinopoli
1577 2002 1620 2031 “
1649 2000 1718 2057 ad
1734 2002 1840 2056 ἤω-

257 2102 564 2167 peratorem
624 2092 667 2124 ⁸⁸
705 2092 860 2161 quasi
894 2099 1116 2162 propter
1169 2090 1358 2147 foedus
1409 2093 1837 2148 conﬁrmandum

258 2168 431 2247 missi,
492 2180 830 2252 Septembrio
888 2196 1073 2235 mense
1118 2179 1507 2251 Compendium
1551 2191 1837 2248 venerunt,

256 2290 391 2343 quos
428 2273 519 2327 ille
554 2273 625 2326 ib‘i
652 2272 882 2342 benigne
915 2273 956 2303 ι*
982 2280 1228 2341 receptos
1257 2279 1311 2327 et
1337 2273 1544 2326 audivit
1569 2280 1625 2326 et
1654 2272 1833 2327 absol-

254 2366 333 2417 vit
356 2364 423 2416 "’.
460 2358 702 2433 Corpora
738 2362 1175 2416 beatissimorum
1211 2362 1499 2417 martirum
1540 2362 1838 2417 Is'arcellini

254 2466 310 2509 ct
357 2454 508 2509 Petri
542 2454 607 2507 de.
637 2451 806 2507 Roma
872 2452 1108 2517 sublata,
1153 2460 1210 2506 et
1246 2450 1506 2507 Octobrio
1550 2468 1736 2508 mense
1770 2453 1838 2507 in

256 2544 543 2599 Framiam
571 2557 596 2585 α
632 2542 913 2607 translata,
961 2551 1017 2597 et
1046 2543 1121 2597 ibi
1165 2542 1206 2574 ιο
1245 2542 1429 2598 multis
1470 2543 1641 2613 signis
1676 2551 1839 2614 atque

252 2635 549 2690 virtutibus
585 2633 880 2690 clariﬁcata
917 2642 1044 2688 sunt
1073 2633 1123 2686 ιι.

842 2723 1249 2781 DCCCXXVIH.

324 2819 635 2873 Conventus
667 2816 1003 2886 Aquasgrani
1036 2817 1078 2848 ¹⁷
1110 2831 1294 2871 mense
1323 2815 1623 2872 Februario
1663 2817 1839 2872 factus

249 2918 358 2974 est,
395 2909 448 2963 in
489 2924 598 2977 quo
627 2923 747 2961 cum
779 2907 844 2961 de
870 2904 1052 2960 multis
1095 2905 1217 2961 aliis
1241 2907 1442 2970 causis,
1487 2915 1600 2960 tum
1628 2907 1839 2976 praeci-

248 3014 355 3067 pne
397 2998 464 3052 de
518 2996 604 3051 his
651 3010 789 3066 quae
829 2995 890 3052 in
938 3010 1120 3050 marca
1148 2995 1433 3065 Hispanica
1470 2998 1865 3068 contigerunt,

1937 459 2343 528 stantinopolim
2369 462 2541 525 missi,
2572 471 2630 517 et
2649 478 2683 516 a
2706 464 2968 520 Michaele
2995 467 3343 538 imperatore,
3375 476 3518 529 sicut

1936 548 2036 615 ipsi
2076 548 2201 604 inde
2233 551 2436 604 reversi
2479 551 2779 608 retulerunt
2806 554 2853 587 ³⁸
2872 590 2888 619 ,
2930 556 3227 613 honoriﬁce
3276 563 3515 631 suscepti

1935 645 2081 692 sunt.
2106 637 2405 707 imperator
2422 639 2574 699 iunio
2595 656 2780 698 mense
2803 643 2870 697 ad
2892 645 3244 715 lngilunbeim
3264 650 3448 705 villam
3470 652 3517 683 ³⁸

1934 726 2104 790 venit,
2121 727 2302 796 ibique
2320 742 2421 797 per
2443 729 2644 798 aliquot
2667 731 2783 786 dies
2806 732 3060 800 placitum
3082 737 3371 803 habuit,-in
3385 756 3513 810 quo.
3532 769 3547 775 -

1936 834 2058 873 cum
2085 819 2150 873 de
2178 819 2304 874 ﬁliis
2326 820 2439 874 suis
2468 819 2749 878 Hlothario
2771 834 2829 878 et
2854 824 3083 895 Pippino
3109 842 3231 883 cum
3274 834 3533 887 exercitu-

1936 912 2003 964 ad
2030 926 2272 967 marcam
2300 912 2645 981 Hispanicum
2671 916 2950 973 mittendis
2976 920 3258 975 consilium
3305 923 3516 990 inisset,

1934 1008 1990 1055 et
2016 1001 2070 1055 id
2102 1004 2371 1072 quomodo
2397 1004 2553 1059 ﬁeret
2577 1006 2901 1074 ordinasset,
2932 1010 3127 1067 missos
3150 1013 3192 1047 ³⁷
3216 1016 3379 1069 etiam
3412 1016 3521 1071 Ro-

1936 1094 2079 1147 mani
2103 1095 2396 1162 pontiﬁcis,
2436 1097 3115 1168 Quirinum'primieerium
3159 1119 3223 1159 ac
3260 1106 3522 1161 Theoﬁla-

1936 1191 2085 1237 ctum
2111 1184 2158 1215 ⁸⁸
2183 1185 2660 1250 nomenclatorem,
2699 1189 2791 1255 qui
2834 1190 2901 1243 ad
2942 1205 3070 1245 eum
3111 1192 3203 1247 illo
3238 1204 3518 1259 venerant,

1937 1274 2119 1329 audita
2172 1275 2382 1331 illorum
2423 1277 2468 1308 ³³
2502 1276 2770 1348 legatione
2837 1283 3170 1349 dimisisset,
3222 1287 3289 1339 ad
3336 1287 3519 1341 villam

1937 1364 2341 1420 Franconofurd
2364 1367 2411 1399 '°
2435 1367 2708 1436 profectus
2739 1378 2843 1433 est,
2863 1370 3043 1441 ibique
3062 1373 3371 1442 aliquandiu
3410 1390 3538 1431 mo-

1939 1462 2108 1518 ratus,
2141 1448 2504 1509 Wormaciam
2554 1459 2721 1521 venit,
2757 1467 2919 1527 atque
2956 1437 3091 1517 inde
3135 1437 3179 1494 ’λ
3214 1437 3533 1535 Τὴῇκιοιιίεη

1938 1544 2117 1597 villam
2140 1546 2409 1613 perrexit;
2437 1546 2505 1600 de
2524 1562 2631 1617 quo
2654 1548 2773 1603 loco
2796 1548 3134 1606 Hlotharium
3166 1552 3337 1607 lilium
3360 1570 3520 1609 suum

1939 1649 2062 1688 cum
2109 1634 2154 1666 ³³
2202 1636 2412 1706 magnis
2456 1635 2787 1694 Francorum
2845 1640 3017 1710 copiis
3065 1642 3133 1695 ad
3178 1642 3520 1711 Hispanicam

1941 1744 2182 1784 meream
2211 1730 2426 1785 direxit.
2466 1729 2570 1796 Qui
2607 1746 2733 1785 cum
2758 1732 3081 1803 Lugdunum
3107 1734 3365 1800 venisset,
3395 1749 3525 1789 con-

1940 1820 2098 1885 sedit,
2125 1820 2379 1874 nuncinm
2410 1823 2717 1890 opperiens,
2765 1823 2856 1891 qui
2896 1838 2957 1877 se
2991 1823 3059 1878 de
3097 1822 3520 1879 Sarracenorum

1940 1911 2170 1966 adventu
2232 1910 2435 1966 faceret
2477 1912 2804 1976 certiorem;
2859 1913 2915 1966 in
2987 1928 3094 1981 qua
3147 1915 3525 1983 expectatione

1940 2018 2061 2056 cum
2091 2000 2316 2071 Pippino
2360 2001 2531 2057 fratre
2569 2002 2935 2072 conloquitur,
2985 2011 3040 2057 et
3068 2013 3347 2073 comperto
3379 2007 3523 2074 quod

1942 2089 2229 2146 Sarraceni
2258 2092 2325 2146 ad
2346 2105 2603 2146 'marcam
2629 2092 2817 2147 venire
2850 2100 2945 2145 aut
2980 2092 3235 2148 timerent
3278 2104 3373 2148 aut
3408 2095 3526 2148 nol-

1940 2180 2072 2245 lent,
2098 2182 2358 2236 redeunte
2385 2182 2438 2234 in
2477 2181 2823 2251 Aquitaniam
2853 2181 3044 2247 fratre,
3075 2182 3190 2251 ipse
3216 2182 3285 2236 ad
3309 2191 3523 2253 patrem

1938 2269 2278 2340 Aquasgrani
2330 2271 2639 2326 revertitur.
2679 2271 2898 2326 interea
2948 2287 3070 2327 cum
3116 2274 3172 2327 in
3219 2274 3527 2331 conﬁnibus

1941 2361 2409 2416 Nordmannorum
2438 2371 2546 2416 tam
2591 2363 2659 2417 de
2687 2362 2899 2418 foedere
2945 2364 3089 2419 inter
3122 2365 3244 2420 illos
3271 2374 3328 2419 et
3356 2366 3523 2422 Fran~

1939 2470 2033 2510 eos
2068 2454 2458 2519 conﬁrmando,
2503 2470 2663 2523 quam
2704 2457 2769 2510 de
2810 2455 3045 2511 Herioldi
3095 2458 3258 2512 rebus
3292 2469 3519 2512 tractan-

1940 2548 2066 2602 dum
2097 2545 2142 2576 ⁸³
2169 2553 2329 2607 esset,
2363 2554 2419 2600 et
2455 2546 2521 2599 ad
2550 2546 2655 2599 hoc
2682 2546 2846 2624 totius
2874 2561 3043 2616 paene
3070 2547 3116 2578 ⁸³⁵
3144 2546 3414 2604 Saxoniae
3431 2566 3524 2604 eos

1939 2636 2100 2690 mites
2123 2635 2284 2690 simul
2302 2651 2422 2691 cum
2447 2634 2976 2692 markionibus’ﬁllo
3000 2639 3400 2703 convenissent,
3420 2640 3524 2694 lle-

1940 2727 2162 2792 rioldus,
2189 2742 2370 2783 rerum
2396 2726 2751 2798 gerendarum
2773 2728 2939 2780 nimis
2952 2728 3194 2797 cupidos,
3219 2728 3524 2784 condictam

1938 2825 1994 2870 et
2015 2831 2110 2884 per
2132 2816 2349 2871 obsides
2366 2815 2635 2870 ﬁrmatam
2658 2830 2866 2885 pacem,
2889 2816 3126 2871 incensis
3146 2832 3211 2872 ac
3232 2818 3457 2887 direptis
3479 2819 3525 2851 ³⁸

1940 2905 2148 2975 aliquot
2193 2904 2663 2959 Nordmannorum
2700 2903 2920 2970 villulis,
2964 2905 3187 2974 inrupit.
3235 2906 3391 2973 Quod
3427 2918 3525 2962 au-

1940 2993 2150 3048 dientes
2177 2993 2270 3046 lilii
2297 2991 2598 3059 Godofridi,
2648 2993 2945 3048 continetis
2991 2993 3173 3048 subito
3215 2996 3403 3064 copiis,
3454 2996 3525 3050 al

251 3060 394 3142 ratio
424 3086 634 3151 habita,
660 3060 712 3141 et
740 3085 901 3155 legati
930 3086 1021 3156 qui
1049 3060 1310 3141 exercitui
1340 3060 1839 3156 praeerantme
1864 3060 1909 3121 C
1942 3098 2179 3138 meream
2201 3084 2442 3148 veniunt,
2473 3093 2529 3137 et
2550 3090 2766 3138 nostros
2792 3084 2846 3136 in
2872 3084 2990 3152 ripa
3016 3060 3322 3154 Aegidora—e
3346 3060 3526 3140 ﬂuuii-

250 3179 389 3236 bilcs
441 3180 666 3243 inventi,
719 3188 775 3235 et
817 3180 966 3233 iuxta
1018 3179 1061 3211 ’⁸
1093 3181 1287 3234 merita
1346 3195 1442 3235 sua
1494 3182 1834 3236 honorum"

248 3271 543 3326 amissione
563 3269 770 3324 multati
798 3278 940 3325 sunt.
970 3267 1233 3324 Similiter
1258 3278 1313 3324 et
1337 3270 1612 3325 Baldricus
1638 3272 1701 3336 ³ο,
1727 3273 1835 3327 dux

249 3362 661 3426 Foroiuliensis,
699 3376 819 3415 cum
858 3369 1078 3430 propter
1110 3361 1227 3415 eius
1272 3362 1541 3431 ignaviam
1579 3361 1840 3434 Bulgaro—

249 3473 368 3510 rum
398 3455 673 3510 exercitus
718 3454 976 3509 terminos
1012 3453 1320 3508 Pannoniae
1355 3455 1398 3485 ²¹
1431 3457 1726 3524 superioris
1755 3458 1838 3512 in-

246 3561 391 3616 pune
418 3553 710 3609 vastasset,
743 3543 1040 3598 honoribus
1066 3558 1202 3611 quos
1239 3544 1473 3599 habebat
1501 3546 1546 3575 ¹²
1569 3546 1834 3615 privatus,

246 3646 296 3691 et
321 3651 516 3691 marca
544 3651 707 3705 quam
735 3634 881 3690 solus
906 3636 1123 3689 tenebat
1149 3635 1213 3700 ",
1248 3636 1390 3690 inter
1419 3645 1651 3705 quatuor
1668 3639 1837 3693 comi-

247 3736 329 3782 tes
359 3726 541 3782 divisa
579 3735 679 3781 est.
733 3722 1059 3795 Halitgarius
1099 3724 1509 3781 Camaracensis
1553 3727 1837 3797 cpiscopus

1939 3175 2024 3230 nis
2044 3174 2292 3230 sedentes
2330 3190 2395 3229 ac
2443 3174 2576 3228 nihil
2600 3174 2707 3228 tale
2728 3174 3012 3244 opinantes
3049 3175 3276 3230 transito
3305 3176 3527 3233 ﬂumine

1938 3265 2135 3331 adorti,
2157 3266 2354 3323 castris
2381 3274 2588 3321 exuunt
2625 3265 2694 3331 ³⁷,
2721 3266 2908 3336 eisque
2933 3266 2987 3320 in
3014 3265 3193 3336 fugam
3232 3268 3370 3322 actis
3392 3284 3525 3323 cun-

1937 3365 2024 3412 cta
2055 3358 2331 3427 diripiunt,
2370 3374 2433 3413 ac
2472 3373 2531 3412 se
2552 3374 2679 3413 cum
2710 3359 2959 3413 omnibus
2984 3358 3156 3427 copiis
3180 3361 3296 3415 suis
3335 3360 3388 3414 in
3423 3378 3523 3416 sua

1938 3457 2120 3504 castra
2159 3448 2454 3520 recipiunt;
2488 3450 2680 3504 deinde
2725 3450 2858 3503 inito
2895 3449 3137 3513 consilio,
3170 3460 3227 3504 ut
3263 3453 3521 3508 ultionem

1939 3539 2100 3597 huius
2119 3538 2246 3594 facti
2270 3540 2666 3609 praevenirent,
2701 3540 2864 3595 missa
2895 3541 3162 3611 legatione
3195 3543 3261 3598 ad
3289 3544 3523 3613 impera-

1942 3645 2136 3700 torem,
2168 3651 2328 3706 quam
2356 3636 2508 3690 inviti
2552 3645 2607 3690 et
2646 3646 2846 3703 quanta
2880 3637 3204 3691 necessitate
3248 3638 3421 3691 coacti
3468 3639 3520 3693 id

1943 3725 2169 3780 fecerint
2193 3724 2260 3788 ³⁸,
2289 3733 2674 3794 exposuerunt,
2706 3741 2765 3779 se
2797 3732 2975 3778 tamen
3010 3726 3077 3779 ad
3105 3724 3520 3782 satisfactionem

1463 3816 1856 3871 VARIANTES
1895 3812 2295 3870 LECTIONES.

317 3887 336 3916 ⁸
374 3884 661 3955 tumbam
708 3884 1010 3955 hispaniam
1037 3954 1043 3955 ί
1067 3883 1119 3955 Β.
1155 3884 1209 3938 5.
1247 3884 1300 3938 6.

242 3970 395 4026 om.
467 3953 872 4026 A‘npanniail.
938 3954 997 4026 ,μ’
1034 3953 1308 4026 bulgarios
1354 3953 1399 4007 Β
1448 3955 1499 4009 5.

243 4024 295 4079 9.
373 4025 397 4055 ’
438 4023 598 4078 tituli
630 4025 769 4079 deest
798 4025 832 4080 9
933 4024 973 4055 1°
1020 4023 1312 4079 veniret....
1344 4025 1683 4079 examinaret
1726 4023 1778 4080 9.

1406 3886 1425 3916 ¹
1467 3885 1562 3940 lilii
1606 3885 1811 3941 seiiicet
1855 3886 1909 3941 9.

1602 3955 1621 3985 ⁸
1660 3952 1965 4026 bulgaricos
2013 3954 2092 4026 eis
2131 3953 2183 4007 9.

2015 3884 2597 3955 inordusmannorum
2640 3883 2705 3955 2;
2768 3883 2931 3955 igitur
2972 3894 3029 3955 ut
3080 3887 3135 3938 in
3178 3894 3319 3941 textu
3347 3886 3522 3955 legen-

2281 3953 2300 3983 "
2344 3955 2583 4007 romanis
2629 3954 2833 4007 electus
2864 3953 2915 4006 7.
2957 3953 3008 4007 9.
3107 3956 3128 3986 ⁸
3164 3971 3330 4009 unum
3378 3953 3520 4011 deest

1944 4022 2119 4093 qualis
2172 4029 2317 4077 esset
2362 4022 2512 4077 deest
2565 4022 2646 4077 9.~
2716 4023 2757 4053 ”
2799 4023 3095 4078 examinar.
3129 4024 3164 4078 l.
3198 4035 3254 4078 et
3281 4042 3353 4079 m.
3381 4026 3417 4078 i.
3452 4027 3519 4083 de

243 4094 704 4166 constantinopoli
750 4095 892 4166 deest
936 4093 983 4166 Β
1034 4092 1086 4147 5.
1169 4095 1221 4166 “A
1243 4095 1308 4148 ad
1336 4095 1715 4166 imperatorem
1743 4094 1884 4148 deest
1924 4091 1977 4150 9.
2057 4091 2101 4123 ιδ
2137 4108 2274 4162 quos
2301 4092 2595 4166 imperator
2622 4094 2853 4166 benigne
2895 4093 2947 4148 9.
3022 4094 3071 4166 _”
3111 4094 3359 4166 absolvit.
3400 4094 3521 4166 Ipso

244 4174 501 4233 tempore
530 4163 849 4227 Heinardus,
877 4165 959 4219 sui
998 4164 1257 4233 temporis
1286 4163 1735 4232 prudentissimus
1776 4166 2042 4229 virorum,
2072 4171 2293 4218 sanetae
2322 4163 2626 4233 devotionis
2655 4164 2913 4233 incitatus
2941 4164 3134 4220 ardore
3160 4164 3389 4219 Romam
3416 4163 3519 4223 ini-

242 4234 339 4297 sit,
375 4242 435 4287 et
474 4248 700 4302 corpora
748 4244 1059 4289 sanctorum

1165 4230 1407 4289 arcellini
1451 4243 1507 4289 et
1560 4235 1705 4290 Petri
1762 4244 2032 4290 annuente
2080 4248 2217 4304 papa
2282 4232 2334 4286 in
2387 4230 2677 4304 Franciam
2731 4232 2860 4288 fecit
2916 4236 3224 4304 transvehi,
3261 4244 3316 4290 et
3363 4234 3548 4291 valde'

243 4304 519 4375 decenter
562 4303 614 4356 in
658 4305 877 4374 proprio
937 4303 1211 4375 territorio
1267 4305 1605 4375 propriisque
1648 4306 1953 4375 sumptibus
2002 4302 2612 4375 recondidit:Quorum
2662 4304 2871 4375 meritis
2910 4303 3172 4375 hactenus
3219 4304 3290 4357 ibi
3341 4306 3520 4359 Domi-

245 4390 350 4429 nus
410 4372 577 4426 qulta
625 4371 880 4444 operatur
917 4373 1178 4444 virtutum
1218 4371 1477 4427 miracula
1515 4371 1565 4428 '7.
1621 4371 1957 4444 interpolatio
1999 4388 2062 4427 ea:
2121 4375 2224 4426 vita
2278 4371 2579 4444 [lludowici
2633 4390 2748 4442 cup.
2810 4373 2899 4444 MA.

247 4444 287 4476 "
312 4442 645 4514 aquasgrani
683 4443 733 4497 1.
759 4442 887 4514 1375.
915 4443 967 4496 6.
997 4441 1182 4514 reliqui
1204 4444 1536 4514 aquisgrani.

243 4583 289 4614 “
319 4583 467 4638 abba
495 4580 613 4636 135.

242 4652 643 4777 ξῖῗὲξιῗιφειξά.
662 4652 715 4777 9’.

712 4582 760 4613 "
782 4583 982 4638 sicuti.
1027 4582 1062 4636 i.
1099 4598 1142 4635 r.
1175 4582 1473 4638 retulerunt
1507 4585 1646 4637 deest
1676 4583 1729 4639 9.

814 4723 860 4753 ³³
886 4731 1174 4776 tractatum
1201 4721 1246 4774 Β
1273 4721 1325 4776 5.
1424 4725 1471 4755 ³⁷⁵
1496 4739 1665 4793 poene
1693 4724 1741 4777 1.

996 4444 1182 4523 reliqui
1204 4444 1536 4523 aquisgrani.
1574 4514 1601 4523 Α
1635 4446 1677 4476 ¹⁸
1701 4446 1908 4523 inventi
1930 4445 2078 4523 iuxta

244 4529 344 4569 cus
370 4510 563 4568 Veliam
601 4512 653 4567 9.
727 4513 771 4543 ¹¹
802 4511 1010 4583 bulgari
1056 4510 1193 4569 ﬁnes
1236 4510 1539 4583 pannoniae
1571 4514 1623 4568 9.
1699 4516 1746 4545 "
1786 4530 1921 4584 quos
1971 4514 2205 4569 habebat
2248 4512 2388 4563 deest
2415 4510 2465 4563 9.
2570 4511 2616 4541 ³³

244 4583 289 4614 ³⁵
319 4583 467 4638 abba
495 4581 539 4633 Β
561 4580 613 4636 5.
712 4582 760 4613 "
782 4583 982 4638 sicuti.
1027 4582 1062 4636 i.
1099 4598 1142 4635 r.
1175 4584 1473 4638 retulerunt
1507 4585 1646 4637 deest
1676 4583 1729 4639 9.
1830 4584 1876 4615 “
1899 4584 2079 4639 villam
2105 4587 2250 4639 deest
2280 4581 2332 4634 9.
2438 4576 2480 4610 ’7
2527 4580 2616 4633 οι·ιῖ

715 4601 760 4613 ’ν
782 4601 922 4638 ειρυι
947 4601 982 4636 ι.
1027 4601 1062 4636 ι.
1099 4601 1142 4635 r.
1175 4601 1473 4638 retulerunt
1507 4601 1646 4637 aeest
1676 4601 1729 4639 υ.
1832 4601 1876 4615 ’ν
1899 4601 2079 4639 vniam
2105 4601 2250 4639 deest
2280 4601 2332 4634 υ.
2440 4601 2474 4610 --
2527 4601 2833 4633 ormnasset
2881 4601 3085 4647 legatos
3131 4601 3182 4633 υ.
3285 4601 3330 4611 --
3358 4601 3512 4633 meo-

692 4651 737 4682 ”
766 4652 944 4706 audita
967 4667 1154 4706 eorum
1202 4653 1254 4706 9.
1333 4653 1376 4684 ³⁰
1403 4653 1801 4708 franconouurd
1841 4653 1893 4706 4.
1938 4650 2385 4708 franchonofurtb
2429 4648 2475 4703 Β
2518 4650 2568 4704 6.
2613 4647 2983 4704 franconofurt
3018 4648 3069 4701 9.
3147 4648 3190 4679 "
3221 4656 3276 4702 et
3313 4650 3438 4705 inde
3459 4650 3531 4701 9.-

692 4730 715 4775 ν.
814 4723 860 4753 ³³
886 4731 1174 4776 tractatum
1201 4721 1246 4774 Β
1273 4721 1325 4776 5.
1424 4725 1471 4755 ³⁵
1496 4739 1665 4777 necne
1693 4724 1741 4777 1.
1846 4723 1895 4755 ⁸⁸
1921 4722 2288 4777 markionibus
2314 4721 2360 4774 l.
2391 4719 2443 4774 2.
2473 4720 2526 4774 5.
2561 4717 2605 4772 Β
2626 4717 2676 4772 5.
2709 4718 3075 4773 marcionibus
3102 4715 3231 4771 86.
3254 4718 3518 4773 marchioo

1921 4734 2288 4777 markionibus
2314 4734 2360 4774 1.
2391 4734 2443 4774 2.
2474 4734 2526 4774 ἶ).
2561 4734 2604 4772 Η
2626 4734 2676 4772 ῡ.
2709 4734 3075 4773 marcronlnus
3102 4734 3218 4771 συ.
3254 4734 3518 4773 ηιθιτιιιοο

2981 4374 3022 4403 ¹⁶
3065 4375 3327 4427 translata
3360 4376 3430 4427 ibi
3462 4377 3514 4429 9.

2256 4441 2298 4472 ‘9
2332 4442 2525 4494 merita
2569 4441 2831 4495 honerum
2858 4441 2912 4495 9.
3013 4442 3057 4471 ²⁰
3096 4450 3239 4495 sunt.
3284 4443 3521 4498 Balderi-

2642 4524 2803 4577 quam
2847 4510 2992 4563 solus
3038 4510 3256 4563 tenebat
3296 4511 3436 4565 deest
3462 4512 3516 4565 9.

2438 4576 2480 4610 ’7
2527 4576 2833 4633 ordinasset
2880 4578 3085 4647 legatos
3129 4579 3182 4633 9.
3284 4580 3330 4611 "
3357 4580 3512 4633 theo-

242 4793 413 4847 nibus
430 4792 607 4845 ceteri.
686 4791 730 4823 "
753 4807 940 4861 pacem
991 4794 1137 4862 rupit
1180 4793 1434 4848 incensis.
1462 4787 1522 4849 ,ζ
1548 4832 1563 4847 .
1587 4795 1730 4849 villis
1758 4794 1811 4849 9.
1888 4794 1931 4825 ³⁷
1960 4794 2155 4849 castris
2195 4793 2413 4848 exciunt
2452 4791 2503 4845 i.
2546 4789 2741 4845 castris
2768 4799 2967 4844 exeunt
2985 4787 3039 4841 4.
3116 4788 3161 4819 ³⁸
3188 4788 3429 4845 facerent
3460 4790 3513 4843 9.

1757 4881 1989 4938 NOTAE.

314 4988 345 5017 ι
386 4976 449 5031 ln
474 4973 718 5031 Francia:
761 4985 972 5046 partem
1022 4974 1417 5046 Germanicam.

314 5046 348 5087 ιδ
373 5044 779 5101 Translationis
795 5046 1075 5101 historiam
1104 5046 1246 5115 ipse,
1280 5044 1368 5113 qui
1404 5059 1635 5115 corpora
1654 5051 1834 5115 trans-

244 5117 381 5174 lerri
403 5126 712 5179 curaverat,
737 5112 1279 5186 Eghihardusnbster
1300 5112 1540 5183 scripsit.
1580 5113 1682 5186 (Cf.
1698 5112 1832 5186 Acta

244 5188 349 5243 SS.
368 5186 614 5241 Bolland.
633 5186 719 5240 die
732 5183 875 5239 Ju'nii
888 5185 922 5238 ‘2
948 5185 965 5255 )
985 5185 1169 5239 Refert
1190 5186 1241 5238 in
1255 5201 1339 5247 ea,
1355 5194 1563 5254 partem
1581 5183 1835 5255 reliquia-

245 5257 499 5326 rumjam
520 5254 620 5310 sub
650 5255 810 5326 [item
826 5252 1720 5326 anni'prmteritiMiebilinstadum,
1746 5252 1833 5305 in-

242 5322 427 5396 deque
479 5341 620 5380 anno
664 5324 870 5381 827die
908 5322 983 5378 17⁷
1004 5322 1247 5396 Januarii
1270 5324 1687 5396 gMulinheimum
1716 5336 1834 5396 asc

245 5391 593 5465 translatam,
610 5396 867 5465 reliquam
882 5411 1011 5449 vero
1023 5395 1090 5449 ab
1108 5393 1354 5447 llildoino
1367 5393 1559 5447 abbate
1574 5400 1699 5465 octo
1719 5391 1834 5465 die-

248 5467 350 5521 bus
382 5473 511 5534 post
547 5460 751 5520 Pascha
779 5465 851 5519 ibi
891 5464 1152 5518 redditam
1183 5472 1235 5519 et
1254 5479 1351 5533 per
1377 5470 1617 5534 aestatem
1638 5460 1833 5528 Aquis-

246 5532 409 5617 grani
431 5543 724 5614 servatam,
742 5535 974 5617 tandem,
995 5532 1275 5617 postquam
1295 5534 1405 5617 ipse
1421 5532 1832 5617 abjinpcratore

249 5599 303 5659 in
336 5604 679 5658 venationem
707 5599 1265 5671 solenmeniproliacw
1292 5599 1522 5656 abeundi
1558 5599 1828 5671 licentiam

248 5674 563 5745 aecqicrit,
628 5669 1037 5729 llulinheimum
1093 5672 1369 5727 advectam
1432 5680 1591 5740 atque
1659 5669 1830 5724 sacris

1856 4973 2252 5043 Dcorporibus
2299 4972 2496 5025 iterum
2548 4971 2994 5043 sociatamcsse.
3029 4967 3277 5043 Perfecta
3326 4968 3512 5043 igitur,

1934 5055 1994 5098 ut
2020 5038 2188 5113 supra,
2213 5042 2427 5110 legitur,
2468 5055 2650 5113 mense
2673 5038 2924 5113 _Qctob_ri,
2956 5038 3327 5103 translatione,
3352 5038 3516 5109 Egin-

1934 5109 2137 5169 bardus
2166 5109 2584 5181 Aquisgranum,
2616 5110 2813 5181 ibidem
2848 5109 3205 5181 hiematurus,
3227 5122 3517 5181 regressus

1935 5193 2038 5239 est.
2083 5177 2532 5246 Hinc—rei'gesta:
2568 5179 2954 5243 narrationem,
2987 5177 3200 5246 qualem
3225 5178 3278 5231 in
3307 5178 3514 5232 annali-

1935 5255 2035 5308 bus
2058 5252 2186 5306 etin
2213 5247 2585 5305 translationis
2621 5248 2847 5318 historia
2874 5247 3117 5318 legimus,
3150 5247 3351 5318 optime
3372 5247 3516 5318 inter

1934 5338 1993 5377 se
2023 5323 2298 5377 cohaerere
2324 5320 2553 5389 quisque
2592 5317 2873 5389 intelligit;
2918 5315 2995 5389 eL
3002 5315 3183 5389 mirari
3211 5317 3384 5389 subit,
3413 5316 3509 5373 do-

1930 5401 2047 5447 ctos
2078 5392 2129 5444 id
2171 5391 2317 5443 viros
2342 5384 2433 5456 qui
2461 5384 2681 5441 annales
2710 5384 2924 5456 no‘Stros
2959 5385 3262 5456 Eginhardo
3300 5384 3508 5453 abjudi-

1933 5470 2211 5524 caverunt,
2256 5453 2377 5513 eam
2421 5464 2646 5525 tantum;
2673 5455 2742 5525 ob
2786 5469 3009 5510 causam
3039 5453 3222 5525 iugere
3249 5457 3509 5525 potuisse,

1932 5530 2073 5599 quod
2126 5531 2179 5584 in
2200 5522 2436 5599 historia
2480 5523 2850 5599 translationis
2879 5522 3402 5599 diesl'Uanuarii,
3458 5522 3512 5599 in

1932 5584 2214 5655 annalibus
2252 5598 2485 5655 October
2527 5584 2729 5650 mensis
2776 5595 3145 5651 translationis
3179 5584 3399 5667 epocha'
3436 5598 3518 5653 si-

1928 5679 2120 5725 statur.
