3988 6178
384 311 488 365 507

1650 310 2025 368 ECINHARD!
2062 305 2351 364 ABBATIS

3528 304 3639 358 508

385 436 507 477 csse
551 429 790 493 paratos,
818 432 875 477 et
905 425 1006 477 hoc
1036 422 1090 476 in
1120 424 1465 493 imperatoris
1487 432 1633 480 esset
1664 425 1681 456 ³
1711 423 1956 487 arbitrio,
1988 429 2037 488 Α
2062 430 2285 484 tectam,
2308 434 2376 474 ex
2401 425 2557 489 parte
2594 433 2701 474 non
2745 417 2956 472 modica
2996 417 3311 473 denudaret.
3344 417 3642 487 Imperator

385 514 618 582 qualiter
648 517 670 545 '
720 515 793 567 ita
822 513 975 567 ﬁeret
1006 515 1369 576 emendatum,
1400 523 1461 568 ut
1490 514 1560 568 de
1588 512 1794 581 reliquo
1821 513 1963 566 inter

385 611 566 671 partes
601 619 704 672 pax
732 603 888 657 ﬁrma
940 612 1202 657 maneret.
1244 602 1553 657 Bonilacius
1582 602 1607 634 ³
1632 616 1833 663 comes,
1873 602 1960 655 cui

386 691 548 745 tutela
574 691 825 746 Corsicae
850 691 1056 747 insulae
1085 703 1216 747 tunc
1257 702 1376 748 erat
1415 693 1722 758 commissa,
1752 694 1962 747 adsum-

384 790 476 851 pto
504 797 686 836 secum
715 781 882 837 fratre
906 782 1200 837 Berehario
1227 783 1249 814 δ
1288 798 1388 837 nec
1431 799 1537 836 non
1565 783 1587 815 '
1613 792 1670 837 et
1694 783 1814 836 aliis
1837 782 1959 851 qui—

382 872 610 927 busdam
633 873 921 927 comitibus
949 873 1017 927 de
1045 872 1263 935 Tuscia,
1306 872 1580 928 Corsicam
1624 882 1785 942 atque
1827 873 1959 928 Sar-

382 962 583 1018 diniam
610 980 775 1033 parva
812 963 989 1019 classe
1031 965 1443 1028 circumvectus,
1493 979 1618 1018 cum
1649 964 1852 1018 nullum
1904 965 1959 1017 in

382 1053 522 1106 mari
564 1053 795 1122 piratam
841 1054 1154 1117 invenisset,
1199 1053 1252 1106 in
1296 1052 1536 1107 Africam
1565 1053 1862 1119 ‘traiecit,
1907 1063 1963 1107 et

385 1142 526 1196 inter
555 1142 760 1197 Uticam
797 1152 959 1211 atque
992 1141 1337 1211 Kartaginem
1362 1143 1381 1173 ⁷
1417 1157 1691 1211 egressus,
1714 1143 1956 1196 innume-

385 1247 503 1285 ram
530 1233 826 1287 incolarum
855 1230 1251 1286 multitudinem
1276 1232 1456 1286 subito
1477 1241 1850 1302 congregatam
1879 1232 1962 1285 of-

384 1318 574 1386 fendit,
599 1336 723 1377 cum
748 1336 856 1391 qua
882 1328 939 1379 et
970 1319 1233 1390 proelium
1266 1321 1563 1386 conseruit,
1592 1330 1648 1376 et
1674 1322 1961 1390 quinquies

380 1407 470 1462 vel
488 1423 555 1464 eo
577 1411 808 1479 amplius
831 1408 1008 1464 fusam
1029 1408 1376 1479 fugatumque
1394 1408 1714 1479 proﬂigavit,
1739 1426 1961 1480 magna-

383 1512 490 1566 que
537 1480 792 1554 Aﬂorum
844 1498 1187 1553 multitudine
1253 1506 1551 1566 prostrata,
1604 1499 1895 1568 aliquantis
1936 1501 1959 1533 ⁸

382 1588 834 1643 etiamsociorum
865 1602 1086 1643 suorum
1112 1601 1212 1656 per
1243 1588 1602 1643 temeritatem
1642 1589 1875 1653 amissis,
1903 1589 1957 1643 in

384 1693 553 1733 naves
597 1693 724 1733 suas
765 1694 826 1733 se
868 1682 1091 1751 recepit,
1139 1686 1301 1748 atque
1344 1680 1448 1735 hoc
1501 1680 1644 1735 facto
1690 1682 1959 1751 ingentem

2060 526 2191 566 vero
2217 511 2255 541 ³⁷
2289 510 2342 564 in
2373 509 2601 564 diversis
2633 507 3076 576 occupationibus
3118 522 3291 577 usque
3335 506 3404 560 ad
3443 506 3639 562 Kalen-

2060 602 2157 656 das
2177 601 2274 655 Iul.
2303 601 2346 633 λθ
2370 598 2764 669 Aquasgrani"
2779 606 3039 663 moratus,
3067 598 3282 652 tandem
3308 599 3375 653 ad
3408 610 3639 669 genera-

2060 690 2164 744 lem
2190 698 2511 744 conventum
2540 687 2878 743 Wormaciae
2905 687 3210 742 habendum
3230 702 3352 742 cum
3378 688 3643 745 comitatu

2060 794 2158 833 suo
2190 793 2374 833 mense
2395 778 2635 848 Augusto
2655 777 2848 831 statuit
2868 775 3156 844 proﬁcisci.
3189 774 3296 830 Sed
3321 776 3643 846 priusquam

2061 869 2187 923 inde
2224 877 2563 938 promoveret
2591 866 2656 931 ’°,
2690 866 2943 920 nuncium
2984 864 3214 932 accepit,
3262 863 3644 923 Nordmannos

2061 963 2196 1016 velle
2242 959 2662 1018 transalbianam
2710 955 2975 1010 Saxoniae
3036 954 3308 1024 regionem
3357 955 3639 1022 invadere,

2059 1064 2221 1125 atque
2263 1054 2562 1108 exercitum
2606 1061 2791 1102 eorum
2829 1046 2873 1075 ²¹
2904 1044 2996 1113 qui
3038 1045 3142 1098 hoc
3184 1044 3428 1099 facturus
3471 1057 3637 1112 esset,

2060 1145 2263 1202 nostris
2308 1144 2500 1198 finibus
2524 1140 2972 1210 adpropinquare.
3017 1136 3136 1203 Quo
3161 1136 3360 1190 nuncio
3398 1151 3639 1191 commo—

2061 1246 2166 1302 tus,
2211 1235 2357 1290 misit
2388 1234 2442 1287 in
2470 1246 2659 1287 omnes
2683 1231 2948 1286 Franciae
2979 1238 3161 1300 partes
3185 1229 3249 1290 ³⁸,
3280 1235 3335 1282 et
3378 1227 3536 1281 iussit
3574 1236 3638 1281 ut

2060 1342 2183 1383 cum
2212 1339 2420 1379 summa
2452 1324 2498 1354 ⁸⁸
2524 1322 2867 1377 festinatione
2908 1327 3022 1375 tota
3047 1318 3227 1389 populi
3265 1317 3349 1372 sui
3378 1317 3640 1387 generali.

2061 1430 2145 1472 tas
2166 1416 2213 1448 “
2236 1423 2360 1486 post
2399 1430 2459 1470 se
2502 1414 2556 1467 in
2584 1412 2874 1467 Saxoniam
2912 1412 3152 1475 veniret,
3194 1409 3440 1464 indicans
3476 1408 3639 1463 simul

2060 1506 2195 1562 velle
2229 1519 2289 1560 se
2315 1504 2458 1574 apud
2494 1501 2781 1557 Novesium
2825 1500 2874 1532 "
2903 1511 2931 1539 ι
2974 1499 3153 1553 medio
3193 1498 3411 1553 circiter
3437 1497 3482 1527 ³⁸
3504 1496 3640 1552 Iulio

2058 1597 2307 1651 Rhenum
2338 1593 2588 1649 transire.
2629 1590 2734 1645 Sed
2762 1591 2852 1644 ubi
2879 1604 3016 1644 vana
3043 1590 3085 1619 ’⁷
3113 1602 3235 1643 esse
3274 1596 3632 1656 compererat,

2059 1701 2198 1756 quae
2234 1686 2300 1740 de
2323 1668 2691 1738 Nordmannis
2703 1679 2847 1734 fama
2868 1678 3195 1747 disperserat
3223 1676 3289 1742 “,
3318 1675 3462 1730 sicut
3487 1675 3635 1743 prius

381 1766 528 1822 Afris
561 1768 809 1824 timerem
854 1770 1097 1827 incussit.
1134 1773 1287 1829 Luna
1319 1772 1574 1827 Kalendis
1598 1771 1675 1826 Iul
1704 1770 1747 1822 '.
1782 1772 1959 1839 primo
1988 1758 2033 1816 Β
2061 1775 2381 1845 dispositum
2402 1771 2633 1827 habebat
2651 1770 2716 1835 ",
2740 1768 2918 1824 medio
2942 1781 3128 1823 mense
3149 1767 3192 1797 ²⁰
3214 1766 3459 1837 Augusto
3481 1765 3639 1819 Wor-

383 1856 620 1927 diluculo
663 1859 719 1913 in
768 1874 966 1916 occasu
1012 1876 1110 1918 suo
1152 1858 1374 1928 defecit;
1408 1860 1656 1917 similiter
1687 1870 1743 1916 et
1770 1862 1826 1915 in
1854 1862 1896 1892 ¹⁹
1926 1861 1960 1915 8

384 1946 652 2003 Kalendas
677 1949 934 2016 Ianuarii,
966 1952 1020 2007 id
1053 1960 1139 2008 est
1183 1953 1240 2008 in
1285 1952 1464 2008 natale
1504 1952 1739 2016 Domini,
1782 1950 1959 2005 media

383 2046 541 2094 nocte
584 2040 869 2097 obscurata
915 2052 1002 2098 est
1031 2045 1082 2099 ⁸.
1127 2044 1425 2114 Imperator
1468 2045 1612 2099 circa
1655 2045 1877 2100 missam
1918 2045 1957 2075 ιι

382 2129 556 2183 sancti
585 2130 801 2186 Martini
847 2134 1186 2205 Aquasgrani
1216 2137 1257 2166 “
1284 2137 1352 2190 ad
1397 2137 1744 2191 hiemandum
1790 2137 1957 2201 venit,

383 2218 563 2288 ibique
583 2221 790 2289 positus
820 2222 885 2288 ¹³,
916 2232 1085 2280 totum
1115 2225 1330 2281 hiberni
1361 2216 1616 2295 temporis
1642 2226 1876 2297 spatium
1905 2227 1958 2281 in

381 2307 613 2363 diversis
664 2313 1018 2368 conventibus
1070 2315 1141 2369 ob
1184 2316 1492 2371 necessaria
1544 2316 1693 2386 regni
1745 2315 1958 2384 negotia

381 2400 722 2469 congregatis
743 2401 1006 2471 inpendit.

449 2485 734 2568 {[Ferunt
760 2489 812 2543 in
844 2492 1064 2568 regione
1095 2493 1415 2550 Wasconiae
1448 2502 1597 2568 trans
1624 2494 1958 2568 Garumnam

380 2555 598 2637 lluviinn
627 2558 678 2637 in
709 2574 846 2630 pago
872 2555 1143 2637 A'ginense
1185 2579 1454 2637 annonam
1485 2565 1669 2637 pluere
1698 2565 1765 2619 de
1809 2564 1959 2619 coelo

380 2625 609 2706 similem
642 2625 950 2706 frumento:
960 2633 1068 2706 sed
1088 2632 1361 2706 paululum
1387 2625 1635 2706 breviora
1680 2649 1746 2688 ac
1772 2643 1958 2706 rotun-

381 2695 533 2772 diora
569 2709 750 2772 grana
776 2698 996 2772 habere,
1037 2695 1105 2772 dé
1148 2718 1253 2772 qua
1284 2704 1480 2772 domno
1515 2705 1828 2772 imperatori
1858 2704 1956 2759 ad-

379 2763 547 2818 latum
574 2763 658 2821 est
686 2767 753 2821 ad
780 2766 949 2838 Aquis
977 2763 1234 2841 palatium
1266 2771 1318 2826 7.
1346 2771 1389 2826 Β
1414 2775 1468 2830 8.
1493 2773 1545 2829 9.
1575 2763 1689 2845 η]

526 2938 533 2945 κ
986 2862 1356 2919 Dcccxmx.

452 2947 578 3003 Post
601 2959 847 3005 exactam
885 2951 1114 3007 hiemem
1143 2954 1198 3008 in
1227 2954 1344 3024 ipso
1370 2963 1560 3009 sancto
1584 2953 1629 2984 “
1653 2954 1958 3027 quadrage-

378 3038 558 3092 simali
584 3039 804 3105 ieiunio,
846 3043 1034 3110 paucis
1074 3053 1201 3099 ante
1233 3053 1480 3100 sanctum
1509 3045 1709 3114 pascha
1745 3045 1954 3111 diebus,

2063 1866 2291 1921 maciam
2322 1863 2486 1929 venit,
2518 1862 2701 1930 ibique
2741 1859 2928 1914 habito
2964 1856 3201 1928 generali
3250 1862 3540 1918 conventu,
3581 1863 3642 1907 et

2059 1957 2238 2013 oblata
2264 1954 2365 2010 sibi
2403 1968 2578 2008 annua
2619 1951 2755 2006 dona
2793 1947 3022 2012 solemni
3060 1960 3212 2001 more
3232 1944 3275 1976 ²¹
3297 1944 3552 2013 suscepit,
3581 1951 3644 1996 et

2059 2047 2354 2118 legationes
2396 2044 2677 2114 plurimas,
2724 2055 2864 2111 quae
2909 2047 3019 2093 tam
3063 2037 3130 2092 de
3174 2035 3345 2090 Roma
3379 2043 3438 2088 et
3470 2034 3643 2087 Bene-

2061 2147 2241 2203 vento,
2278 2151 2439 2207 quam
2470 2135 2535 2189 de
2560 2133 2679 2186 aliis
2710 2128 3015 2199 longinquis
3045 2125 3205 2181 terris
3238 2125 3307 2178 ad
3330 2136 3456 2177 eum
3481 2136 3645 2175 vene-

2061 2240 2203 2296 rant,
2247 2228 2454 2284 audivit
2477 2235 2639 2294 atque
2675 2223 2720 2254 ³⁸
2746 2220 2993 2277 absolvit.
3045 2215 3386 2272 Hlotharium
3423 2228 3642 2282 quoque

2059 2322 2229 2376 filium
2258 2334 2416 2375 suum
2441 2317 2509 2384 ³³,
2546 2316 2698 2370 linito
2719 2313 2807 2367 illo
2833 2312 2878 2343 ³⁸⁵
2908 2316 3195 2372 conventu,
3227 2306 3282 2359 in
3316 2303 3524 2359 Italiam
3554 2301 3644 2355 di-

2062 2415 2202 2472 rexit
2230 2414 2298 2479 ³⁸,
2347 2427 2412 2466 ac
2451 2408 2821 2465 Bernbardum
2868 2405 3118 2461 comitem
3148 2399 3498 2461 Barcinonae,
3542 2397 3642 2464 qui

2058 2515 2283 2562 eatenus
2321 2505 2374 2559 in
2418 2517 2603 2557 marca
2649 2498 2937 2568 Hispaniae
2979 2493 3345 2565 praesidebat,
3392 2505 3640 2547 camara-

2059 2598 2199 2652 rium
2215 2596 2261 2628 ³⁸
2289 2595 2343 2649 in
2364 2592 2565 2663 palatio
2589 2606 2687 2646 suo
2712 2586 3007 2645 constituit.
3031 2585 3165 2639 Aliis
3186 2582 3348 2638 etiam
3368 2580 3545 2637 causis
3584 2578 3641 2642 ι’.

2057 2700 2197 2757 quae
2231 2685 2299 2740 ad
2326 2683 2471 2737 illius
2500 2680 2685 2751 placiti
2723 2676 3137 2747 completionem
3177 2673 3448 2744 pertinere
3491 2668 3644 2722 vide-

2058 2777 2285 2839 bantur,
2331 2785 2570 2841 congruo
2611 2768 2770 2824 modo
2817 2765 3090 2836 dispositis
3135 2773 3297 2830 atque
3333 2759 3643 2828 completis,

2058 2864 2361 2936 populoque
2406 2862 2475 2916 ad
2515 2875 2612 2916 sua
2655 2860 2735 2914 ire
2782 2858 3024 2921 dimisso,
3051 2856 3165 2925 ipse
3203 2853 3270 2908 ad
3314 2848 3646 2905 autumnalis

2040 2953 2360 3013 venationis
2416 2951 2732 3009 exercitium
2797 2944 3307 3003 Francouovurdum
3358 2942 3400 2973 "
3460 2940 3644 2994 villam

2058 3046 2333 3119 profectus
2365 3053 2470 3110 est;
2506 3059 2614 3115 qua
2652 3050 2944 3105 transacta,
2973 3040 3040 3093 ad
3064 3036 3409 3093 hiemandum
3431 3036 3646 3101 Aquas-

378 3128 716 3199 Aquasgrani
749 3131 792 3162 "
819 3107 997 3188 terrae
1037 3142 1212 3190 motito
1239 3142 1401 3190 noctu
1427 3107 1624 3201 factus,
1657 3107 1954 3204 ventusque
1976 3107 2027 3199 ,δ
2058 3107 2212 3209 grani
2241 3107 2491 3191 reversus
2523 3107 2627 3199 est,
2654 3132 2744 3188 ubi
2767 3140 2823 3186 et
2868 3130 3086 3185 missam
3114 3125 3286 3182 sancti
3318 3123 3529 3178 Martini
3574 3136 3647 3174 ac

381 3228 491 3276 tam
524 3224 814 3280 vehemens
840 3234 1058 3285 coortus
1106 3226 1170 3294 ¹⁶,
1210 3236 1271 3282 ut
1297 3242 1405 3282 non
1434 3227 1608 3282 solum
1638 3227 1955 3282 humiliores

380 3315 589 3380 domos,
630 3331 817 3371 verum
859 3318 1023 3373 etiam
1069 3319 1240 3389 ipsam
1284 3329 1505 3375 sanctae
1542 3320 1638 3374 Dei
1676 3320 1955 3390 genitricis

381 3404 679 3472 Insilicam,
700 3421 862 3477 quam
889 3409 1151 3478 capellam
1189 3418 1406 3475 vocant,
1450 3409 1645 3481 tegulis
1687 3410 1955 3480 plumbeis

2058 3231 2405 3287 festivitatem
2451 3229 2593 3284 beati
2655 3225 2901 3281 Andreae
2944 3223 2990 3255 ³⁸
3036 3220 3292 3292 apostoli,
3340 3230 3545 3272 necnon
3587 3223 3648 3267 et

2060 3323 2236 3392 ipsum
2282 3326 2685 3376 sacrosanctum
2720 3317 2765 3349 ”
2809 3314 3109 3371 dominicae
3157 3308 3457 3365 nativitatis
3497 3306 3645 3361 diem

2060 3427 2183 3467 cum
2212 3424 2406 3481 magna
2434 3408 2640 3464 laetitia
2667 3415 2723 3463 et
2749 3406 3112 3484 exsultatione
3136 3400 3425 3458 celebravit
3460 3408 3507 3450 ο.

1598 3524 1988 3583 VARIANTES
2023 3520 2423 3579 LECTIONES.

484 3615 650 3688 '_esse
673 3616 726 3671 9.
829 3619 851 3649 '
872 3626 1138 3688 quatenus
1158 3620 1212 3676 9.

383 3686 463 3738 rio
493 3683 535 3738 Β
564 3685 617 3738 6.
649 3683 958 3742 bernhardo
982 3688 1034 3742 5.
1078 3688 1131 3743 6.
1228 3690 1249 3722 '
1273 3705 1372 3745 nec
1397 3707 1503 3744 non
1527 3694 1666 3746 deest
1686 3691 1740 3745 9.
1836 3687 1856 3719 ⁸
1878 3688 1935 3741 in
1960 3685 2096 3740 mari
2122 3701 2177 3754 p.
2202 3684 2238 3738 i.
2265 3685 2319 3738 in

383 3770 434 3808 c.
450 3753 513 3824 6.
547 3763 707 3824 atque
733 3758 1101 3824 cbartaginem
1127 3760 1181 3814 2.
1206 3769 1369 3824 atque
1397 3762 1729 3824 cartaginem
1759 3756 1803 3810 Β
1833 3756 1886 3811 6.
1987 3755 2009 3787 ⁸
2037 3755 2243 3824 aliquot
2287 3754 2320 3807 9

383 3753 513 3831 0.·6.
547 3763 707 3831 atque
733 3758 1101 3831 chartaginem
1127 3760 1181 3814 2.
1206 3769 1369 3831 atque
1397 3762 1729 3831 cartaginem
1759 3756 1803 3810 Β
1827 3756 1886 3831 6.

1310 3619 1333 3652 ³
1356 3620 1671 3678 bonefacius
1693 3620 1748 3674 5.
1776 3617 1823 3672 B
1848 3616 1902 3671 5.
1997 3615 2020 3647 ⁸
2044 3615 2355 3670 berethario
2387 3612 2440 3667 5.
2485 3611 2769 3667 berchario
2788 3610 2841 3663 7.
2871 3608 2926 3663 9.
2973 3603 3264 3678 bernharic
3287 3602 3342 3655 ιι.
3368 3601 3644 3678 berenba-

2867 3679 2887 3710 "
2916 3685 2971 3732 et
2990 3673 3370 3742 Carthaginem
3400 3671 3454 3742 9.
3477 3679 3644 3742 atque

2122 3701 2177 3754 p.
2202 3684 2238 3738 i.
2265 3685 2319 3738 in
2347 3681 2613 3754 afrideeat
2639 3680 2685 3754 Β
2713 3680 2766 3754 6.

2967 3746 3009 3777 ¹⁰
3034 3753 3090 3799 et
3124 3740 3255 3798 Vill.
3288 3741 3342 3796 9.
3423 3741 3463 3771 ”
3490 3740 3643 3795 circa

2446 3753 2467 3783 ⁹
2496 3752 2604 3805 kal.
2647 3750 2780 3805 iunii
2807 3749 2860 3803 9.

381 3808 1101 3900 soleinnit'at'em—sanﬁciivim
1131 3808 1181 3861 Ῑί
1202 3808 1744 3900 Ξῖ.
1760 3808 2100 3900 ἰίῖροξίωε
2122 3808 2264 3878 deest
2293 3824 2347 3900 9_.
2402 3822 2469 3900 _“
2492 3829 2684 3900 ganglp
2706 3818 2844 3900 (£8881
2868 3818 2928 3900 εξλ
3001 3815 3044 3846 ¹⁸
3069 3808 3637 3900 ειψιξιξςτθιιξ,¹;,ἕ,ξ⁶;

384 3893 428 3923 ⁸⁸
451 3902 667 3952 coortus
686 3905 771 3951 est
792 3897 845 3953 9.
924 3898 964 3929 "
994 3914 1124 3954 vero
1147 3893 1287 3954 (fecit
1316 3893 1389 3955 9:
1471 3901 1513 3932 ⁸⁸
1545 3900 1676 3956 iunii
1705 3901 1756 3952 4.
1786 3896 1840 3951 6.

1938 3896 1981 3928 ¹⁹
2011 3894 2335 3964 aquasgrani
2399 3893 2447 3964 lg.
2487 3891 2538 3964 6.
2589 3889 2689 3964 B_5_.
2722 3888 2774 3941 6.

2884 3887 2928 3918 ²⁰
2951 3881 3193 3940 moveret
3220 3881 3273 3937 9.
3372 3881 3418 3910 ’ί
3450 3894 3640 3933 eorum

379 3966 521 4037 deest
544 3963 597 4037 9.
625 3948 629 3952 ⁷
671 3948 985 4037 ’ξ’ΐτξιίιεὶειθ
1007 3948 1369 4037 iégioifés'sf'
1408 3971 1457 4002 "
1481 3948 1770 4025 utsii—mnia
1795 3948 1848 4023 9.
1925 3967 1971 3998 "
1998 3948 2080 4037 sui
2106 3948 2392 4037 multitudo
2421 3962 2473 4037 i_n
2500 3961 2554 4017 9.
2628 3960 2681 4037 ’ξ
2701 3956 3016 4037 novensium
3043 3954 3098 4037 4..
3137 3948 3637 4037 noviengiunt'

380 4031 670 4110 “circiter
689 4019 1021 4110 aeg.¢*9;*_f'_=i
1044 4019 1252 4093 335;;
1285 4019 1349 4094 '9'.
1428 4019 1887 4110 sfdaggé'i‘sae'rat
1907 4037 1960 4092 9.
2036 4035 2081 4066 ι’
2108 4034 2263 4110 sicut
2277 4033 2632 4110 constituerat
2652 4030 2705 4083 9.
2782 4026 2828 4059 ⁸⁸
2854 4024 3318 4110 ξηθηεθήάεεδιιρ.ω
3340 4021 3384 4051 ³¹
3400 4019 3639 4110 seiungi

382 4115 533 4199 more
561 4103 727 4181 deest
902 4107 948 4137 ³¹
972 4107 1276 4176 longinquis
1324 4095 1632 4180 regionibus
1676 4114 1938 4162 venerant
1986 4112 2040 4159 et
2089 4103 2295 4159 audivit
2332 4113 2388 4157 et
2434 4102 2488 4156 9.
2565 4101 2612 4132 ³³
2638 4113 2794 4153 suum
2834 4095 2977 4149 deest
3031 4095 3085 4150 9.

462 4170 665 4224 italiam
709 4182 855 4228 unsnt
890 4176 943 4229 9.
1054 4176 1099 4205 ³⁸
1127 4180 1483 4232 camararium
1534 4179 1583 4233 l.
1627 4179 1683 4231 2.
1718 4177 1772 4230 4.
1809 4176 1862 4230 6.
1891 4175 1936 4229 Β
1977 4174 2031 4228 5.
2074 4173 2127 4229 6.
2230 4173 2274 4204 ³⁷
2300 4168 2824 4226 franconouuardum
2868 4165 2923 4219 2.
2957 4161 3085 4218 frani

1193 4194 1483 4232 mararmm
1534 4194 1583 4232 1.
1627 4194 1683 4231 Ζ.
1718 4194 1772 4230 4.
1809 4194 1862 4230 υ.
1891 4194 1935 4229 ιι
1977 4194 2031 4228 ἱ).
2074 4194 2127 4229 0.

383 4169 430 4199 ³⁸
462 4170 665 4224 italiam
709 4173 855 4228 misit
890 4176 943 4229 9.

3182 4093 3228 4124 ”
3264 4091 3354 4145 illo
3391 4090 3534 4142 deest
3580 4087 3636 4141 9.

2230 4173 2274 4204 "
2300 4156 2824 4226 franconouuardum
2868 4165 2923 4219 2.
2957 4161 3354 4218 franconouurd
3396 4160 3452 4212 4.
3490 4156 3640 4226 fran-

383 4225 2965 4336 29225229339"milia-aedificiisﬁliifiliaeédrfua3-.19..£:%9393:3’2’d
3017 4233 3068 4288 τι
3126 4229 3529 4289 meum
3582 4225 3637 4278 δ-

459 4320 709 4363 reversus
748 4309 945 4365 ibidem
992 4315 1159 4368 sancti
1207 4317 1424 4372 martini
1472 4327 1635 4388 atque
1677 4316 1819 4371 beati
1864 4314 2094 4369 andreae
2140 4312 2195 4367 9.
2271 4312 2316 4344 ”
2345 4325 2561 4367 sacrum
2584 4315 2830 4363 sanctum
2858 4306 2910 4359 2.

1882 4423 2114 4480 NOTAE.

452 4548 479 4577 ι
511 4533 657 4590 Neu:
678 4544 865 4591 contra
893 4537 1215 4595 Dﬂsseldorf
1522 4592 1553 4601 ε

453 4603 702 4686 {Carolo
736 4605 846 4662 ﬁlio
884 4624 983 4663 suo
1028 4618 1237 4679 partem
1272 4613 1423 4683 regni
1461 4612 1668 4669 tribuit.
1696 4610 1779 4667 Cf.
1808 4609 1951 4664 The—

421 4691 649 4746 anI_cap.
679 4675 768 4746 55.

381 4694 506 4747 gam
532 4694 649 4746 cap.
679 4694 768 4731 oo.

454 4755 477 4785 ε
505 4742 632 4802 liae
665 4745 876 4813 ultima,
895 4747 1091 4817 quibus
1117 4748 1455 4819 Eginbardus
1481 4748 1653 4819 Aquis
1679 4747 1955 4813 interfuit;

1983 4542 2038 4602 1)
2063 4555 2187 4594 nam
2212 4553 2400 4594 mense
2426 4536 2619 4592 Martio
2652 4535 2783 4605 anni
2812 4534 3110 4605 sequentis,
3148 4540 3271 4605 post
3297 4531 3641 4605 rebellionem

2061 4608 2375 4676 Compendii
2394 4616 2594 4671 ortam,
2637 4600 3068 4676 Seligcnsiadum
3095 4600 3641 4676 recedendiveniam

2059 4668 2251 4749 petivit
2277 4687 2439 4749 atque
2466 4668 2691 4749 accepit,
2733 4668 2813 4749 ila
2855 4683 2915 4730 ut
2940 4673 3226 4729 Annalium
3268 4680 3322 4727 et
3367 4670 3492 4725 vita:
3524 4668 3643 4740 eius

2062 4745 2289 4819 publica:
2318 4745 2461 4804 idem
2487 4747 2560 4802 sit
2588 4745 2866 4802 terminus.
