  <div class='ocr_page' id='page_1' title='image "/cluster/home/n/w/nwhite01/storage/ocr_20150623/104/hvd.32044052819794/260.png"; bbox 0 0 3986 6174; ppageno 0'>
   <div class='ocr_carea' id='block_1_1' title="bbox 1718 284 2123 345">
    <p class='ocr_par' dir='ltr' id='par_1_1' title="bbox 1718 284 2123 345">
     <span class='ocr_line' id='line_1_1' title="bbox 1718 284 2123 345; baseline -0.002 -3"><span class='ocrx_word' id='word_1_1' title='bbox 1718 284 2123 345; x_wconf 60' lang='grc' dir='ltr'>εωθτθιε.</span> 
     </span>
    </p>
   </div>
   <div class='ocr_carea' id='block_1_2' title="bbox 3435 301 3543 360">
    <p class='ocr_par' dir='ltr' id='par_1_2' title="bbox 3435 301 3543 360">
     <span class='ocr_line' id='line_1_2' title="bbox 3435 301 3543 360; baseline 0.037 -4"><span class='ocrx_word' id='word_1_2' title='bbox 3435 301 3543 360; x_wconf 70' lang='grc' dir='ltr'><strong>διο</strong></span> 
     </span>
    </p>
   </div>
   <div class='ocr_carea' id='block_1_3' title="bbox 269 433 3552 473">
    <p class='ocr_par' dir='ltr' id='par_1_3' title="bbox 269 433 3552 473">
     <span class='ocr_line' id='line_1_3' title="bbox 269 433 3552 473; baseline 0.007 -24"><span class='ocrx_word' id='word_1_3' title='bbox 269 433 3552 473; x_wconf 73' lang='lat'><strong>———-——-——-———-——-———.___________.______.______________</strong></span> 
     </span>
    </p>
   </div>
   <div class='ocr_carea' id='block_1_4' title="bbox 924 552 1909 688">
    <p class='ocr_par' dir='ltr' id='par_1_4' title="bbox 924 552 1909 688">
     <span class='ocr_line' id='line_1_4' title="bbox 924 552 1909 688; baseline 0 -1"><span class='ocrx_word' id='word_1_4' title='bbox 924 560 1806 688; x_wconf 78' lang='lat' dir='ltr'><strong>EGINHARDI</strong></span> <span class='ocrx_word' id='word_1_5' title='bbox 1877 552 1909 594; x_wconf 81' lang='grc'>³</span> 
     </span>
    </p>
   </div>
   <div class='ocr_carea' id='block_1_5' title="bbox 753 836 1362 895">
    <p class='ocr_par' dir='ltr' id='par_1_5' title="bbox 753 836 1362 895">
     <span class='ocr_line' id='line_1_5' title="bbox 753 836 1362 895; baseline 0 -3"><span class='ocrx_word' id='word_1_6' title='bbox 753 836 1091 895; x_wconf 64' lang='grc' dir='ltr'><strong>ενιειτθω</strong></span> <span class='ocrx_word' id='word_1_7' title='bbox 1129 836 1362 892; x_wconf 59' lang='lat' dir='ltr'><strong>PRIMA.</strong></span> 
     </span>
    </p>
   </div>
   <div class='ocr_carea' id='block_1_6' title="bbox 832 927 1278 984">
    <p class='ocr_par' dir='ltr' id='par_1_6' title="bbox 832 927 1278 984">
     <span class='ocr_line' id='line_1_6' title="bbox 832 927 1278 984; baseline -0.002 -2"><span class='ocrx_word' id='word_1_8' title='bbox 832 944 904 982; x_wconf 76' lang='grc' dir='ltr'><strong>,ω</strong></span> <span class='ocrx_word' id='word_1_9' title='bbox 941 942 1197 984; x_wconf 66' lang='grc' dir='ltr'><strong>Αυεοιδυι</strong></span> <span class='ocrx_word' id='word_1_10' title='bbox 1228 927 1278 981; x_wconf 68' lang='grc' dir='ltr'>ι).</span> 
     </span>
    </p>
   </div>
   <div class='ocr_carea' id='block_1_7' title="bbox 333 1015 1849 1089">
    <p class='ocr_par' dir='ltr' id='par_1_7' title="bbox 333 1015 1849 1089">
     <span class='ocr_line' id='line_1_7' title="bbox 333 1015 1849 1089; baseline -0.005 -11"><span class='ocrx_word' id='word_1_11' title='bbox 333 1018 702 1078; x_wconf 68' lang='lat' dir='ltr'><strong>Dilectissimo</strong></span> <span class='ocrx_word' id='word_1_12' title='bbox 741 1020 797 1074; x_wconf 92' lang='lat' dir='ltr'><strong>in</strong></span> <span class='ocrx_word' id='word_1_13' title='bbox 825 1019 1046 1075; x_wconf 81' lang='lat' dir='ltr'><strong>Christo</strong></span> <span class='ocrx_word' id='word_1_14' title='bbox 1073 1018 1253 1084; x_wconf 81' lang='lat' dir='ltr'><strong>l&#39;ratri,</strong></span> <span class='ocrx_word' id='word_1_15' title='bbox 1281 1017 1513 1089; x_wconf 84' lang='lat' dir='ltr'><strong>Ansgiso</strong></span> <span class='ocrx_word' id='word_1_16' title='bbox 1535 1015 1849 1082; x_wconf 77' lang='lat' dir='ltr'><strong>venerabili,</strong></span> 
     </span>
    </p>
   </div>
   <div class='ocr_carea' id='block_1_8' title="bbox 140 1106 1281 1179">
    <p class='ocr_par' dir='ltr' id='par_1_8' title="bbox 140 1106 1281 1179">
     <span class='ocr_line' id='line_1_8' title="bbox 140 1106 1281 1179; baseline -0.002 -14"><span class='ocrx_word' id='word_1_17' title='bbox 140 1106 146 1115; x_wconf 84' lang='grc'><strong>’</strong></span> <span class='ocrx_word' id='word_1_18' title='bbox 260 1110 655 1179; x_wconf 72' lang='lat' dir='ltr'><strong>sempiternam</strong></span> <span class='ocrx_word' id='word_1_19' title='bbox 688 1109 749 1163; x_wconf 82' lang='lat' dir='ltr'><strong>in</strong></span> <span class='ocrx_word' id='word_1_20' title='bbox 771 1109 1003 1165; x_wconf 82' lang='lat' dir='ltr'><strong>Domino</strong></span> <span class='ocrx_word' id='word_1_21' title='bbox 1029 1110 1281 1165; x_wconf 86' lang='lat' dir='ltr'><strong>salutem.</strong></span> 
     </span>
    </p>
   </div>
   <div class='ocr_carea' id='block_1_9' title="bbox 328 1186 1851 1271">
    <p class='ocr_par' dir='ltr' id='par_1_9' title="bbox 328 1186 1851 1271">
     <span class='ocr_line' id='line_1_9' title="bbox 328 1186 1851 1271; baseline -0.001 -17"><span class='ocrx_word' id='word_1_22' title='bbox 328 1199 575 1255; x_wconf 75' lang='lat' dir='ltr'><strong>Obsecro</strong></span> <span class='ocrx_word' id='word_1_23' title='bbox 618 1199 962 1256; x_wconf 71' lang='lat' dir='ltr'><strong>dilectionem</strong></span> <span class='ocrx_word' id='word_1_24' title='bbox 994 1186 1261 1266; x_wconf 40' lang='lat' dir='ltr'><strong>tuarn&#39;ut,</strong></span> <span class='ocrx_word' id='word_1_25' title='bbox 1289 1215 1396 1255; x_wconf 84' lang='lat' dir='ltr'><strong>non</strong></span> <span class='ocrx_word' id='word_1_26' title='bbox 1442 1199 1708 1271; x_wconf 72' lang='lat' dir='ltr'><strong>graviter,</strong></span> <span class='ocrx_word' id='word_1_27' title='bbox 1754 1199 1851 1253; x_wconf 88' lang='lat' dir='ltr'><strong>sed</strong></span> 
     </span>
    </p>
   </div>
   <div class='ocr_carea' id='block_1_10' title="bbox 259 1290 1850 1361">
    <p class='ocr_par' dir='ltr' id='par_1_10' title="bbox 259 1290 1850 1361">
     <span class='ocr_line' id='line_1_10' title="bbox 259 1290 1850 1361; baseline 0 -17"><span class='ocrx_word' id='word_1_28' title='bbox 259 1291 440 1359; x_wconf 81' lang='lat' dir='ltr'><strong>potius</strong></span> <span class='ocrx_word' id='word_1_29' title='bbox 480 1291 909 1347; x_wconf 77' lang='lat' dir='ltr'><strong>misericorditer</strong></span> <span class='ocrx_word' id='word_1_30' title='bbox 947 1300 1004 1347; x_wconf 88' lang='lat' dir='ltr'><strong>et</strong></span> <span class='ocrx_word' id='word_1_31' title='bbox 1050 1292 1430 1357; x_wconf 81' lang='lat' dir='ltr'><strong>amicabillter,</strong></span> <span class='ocrx_word' id='word_1_32' title='bbox 1477 1292 1725 1361; x_wconf 89' lang='lat' dir='ltr'><strong>accipere</strong></span> <span class='ocrx_word' id='word_1_33' title='bbox 1768 1290 1850 1344; x_wconf 89' lang='lat' dir='ltr'><strong>di-</strong></span> 
     </span>
    </p>
   </div>
   <div class='ocr_carea' id='block_1_11' title="bbox 258 1380 1850 1452">
    <p class='ocr_par' dir='ltr' id='par_1_11' title="bbox 258 1380 1850 1452">
     <span class='ocr_line' id='line_1_11' title="bbox 258 1380 1850 1452; baseline 0 -17"><span class='ocrx_word' id='word_1_34' title='bbox 258 1380 444 1452; x_wconf 75' lang='lat' dir='ltr'><strong>gneris</strong></span> <span class='ocrx_word' id='word_1_35' title='bbox 476 1382 623 1450; x_wconf 83' lang='lat' dir='ltr'><strong>quod</strong></span> <span class='ocrx_word' id='word_1_36' title='bbox 657 1381 799 1451; x_wconf 84' lang='lat' dir='ltr'><strong>apud</strong></span> <span class='ocrx_word' id='word_1_37' title='bbox 826 1389 879 1436; x_wconf 89' lang='lat' dir='ltr'><strong>te</strong></span> <span class='ocrx_word' id='word_1_38' title='bbox 907 1392 930 1420; x_wconf 75' lang='grc' dir='ltr'><strong>ο</strong></span> <span class='ocrx_word' id='word_1_39' title='bbox 964 1397 1061 1452; x_wconf 77' lang='lat' dir='ltr'><strong>pro</strong></span> <span class='ocrx_word' id='word_1_40' title='bbox 1090 1383 1413 1439; x_wconf 76' lang='lat' dir='ltr'><strong>necessitate</strong></span> <span class='ocrx_word' id='word_1_41' title='bbox 1446 1381 1719 1451; x_wconf 81' lang='lat' dir='ltr'><strong>quondam</strong></span> <span class='ocrx_word' id='word_1_42' title='bbox 1754 1381 1850 1435; x_wconf 83' lang='lat' dir='ltr'><strong>bo-</strong></span> 
     </span>
    </p>
   </div>
   <div class='ocr_carea' id='block_1_12' title="bbox 258 1469 1842 1535">
    <p class='ocr_par' dir='ltr' id='par_1_12' title="bbox 258 1469 1842 1535">
     <span class='ocr_line' id='line_1_12' title="bbox 258 1469 1842 1535; baseline 0.001 -12"><span class='ocrx_word' id='word_1_43' title='bbox 258 1469 425 1524; x_wconf 84' lang='lat' dir='ltr'><strong>minia</strong></span> <span class='ocrx_word' id='word_1_44' title='bbox 455 1470 648 1535; x_wconf 86' lang='lat' dir='ltr'><strong>nostri,</strong></span> <span class='ocrx_word' id='word_1_45' title='bbox 677 1485 823 1525; x_wconf 78' lang='lat' dir='ltr'><strong>nunc</strong></span> <span class='ocrx_word' id='word_1_46' title='bbox 856 1478 1038 1525; x_wconf 82' lang='lat' dir='ltr'><strong>autem</strong></span> <span class='ocrx_word' id='word_1_47' title='bbox 1080 1472 1315 1527; x_wconf 82' lang='lat' dir='ltr'><strong>hominis</strong></span> <span class='ocrx_word' id='word_1_48' title='bbox 1344 1472 1527 1527; x_wconf 88' lang='lat' dir='ltr'><strong>domui</strong></span> <span class='ocrx_word' id='word_1_49' title='bbox 1556 1470 1842 1534; x_wconf 80' lang='lat' dir='ltr'><strong>Hlotharii,</strong></span> 
     </span>
    </p>
   </div>
   <div class='ocr_carea' id='block_1_13' title="bbox 258 1558 1848 1632">
    <p class='ocr_par' dir='ltr' id='par_1_13' title="bbox 258 1558 1848 1632">
     <span class='ocr_line' id='line_1_13' title="bbox 258 1558 1848 1632; baseline 0.001 -18"><span class='ocrx_word' id='word_1_50' title='bbox 258 1559 403 1628; x_wconf 83' lang='lat' dir='ltr'><strong>apud</strong></span> <span class='ocrx_word' id='word_1_51' title='bbox 434 1569 491 1614; x_wconf 89' lang='lat' dir='ltr'><strong>te</strong></span> <span class='ocrx_word' id='word_1_52' title='bbox 522 1558 821 1624; x_wconf 85' lang='lat' dir='ltr'><strong>intercedo,</strong></span> <span class='ocrx_word' id='word_1_53' title='bbox 847 1568 907 1614; x_wconf 88' lang='lat' dir='ltr'><strong>ut</strong></span> <span class='ocrx_word' id='word_1_54' title='bbox 940 1575 1063 1614; x_wconf 79' lang='lat' dir='ltr'><strong>eum</strong></span> <span class='ocrx_word' id='word_1_55' title='bbox 1091 1560 1438 1627; x_wconf 77' lang='lat' dir='ltr'><strong>beneﬁcium,</strong></span> <span class='ocrx_word' id='word_1_56' title='bbox 1466 1561 1609 1631; x_wconf 83' lang='lat' dir='ltr'><strong>quod</strong></span> <span class='ocrx_word' id='word_1_57' title='bbox 1632 1575 1733 1632; x_wconf 84' lang='lat' dir='ltr'><strong>ego</strong></span> <span class='ocrx_word' id='word_1_58' title='bbox 1769 1560 1848 1615; x_wconf 81' lang='lat' dir='ltr'><strong>illi</strong></span> 
     </span>
    </p>
   </div>
   <div class='ocr_carea' id='block_1_14' title="bbox 257 1650 1846 1723">
    <p class='ocr_par' dir='ltr' id='par_1_14' title="bbox 257 1650 1846 1723">
     <span class='ocr_line' id='line_1_14' title="bbox 257 1650 1846 1723; baseline 0.001 -18"><span class='ocrx_word' id='word_1_59' title='bbox 257 1650 409 1714; x_wconf 81' lang='lat' dir='ltr'><strong>dedi,</strong></span> <span class='ocrx_word' id='word_1_60' title='bbox 441 1651 542 1705; x_wconf 81' lang='lat' dir='ltr'><strong>sub</strong></span> <span class='ocrx_word' id='word_1_61' title='bbox 571 1650 935 1722; x_wconf 71' lang='lat' dir='ltr'><strong>qualicunque</strong></span> <span class='ocrx_word' id='word_1_62' title='bbox 962 1652 1102 1723; x_wconf 88' lang='lat' dir='ltr'><strong>lege,</strong></span> <span class='ocrx_word' id='word_1_63' title='bbox 1130 1653 1275 1707; x_wconf 83' lang='lat' dir='ltr'><strong>sicut</strong></span> <span class='ocrx_word' id='word_1_64' title='bbox 1302 1652 1399 1708; x_wconf 87' lang='lat' dir='ltr'><strong>tibi</strong></span> <span class='ocrx_word' id='word_1_65' title='bbox 1425 1653 1709 1723; x_wconf 77' lang='lat' dir='ltr'><strong>placuerit,</strong></span> <span class='ocrx_word' id='word_1_66' title='bbox 1745 1654 1846 1707; x_wconf 83' lang='lat' dir='ltr'><strong>ba-</strong></span> 
     </span>
    </p>
   </div>
   <div class='ocr_carea' id='block_1_15' title="bbox 258 1740 1848 1812">
    <p class='ocr_par' dir='ltr' id='par_1_15' title="bbox 258 1740 1848 1812">
     <span class='ocr_line' id='line_1_15' title="bbox 258 1740 1848 1812; baseline 0.001 -17"><span class='ocrx_word' id='word_1_67' title='bbox 258 1740 390 1796; x_wconf 77' lang='lat' dir='ltr'><strong>bere</strong></span> <span class='ocrx_word' id='word_1_68' title='bbox 414 1741 718 1812; x_wconf 79' lang='lat' dir='ltr'><strong>permittas,</strong></span> <span class='ocrx_word' id='word_1_69' title='bbox 748 1757 924 1812; x_wconf 79' lang='lat' dir='ltr'><strong>usque</strong></span> <span class='ocrx_word' id='word_1_70' title='bbox 951 1744 1078 1798; x_wconf 77' lang='lat' dir='ltr'><strong>dum</strong></span> <span class='ocrx_word' id='word_1_71' title='bbox 1114 1759 1215 1799; x_wconf 87' lang='lat' dir='ltr'><strong>nos</strong></span> <span class='ocrx_word' id='word_1_72' title='bbox 1243 1744 1319 1797; x_wconf 90' lang='lat' dir='ltr'><strong>illi</strong></span> <span class='ocrx_word' id='word_1_73' title='bbox 1348 1744 1418 1798; x_wconf 88' lang='lat' dir='ltr'><strong>de</strong></span> <span class='ocrx_word' id='word_1_74' title='bbox 1442 1743 1617 1798; x_wconf 87' lang='lat' dir='ltr'><strong>altero</strong></span> <span class='ocrx_word' id='word_1_75' title='bbox 1645 1743 1848 1798; x_wconf 75' lang='lat' dir='ltr'><strong>bonell-</strong></span> 
     </span>
    </p>
   </div>
   <div class='ocr_carea' id='block_1_16' title="bbox 258 1831 1846 1904">
    <p class='ocr_par' dir='ltr' id='par_1_16' title="bbox 258 1831 1846 1904">
     <span class='ocr_line' id='line_1_16' title="bbox 258 1831 1846 1904; baseline 0.001 -17"><span class='ocrx_word' id='word_1_76' title='bbox 258 1831 373 1895; x_wconf 88' lang='lat' dir='ltr'><strong>cio,</strong></span> <span class='ocrx_word' id='word_1_77' title='bbox 426 1847 492 1887; x_wconf 76' lang='lat' dir='ltr'><strong>ex</strong></span> <span class='ocrx_word' id='word_1_78' title='bbox 528 1832 777 1903; x_wconf 85' lang='lat' dir='ltr'><strong>largitate</strong></span> <span class='ocrx_word' id='word_1_79' title='bbox 815 1833 1159 1889; x_wconf 80' lang='lat' dir='ltr'><strong>dominorum</strong></span> <span class='ocrx_word' id='word_1_80' title='bbox 1207 1844 1553 1900; x_wconf 86' lang='lat' dir='ltr'><strong>nostrorum,</strong></span> <span class='ocrx_word' id='word_1_81' title='bbox 1608 1835 1846 1904; x_wconf 79' lang='lat' dir='ltr'><strong>aliquam</strong></span> 
     </span>
    </p>
   </div>
   <div class='ocr_carea' id='block_1_17' title="bbox 258 1922 1845 1998">
    <p class='ocr_par' dir='ltr' id='par_1_17' title="bbox 258 1922 1845 1998">
     <span class='ocr_line' id='line_1_17' title="bbox 258 1922 1845 1998; baseline 0.001 -19"><span class='ocrx_word' id='word_1_82' title='bbox 258 1922 709 1989; x_wconf 55' lang='lat' dir='ltr'><strong>consolationem,</strong></span> <span class='ocrx_word' id='word_1_83' title='bbox 745 1923 970 1979; x_wconf 86' lang='lat' dir='ltr'><strong>Domino</strong></span> <span class='ocrx_word' id='word_1_84' title='bbox 1014 1925 1322 1995; x_wconf 70' lang='lat' dir='ltr'><strong>adiuvante,</strong></span> <span class='ocrx_word' id='word_1_85' title='bbox 1374 1924 1558 1982; x_wconf 77' lang='lat' dir='ltr'><strong>facere</strong></span> <span class='ocrx_word' id='word_1_86' title='bbox 1604 1927 1845 1998; x_wconf 81' lang='lat' dir='ltr'><strong>potueri-</strong></span> 
     </span>
    </p>
   </div>
   <div class='ocr_carea' id='block_1_18' title="bbox 258 2013 1845 2089">
    <p class='ocr_par' dir='ltr' id='par_1_18' title="bbox 258 2013 1845 2089">
     <span class='ocr_line' id='line_1_18' title="bbox 258 2013 1845 2089; baseline 0.002 -19"><span class='ocrx_word' id='word_1_87' title='bbox 258 2030 396 2070; x_wconf 78' lang='lat' dir='ltr'><strong>mus.</strong></span> <span class='ocrx_word' id='word_1_88' title='bbox 431 2013 713 2070; x_wconf 79' lang='lat' dir='ltr'><strong>Habebitis</strong></span> <span class='ocrx_word' id='word_1_89' title='bbox 739 2031 827 2070; x_wconf 85' lang='lat' dir='ltr'><strong>me</strong></span> <span class='ocrx_word' id='word_1_90' title='bbox 850 2017 1025 2088; x_wconf 86' lang='lat' dir='ltr'><strong>magis</strong></span> <span class='ocrx_word' id='word_1_91' title='bbox 1058 2025 1366 2087; x_wconf 80' lang='lat' dir='ltr'><strong>promptum</strong></span> <span class='ocrx_word' id='word_1_92' title='bbox 1395 2027 1561 2089; x_wconf 87' lang='lat' dir='ltr'><strong>atque</strong></span> <span class='ocrx_word' id='word_1_93' title='bbox 1590 2020 1845 2074; x_wconf 85' lang='lat' dir='ltr'><strong>devotum</strong></span> 
     </span>
    </p>
   </div>
   <div class='ocr_carea' id='block_1_19' title="bbox 254 2103 1842 2180">
    <p class='ocr_par' dir='ltr' id='par_1_19' title="bbox 254 2103 1842 2180">
     <span class='ocr_line' id='line_1_19' title="bbox 254 2103 1842 2180; baseline 0.003 -22"><span class='ocrx_word' id='word_1_94' title='bbox 254 2103 322 2158; x_wconf 86' lang='lat' dir='ltr'><strong>ad</strong></span> <span class='ocrx_word' id='word_1_95' title='bbox 336 2111 578 2159; x_wconf 75' lang='lat' dir='ltr'><strong>vestram</strong></span> <span class='ocrx_word' id='word_1_96' title='bbox 596 2105 926 2160; x_wconf 80' lang='lat' dir='ltr'><strong>voluntatem</strong></span> <span class='ocrx_word' id='word_1_97' title='bbox 947 2113 1110 2176; x_wconf 86' lang='lat' dir='ltr'><strong>atque</strong></span> <span class='ocrx_word' id='word_1_98' title='bbox 1128 2107 1413 2163; x_wconf 82' lang='lat' dir='ltr'><strong>utilitatem</strong></span> <span class='ocrx_word' id='word_1_99' title='bbox 1433 2110 1842 2180; x_wconf 79' lang='lat' dir='ltr'><strong>perﬁciendam,</strong></span> 
     </span>
    </p>
   </div>
   <div class='ocr_carea' id='block_1_20' title="bbox 257 2195 1842 2274">
    <p class='ocr_par' dir='ltr' id='par_1_20' title="bbox 257 2195 1842 2274">
     <span class='ocr_line' id='line_1_20' title="bbox 257 2195 1842 2274; baseline 0.004 -24"><span class='ocrx_word' id='word_1_100' title='bbox 257 2195 300 2250; x_wconf 83' lang='lat' dir='ltr'><strong>ai</strong></span> <span class='ocrx_word' id='word_1_101' title='bbox 342 2210 496 2251; x_wconf 70' lang='lat' dir='ltr'><strong>meas</strong></span> <span class='ocrx_word' id='word_1_102' title='bbox 537 2196 829 2266; x_wconf 72' lang='lat' dir='ltr'><strong>petitiones</strong></span> <span class='ocrx_word' id='word_1_103' title='bbox 878 2197 933 2252; x_wconf 91' lang='lat' dir='ltr'><strong>in</strong></span> <span class='ocrx_word' id='word_1_104' title='bbox 961 2198 1065 2253; x_wconf 84' lang='lat' dir='ltr'><strong>hac</strong></span> <span class='ocrx_word' id='word_1_105' title='bbox 1102 2214 1265 2255; x_wconf 85' lang='lat' dir='ltr'><strong>causa</strong></span> <span class='ocrx_word' id='word_1_106' title='bbox 1312 2199 1606 2270; x_wconf 83' lang='lat' dir='ltr'><strong>adimplere</strong></span> <span class='ocrx_word' id='word_1_107' title='bbox 1651 2201 1842 2274; x_wconf 85' lang='lat' dir='ltr'><strong>digna-</strong></span> 
     </span>
    </p>
   </div>
   <div class='ocr_carea' id='block_1_21' title="bbox 255 2284 1615 2357">
    <p class='ocr_par' dir='ltr' id='par_1_21' title="bbox 255 2284 1615 2357">
     <span class='ocr_line' id='line_1_21' title="bbox 255 2284 1615 2357; baseline 0.004 -18"><span class='ocrx_word' id='word_1_108' title='bbox 255 2284 410 2339; x_wconf 60' lang='grc' dir='ltr'><strong>κήπὶ.</strong></span> <span class='ocrx_word' id='word_1_109' title='bbox 438 2284 584 2355; x_wconf 88' lang='lat' dir='ltr'><strong>Opto</strong></span> <span class='ocrx_word' id='word_1_110' title='bbox 609 2300 824 2357; x_wconf 79' lang='lat' dir='ltr'><strong>semper</strong></span> <span class='ocrx_word' id='word_1_111' title='bbox 855 2288 994 2343; x_wconf 88' lang='lat' dir='ltr'><strong>bene</strong></span> <span class='ocrx_word' id='word_1_112' title='bbox 1019 2288 1247 2344; x_wconf 87' lang='lat' dir='ltr'><strong>valeatis</strong></span> <span class='ocrx_word' id='word_1_113' title='bbox 1286 2288 1343 2344; x_wconf 89' lang='lat' dir='ltr'><strong>in</strong></span> <span class='ocrx_word' id='word_1_114' title='bbox 1366 2289 1615 2347; x_wconf 88' lang='lat' dir='ltr'><strong>Domino.</strong></span> 
     </span>
    </p>
   </div>
   <div class='ocr_carea' id='block_1_22' title="bbox 802 2397 1258 2455">
    <p class='ocr_par' dir='ltr' id='par_1_22' title="bbox 802 2397 1258 2455">
     <span class='ocr_line' id='line_1_22' title="bbox 802 2397 1258 2455; baseline 0 -2"><span class='ocrx_word' id='word_1_115' title='bbox 802 2397 1134 2455; x_wconf 75' lang='lat' dir='ltr'><strong>EPISTULA</strong></span> <span class='ocrx_word' id='word_1_116' title='bbox 1196 2399 1258 2454; x_wconf 79' lang='lat' dir='ltr'><strong>ll.</strong></span> 
     </span>
    </p>
   </div>
   <div class='ocr_carea' id='block_1_23' title="bbox 645 2470 1437 2525">
    <p class='ocr_par' dir='ltr' id='par_1_23' title="bbox 645 2470 1437 2525">
     <span class='ocr_line' id='line_1_23' title="bbox 645 2470 1437 2525; baseline 0.006 -5"><span class='ocrx_word' id='word_1_117' title='bbox 645 2482 715 2520; x_wconf 64' lang='lat' dir='ltr'><strong>an</strong></span> <span class='ocrx_word' id='word_1_118' title='bbox 752 2483 1069 2524; x_wconf 72' lang='grc' dir='ltr'>αοιιιειιτωι</span> <span class='ocrx_word' id='word_1_119' title='bbox 1109 2485 1377 2525; x_wconf 75' lang='grc' dir='ltr'><strong>ΛΒΒΑΤΕΙ.</strong></span> <span class='ocrx_word' id='word_1_120' title='bbox 1408 2470 1437 2510; x_wconf 67' lang='grc' dir='ltr'>τι</span> 
     </span>
    </p>
   </div>
   <div class='ocr_carea' id='block_1_24' title="bbox 323 2555 1844 2629">
    <p class='ocr_par' dir='ltr' id='par_1_24' title="bbox 323 2555 1844 2629">
     <span class='ocr_line' id='line_1_24' title="bbox 323 2555 1844 2629; baseline 0.007 -19"><span class='ocrx_word' id='word_1_121' title='bbox 323 2555 607 2627; x_wconf 76' lang='lat' dir='ltr'><strong>Beligioso</strong></span> <span class='ocrx_word' id='word_1_122' title='bbox 630 2556 831 2613; x_wconf 76' lang='lat' dir='ltr'><strong>Christi</strong></span> <span class='ocrx_word' id='word_1_123' title='bbox 875 2558 1077 2615; x_wconf 83' lang='lat' dir='ltr'><strong>famulo</strong></span> <span class='ocrx_word' id='word_1_124' title='bbox 1105 2559 1399 2629; x_wconf 75' lang='lat' dir='ltr'><strong>Gozberto,</strong></span> <span class='ocrx_word' id='word_1_125' title='bbox 1426 2562 1721 2619; x_wconf 71' lang='lat' dir='ltr'><strong>venerabili</strong></span> <span class='ocrx_word' id='word_1_126' title='bbox 1748 2565 1844 2619; x_wconf 88' lang='lat' dir='ltr'><strong>ab-</strong></span> 
     </span>
    </p>
   </div>
   <div class='ocr_carea' id='block_1_25' title="bbox 252 2645 1071 2718">
    <p class='ocr_par' dir='ltr' id='par_1_25' title="bbox 252 2645 1071 2718">
     <span class='ocr_line' id='line_1_25' title="bbox 252 2645 1071 2718; baseline 0.009 -20"><span class='ocrx_word' id='word_1_127' title='bbox 252 2645 388 2710; x_wconf 88' lang='lat' dir='ltr'><strong>bati,</strong></span> <span class='ocrx_word' id='word_1_128' title='bbox 427 2645 772 2717; x_wconf 79' lang='lat' dir='ltr'><strong>Eginhardus</strong></span> <span class='ocrx_word' id='word_1_129' title='bbox 797 2656 1071 2718; x_wconf 83' lang='lat' dir='ltr'><strong>peccator.</strong></span> 
     </span>
    </p>
   </div>
   <div class='ocr_carea' id='block_1_26' title="bbox 319 2737 1843 2817">
    <p class='ocr_par' dir='ltr' id='par_1_26' title="bbox 319 2737 1843 2817">
     <span class='ocr_line' id='line_1_26' title="bbox 319 2737 1843 2817; baseline 0.006 -26"><span class='ocrx_word' id='word_1_130' title='bbox 319 2737 530 2792; x_wconf 83' lang='lat' dir='ltr'><strong>Precor</strong></span> <span class='ocrx_word' id='word_1_131' title='bbox 582 2745 642 2792; x_wconf 92' lang='lat' dir='ltr'><strong>ut</strong></span> <span class='ocrx_word' id='word_1_132' title='bbox 690 2740 951 2795; x_wconf 77' lang='lat' dir='ltr'><strong>sanctitas</strong></span> <span class='ocrx_word' id='word_1_133' title='bbox 997 2751 1175 2797; x_wconf 87' lang='lat' dir='ltr'><strong>vestra</strong></span> <span class='ocrx_word' id='word_1_134' title='bbox 1221 2758 1547 2814; x_wconf 81' lang='lat' dir='ltr'><strong>cognoscere</strong></span> <span class='ocrx_word' id='word_1_135' title='bbox 1589 2745 1843 2817; x_wconf 81' lang='lat' dir='ltr'><strong>dignetur</strong></span> 
     </span>
    </p>
   </div>
   <div class='ocr_carea' id='block_1_27' title="bbox 251 2828 1839 2907">
    <p class='ocr_par' dir='ltr' id='par_1_27' title="bbox 251 2828 1839 2907">
     <span class='ocr_line' id='line_1_27' title="bbox 251 2828 1839 2907; baseline 0.007 -26"><span class='ocrx_word' id='word_1_136' title='bbox 251 2828 315 2882; x_wconf 81' lang='lat' dir='ltr'><strong>de</strong></span> <span class='ocrx_word' id='word_1_137' title='bbox 351 2842 525 2883; x_wconf 66' lang='lat' dir='ltr'><strong>ausa</strong></span> <span class='ocrx_word' id='word_1_138' title='bbox 553 2829 789 2884; x_wconf 84' lang='lat' dir='ltr'><strong>hominis</strong></span> <span class='ocrx_word' id='word_1_139' title='bbox 830 2830 1008 2893; x_wconf 82' lang='lat' dir='ltr'><strong>istius,</strong></span> <span class='ocrx_word' id='word_1_140' title='bbox 1036 2833 1257 2889; x_wconf 86' lang='lat' dir='ltr'><strong>nomine</strong></span> <span class='ocrx_word' id='word_1_141' title='bbox 1284 2834 1539 2900; x_wconf 87' lang='lat' dir='ltr'><strong>Bebonis,</strong></span> <span class='ocrx_word' id='word_1_142' title='bbox 1566 2837 1710 2905; x_wconf 88' lang='lat' dir='ltr'><strong>quod</strong></span> <span class='ocrx_word' id='word_1_143' title='bbox 1738 2852 1839 2907; x_wconf 90' lang='lat' dir='ltr'><strong>ego</strong></span> 
     </span>
    </p>
   </div>
   <div class='ocr_carea' id='block_1_28' title="bbox 250 2920 1835 2987">
    <p class='ocr_par' dir='ltr' id='par_1_28' title="bbox 250 2920 1835 2987">
     <span class='ocr_line' id='line_1_28' title="bbox 250 2920 1835 2987; baseline 0.006 -11"><span class='ocrx_word' id='word_1_144' title='bbox 250 2920 577 2977; x_wconf 77' lang='lat' dir='ltr'><strong>beneﬁcium</strong></span> <span class='ocrx_word' id='word_1_145' title='bbox 610 2921 687 2976; x_wconf 88' lang='lat' dir='ltr'><strong>illi</strong></span> <span class='ocrx_word' id='word_1_146' title='bbox 717 2923 838 2979; x_wconf 83' lang='lat' dir='ltr'><strong>dedi</strong></span> <span class='ocrx_word' id='word_1_147' title='bbox 869 2924 939 2979; x_wconf 85' lang='lat' dir='ltr'><strong>de</strong></span> <span class='ocrx_word' id='word_1_148' title='bbox 962 2928 1292 2983; x_wconf 79' lang='lat' dir='ltr'><strong>monasterio</strong></span> <span class='ocrx_word' id='word_1_149' title='bbox 1322 2940 1346 2968; x_wconf 79' lang='grc' dir='ltr'><strong>ο</strong></span> <span class='ocrx_word' id='word_1_150' title='bbox 1382 2928 1442 2984; x_wconf 89' lang='lat' dir='ltr'><strong>S.</strong></span> <span class='ocrx_word' id='word_1_151' title='bbox 1468 2929 1835 2987; x_wconf 81' lang='lat' dir='ltr'><strong>Chlodovvaldi</strong></span> 
     </span>
    </p>
   </div>
   <div class='ocr_carea' id='block_1_29' title="bbox 249 3011 1888 3090">
    <p class='ocr_par' dir='ltr' id='par_1_29' title="bbox 249 3011 1888 3090">
     <span class='ocr_line' id='line_1_29' title="bbox 249 3011 1888 3090; baseline 0.007 -24"><span class='ocrx_word' id='word_1_152' title='bbox 249 3021 477 3083; x_wconf 76' lang='lat' dir='ltr'><strong>propter</strong></span> <span class='ocrx_word' id='word_1_153' title='bbox 503 3011 608 3068; x_wconf 82' lang='lat' dir='ltr'><strong>hoc</strong></span> <span class='ocrx_word' id='word_1_154' title='bbox 632 3015 723 3082; x_wconf 82' lang='lat' dir='ltr'><strong>qui</strong></span> <span class='ocrx_word' id='word_1_155' title='bbox 755 3013 888 3069; x_wconf 89' lang='lat' dir='ltr'><strong>mihi</strong></span> <span class='ocrx_word' id='word_1_156' title='bbox 917 3016 1056 3071; x_wconf 89' lang='lat' dir='ltr'><strong>bene</strong></span> <span class='ocrx_word' id='word_1_157' title='bbox 1090 3018 1379 3073; x_wconf 75' lang='lat' dir='ltr'><strong>serviebat.</strong></span> <span class='ocrx_word' id='word_1_158' title='bbox 1414 3018 1522 3074; x_wconf 84' lang='lat' dir='ltr'><strong>Sed</strong></span> <span class='ocrx_word' id='word_1_159' title='bbox 1551 3028 1835 3090; x_wconf 66' lang='lat' dir='ltr'><strong>postqum</strong></span> <span class='ocrx_word' id='word_1_160' title='bbox 1884 3065 1888 3069; x_wconf 59' lang='grc'><strong><em>«</em></strong></span> 
     </span>
    </p>
   </div>
   <div class='ocr_carea' id='block_1_30' title="bbox 247 3103 1838 3178">
    <p class='ocr_par' dir='ltr' id='par_1_30' title="bbox 247 3103 1838 3178">
     <span class='ocr_line' id='line_1_30' title="bbox 247 3103 1838 3178; baseline 0.006 -22"><span class='ocrx_word' id='word_1_161' title='bbox 247 3117 372 3158; x_wconf 74' lang='lat' dir='ltr'><strong>eam</strong></span> <span class='ocrx_word' id='word_1_162' title='bbox 401 3103 607 3158; x_wconf 75' lang='lat' dir='ltr'><strong>domm</strong></span> <span class='ocrx_word' id='word_1_163' title='bbox 631 3103 912 3161; x_wconf 71' lang='lat' dir='ltr'><strong>Hlothario</strong></span> <span class='ocrx_word' id='word_1_164' title='bbox 945 3108 1338 3172; x_wconf 81' lang='lat' dir='ltr'><strong>commendavi,</strong></span> <span class='ocrx_word' id='word_1_165' title='bbox 1368 3109 1650 3178; x_wconf 80' lang='lat' dir='ltr'><strong>impetravi</strong></span> <span class='ocrx_word' id='word_1_166' title='bbox 1679 3126 1708 3164; x_wconf 86' lang='lat' dir='ltr'><strong>a</strong></span> <span class='ocrx_word' id='word_1_167' title='bbox 1740 3112 1838 3167; x_wconf 86' lang='lat' dir='ltr'><strong>do-</strong></span> 
     </span>
    </p>
   </div>
   <div class='ocr_carea' id='block_1_31' title="bbox 247 3193 1835 3264">
    <p class='ocr_par' dir='ltr' id='par_1_31' title="bbox 247 3193 1835 3264">
     <span class='ocr_line' id='line_1_31' title="bbox 247 3193 1835 3264; baseline 0.005 -14"><span class='ocrx_word' id='word_1_168' title='bbox 247 3208 379 3250; x_wconf 60' lang='lat' dir='ltr'><strong>mno</strong></span> <span class='ocrx_word' id='word_1_169' title='bbox 427 3193 752 3264; x_wconf 77' lang='lat' dir='ltr'><strong>imperatore</strong></span> <span class='ocrx_word' id='word_1_170' title='bbox 799 3204 863 3257; x_wconf 78' lang='lat' dir='ltr'><strong>ut</strong></span> <span class='ocrx_word' id='word_1_171' title='bbox 907 3196 958 3250; x_wconf 87' lang='lat' dir='ltr'><strong>ei</strong></span> <span class='ocrx_word' id='word_1_172' title='bbox 1001 3197 1474 3255; x_wconf 75' lang='lat' dir='ltr'><strong>conﬁrmationem</strong></span> <span class='ocrx_word' id='word_1_173' title='bbox 1528 3199 1731 3256; x_wconf 80' lang='lat' dir='ltr'><strong>laceret</strong></span> <span class='ocrx_word' id='word_1_174' title='bbox 1769 3203 1835 3258; x_wconf 88' lang='lat' dir='ltr'><strong>de</strong></span> 
     </span>
    </p>
   </div>
   <div class='ocr_carea' id='block_1_32' title="bbox 245 3285 1834 3363">
    <p class='ocr_par' dir='ltr' id='par_1_32' title="bbox 245 3285 1834 3363">
     <span class='ocr_line' id='line_1_32' title="bbox 245 3285 1834 3363; baseline 0.006 -24"><span class='ocrx_word' id='word_1_175' title='bbox 245 3285 441 3339; x_wconf 63' lang='lat' dir='ltr'><strong>eodm</strong></span> <span class='ocrx_word' id='word_1_176' title='bbox 466 3285 731 3340; x_wconf 70' lang='lat' dir='ltr'><strong>beneﬁcio</strong></span> <span class='ocrx_word' id='word_1_177' title='bbox 758 3286 825 3339; x_wconf 92' lang='lat' dir='ltr'><strong>ad</strong></span> <span class='ocrx_word' id='word_1_178' title='bbox 851 3286 966 3342; x_wconf 88' lang='lat' dir='ltr'><strong>dies</strong></span> <span class='ocrx_word' id='word_1_179' title='bbox 991 3288 1117 3343; x_wconf 68' lang='lat' dir='ltr'><strong>vitae</strong></span> <span class='ocrx_word' id='word_1_180' title='bbox 1146 3305 1275 3345; x_wconf 66' lang='lat' dir='ltr'><strong>suae.</strong></span> <span class='ocrx_word' id='word_1_181' title='bbox 1319 3291 1547 3360; x_wconf 81' lang='lat' dir='ltr'><strong>Propter</strong></span> <span class='ocrx_word' id='word_1_182' title='bbox 1573 3291 1678 3346; x_wconf 80' lang='lat' dir='ltr'><strong>hoc</strong></span> <span class='ocrx_word' id='word_1_183' title='bbox 1702 3305 1834 3363; x_wconf 85' lang='lat' dir='ltr'><strong>rego</strong></span> 
     </span>
    </p>
   </div>
   <div class='ocr_carea' id='block_1_33' title="bbox 245 3371 1834 3445">
    <p class='ocr_par' dir='ltr' id='par_1_33' title="bbox 245 3371 1834 3445">
     <span class='ocr_line' id='line_1_33' title="bbox 245 3371 1834 3445; baseline 0.004 -21"><span class='ocrx_word' id='word_1_184' title='bbox 245 3379 300 3424; x_wconf 77' lang='lat' dir='ltr'><strong>ct</strong></span> <span class='ocrx_word' id='word_1_185' title='bbox 336 3371 573 3425; x_wconf 81' lang='lat' dir='ltr'><strong>obsecro</strong></span> <span class='ocrx_word' id='word_1_186' title='bbox 615 3371 957 3426; x_wconf 83' lang='lat' dir='ltr'><strong>dilectionem</strong></span> <span class='ocrx_word' id='word_1_187' title='bbox 1003 3381 1237 3428; x_wconf 82' lang='lat' dir='ltr'><strong>vestram</strong></span> <span class='ocrx_word' id='word_1_188' title='bbox 1286 3388 1354 3428; x_wconf 85' lang='lat' dir='ltr'><strong>ne</strong></span> <span class='ocrx_word' id='word_1_189' title='bbox 1384 3374 1459 3429; x_wconf 82' lang='lat' dir='ltr'><strong>illi</strong></span> <span class='ocrx_word' id='word_1_190' title='bbox 1502 3376 1834 3445; x_wconf 82' lang='lat' dir='ltr'><strong>permittatis</strong></span> 
     </span>
    </p>
   </div>
   <div class='ocr_carea' id='block_1_34' title="bbox 245 3461 1832 3535">
    <p class='ocr_par' dir='ltr' id='par_1_34' title="bbox 245 3461 1832 3535">
     <span class='ocr_line' id='line_1_34' title="bbox 245 3461 1832 3535; baseline 0.004 -21"><span class='ocrx_word' id='word_1_191' title='bbox 245 3461 455 3532; x_wconf 71' lang='lat' dir='ltr'><strong>aliquid</strong></span> <span class='ocrx_word' id='word_1_192' title='bbox 495 3462 935 3533; x_wconf 73' lang='lat' dir='ltr'><strong>impedimentum</strong></span> <span class='ocrx_word' id='word_1_193' title='bbox 961 3463 1076 3519; x_wconf 77' lang='lat' dir='ltr'><strong>fieri</strong></span> <span class='ocrx_word' id='word_1_194' title='bbox 1104 3464 1171 3518; x_wconf 90' lang='lat' dir='ltr'><strong>de</strong></span> <span class='ocrx_word' id='word_1_195' title='bbox 1202 3465 1319 3535; x_wconf 90' lang='lat' dir='ltr'><strong>ipso</strong></span> <span class='ocrx_word' id='word_1_196' title='bbox 1345 3466 1628 3531; x_wconf 79' lang='lat' dir='ltr'><strong>beneﬁcio,</strong></span> <span class='ocrx_word' id='word_1_197' title='bbox 1659 3465 1832 3521; x_wconf 86' lang='lat' dir='ltr'><strong>donec</strong></span> 
     </span>
    </p>
   </div>
   <div class='ocr_carea' id='block_1_35' title="bbox 243 3518 1901 3640">
    <p class='ocr_par' dir='ltr' id='par_1_35' title="bbox 243 3518 1901 3640">
     <span class='ocr_line' id='line_1_35' title="bbox 243 3518 1901 3640; baseline 0.003 -33"><span class='ocrx_word' id='word_1_198' title='bbox 243 3518 370 3640; x_wconf 50' lang='lat' dir='ltr'><strong>sed,</strong></span> <span class='ocrx_word' id='word_1_199' title='bbox 402 3518 628 3606; x_wconf 69' lang='lat' dir='ltr'><strong>Domino</strong></span> <span class='ocrx_word' id='word_1_200' title='bbox 658 3551 887 3619; x_wconf 87' lang='lat' dir='ltr'><strong>volente,</strong></span> <span class='ocrx_word' id='word_1_201' title='bbox 918 3518 1194 3609; x_wconf 82' lang='lat' dir='ltr'><strong>vobiscum</strong></span> <span class='ocrx_word' id='word_1_202' title='bbox 1220 3518 1689 3626; x_wconf 41' lang='lat' dir='ltr'><strong>loquamur.</strong></span> <span class='ocrx_word' id='word_1_203' title='bbox 1856 3518 1901 3581; x_wconf 66' lang='grc' dir='ltr'>Ο</span> 
     </span>
    </p>
   </div>
   <div class='ocr_carea' id='block_1_36' title="bbox 245 3641 1828 3713">
    <p class='ocr_par' dir='ltr' id='par_1_36' title="bbox 245 3641 1828 3713">
     <span class='ocr_line' id='line_1_36' title="bbox 245 3641 1828 3713; baseline 0.003 -20"><span class='ocrx_word' id='word_1_204' title='bbox 245 3641 404 3696; x_wconf 82' lang='lat' dir='ltr'><strong>vobis</strong></span> <span class='ocrx_word' id='word_1_205' title='bbox 428 3641 663 3705; x_wconf 84' lang='lat' dir='ltr'><strong>mando,</strong></span> <span class='ocrx_word' id='word_1_206' title='bbox 693 3642 818 3711; x_wconf 87' lang='lat' dir='ltr'><strong>quia</strong></span> <span class='ocrx_word' id='word_1_207' title='bbox 852 3658 1120 3713; x_wconf 76' lang='lat' dir='ltr'><strong>cognosco</strong></span> <span class='ocrx_word' id='word_1_208' title='bbox 1154 3645 1510 3712; x_wconf 82' lang='lat' dir='ltr'><strong>quorumdam</strong></span> <span class='ocrx_word' id='word_1_209' title='bbox 1550 3645 1828 3700; x_wconf 79' lang='lat' dir='ltr'><strong>hominum</strong></span> 
     </span>
    </p>
   </div>
   <div class='ocr_carea' id='block_1_37' title="bbox 245 3731 1830 3805">
    <p class='ocr_par' dir='ltr' id='par_1_37' title="bbox 245 3731 1830 3805">
     <span class='ocr_line' id='line_1_37' title="bbox 245 3731 1830 3805; baseline 0.003 -20"><span class='ocrx_word' id='word_1_210' title='bbox 245 3748 472 3802; x_wconf 79' lang='lat' dir='ltr'><strong>pravam</strong></span> <span class='ocrx_word' id='word_1_211' title='bbox 500 3731 828 3787; x_wconf 82' lang='lat' dir='ltr'><strong>voluntatem</strong></span> <span class='ocrx_word' id='word_1_212' title='bbox 859 3741 913 3787; x_wconf 90' lang='lat' dir='ltr'><strong>et</strong></span> <span class='ocrx_word' id='word_1_213' title='bbox 943 3733 1210 3788; x_wconf 71' lang='lat' dir='ltr'><strong>infinitam</strong></span> <span class='ocrx_word' id='word_1_214' title='bbox 1240 3735 1610 3804; x_wconf 85' lang='lat' dir='ltr'><strong>cupiditatem,</strong></span> <span class='ocrx_word' id='word_1_215' title='bbox 1641 3736 1734 3805; x_wconf 90' lang='lat' dir='ltr'><strong>qui</strong></span> <span class='ocrx_word' id='word_1_216' title='bbox 1764 3737 1830 3790; x_wconf 89' lang='lat' dir='ltr'><strong>de</strong></span> 
     </span>
    </p>
   </div>
   <div class='ocr_carea' id='block_1_38' title="bbox 249 3822 1830 3893">
    <p class='ocr_par' dir='ltr' id='par_1_38' title="bbox 249 3822 1830 3893">
     <span class='ocr_line' id='line_1_38' title="bbox 249 3822 1830 3893; baseline 0.003 -18"><span class='ocrx_word' id='word_1_217' title='bbox 249 3822 624 3893; x_wconf 78' lang='lat' dir='ltr'><strong>proximorum</strong></span> <span class='ocrx_word' id='word_1_218' title='bbox 673 3822 885 3878; x_wconf 89' lang='lat' dir='ltr'><strong>damnis</strong></span> <span class='ocrx_word' id='word_1_219' title='bbox 933 3823 1133 3878; x_wconf 82' lang='lat' dir='ltr'><strong>nullam</strong></span> <span class='ocrx_word' id='word_1_220' title='bbox 1178 3824 1382 3879; x_wconf 82' lang='lat' dir='ltr'><strong>habent</strong></span> <span class='ocrx_word' id='word_1_221' title='bbox 1426 3840 1636 3889; x_wconf 88' lang='lat' dir='ltr'><strong>curam,</strong></span> <span class='ocrx_word' id='word_1_222' title='bbox 1667 3826 1720 3878; x_wconf 92' lang='lat' dir='ltr'><strong>in</strong></span> <span class='ocrx_word' id='word_1_223' title='bbox 1763 3840 1830 3879; x_wconf 88' lang='lat' dir='ltr'><strong>eo</strong></span> 
     </span>
    </p>
   </div>
   <div class='ocr_carea' id='block_1_39' title="bbox 244 3906 1825 3983">
    <p class='ocr_par' dir='ltr' id='par_1_39' title="bbox 244 3906 1825 3983">
     <span class='ocr_line' id='line_1_39' title="bbox 244 3906 1825 3983; baseline 0 -18"><span class='ocrx_word' id='word_1_224' title='bbox 244 3912 392 3982; x_wconf 84' lang='lat' dir='ltr'><strong>quod</strong></span> <span class='ocrx_word' id='word_1_225' title='bbox 422 3927 537 3967; x_wconf 67' lang='lat' dir='ltr'><strong>sum</strong></span> <span class='ocrx_word' id='word_1_226' title='bbox 565 3906 890 3967; x_wconf 67' lang='lat' dir='ltr'><strong>avidissima:</strong></span> <span class='ocrx_word' id='word_1_227' title='bbox 924 3913 1205 3983; x_wconf 85' lang='lat' dir='ltr'><strong>cupiditati</strong></span> <span class='ocrx_word' id='word_1_228' title='bbox 1249 3911 1566 3968; x_wconf 81' lang='lat' dir='ltr'><strong>satisfacere</strong></span> <span class='ocrx_word' id='word_1_229' title='bbox 1589 3911 1825 3967; x_wconf 88' lang='lat' dir='ltr'><strong>valeant.</strong></span> 
     </span>
    </p>
   </div>
   <div class='ocr_carea' id='block_1_40' title="bbox 243 4001 1385 4076">
    <p class='ocr_par' dir='ltr' id='par_1_40' title="bbox 243 4001 1385 4076">
     <span class='ocr_line' id='line_1_40' title="bbox 243 4001 1385 4076; baseline -0.003 -17"><span class='ocrx_word' id='word_1_230' title='bbox 243 4004 389 4076; x_wconf 85' lang='lat' dir='ltr'><strong>Opto</strong></span> <span class='ocrx_word' id='word_1_231' title='bbox 418 4011 481 4059; x_wconf 89' lang='lat' dir='ltr'><strong>ut</strong></span> <span class='ocrx_word' id='word_1_232' title='bbox 512 4019 728 4073; x_wconf 83' lang='lat' dir='ltr'><strong>semper</strong></span> <span class='ocrx_word' id='word_1_233' title='bbox 754 4003 978 4059; x_wconf 83' lang='lat' dir='ltr'><strong>valeatis</strong></span> <span class='ocrx_word' id='word_1_234' title='bbox 1009 4003 1085 4076; x_wconf 91' lang='lat' dir='ltr'><strong>[in</strong></span> <span class='ocrx_word' id='word_1_235' title='bbox 1110 4001 1385 4073; x_wconf 83' lang='lat' dir='ltr'><strong>Domino].</strong></span> 
     </span>
    </p>
   </div>
   <div class='ocr_carea' id='block_1_41' title="bbox 806 4101 1276 4157">
    <p class='ocr_par' dir='ltr' id='par_1_41' title="bbox 806 4101 1276 4157">
     <span class='ocr_line' id='line_1_41' title="bbox 806 4101 1276 4157; baseline -0.002 0"><span class='ocrx_word' id='word_1_236' title='bbox 806 4101 1141 4157; x_wconf 79' lang='lat' dir='ltr'><strong>EPISTOLA</strong></span> <span class='ocrx_word' id='word_1_237' title='bbox 1187 4101 1276 4157; x_wconf 89' lang='grc' dir='ltr'>ιιι.</span> 
     </span>
    </p>
   </div>
   <div class='ocr_carea' id='block_1_42' title="bbox 774 4171 1301 4228">
    <p class='ocr_par' dir='ltr' id='par_1_42' title="bbox 774 4171 1301 4228">
     <span class='ocr_line' id='line_1_42' title="bbox 774 4171 1301 4228; baseline 0 0"><span class='ocrx_word' id='word_1_238' title='bbox 774 4189 841 4228; x_wconf 69' lang='grc' dir='ltr'>ιι)</span> <span class='ocrx_word' id='word_1_239' title='bbox 890 4187 1238 4228; x_wconf 70' lang='grc' dir='ltr'>ΑιΑιιιΑιιιωι</span> <span class='ocrx_word' id='word_1_240' title='bbox 1282 4171 1301 4210; x_wconf 71' lang='grc' dir='ltr'><em>τ</em></span> 
     </span>
    </p>
   </div>
   <div class='ocr_carea' id='block_1_43' title="bbox 317 4264 1820 4339">
    <p class='ocr_par' dir='ltr' id='par_1_43' title="bbox 317 4264 1820 4339">
     <span class='ocr_line' id='line_1_43' title="bbox 317 4264 1820 4339; baseline -0.001 -17"><span class='ocrx_word' id='word_1_241' title='bbox 317 4264 779 4322; x_wconf 74' lang='lat' dir='ltr'><strong>Rcverentissimo</strong></span> <span class='ocrx_word' id='word_1_242' title='bbox 814 4264 1015 4325; x_wconf 83' lang='lat' dir='ltr'><strong>Christi</strong></span> <span class='ocrx_word' id='word_1_243' title='bbox 1062 4264 1265 4323; x_wconf 76' lang='lat' dir='ltr'><strong>famulo</strong></span> <span class='ocrx_word' id='word_1_244' title='bbox 1292 4264 1623 4333; x_wconf 82' lang='lat' dir='ltr'><strong>Amalhario,</strong></span> <span class='ocrx_word' id='word_1_245' title='bbox 1659 4265 1820 4339; x_wconf 81' lang='lat' dir='ltr'><strong>Egin-</strong></span> 
     </span>
    </p>
   </div>
   <div class='ocr_carea' id='block_1_44' title="bbox 245 4358 746 4427">
    <p class='ocr_par' dir='ltr' id='par_1_44' title="bbox 245 4358 746 4427">
     <span class='ocr_line' id='line_1_44' title="bbox 245 4358 746 4427; baseline -0.004 -14"><span class='ocrx_word' id='word_1_246' title='bbox 245 4358 455 4414; x_wconf 79' lang='lat' dir='ltr'><strong>bardus</strong></span> <span class='ocrx_word' id='word_1_247' title='bbox 474 4365 746 4427; x_wconf 86' lang='lat' dir='ltr'><strong>peccator.</strong></span> 
     </span>
    </p>
   </div>
   <div class='ocr_carea' id='block_1_45' title="bbox 314 4487 1822 4559">
    <p class='ocr_par' dir='ltr' id='par_1_45' title="bbox 314 4487 1822 4559">
     <span class='ocr_line' id='line_1_45' title="bbox 314 4487 1822 4559; baseline 0 -16"><span class='ocrx_word' id='word_1_248' title='bbox 314 4504 343 4531; x_wconf 76' lang='grc' dir='ltr'><strong>ι</strong></span> <span class='ocrx_word' id='word_1_249' title='bbox 375 4490 486 4544; x_wconf 84' lang='lat' dir='ltr'><strong>llas</strong></span> <span class='ocrx_word' id='word_1_250' title='bbox 510 4488 766 4559; x_wconf 84' lang='lat' dir='ltr'><strong>epistolas</strong></span> <span class='ocrx_word' id='word_1_251' title='bbox 791 4502 859 4559; x_wconf 79' lang='lat' dir='ltr'><strong>ex</strong></span> <span class='ocrx_word' id='word_1_252' title='bbox 880 4487 1305 4559; x_wconf 26' lang='lat' dir='ltr'><strong>vetustoﬁcodice</strong></span> <span class='ocrx_word' id='word_1_253' title='bbox 1334 4503 1434 4543; x_wconf 84' lang='lat' dir='ltr'><strong>ms.</strong></span> <span class='ocrx_word' id='word_1_254' title='bbox 1473 4487 1621 4559; x_wconf 74' lang='lat' dir='ltr'><strong>Laud</strong></span> <span class='ocrx_word' id='word_1_255' title='bbox 1647 4489 1822 4559; x_wconf 79' lang='lat' dir='ltr'><strong>mensi</strong></span> 
     </span>
    </p>
   </div>
   <div class='ocr_carea' id='block_1_46' title="bbox 310 4557 1819 4628">
    <p class='ocr_par' dir='ltr' id='par_1_46' title="bbox 310 4557 1819 4628">
     <span class='ocr_line' id='line_1_46' title="bbox 310 4557 1819 4628; baseline -0.003 -13"><span class='ocrx_word' id='word_1_256' title='bbox 310 4561 483 4615; x_wconf 77' lang='lat' dir='ltr'><strong>illum</strong></span> <span class='ocrx_word' id='word_1_257' title='bbox 526 4557 763 4628; x_wconf 73' lang='lat' dir='ltr'><strong>vulgavit</strong></span> <span class='ocrx_word' id='word_1_258' title='bbox 788 4558 1035 4628; x_wconf 79' lang='lat' dir='ltr'><strong>Andreas</strong></span> <span class='ocrx_word' id='word_1_259' title='bbox 1075 4558 1342 4628; x_wconf 72' lang='lat' dir='ltr'><strong>(‘Jiesnius</strong></span> <span class='ocrx_word' id='word_1_260' title='bbox 1372 4567 1504 4613; x_wconf 86' lang='lat' dir='ltr'><strong>tom.</strong></span> <span class='ocrx_word' id='word_1_261' title='bbox 1561 4557 1605 4611; x_wconf 72' lang='lat' dir='ltr'><strong>Il</strong></span> <span class='ocrx_word' id='word_1_262' title='bbox 1628 4557 1819 4626; x_wconf 84' lang='lat' dir='ltr'><strong>script.</strong></span> 
     </span>
    </p>
   </div>
   <div class='ocr_carea' id='block_1_47' title="bbox 242 4577 1823 4697">
    <p class='ocr_par' dir='ltr' id='par_1_47' title="bbox 242 4577 1823 4697">
     <span class='ocr_line' id='line_1_47' title="bbox 428 4577 1819 4628; baseline -0.001 -15"><span class='ocrx_word' id='word_1_263' title='bbox 428 4577 483 4613; x_wconf 80' lang='lat' dir='ltr'><strong>ni</strong></span> <span class='ocrx_word' id='word_1_264' title='bbox 526 4577 763 4628; x_wconf 66' lang='lat' dir='ltr'><strong>vulgavit</strong></span> <span class='ocrx_word' id='word_1_265' title='bbox 788 4577 1035 4612; x_wconf 67' lang='lat' dir='ltr'><strong>nnureas</strong></span> <span class='ocrx_word' id='word_1_266' title='bbox 1075 4577 1342 4613; x_wconf 64' lang='lat' dir='ltr'><strong>intestinis</strong></span> <span class='ocrx_word' id='word_1_267' title='bbox 1372 4577 1504 4613; x_wconf 83' lang='lat' dir='ltr'><strong>tom.</strong></span> <span class='ocrx_word' id='word_1_268' title='bbox 1561 4577 1599 4611; x_wconf 82' lang='grc' dir='ltr'><strong>ιι</strong></span> <span class='ocrx_word' id='word_1_269' title='bbox 1628 4577 1819 4626; x_wconf 74' lang='lat' dir='ltr'><strong>script.</strong></span> 
     </span>
     <span class='ocr_line' id='line_1_48' title="bbox 242 4577 1823 4697; baseline -0.002 -12"><span class='ocrx_word' id='word_1_270' title='bbox 242 4577 443 4685; x_wconf 47' lang='grc' dir='ltr'><strong>ω.</strong></span> <span class='ocrx_word' id='word_1_271' title='bbox 464 4668 482 4690; x_wconf 86' lang='grc'><strong>.</strong></span> <span class='ocrx_word' id='word_1_272' title='bbox 510 4643 632 4697; x_wconf 81' lang='lat' dir='ltr'><strong>pag.</strong></span> <span class='ocrx_word' id='word_1_273' title='bbox 665 4627 792 4683; x_wconf 78' lang='lat'><strong>695.</strong></span> <span class='ocrx_word' id='word_1_274' title='bbox 821 4626 878 4681; x_wconf 81' lang='grc' dir='ltr'><strong>ιιι</strong></span> <span class='ocrx_word' id='word_1_275' title='bbox 906 4626 1011 4683; x_wconf 89' lang='lat' dir='ltr'><strong>illis</strong></span> <span class='ocrx_word' id='word_1_276' title='bbox 1038 4627 1260 4697; x_wconf 83' lang='lat' dir='ltr'><strong>edendis</strong></span> <span class='ocrx_word' id='word_1_277' title='bbox 1284 4628 1432 4682; x_wconf 86' lang='lat' dir='ltr'><strong>nulla</strong></span> <span class='ocrx_word' id='word_1_278' title='bbox 1454 4634 1706 4682; x_wconf 82' lang='lat' dir='ltr'><strong>servatur</strong></span> <span class='ocrx_word' id='word_1_279' title='bbox 1735 4644 1823 4682; x_wconf 55' lang='lat' dir='ltr'><strong>rav</strong></span> 
     </span>
    </p>
   </div>
   <div class='ocr_carea' id='block_1_48' title="bbox 242 4695 1820 4768">
    <p class='ocr_par' dir='ltr' id='par_1_48' title="bbox 242 4695 1820 4768">
     <span class='ocr_line' id='line_1_49' title="bbox 242 4695 1820 4768; baseline -0.004 -12"><span class='ocrx_word' id='word_1_280' title='bbox 242 4701 319 4756; x_wconf 89' lang='lat' dir='ltr'><strong>tio</strong></span> <span class='ocrx_word' id='word_1_281' title='bbox 344 4695 1058 4768; x_wconf 65' lang='lat' dir='ltr'><strong>temponinnEginhardns,</strong></span> <span class='ocrx_word' id='word_1_282' title='bbox 1086 4695 1349 4768; x_wconf 16' lang='lat' dir='ltr'><strong>it‘tllllbaill</strong></span> <span class='ocrx_word' id='word_1_283' title='bbox 1382 4713 1505 4768; x_wconf 83' lang='lat' dir='ltr'><strong>cum</strong></span> <span class='ocrx_word' id='word_1_284' title='bbox 1528 4711 1697 4768; x_wconf 81' lang='lat' dir='ltr'><strong>uxore</strong></span> <span class='ocrx_word' id='word_1_285' title='bbox 1718 4697 1820 4751; x_wconf 88' lang='lat' dir='ltr'><strong>Im-</strong></span> 
     </span>
    </p>
   </div>
   <div class='ocr_carea' id='block_1_49' title="bbox 239 4765 1811 4837">
    <p class='ocr_par' dir='ltr' id='par_1_49' title="bbox 239 4765 1811 4837">
     <span class='ocr_line' id='line_1_50' title="bbox 239 4765 1811 4837; baseline -0.002 -12"><span class='ocrx_word' id='word_1_286' title='bbox 239 4785 329 4825; x_wconf 75' lang='lat' dir='ltr'><strong>ma</strong></span> <span class='ocrx_word' id='word_1_287' title='bbox 360 4765 597 4832; x_wconf 67' lang='lat' dir='ltr'><strong>servato,</strong></span> <span class='ocrx_word' id='word_1_288' title='bbox 641 4765 827 4837; x_wconf 77' lang='lat' dir='ltr'><strong>plures</strong></span> <span class='ocrx_word' id='word_1_289' title='bbox 855 4768 993 4822; x_wconf 53' lang='lat' dir='ltr'><strong>trait</strong></span> <span class='ocrx_word' id='word_1_290' title='bbox 1012 4766 1290 4824; x_wconf 82' lang='lat' dir='ltr'><strong>abbatias.</strong></span> <span class='ocrx_word' id='word_1_291' title='bbox 1312 4765 1528 4823; x_wconf 81' lang='lat' dir='ltr'><strong>Obiisse</strong></span> <span class='ocrx_word' id='word_1_292' title='bbox 1557 4765 1811 4822; x_wconf 84' lang='lat' dir='ltr'><strong>creditur</strong></span> 
     </span>
    </p>
   </div>
   <div class='ocr_carea' id='block_1_50' title="bbox 239 4838 537 4894">
    <p class='ocr_par' dir='ltr' id='par_1_50' title="bbox 239 4838 537 4894">
     <span class='ocr_line' id='line_1_51' title="bbox 239 4838 537 4894; baseline -0.003 0"><span class='ocrx_word' id='word_1_293' title='bbox 239 4838 537 4894; x_wconf 69' lang='lat' dir='ltr'><strong>m0839.</strong></span> 
     </span>
    </p>
   </div>
   <div class='ocr_carea' id='block_1_51' title="bbox 1978 566 2837 699">
    <p class='ocr_par' dir='ltr' id='par_1_51' title="bbox 1978 566 2837 699">
     <span class='ocr_line' id='line_1_52' title="bbox 1978 566 2837 699; baseline 0.01 -9"><span class='ocrx_word' id='word_1_294' title='bbox 1978 566 2837 699; x_wconf 56' lang='lat' dir='ltr'><strong>EPISTOLKE.</strong></span> 
     </span>
    </p>
   </div>
   <div class='ocr_carea' id='block_1_52' title="bbox 1883 831 3540 922">
    <p class='ocr_par' dir='ltr' id='par_1_52' title="bbox 1883 831 3540 922">
     <span class='ocr_line' id='line_1_53' title="bbox 1883 831 3540 922; baseline 0.015 -39"><span class='ocrx_word' id='word_1_295' title='bbox 1883 836 1930 894; x_wconf 80' lang='grc' dir='ltr'><strong>Α</strong></span> <span class='ocrx_word' id='word_1_296' title='bbox 2029 831 2223 887; x_wconf 86' lang='lat' dir='ltr'><strong>Nescio</strong></span> <span class='ocrx_word' id='word_1_297' title='bbox 2251 833 2375 902; x_wconf 87' lang='lat' dir='ltr'><strong>quis</strong></span> <span class='ocrx_word' id='word_1_298' title='bbox 2418 836 2680 904; x_wconf 67' lang='lat' dir='ltr'><strong>praevenit</strong></span> <span class='ocrx_word' id='word_1_299' title='bbox 2727 839 3018 897; x_wconf 86' lang='lat' dir='ltr'><strong>adventum</strong></span> <span class='ocrx_word' id='word_1_300' title='bbox 3048 847 3201 909; x_wconf 83' lang='lat' dir='ltr'><strong>pueri</strong></span> <span class='ocrx_word' id='word_1_301' title='bbox 3230 850 3417 915; x_wconf 75' lang='lat' dir='ltr'><strong>vestri,</strong></span> <span class='ocrx_word' id='word_1_302' title='bbox 3442 853 3540 922; x_wconf 88' lang='lat' dir='ltr'><strong>qui</strong></span> 
     </span>
    </p>
   </div>
   <div class='ocr_carea' id='block_1_53' title="bbox 1955 922 3540 997">
    <p class='ocr_par' dir='ltr' id='par_1_53' title="bbox 1955 922 3540 997">
     <span class='ocr_line' id='line_1_54' title="bbox 1955 922 3540 997; baseline 0.013 -21"><span class='ocrx_word' id='word_1_303' title='bbox 1955 922 2087 977; x_wconf 87' lang='lat' dir='ltr'><strong>mihi</strong></span> <span class='ocrx_word' id='word_1_304' title='bbox 2119 923 2331 979; x_wconf 86' lang='lat' dir='ltr'><strong>litteras</strong></span> <span class='ocrx_word' id='word_1_305' title='bbox 2368 934 2579 981; x_wconf 80' lang='lat' dir='ltr'><strong>vestras</strong></span> <span class='ocrx_word' id='word_1_306' title='bbox 2621 929 2824 995; x_wconf 84' lang='lat' dir='ltr'><strong>attulit,</strong></span> <span class='ocrx_word' id='word_1_307' title='bbox 2855 938 2913 986; x_wconf 90' lang='lat' dir='ltr'><strong>et</strong></span> <span class='ocrx_word' id='word_1_308' title='bbox 2947 933 3125 989; x_wconf 80' lang='lat' dir='ltr'><strong>eﬂ‘ecit</strong></span> <span class='ocrx_word' id='word_1_309' title='bbox 3163 944 3223 990; x_wconf 88' lang='lat' dir='ltr'><strong>ut</strong></span> <span class='ocrx_word' id='word_1_310' title='bbox 3261 939 3357 993; x_wconf 90' lang='lat' dir='ltr'><strong>tibi</strong></span> <span class='ocrx_word' id='word_1_311' title='bbox 3389 958 3540 997; x_wconf 84' lang='lat' dir='ltr'><strong>man-</strong></span> 
     </span>
    </p>
   </div>
   <div class='ocr_carea' id='block_1_54' title="bbox 1952 1011 3538 1088">
    <p class='ocr_par' dir='ltr' id='par_1_54' title="bbox 1952 1011 3538 1088">
     <span class='ocr_line' id='line_1_55' title="bbox 1952 1011 3538 1088; baseline 0.016 -25"><span class='ocrx_word' id='word_1_312' title='bbox 1952 1011 2108 1065; x_wconf 83' lang='lat' dir='ltr'><strong>daret</strong></span> <span class='ocrx_word' id='word_1_313' title='bbox 2136 1014 2276 1066; x_wconf 69' lang='grc' dir='ltr'>κη...</span> <span class='ocrx_word' id='word_1_314' title='bbox 2307 1025 2581 1084; x_wconf 74' lang='lat' dir='ltr'><strong>quatenus</strong></span> <span class='ocrx_word' id='word_1_315' title='bbox 2602 1020 2849 1087; x_wconf 78' lang='lat' dir='ltr'><strong>proximo</strong></span> <span class='ocrx_word' id='word_1_316' title='bbox 2872 1022 3186 1081; x_wconf 85' lang='lat' dir='ltr'><strong>Palmarum</strong></span> <span class='ocrx_word' id='word_1_317' title='bbox 3216 1029 3304 1084; x_wconf 89' lang='lat' dir='ltr'><strong>die</strong></span> <span class='ocrx_word' id='word_1_318' title='bbox 3335 1031 3401 1086; x_wconf 90' lang='lat' dir='ltr'><strong>ad</strong></span> <span class='ocrx_word' id='word_1_319' title='bbox 3438 1034 3538 1088; x_wconf 89' lang='lat' dir='ltr'><strong>im-</strong></span> 
     </span>
    </p>
   </div>
   <div class='ocr_carea' id='block_1_55' title="bbox 1950 1107 3539 1183">
    <p class='ocr_par' dir='ltr' id='par_1_55' title="bbox 1950 1107 3539 1183">
     <span class='ocr_line' id='line_1_56' title="bbox 1950 1107 3539 1183; baseline 0.018 -29"><span class='ocrx_word' id='word_1_320' title='bbox 1950 1110 2261 1171; x_wconf 86' lang='lat' dir='ltr'><strong>peratorem</strong></span> <span class='ocrx_word' id='word_1_321' title='bbox 2284 1107 2547 1163; x_wconf 82' lang='lat' dir='ltr'><strong>venisses.</strong></span> <span class='ocrx_word' id='word_1_322' title='bbox 2583 1110 2692 1165; x_wconf 88' lang='lat' dir='ltr'><strong>Sed</strong></span> <span class='ocrx_word' id='word_1_323' title='bbox 2721 1122 3007 1183; x_wconf 84' lang='lat' dir='ltr'><strong>postquam</strong></span> <span class='ocrx_word' id='word_1_324' title='bbox 3033 1118 3061 1157; x_wconf 73' lang='lat' dir='ltr'><strong>h</strong></span> <span class='ocrx_word' id='word_1_325' title='bbox 3088 1117 3299 1177; x_wconf 82' lang='lat' dir='ltr'><strong>litteras</strong></span> <span class='ocrx_word' id='word_1_326' title='bbox 3327 1135 3539 1182; x_wconf 84' lang='lat' dir='ltr'><strong>vestras</strong></span> 
     </span>
    </p>
   </div>
   <div class='ocr_carea' id='block_1_56' title="bbox 1950 1192 3537 1277">
    <p class='ocr_par' dir='ltr' id='par_1_56' title="bbox 1950 1192 3537 1277">
     <span class='ocr_line' id='line_1_57' title="bbox 1950 1192 3537 1277; baseline 0.018 -34"><span class='ocrx_word' id='word_1_327' title='bbox 1950 1192 2153 1261; x_wconf 87' lang='lat' dir='ltr'><strong>accepi,</strong></span> <span class='ocrx_word' id='word_1_328' title='bbox 2186 1200 2242 1247; x_wconf 90' lang='lat' dir='ltr'><strong>et</strong></span> <span class='ocrx_word' id='word_1_329' title='bbox 2279 1193 2679 1264; x_wconf 85' lang='lat' dir='ltr'><strong>imperatorem,</strong></span> <span class='ocrx_word' id='word_1_330' title='bbox 2722 1201 2790 1256; x_wconf 89' lang='lat' dir='ltr'><strong>de</strong></span> <span class='ocrx_word' id='word_1_331' title='bbox 2827 1204 2914 1260; x_wconf 87' lang='lat' dir='ltr'><strong>bis</strong></span> <span class='ocrx_word' id='word_1_332' title='bbox 2942 1222 3063 1276; x_wconf 65' lang='lat' dir='ltr'><strong>quae</strong></span> <span class='ocrx_word' id='word_1_333' title='bbox 3093 1209 3332 1277; x_wconf 85' lang='lat' dir='ltr'><strong>voluisti,</strong></span> <span class='ocrx_word' id='word_1_334' title='bbox 3366 1214 3537 1272; x_wconf 86' lang='lat' dir='ltr'><strong>inter-</strong></span> 
     </span>
    </p>
   </div>
   <div class='ocr_carea' id='block_1_57' title="bbox 1951 1282 3534 1360">
    <p class='ocr_par' dir='ltr' id='par_1_57' title="bbox 1951 1282 3534 1360">
     <span class='ocr_line' id='line_1_58' title="bbox 1951 1282 3534 1360; baseline 0.018 -27"><span class='ocrx_word' id='word_1_335' title='bbox 1951 1282 2152 1350; x_wconf 77' lang='lat' dir='ltr'><strong>rogavi,</strong></span> <span class='ocrx_word' id='word_1_336' title='bbox 2199 1287 2460 1354; x_wconf 67' lang='lat' dir='ltr'><strong>praecepit</strong></span> <span class='ocrx_word' id='word_1_337' title='bbox 2510 1289 2641 1343; x_wconf 87' lang='lat' dir='ltr'><strong>mihi</strong></span> <span class='ocrx_word' id='word_1_338' title='bbox 2689 1292 2840 1347; x_wconf 86' lang='lat' dir='ltr'><strong>vobis</strong></span> <span class='ocrx_word' id='word_1_339' title='bbox 2883 1297 3126 1353; x_wconf 84' lang='lat' dir='ltr'><strong>scribere</strong></span> <span class='ocrx_word' id='word_1_340' title='bbox 3178 1309 3238 1354; x_wconf 89' lang='lat' dir='ltr'><strong>ut</strong></span> <span class='ocrx_word' id='word_1_341' title='bbox 3287 1314 3534 1360; x_wconf 82' lang='lat' dir='ltr'><strong>sanctum</strong></span> 
     </span>
    </p>
   </div>
   <div class='ocr_carea' id='block_1_58' title="bbox 1948 1371 3537 1452">
    <p class='ocr_par' dir='ltr' id='par_1_58' title="bbox 1948 1371 3537 1452">
     <span class='ocr_line' id='line_1_59' title="bbox 1948 1371 3537 1452; baseline 0.018 -27"><span class='ocrx_word' id='word_1_342' title='bbox 1948 1371 2172 1431; x_wconf 71' lang='lat' dir='ltr'><strong>Pascha:</strong></span> <span class='ocrx_word' id='word_1_343' title='bbox 2198 1375 2342 1430; x_wconf 85' lang='lat' dir='ltr'><strong>diem</strong></span> <span class='ocrx_word' id='word_1_344' title='bbox 2373 1377 2520 1432; x_wconf 88' lang='lat' dir='ltr'><strong>domi</strong></span> <span class='ocrx_word' id='word_1_345' title='bbox 2554 1380 2959 1451; x_wconf 86' lang='lat' dir='ltr'><strong>celebrassetis,</strong></span> <span class='ocrx_word' id='word_1_346' title='bbox 2988 1397 3044 1443; x_wconf 93' lang='lat' dir='ltr'><strong>et</strong></span> <span class='ocrx_word' id='word_1_347' title='bbox 3074 1400 3332 1448; x_wconf 64' lang='lat' dir='ltr'><strong>caeterum</strong></span> <span class='ocrx_word' id='word_1_348' title='bbox 3366 1399 3537 1452; x_wconf 84' lang='lat' dir='ltr'><strong>comi-</strong></span> 
     </span>
    </p>
   </div>
   <div class='ocr_carea' id='block_1_59' title="bbox 1949 1470 3535 1548">
    <p class='ocr_par' dir='ltr' id='par_1_59' title="bbox 1949 1470 3535 1548">
     <span class='ocr_line' id='line_1_60' title="bbox 1949 1470 3535 1548; baseline 0.018 -33"><span class='ocrx_word' id='word_1_349' title='bbox 1949 1470 2119 1518; x_wconf 88' lang='lat' dir='ltr'><strong>tatum</strong></span> <span class='ocrx_word' id='word_1_350' title='bbox 2148 1475 2387 1522; x_wconf 85' lang='lat' dir='ltr'><strong>vestrum</strong></span> <span class='ocrx_word' id='word_1_351' title='bbox 2418 1479 2541 1538; x_wconf 91' lang='lat' dir='ltr'><strong>post</strong></span> <span class='ocrx_word' id='word_1_352' title='bbox 2567 1480 2667 1528; x_wconf 86' lang='lat' dir='ltr'><strong>vos</strong></span> <span class='ocrx_word' id='word_1_353' title='bbox 2696 1475 2885 1532; x_wconf 88' lang='lat' dir='ltr'><strong>venire</strong></span> <span class='ocrx_word' id='word_1_354' title='bbox 2920 1476 3218 1548; x_wconf 82' lang='lat' dir='ltr'><strong>juberetis,</strong></span> <span class='ocrx_word' id='word_1_355' title='bbox 3261 1500 3326 1540; x_wconf 89' lang='lat' dir='ltr'><strong>eo</strong></span> <span class='ocrx_word' id='word_1_356' title='bbox 3372 1489 3535 1544; x_wconf 88' lang='lat' dir='ltr'><strong>modo</strong></span> 
     </span>
    </p>
   </div>
   <div class='ocr_carea' id='block_1_60' title="bbox 1949 1557 3536 1638">
    <p class='ocr_par' dir='ltr' id='par_1_60' title="bbox 1949 1557 3536 1638">
     <span class='ocr_line' id='line_1_61' title="bbox 1949 1557 3536 1638; baseline 0.018 -32"><span class='ocrx_word' id='word_1_357' title='bbox 1949 1560 2023 1616; x_wconf 89' lang='lat' dir='ltr'><strong>ut,</strong></span> <span class='ocrx_word' id='word_1_358' title='bbox 2053 1557 2267 1623; x_wconf 88' lang='lat' dir='ltr'><strong>quando</strong></span> <span class='ocrx_word' id='word_1_359' title='bbox 2295 1557 2383 1613; x_wconf 87' lang='lat' dir='ltr'><strong>ille</strong></span> <span class='ocrx_word' id='word_1_360' title='bbox 2409 1559 2477 1613; x_wconf 91' lang='lat' dir='ltr'><strong>ad</strong></span> <span class='ocrx_word' id='word_1_361' title='bbox 2519 1575 2614 1616; x_wconf 86' lang='lat' dir='ltr'><strong>vos</strong></span> <span class='ocrx_word' id='word_1_362' title='bbox 2654 1562 2709 1616; x_wconf 91' lang='lat' dir='ltr'><strong>in</strong></span> <span class='ocrx_word' id='word_1_363' title='bbox 2735 1565 2940 1634; x_wconf 86' lang='lat' dir='ltr'><strong>palatio</strong></span> <span class='ocrx_word' id='word_1_364' title='bbox 2970 1570 3227 1638; x_wconf 83' lang='lat' dir='ltr'><strong>venisset,</strong></span> <span class='ocrx_word' id='word_1_365' title='bbox 3264 1579 3536 1633; x_wconf 88' lang='lat' dir='ltr'><strong>mandatis</strong></span> 
     </span>
    </p>
   </div>
   <div class='ocr_carea' id='block_1_61' title="bbox 1947 1652 3534 1729">
    <p class='ocr_par' dir='ltr' id='par_1_61' title="bbox 1947 1652 3534 1729">
     <span class='ocr_line' id='line_1_62' title="bbox 1947 1652 3534 1729; baseline 0.013 -25"><span class='ocrx_word' id='word_1_366' title='bbox 1947 1652 2206 1720; x_wconf 86' lang='lat' dir='ltr'><strong>acceptis,</strong></span> <span class='ocrx_word' id='word_1_367' title='bbox 2245 1664 2301 1707; x_wconf 89' lang='lat' dir='ltr'><strong>et</strong></span> <span class='ocrx_word' id='word_1_368' title='bbox 2340 1653 2549 1709; x_wconf 85' lang='lat' dir='ltr'><strong>ratione</strong></span> <span class='ocrx_word' id='word_1_369' title='bbox 2595 1658 2611 1697; x_wconf 79' lang='grc' dir='ltr'><strong><em>ὶ</em></strong></span> <span class='ocrx_word' id='word_1_370' title='bbox 2661 1657 2948 1729; x_wconf 75' lang='lat' dir='ltr'><strong>legationis</strong></span> <span class='ocrx_word' id='word_1_371' title='bbox 2973 1673 3167 1720; x_wconf 77' lang='lat' dir='ltr'><strong>vestra:</strong></span> <span class='ocrx_word' id='word_1_372' title='bbox 3204 1669 3356 1724; x_wconf 85' lang='lat' dir='ltr'><strong>vobis</strong></span> <span class='ocrx_word' id='word_1_373' title='bbox 3401 1668 3534 1725; x_wconf 79' lang='lat' dir='ltr'><strong>insi~</strong></span> 
     </span>
    </p>
   </div>
   <div class='ocr_carea' id='block_1_62' title="bbox 1947 1744 3528 1827">
    <p class='ocr_par' dir='ltr' id='par_1_62' title="bbox 1947 1744 3528 1827">
     <span class='ocr_line' id='line_1_63' title="bbox 1947 1744 3528 1827; baseline 0.015 -33"><span class='ocrx_word' id='word_1_374' title='bbox 1947 1750 2145 1806; x_wconf 88' lang='lat' dir='ltr'><strong>nuata,</strong></span> <span class='ocrx_word' id='word_1_375' title='bbox 2208 1744 2325 1799; x_wconf 88' lang='lat' dir='ltr'><strong>sine</strong></span> <span class='ocrx_word' id='word_1_376' title='bbox 2372 1761 2523 1800; x_wconf 87' lang='lat' dir='ltr'><strong>mora</strong></span> <span class='ocrx_word' id='word_1_377' title='bbox 2577 1747 2682 1803; x_wconf 86' lang='lat' dir='ltr'><strong>iter</strong></span> <span class='ocrx_word' id='word_1_378' title='bbox 2725 1759 2968 1808; x_wconf 60' lang='lat' dir='ltr'><strong>vesnum</strong></span> <span class='ocrx_word' id='word_1_379' title='bbox 3015 1759 3235 1827; x_wconf 78' lang='lat' dir='ltr'><strong>aggredi</strong></span> <span class='ocrx_word' id='word_1_380' title='bbox 3283 1761 3528 1819; x_wconf 86' lang='lat' dir='ltr'><strong>valeatis.</strong></span> 
     </span>
    </p>
   </div>
   <div class='ocr_carea' id='block_1_63' title="bbox 1944 1832 3213 1921">
    <p class='ocr_par' dir='ltr' id='par_1_63' title="bbox 1944 1832 3213 1921">
     <span class='ocr_line' id='line_1_64' title="bbox 1944 1832 3213 1921; baseline 0.015 -32"><span class='ocrx_word' id='word_1_381' title='bbox 1944 1832 2083 1906; x_wconf 89' lang='lat' dir='ltr'><strong>Opto</strong></span> <span class='ocrx_word' id='word_1_382' title='bbox 2112 1846 2171 1892; x_wconf 93' lang='lat' dir='ltr'><strong>ut</strong></span> <span class='ocrx_word' id='word_1_383' title='bbox 2198 1853 2414 1911; x_wconf 89' lang='lat' dir='ltr'><strong>semper</strong></span> <span class='ocrx_word' id='word_1_384' title='bbox 2438 1842 2576 1897; x_wconf 88' lang='lat' dir='ltr'><strong>bene</strong></span> <span class='ocrx_word' id='word_1_385' title='bbox 2606 1845 2838 1902; x_wconf 87' lang='lat' dir='ltr'><strong>valeatis</strong></span> <span class='ocrx_word' id='word_1_386' title='bbox 2879 1849 2935 1904; x_wconf 90' lang='lat' dir='ltr'><strong>in</strong></span> <span class='ocrx_word' id='word_1_387' title='bbox 2958 1850 3213 1921; x_wconf 70' lang='lat' dir='ltr'><strong>Domino,</strong></span> 
     </span>
    </p>
   </div>
   <div class='ocr_carea' id='block_1_64' title="bbox 2501 1979 2965 2039">
    <p class='ocr_par' dir='ltr' id='par_1_64' title="bbox 2501 1979 2965 2039">
     <span class='ocr_line' id='line_1_65' title="bbox 2501 1979 2965 2039; baseline 0.015 -6"><span class='ocrx_word' id='word_1_388' title='bbox 2501 1979 2840 2038; x_wconf 80' lang='lat' dir='ltr'><strong>EPISTOLA</strong></span> <span class='ocrx_word' id='word_1_389' title='bbox 2876 1984 2965 2039; x_wconf 77' lang='lat' dir='ltr'><strong>IV.</strong></span> 
     </span>
    </p>
   </div>
   <div class='ocr_carea' id='block_1_65' title="bbox 2272 2087 3225 2138">
    <p class='ocr_par' dir='ltr' id='par_1_65' title="bbox 2272 2087 3225 2138">
     <span class='ocr_line' id='line_1_66' title="bbox 2272 2087 3225 2138; baseline 0.013 -12"><span class='ocrx_word' id='word_1_390' title='bbox 2272 2088 2340 2126; x_wconf 74' lang='lat' dir='ltr'><strong>AD</strong></span> <span class='ocrx_word' id='word_1_391' title='bbox 2380 2088 2654 2130; x_wconf 72' lang='grc' dir='ltr'><strong>οτσΑιυωι</strong></span> <span class='ocrx_word' id='word_1_392' title='bbox 2692 2087 2706 2126; x_wconf 75' lang='grc'><strong>1</strong></span> <span class='ocrx_word' id='word_1_393' title='bbox 2752 2094 3225 2138; x_wconf 69' lang='lat' dir='ltr'><strong>ARCBIEPISCOPUI.</strong></span> 
     </span>
    </p>
   </div>
   <div class='ocr_carea' id='block_1_66' title="bbox 1870 2160 3524 2246">
    <p class='ocr_par' dir='ltr' id='par_1_66' title="bbox 1870 2160 3524 2246">
     <span class='ocr_line' id='line_1_67' title="bbox 1870 2160 3524 2246; baseline 0.013 -33"><span class='ocrx_word' id='word_1_394' title='bbox 1870 2173 1919 2233; x_wconf 77' lang='grc' dir='ltr'><strong>Β</strong></span> <span class='ocrx_word' id='word_1_395' title='bbox 2016 2160 2245 2218; x_wconf 88' lang='lat' dir='ltr'><strong>Domino</strong></span> <span class='ocrx_word' id='word_1_396' title='bbox 2285 2170 2474 2219; x_wconf 90' lang='lat' dir='ltr'><strong>sancto</strong></span> <span class='ocrx_word' id='word_1_397' title='bbox 2509 2173 2563 2219; x_wconf 92' lang='lat' dir='ltr'><strong>et</strong></span> <span class='ocrx_word' id='word_1_398' title='bbox 2605 2168 2800 2223; x_wconf 87' lang='lat' dir='ltr'><strong>merito</strong></span> <span class='ocrx_word' id='word_1_399' title='bbox 2829 2172 3124 2227; x_wconf 87' lang='lat' dir='ltr'><strong>venerabili</strong></span> <span class='ocrx_word' id='word_1_400' title='bbox 3150 2173 3392 2246; x_wconf 87' lang='lat' dir='ltr'><strong>Otgario,</strong></span> <span class='ocrx_word' id='word_1_401' title='bbox 3437 2194 3524 2234; x_wconf 84' lang='lat' dir='ltr'><strong>re-</strong></span> 
     </span>
    </p>
   </div>
   <div class='ocr_carea' id='block_1_67' title="bbox 1946 2251 3310 2333">
    <p class='ocr_par' dir='ltr' id='par_1_67' title="bbox 1946 2251 3310 2333">
     <span class='ocr_line' id='line_1_68' title="bbox 1946 2251 3310 2333; baseline 0.012 -30"><span class='ocrx_word' id='word_1_402' title='bbox 1946 2251 2184 2306; x_wconf 88' lang='lat' dir='ltr'><strong>verendo</strong></span> <span class='ocrx_word' id='word_1_403' title='bbox 2208 2253 2636 2326; x_wconf 84' lang='lat' dir='ltr'><strong>archiepiscopo,</strong></span> <span class='ocrx_word' id='word_1_404' title='bbox 2667 2257 3011 2329; x_wconf 84' lang='lat' dir='ltr'><strong>Eginbardus</strong></span> <span class='ocrx_word' id='word_1_405' title='bbox 3037 2264 3310 2333; x_wconf 87' lang='lat' dir='ltr'><strong>peccator.</strong></span> 
     </span>
    </p>
   </div>
   <div class='ocr_carea' id='block_1_68' title="bbox 2013 2340 3528 2427">
    <p class='ocr_par' dir='ltr' id='par_1_68' title="bbox 2013 2340 3528 2427">
     <span class='ocr_line' id='line_1_69' title="bbox 2013 2340 3528 2427; baseline 0.015 -33"><span class='ocrx_word' id='word_1_406' title='bbox 2013 2340 2211 2396; x_wconf 81' lang='lat' dir='ltr'><strong>Frater</strong></span> <span class='ocrx_word' id='word_1_407' title='bbox 2236 2344 2360 2409; x_wconf 90' lang='lat' dir='ltr'><strong>iste,</strong></span> <span class='ocrx_word' id='word_1_408' title='bbox 2392 2347 2612 2401; x_wconf 86' lang='lat' dir='ltr'><strong>nomine</strong></span> <span class='ocrx_word' id='word_1_409' title='bbox 2639 2347 2976 2416; x_wconf 82' lang='lat' dir='ltr'><strong>Werdricus,</strong></span> <span class='ocrx_word' id='word_1_410' title='bbox 3006 2355 3072 2408; x_wconf 89' lang='lat' dir='ltr'><strong>de</strong></span> <span class='ocrx_word' id='word_1_411' title='bbox 3108 2359 3528 2427; x_wconf 85' lang='lat' dir='ltr'><strong>congregatione</strong></span> 
     </span>
    </p>
   </div>
   <div class='ocr_carea' id='block_1_69' title="bbox 1945 2427 3525 2517">
    <p class='ocr_par' dir='ltr' id='par_1_69' title="bbox 1945 2427 3525 2517">
     <span class='ocr_line' id='line_1_70' title="bbox 1945 2427 3525 2517; baseline 0.015 -35"><span class='ocrx_word' id='word_1_412' title='bbox 1945 2427 2004 2483; x_wconf 88' lang='lat' dir='ltr'><strong>S.</strong></span> <span class='ocrx_word' id='word_1_413' title='bbox 2030 2429 2292 2486; x_wconf 80' lang='lat' dir='ltr'><strong>Bonifacii</strong></span> <span class='ocrx_word' id='word_1_414' title='bbox 2308 2433 2335 2472; x_wconf 69' lang='grc' dir='ltr'><strong>ι</strong></span> <span class='ocrx_word' id='word_1_415' title='bbox 2360 2441 2464 2499; x_wconf 90' lang='lat' dir='ltr'><strong>est,</strong></span> <span class='ocrx_word' id='word_1_416' title='bbox 2492 2443 2920 2494; x_wconf 88' lang='lat' dir='ltr'><strong>etconversatur</strong></span> <span class='ocrx_word' id='word_1_417' title='bbox 2943 2444 3083 2512; x_wconf 89' lang='lat' dir='ltr'><strong>apud</strong></span> <span class='ocrx_word' id='word_1_418' title='bbox 3113 2461 3212 2500; x_wconf 89' lang='lat' dir='ltr'><strong>nos</strong></span> <span class='ocrx_word' id='word_1_419' title='bbox 3236 2464 3334 2517; x_wconf 89' lang='lat' dir='ltr'><strong>per</strong></span> <span class='ocrx_word' id='word_1_420' title='bbox 3355 2449 3525 2505; x_wconf 88' lang='lat' dir='ltr'><strong>licen-</strong></span> 
     </span>
    </p>
   </div>
   <div class='ocr_carea' id='block_1_70' title="bbox 1944 2519 3523 2606">
    <p class='ocr_par' dir='ltr' id='par_1_70' title="bbox 1944 2519 3523 2606">
     <span class='ocr_line' id='line_1_71' title="bbox 1944 2519 3523 2606; baseline 0.015 -34"><span class='ocrx_word' id='word_1_421' title='bbox 1944 2519 2072 2573; x_wconf 87' lang='lat' dir='ltr'><strong>tiam</strong></span> <span class='ocrx_word' id='word_1_422' title='bbox 2098 2521 2307 2576; x_wconf 85' lang='lat' dir='ltr'><strong>abbatis</strong></span> <span class='ocrx_word' id='word_1_423' title='bbox 2332 2524 2436 2588; x_wconf 89' lang='lat' dir='ltr'><strong>sui,</strong></span> <span class='ocrx_word' id='word_1_424' title='bbox 2466 2540 2566 2594; x_wconf 88' lang='lat' dir='ltr'><strong>pro</strong></span> <span class='ocrx_word' id='word_1_425' title='bbox 2590 2541 2655 2581; x_wconf 88' lang='lat' dir='ltr'><strong>eo</strong></span> <span class='ocrx_word' id='word_1_426' title='bbox 2682 2530 2826 2597; x_wconf 90' lang='lat' dir='ltr'><strong>quod</strong></span> <span class='ocrx_word' id='word_1_427' title='bbox 2850 2542 3038 2587; x_wconf 88' lang='lat' dir='ltr'><strong>noster</strong></span> <span class='ocrx_word' id='word_1_428' title='bbox 3060 2536 3396 2606; x_wconf 89' lang='lat' dir='ltr'><strong>propinquus</strong></span> <span class='ocrx_word' id='word_1_429' title='bbox 3420 2551 3523 2596; x_wconf 87' lang='lat' dir='ltr'><strong>est.</strong></span> 
     </span>
    </p>
   </div>
   <div class='ocr_carea' id='block_1_71' title="bbox 1942 2607 3524 2686">
    <p class='ocr_par' dir='ltr' id='par_1_71' title="bbox 1942 2607 3524 2686">
     <span class='ocr_line' id='line_1_72' title="bbox 1942 2607 3524 2686; baseline 0.015 -25"><span class='ocrx_word' id='word_1_430' title='bbox 1942 2607 2113 2675; x_wconf 76' lang='lat' dir='ltr'><strong>Quem</strong></span> <span class='ocrx_word' id='word_1_431' title='bbox 2150 2610 2273 2666; x_wconf 89' lang='lat' dir='ltr'><strong>ideo</strong></span> <span class='ocrx_word' id='word_1_432' title='bbox 2302 2629 2445 2668; x_wconf 90' lang='lat' dir='ltr'><strong>nunc</strong></span> <span class='ocrx_word' id='word_1_433' title='bbox 2471 2616 2538 2670; x_wconf 88' lang='lat' dir='ltr'><strong>ad</strong></span> <span class='ocrx_word' id='word_1_434' title='bbox 2563 2629 2660 2671; x_wconf 80' lang='lat' dir='ltr'><strong>vos</strong></span> <span class='ocrx_word' id='word_1_435' title='bbox 2689 2618 2973 2686; x_wconf 88' lang='lat' dir='ltr'><strong>mittimus,</strong></span> <span class='ocrx_word' id='word_1_436' title='bbox 3004 2630 3065 2675; x_wconf 91' lang='lat' dir='ltr'><strong>ut</strong></span> <span class='ocrx_word' id='word_1_437' title='bbox 3087 2638 3212 2678; x_wconf 90' lang='lat' dir='ltr'><strong>eum</strong></span> <span class='ocrx_word' id='word_1_438' title='bbox 3248 2628 3315 2680; x_wconf 87' lang='lat' dir='ltr'><strong>ad</strong></span> <span class='ocrx_word' id='word_1_439' title='bbox 3341 2628 3524 2685; x_wconf 83' lang='lat' dir='ltr'><strong>diaco-</strong></span> 
     </span>
    </p>
   </div>
   <div class='ocr_carea' id='block_1_72' title="bbox 1941 2700 3528 2778">
    <p class='ocr_par' dir='ltr' id='par_1_72' title="bbox 1941 2700 3528 2778">
     <span class='ocr_line' id='line_1_73' title="bbox 1941 2700 3528 2778; baseline 0.014 -25"><span class='ocrx_word' id='word_1_440' title='bbox 1941 2708 2103 2754; x_wconf 85' lang='lat' dir='ltr'><strong>natus</strong></span> <span class='ocrx_word' id='word_1_441' title='bbox 2157 2700 2393 2758; x_wconf 84' lang='lat' dir='ltr'><strong>clllcium</strong></span> <span class='ocrx_word' id='word_1_442' title='bbox 2434 2705 2688 2762; x_wconf 88' lang='lat' dir='ltr'><strong>ordinare</strong></span> <span class='ocrx_word' id='word_1_443' title='bbox 2723 2707 3000 2778; x_wconf 74' lang='lat' dir='ltr'><strong>iubeatis,</strong></span> <span class='ocrx_word' id='word_1_444' title='bbox 3026 2713 3087 2767; x_wconf 75' lang='grc' dir='ltr'><strong>ἐἰ</strong></span> <span class='ocrx_word' id='word_1_445' title='bbox 3133 2715 3379 2773; x_wconf 86' lang='lat' dir='ltr'><strong>videritis</strong></span> <span class='ocrx_word' id='word_1_446' title='bbox 3424 2721 3528 2778; x_wconf 87' lang='lat' dir='ltr'><strong>hoc</strong></span> 
     </span>
    </p>
   </div>
   <div class='ocr_carea' id='block_1_73' title="bbox 1940 2791 3524 2875">
    <p class='ocr_par' dir='ltr' id='par_1_73' title="bbox 1940 2791 3524 2875">
     <span class='ocr_line' id='line_1_74' title="bbox 1940 2791 3524 2875; baseline 0.015 -32"><span class='ocrx_word' id='word_1_447' title='bbox 1940 2791 2199 2846; x_wconf 81' lang='lat' dir='ltr'><strong>canonice</strong></span> <span class='ocrx_word' id='word_1_448' title='bbox 2226 2791 2342 2848; x_wconf 74' lang='lat' dir='ltr'><strong>fieri</strong></span> <span class='ocrx_word' id='word_1_449' title='bbox 2370 2810 2530 2863; x_wconf 88' lang='lat' dir='ltr'><strong>posse</strong></span> <span class='ocrx_word' id='word_1_450' title='bbox 2553 2810 2651 2866; x_wconf 91' lang='lat' dir='ltr'><strong>per</strong></span> <span class='ocrx_word' id='word_1_451' title='bbox 2681 2798 2841 2853; x_wconf 88' lang='lat' dir='ltr'><strong>talem</strong></span> <span class='ocrx_word' id='word_1_452' title='bbox 2872 2801 3164 2870; x_wconf 87' lang='lat' dir='ltr'><strong>rationem,</strong></span> <span class='ocrx_word' id='word_1_453' title='bbox 3197 2821 3319 2875; x_wconf 68' lang='lat' dir='ltr'><strong>qua:</strong></span> <span class='ocrx_word' id='word_1_454' title='bbox 3346 2811 3524 2865; x_wconf 88' lang='lat' dir='ltr'><strong>conti-</strong></span> 
     </span>
    </p>
   </div>
   <div class='ocr_carea' id='block_1_74' title="bbox 1938 2885 3523 2969">
    <p class='ocr_par' dir='ltr' id='par_1_74' title="bbox 1938 2885 3523 2969">
     <span class='ocr_line' id='line_1_75' title="bbox 1938 2885 3523 2969; baseline 0.014 -33"><span class='ocrx_word' id='word_1_455' title='bbox 1938 2892 2100 2938; x_wconf 81' lang='lat' dir='ltr'><strong>netur</strong></span> <span class='ocrx_word' id='word_1_456' title='bbox 2137 2885 2189 2938; x_wconf 92' lang='lat' dir='ltr'><strong>in</strong></span> <span class='ocrx_word' id='word_1_457' title='bbox 2225 2887 2450 2955; x_wconf 86' lang='lat' dir='ltr'><strong>epistola</strong></span> <span class='ocrx_word' id='word_1_458' title='bbox 2492 2888 2707 2945; x_wconf 75' lang='lat' dir='ltr'><strong>abbatis</strong></span> <span class='ocrx_word' id='word_1_459' title='bbox 2739 2890 2877 2959; x_wconf 88' lang='lat' dir='ltr'><strong>ejus,</strong></span> <span class='ocrx_word' id='word_1_460' title='bbox 2908 2908 3072 2962; x_wconf 88' lang='lat' dir='ltr'><strong>quam</strong></span> <span class='ocrx_word' id='word_1_461' title='bbox 3106 2911 3280 2967; x_wconf 87' lang='lat' dir='ltr'><strong>nuper</strong></span> <span class='ocrx_word' id='word_1_462' title='bbox 3311 2902 3380 2955; x_wconf 89' lang='lat' dir='ltr'><strong>ad</strong></span> <span class='ocrx_word' id='word_1_463' title='bbox 3413 2917 3523 2969; x_wconf 89' lang='lat' dir='ltr'><strong>me,</strong></span> 
     </span>
    </p>
   </div>
   <div class='ocr_carea' id='block_1_75' title="bbox 1938 2975 3517 3062">
    <p class='ocr_par' dir='ltr' id='par_1_75' title="bbox 1938 2975 3517 3062">
     <span class='ocr_line' id='line_1_76' title="bbox 1938 2975 3517 3062; baseline 0.014 -36"><span class='ocrx_word' id='word_1_464' title='bbox 1938 2988 2061 3027; x_wconf 91' lang='lat' dir='ltr'><strong>cum</strong></span> <span class='ocrx_word' id='word_1_465' title='bbox 2092 2989 2217 3028; x_wconf 89' lang='lat' dir='ltr'><strong>eum</strong></span> <span class='ocrx_word' id='word_1_466' title='bbox 2246 2975 2313 3030; x_wconf 90' lang='lat' dir='ltr'><strong>de</strong></span> <span class='ocrx_word' id='word_1_467' title='bbox 2341 2976 2529 3031; x_wconf 88' lang='lat' dir='ltr'><strong>eadem</strong></span> <span class='ocrx_word' id='word_1_468' title='bbox 2573 2994 2735 3034; x_wconf 80' lang='lat' dir='ltr'><strong>causa</strong></span> <span class='ocrx_word' id='word_1_469' title='bbox 2775 2982 3113 3039; x_wconf 88' lang='lat' dir='ltr'><strong>consulerem</strong></span> <span class='ocrx_word' id='word_1_470' title='bbox 3151 2995 3313 3058; x_wconf 87' lang='lat' dir='ltr'><strong>atque</strong></span> <span class='ocrx_word' id='word_1_471' title='bbox 3358 3006 3517 3062; x_wconf 89' lang='lat' dir='ltr'><strong>roga-</strong></span> 
     </span>
    </p>
   </div>
   <div class='ocr_carea' id='block_1_76' title="bbox 1937 3064 3521 3143">
    <p class='ocr_par' dir='ltr' id='par_1_76' title="bbox 1937 3064 3521 3143">
     <span class='ocr_line' id='line_1_77' title="bbox 1937 3064 3521 3143; baseline 0.013 -27"><span class='ocrx_word' id='word_1_472' title='bbox 1937 3078 2074 3129; x_wconf 90' lang='lat' dir='ltr'><strong>rem,</strong></span> <span class='ocrx_word' id='word_1_473' title='bbox 2106 3064 2332 3130; x_wconf 82' lang='lat' dir='ltr'><strong>direxit;</strong></span> <span class='ocrx_word' id='word_1_474' title='bbox 2375 3081 2537 3135; x_wconf 88' lang='lat' dir='ltr'><strong>quam</strong></span> <span class='ocrx_word' id='word_1_475' title='bbox 2574 3069 2739 3123; x_wconf 86' lang='lat' dir='ltr'><strong>etiam</strong></span> <span class='ocrx_word' id='word_1_476' title='bbox 2786 3072 2940 3127; x_wconf 87' lang='lat' dir='ltr'><strong>vobis</strong></span> <span class='ocrx_word' id='word_1_477' title='bbox 2971 3088 3071 3143; x_wconf 89' lang='lat' dir='ltr'><strong>per</strong></span> <span class='ocrx_word' id='word_1_478' title='bbox 3114 3078 3364 3134; x_wconf 88' lang='lat' dir='ltr'><strong>eumdem</strong></span> <span class='ocrx_word' id='word_1_479' title='bbox 3411 3081 3521 3138; x_wconf 84' lang='lat' dir='ltr'><strong>fra-</strong></span> 
     </span>
    </p>
   </div>
   <div class='ocr_carea' id='block_1_77' title="bbox 1936 3152 3516 3233">
    <p class='ocr_par' dir='ltr' id='par_1_77' title="bbox 1936 3152 3516 3233">
     <span class='ocr_line' id='line_1_78' title="bbox 1936 3152 3516 3233; baseline 0.013 -28"><span class='ocrx_word' id='word_1_480' title='bbox 1936 3159 2076 3206; x_wconf 67' lang='lat' dir='ltr'><strong>trem</strong></span> <span class='ocrx_word' id='word_1_481' title='bbox 2106 3152 2174 3207; x_wconf 87' lang='lat' dir='ltr'><strong>ad</strong></span> <span class='ocrx_word' id='word_1_482' title='bbox 2213 3153 2495 3224; x_wconf 83' lang='lat' dir='ltr'><strong>legendum</strong></span> <span class='ocrx_word' id='word_1_483' title='bbox 2533 3158 2678 3224; x_wconf 87' lang='lat' dir='ltr'><strong>misi,</strong></span> <span class='ocrx_word' id='word_1_484' title='bbox 2708 3159 2764 3214; x_wconf 92' lang='lat' dir='ltr'><strong>in</strong></span> <span class='ocrx_word' id='word_1_485' title='bbox 2794 3175 2921 3230; x_wconf 89' lang='lat' dir='ltr'><strong>qua,</strong></span> <span class='ocrx_word' id='word_1_486' title='bbox 2957 3172 3015 3217; x_wconf 80' lang='lat' dir='ltr'><strong>ut</strong></span> <span class='ocrx_word' id='word_1_487' title='bbox 3040 3165 3297 3233; x_wconf 85' lang='lat' dir='ltr'><strong>arbitror,</strong></span> <span class='ocrx_word' id='word_1_488' title='bbox 3331 3171 3516 3226; x_wconf 88' lang='lat' dir='ltr'><strong>statim</strong></span> 
     </span>
    </p>
   </div>
   <div class='ocr_carea' id='block_1_78' title="bbox 1934 3243 3519 3319">
    <p class='ocr_par' dir='ltr' id='par_1_78' title="bbox 1934 3243 3519 3319">
     <span class='ocr_line' id='line_1_79' title="bbox 1934 3243 3519 3319; baseline 0.014 -22"><span class='ocrx_word' id='word_1_489' title='bbox 1934 3243 2238 3315; x_wconf 84' lang='lat' dir='ltr'><strong>intelligere</strong></span> <span class='ocrx_word' id='word_1_490' title='bbox 2265 3249 2493 3315; x_wconf 84' lang='lat' dir='ltr'><strong>potestis</strong></span> <span class='ocrx_word' id='word_1_491' title='bbox 2516 3257 2698 3304; x_wconf 85' lang='lat' dir='ltr'><strong>utrum</strong></span> <span class='ocrx_word' id='word_1_492' title='bbox 2727 3250 2819 3305; x_wconf 87' lang='lat' dir='ltr'><strong>illa</strong></span> <span class='ocrx_word' id='word_1_493' title='bbox 2844 3257 3183 3312; x_wconf 86' lang='lat' dir='ltr'><strong>consecratio</strong></span> <span class='ocrx_word' id='word_1_494' title='bbox 3210 3261 3371 3315; x_wconf 89' lang='lat' dir='ltr'><strong>modo</strong></span> <span class='ocrx_word' id='word_1_495' title='bbox 3400 3261 3519 3319; x_wconf 75' lang='lat' dir='ltr'><strong>fieri</strong></span> 
     </span>
    </p>
   </div>
   <div class='ocr_carea' id='block_1_79' title="bbox 1933 3334 3522 3412">
    <p class='ocr_par' dir='ltr' id='par_1_79' title="bbox 1933 3334 3522 3412">
     <span class='ocr_line' id='line_1_80' title="bbox 1933 3334 3522 3412; baseline 0.013 -24"><span class='ocrx_word' id='word_1_496' title='bbox 1933 3334 2124 3402; x_wconf 88' lang='lat' dir='ltr'><strong>possit,</strong></span> <span class='ocrx_word' id='word_1_497' title='bbox 2171 3350 2238 3389; x_wconf 90' lang='lat' dir='ltr'><strong>an</strong></span> <span class='ocrx_word' id='word_1_498' title='bbox 2282 3336 2339 3390; x_wconf 91' lang='lat' dir='ltr'><strong>in</strong></span> <span class='ocrx_word' id='word_1_499' title='bbox 2386 3336 2532 3393; x_wconf 82' lang='lat' dir='ltr'><strong>aliud</strong></span> <span class='ocrx_word' id='word_1_500' title='bbox 2582 3345 2795 3412; x_wconf 85' lang='lat' dir='ltr'><strong>tempus</strong></span> <span class='ocrx_word' id='word_1_501' title='bbox 2830 3341 3123 3401; x_wconf 85' lang='lat' dir='ltr'><strong>dill&#39;erenda</strong></span> <span class='ocrx_word' id='word_1_502' title='bbox 3173 3348 3266 3403; x_wconf 89' lang='lat' dir='ltr'><strong>sit.</strong></span> <span class='ocrx_word' id='word_1_503' title='bbox 3318 3348 3429 3406; x_wconf 87' lang='lat' dir='ltr'><strong>Oro</strong></span> <span class='ocrx_word' id='word_1_504' title='bbox 3465 3361 3522 3408; x_wconf 85' lang='lat' dir='ltr'><strong>et</strong></span> 
     </span>
    </p>
   </div>
   <div class='ocr_carea' id='block_1_80' title="bbox 1932 3427 3520 3501">
    <p class='ocr_par' dir='ltr' id='par_1_80' title="bbox 1932 3427 3520 3501">
     <span class='ocr_line' id='line_1_81' title="bbox 1932 3427 3520 3501; baseline 0.014 -25"><span class='ocrx_word' id='word_1_505' title='bbox 1932 3429 2061 3493; x_wconf 90' lang='lat' dir='ltr'><strong>opto</strong></span> <span class='ocrx_word' id='word_1_506' title='bbox 2098 3433 2158 3479; x_wconf 93' lang='lat' dir='ltr'><strong>ut</strong></span> <span class='ocrx_word' id='word_1_507' title='bbox 2195 3427 2539 3485; x_wconf 87' lang='lat' dir='ltr'><strong>sanctitatem</strong></span> <span class='ocrx_word' id='word_1_508' title='bbox 2577 3440 2841 3501; x_wconf 88' lang='lat' dir='ltr'><strong>vestram,</strong></span> <span class='ocrx_word' id='word_1_509' title='bbox 2891 3436 2994 3491; x_wconf 90' lang='lat' dir='ltr'><strong>sibi</strong></span> <span class='ocrx_word' id='word_1_510' title='bbox 3040 3437 3234 3495; x_wconf 90' lang='lat' dir='ltr'><strong>devote</strong></span> <span class='ocrx_word' id='word_1_511' title='bbox 3282 3445 3520 3499; x_wconf 85' lang='lat' dir='ltr'><strong>servien-</strong></span> 
     </span>
    </p>
   </div>
   <div class='ocr_carea' id='block_1_81' title="bbox 1933 3519 3516 3604">
    <p class='ocr_par' dir='ltr' id='par_1_81' title="bbox 1933 3519 3516 3604">
     <span class='ocr_line' id='line_1_82' title="bbox 1933 3519 3516 3604; baseline 0.015 -38"><span class='ocrx_word' id='word_1_512' title='bbox 1933 3519 2071 3578; x_wconf 87' lang='lat' dir='ltr'><strong>tem,</strong></span> <span class='ocrx_word' id='word_1_513' title='bbox 2114 3529 2346 3584; x_wconf 90' lang='lat' dir='ltr'><strong>superna</strong></span> <span class='ocrx_word' id='word_1_514' title='bbox 2395 3519 2569 3589; x_wconf 87' lang='lat' dir='ltr'><strong>gratia</strong></span> <span class='ocrx_word' id='word_1_515' title='bbox 2615 3536 2831 3593; x_wconf 87' lang='lat' dir='ltr'><strong>semper</strong></span> <span class='ocrx_word' id='word_1_516' title='bbox 2876 3534 2935 3582; x_wconf 88' lang='lat' dir='ltr'><strong>et</strong></span> <span class='ocrx_word' id='word_1_517' title='bbox 2977 3527 3177 3598; x_wconf 86' lang='lat' dir='ltr'><strong>ubique</strong></span> <span class='ocrx_word' id='word_1_518' title='bbox 3221 3534 3516 3604; x_wconf 87' lang='lat' dir='ltr'><strong>custodiat,</strong></span> 
     </span>
    </p>
   </div>
   <div class='ocr_carea' id='block_1_82' title="bbox 1932 3606 3040 3687">
    <p class='ocr_par' dir='ltr' id='par_1_82' title="bbox 1932 3606 3040 3687">
     <span class='ocr_line' id='line_1_83' title="bbox 1932 3606 3040 3687; baseline 0.014 -29"><span class='ocrx_word' id='word_1_519' title='bbox 1932 3606 2270 3664; x_wconf 85' lang='lat' dir='ltr'><strong>sanctissime</strong></span> <span class='ocrx_word' id='word_1_520' title='bbox 2304 3624 2369 3665; x_wconf 90' lang='lat' dir='ltr'><strong>ac</strong></span> <span class='ocrx_word' id='word_1_521' title='bbox 2398 3614 2837 3671; x_wconf 87' lang='lat' dir='ltr'><strong>reverentissime</strong></span> <span class='ocrx_word' id='word_1_522' title='bbox 2863 3625 3040 3687; x_wconf 89' lang='lat' dir='ltr'><strong>pater.</strong></span> 
     </span>
    </p>
   </div>
   <div class='ocr_carea' id='block_1_83' title="bbox 2479 3724 2922 3785">
    <p class='ocr_par' dir='ltr' id='par_1_83' title="bbox 2479 3724 2922 3785">
     <span class='ocr_line' id='line_1_84' title="bbox 2479 3724 2922 3785; baseline 0.016 -7"><span class='ocrx_word' id='word_1_523' title='bbox 2479 3724 2816 3784; x_wconf 80' lang='lat' dir='ltr'><strong>EPISTOLA</strong></span> <span class='ocrx_word' id='word_1_524' title='bbox 2856 3730 2922 3785; x_wconf 71' lang='grc' dir='ltr'>γ.</span> 
     </span>
    </p>
   </div>
   <div class='ocr_carea' id='block_1_84' title="bbox 2358 3820 3094 3876">
    <p class='ocr_par' dir='ltr' id='par_1_84' title="bbox 2358 3820 3094 3876">
     <span class='ocr_line' id='line_1_85' title="bbox 2358 3820 3094 3876; baseline 0.015 -11"><span class='ocrx_word' id='word_1_525' title='bbox 2358 3828 2427 3866; x_wconf 63' lang='grc' dir='ltr'><strong>Α»</strong></span> <span class='ocrx_word' id='word_1_526' title='bbox 2459 3830 2693 3870; x_wconf 66' lang='lat' dir='ltr'><strong>necnon</strong></span> <span class='ocrx_word' id='word_1_527' title='bbox 2730 3831 3019 3874; x_wconf 75' lang='lat' dir='ltr'><strong>EPISCOPIJI</strong></span> <span class='ocrx_word' id='word_1_528' title='bbox 3052 3820 3094 3876; x_wconf 78' lang='grc' dir='ltr'><strong>ι.</strong></span> 
     </span>
    </p>
   </div>
   <div class='ocr_carea' id='block_1_85' title="bbox 1928 3899 3517 3988">
    <p class='ocr_par' dir='ltr' id='par_1_85' title="bbox 1928 3899 3517 3988">
     <span class='ocr_line' id='line_1_86' title="bbox 1928 3899 3517 3988; baseline 0.016 -39"><span class='ocrx_word' id='word_1_529' title='bbox 1928 3939 1934 3945; x_wconf 83' lang='lat'><strong>.</strong></span> <span class='ocrx_word' id='word_1_530' title='bbox 2003 3899 2309 3955; x_wconf 79' lang='lat' dir='ltr'><strong>Venerabili</strong></span> <span class='ocrx_word' id='word_1_531' title='bbox 2339 3901 2395 3955; x_wconf 90' lang='lat' dir='ltr'><strong>in</strong></span> <span class='ocrx_word' id='word_1_532' title='bbox 2428 3901 2646 3960; x_wconf 85' lang='lat' dir='ltr'><strong>Christo</strong></span> <span class='ocrx_word' id='word_1_533' title='bbox 2678 3903 2902 3973; x_wconf 64' lang='lat' dir='ltr'><strong>Iacobo,</strong></span> <span class='ocrx_word' id='word_1_534' title='bbox 2933 3912 3375 3971; x_wconf 84' lang='lat' dir='ltr'><strong>reverentissimo</strong></span> <span class='ocrx_word' id='word_1_535' title='bbox 3399 3920 3517 3988; x_wconf 86' lang='lat' dir='ltr'><strong>epi-</strong></span> 
     </span>
    </p>
   </div>
   <div class='ocr_carea' id='block_1_86' title="bbox 1928 3991 2783 4063">
    <p class='ocr_par' dir='ltr' id='par_1_86' title="bbox 1928 3991 2783 4063">
     <span class='ocr_line' id='line_1_87' title="bbox 1928 3991 2783 4063; baseline 0.008 -19"><span class='ocrx_word' id='word_1_536' title='bbox 1928 4003 2116 4059; x_wconf 89' lang='lat' dir='ltr'><strong>scopo,</strong></span> <span class='ocrx_word' id='word_1_537' title='bbox 2140 3991 2484 4063; x_wconf 83' lang='lat' dir='ltr'><strong>Eginbardus</strong></span> <span class='ocrx_word' id='word_1_538' title='bbox 2507 4006 2783 4063; x_wconf 87' lang='lat' dir='ltr'><strong>peccator.</strong></span> 
     </span>
    </p>
   </div>
   <div class='ocr_carea' id='block_1_87' title="bbox 1999 4078 3516 4157">
    <p class='ocr_par' dir='ltr' id='par_1_87' title="bbox 1999 4078 3516 4157">
     <span class='ocr_line' id='line_1_88' title="bbox 1999 4078 3516 4157; baseline 0.015 -25"><span class='ocrx_word' id='word_1_539' title='bbox 1999 4078 2105 4134; x_wconf 84' lang='lat' dir='ltr'><strong>iste</strong></span> <span class='ocrx_word' id='word_1_540' title='bbox 2120 4078 2376 4147; x_wconf 89' lang='lat' dir='ltr'><strong>clericus,</strong></span> <span class='ocrx_word' id='word_1_541' title='bbox 2399 4082 2619 4139; x_wconf 87' lang='lat' dir='ltr'><strong>nomine</strong></span> <span class='ocrx_word' id='word_1_542' title='bbox 2652 4083 2931 4155; x_wconf 85' lang='lat' dir='ltr'><strong>Otmarns,</strong></span> <span class='ocrx_word' id='word_1_543' title='bbox 2968 4090 3159 4151; x_wconf 81' lang='lat' dir='ltr'><strong>detulit</strong></span> <span class='ocrx_word' id='word_1_544' title='bbox 3200 4096 3332 4151; x_wconf 87' lang='lat' dir='ltr'><strong>mihi</strong></span> <span class='ocrx_word' id='word_1_545' title='bbox 3378 4099 3516 4157; x_wconf 82' lang='lat' dir='ltr'><strong>litte-</strong></span> 
     </span>
    </p>
   </div>
   <div class='ocr_carea' id='block_1_88' title="bbox 1930 4170 3512 4250">
    <p class='ocr_par' dir='ltr' id='par_1_88' title="bbox 1930 4170 3512 4250">
     <span class='ocr_line' id='line_1_89' title="bbox 1930 4170 3512 4250; baseline 0.015 -27"><span class='ocrx_word' id='word_1_546' title='bbox 1930 4183 2021 4223; x_wconf 85' lang='lat' dir='ltr'><strong>ras</strong></span> <span class='ocrx_word' id='word_1_547' title='bbox 2033 4170 2339 4226; x_wconf 86' lang='lat' dir='ltr'><strong>sanctitatis</strong></span> <span class='ocrx_word' id='word_1_548' title='bbox 2368 4181 2581 4239; x_wconf 84' lang='lat' dir='ltr'><strong>vestrae,</strong></span> <span class='ocrx_word' id='word_1_549' title='bbox 2600 4174 2654 4228; x_wconf 90' lang='lat' dir='ltr'><strong>in</strong></span> <span class='ocrx_word' id='word_1_550' title='bbox 2669 4176 2866 4244; x_wconf 85' lang='lat' dir='ltr'><strong>quibus</strong></span> <span class='ocrx_word' id='word_1_551' title='bbox 2880 4194 2965 4236; x_wconf 90' lang='lat' dir='ltr'><strong>me</strong></span> <span class='ocrx_word' id='word_1_552' title='bbox 2988 4183 3222 4250; x_wconf 82' lang='lat' dir='ltr'><strong>rogastis</strong></span> <span class='ocrx_word' id='word_1_553' title='bbox 3259 4193 3320 4245; x_wconf 86' lang='lat' dir='ltr'><strong>ut</strong></span> <span class='ocrx_word' id='word_1_554' title='bbox 3333 4188 3512 4245; x_wconf 87' lang='lat' dir='ltr'><strong>eidem</strong></span> 
     </span>
    </p>
   </div>
   <div class='ocr_carea' id='block_1_89' title="bbox 1928 4260 3511 4353">
    <p class='ocr_par' dir='ltr' id='par_1_89' title="bbox 1928 4260 3511 4353">
     <span class='ocr_line' id='line_1_90' title="bbox 1928 4260 3511 4353; baseline 0.016 -36"><span class='ocrx_word' id='word_1_555' title='bbox 1928 4260 2128 4353; x_wconf 82' lang='lat' dir='ltr'><strong>clerico</strong></span> <span class='ocrx_word' id='word_1_556' title='bbox 2162 4263 2436 4319; x_wconf 82' lang='lat' dir='ltr'><strong>licentiam</strong></span> <span class='ocrx_word' id='word_1_557' title='bbox 2463 4265 2652 4322; x_wconf 87' lang='lat' dir='ltr'><strong>darem</strong></span> <span class='ocrx_word' id='word_1_558' title='bbox 2694 4270 2972 4330; x_wconf 87' lang='lat' dir='ltr'><strong>vobiscum</strong></span> <span class='ocrx_word' id='word_1_559' title='bbox 3007 4281 3286 4348; x_wconf 85' lang='lat' dir='ltr'><strong>manendi,</strong></span> <span class='ocrx_word' id='word_1_560' title='bbox 3312 4285 3406 4353; x_wconf 89' lang='lat' dir='ltr'><strong>qui</strong></span> <span class='ocrx_word' id='word_1_561' title='bbox 3454 4286 3511 4343; x_wconf 88' lang='lat' dir='ltr'><strong>in</strong></span> 
     </span>
    </p>
   </div>
   <div class='ocr_carea' id='block_1_90' title="bbox 1927 4351 3509 4445">
    <p class='ocr_par' dir='ltr' id='par_1_90' title="bbox 1927 4351 3509 4445">
     <span class='ocr_line' id='line_1_91' title="bbox 1927 4351 3509 4445; baseline 0.015 -36"><span class='ocrx_word' id='word_1_562' title='bbox 1927 4351 2028 4410; x_wconf 84' lang='lat' dir='ltr'><strong>hac</strong></span> <span class='ocrx_word' id='word_1_563' title='bbox 2057 4355 2279 4426; x_wconf 85' lang='lat' dir='ltr'><strong>regione</strong></span> <span class='ocrx_word' id='word_1_564' title='bbox 2318 4366 2374 4411; x_wconf 91' lang='lat' dir='ltr'><strong>et</strong></span> <span class='ocrx_word' id='word_1_565' title='bbox 2403 4365 2564 4414; x_wconf 85' lang='lat' dir='ltr'><strong>natus</strong></span> <span class='ocrx_word' id='word_1_566' title='bbox 2587 4369 2642 4415; x_wconf 92' lang='lat' dir='ltr'><strong>et</strong></span> <span class='ocrx_word' id='word_1_567' title='bbox 2675 4364 2913 4422; x_wconf 90' lang='lat' dir='ltr'><strong>nutritus</strong></span> <span class='ocrx_word' id='word_1_568' title='bbox 2940 4375 3043 4421; x_wconf 90' lang='lat' dir='ltr'><strong>est.</strong></span> <span class='ocrx_word' id='word_1_569' title='bbox 3078 4368 3146 4423; x_wconf 86' lang='lat' dir='ltr'><strong>Et</strong></span> <span class='ocrx_word' id='word_1_570' title='bbox 3189 4386 3291 4443; x_wconf 84' lang='lat' dir='ltr'><strong>ego</strong></span> <span class='ocrx_word' id='word_1_571' title='bbox 3329 4351 3509 4445; x_wconf 80' lang='lat' dir='ltr'><strong>quali-</strong></span> 
     </span>
    </p>
   </div>
   <div class='ocr_carea' id='block_1_91' title="bbox 1925 4492 2619 4566">
    <p class='ocr_par' dir='ltr' id='par_1_91' title="bbox 1925 4492 2619 4566">
     <span class='ocr_line' id='line_1_92' title="bbox 1925 4492 2619 4566; baseline 0.001 -18"><span class='ocrx_word' id='word_1_572' title='bbox 1925 4492 2031 4566; x_wconf 84' lang='lat' dir='ltr'><strong>slto</strong></span> <span class='ocrx_word' id='word_1_573' title='bbox 2056 4492 2146 4566; x_wconf 79' lang='lat' dir='ltr'><strong>_v_ix</strong></span> <span class='ocrx_word' id='word_1_574' title='bbox 2171 4501 2351 4566; x_wconf 83' lang='lat' dir='ltr'><strong>potest</strong></span> <span class='ocrx_word' id='word_1_575' title='bbox 2374 4494 2619 4566; x_wconf 83' lang='lat' dir='ltr'><strong>intelligi.</strong></span> 
     </span>
    </p>
   </div>
   <div class='ocr_carea' id='block_1_92' title="bbox 2001 4562 3507 4643">
    <p class='ocr_par' dir='ltr' id='par_1_92' title="bbox 2001 4562 3507 4643">
     <span class='ocr_line' id='line_1_93' title="bbox 2001 4562 3507 4643; baseline 0.011 -27"><span class='ocrx_word' id='word_1_576' title='bbox 2001 4562 2022 4643; x_wconf 66' lang='grc' dir='ltr'><strong><em>ξ</em></strong></span> <span class='ocrx_word' id='word_1_577' title='bbox 2172 4562 2479 4643; x_wconf 73' lang='lat' dir='ltr'><strong>Amalarius</strong></span> <span class='ocrx_word' id='word_1_578' title='bbox 2504 4562 2862 4643; x_wconf 13' lang='lat' dir='ltr'><strong>essegvidetur</strong></span> <span class='ocrx_word' id='word_1_579' title='bbox 2892 4566 3168 4643; x_wconf 69' lang='lat' dir='ltr'><strong>Mettensis</strong></span> <span class='ocrx_word' id='word_1_580' title='bbox 3195 4575 3507 4643; x_wconf 55' lang='lat' dir='ltr'><strong>presbiter,</strong></span> 
     </span>
    </p>
   </div>
   <div class='ocr_carea' id='block_1_93' title="bbox 1926 4632 3505 4703">
    <p class='ocr_par' dir='ltr' id='par_1_93' title="bbox 1926 4632 3505 4703">
     <span class='ocr_line' id='line_1_94' title="bbox 1926 4632 3505 4703; baseline 0.009 -16"><span class='ocrx_word' id='word_1_581' title='bbox 1926 4633 2016 4703; x_wconf 84' lang='lat' dir='ltr'><strong>qui</strong></span> <span class='ocrx_word' id='word_1_582' title='bbox 2058 4632 2225 4688; x_wconf 89' lang='lat' dir='ltr'><strong>libros</strong></span> <span class='ocrx_word' id='word_1_583' title='bbox 2257 4641 2491 4703; x_wconf 87' lang='lat' dir='ltr'><strong>quatuor</strong></span> <span class='ocrx_word' id='word_1_584' title='bbox 2518 4635 2585 4690; x_wconf 90' lang='lat' dir='ltr'><strong>de</strong></span> <span class='ocrx_word' id='word_1_585' title='bbox 2613 4637 2811 4692; x_wconf 88' lang='lat' dir='ltr'><strong>divinis</strong></span> <span class='ocrx_word' id='word_1_586' title='bbox 2845 4652 2940 4691; x_wconf 87' lang='lat' dir='ltr'><strong>seu</strong></span> <span class='ocrx_word' id='word_1_587' title='bbox 2969 4632 3505 4701; x_wconf 46' lang='lat' dir='ltr'><strong>ecclesia-sticis&#39;Oﬁi</strong></span> 
     </span>
    </p>
   </div>
   <div class='ocr_carea' id='block_1_94' title="bbox 1924 4703 3511 4786">
    <p class='ocr_par' dir='ltr' id='par_1_94' title="bbox 1924 4703 3511 4786">
     <span class='ocr_line' id='line_1_95' title="bbox 1924 4703 3511 4786; baseline 0.009 -29"><span class='ocrx_word' id='word_1_588' title='bbox 1924 4703 2046 4786; x_wconf 76' lang='lat' dir='ltr'><strong>ciis,</strong></span> <span class='ocrx_word' id='word_1_589' title='bbox 2075 4710 2132 4785; x_wconf 74' lang='lat' dir='ltr'><strong>et</strong></span> <span class='ocrx_word' id='word_1_590' title='bbox 2155 4703 2389 4786; x_wconf 73' lang='lat' dir='ltr'><strong>alterum</strong></span> <span class='ocrx_word' id='word_1_591' title='bbox 2417 4705 2484 4760; x_wconf 88' lang='lat' dir='ltr'><strong>dc</strong></span> <span class='ocrx_word' id='word_1_592' title='bbox 2502 4706 2691 4762; x_wconf 90' lang='lat' dir='ltr'><strong>ordine</strong></span> <span class='ocrx_word' id='word_1_593' title='bbox 2713 4706 3045 4777; x_wconf 87' lang='lat' dir='ltr'><strong>psalmorum</strong></span> <span class='ocrx_word' id='word_1_594' title='bbox 3066 4726 3163 4767; x_wconf 90' lang='lat' dir='ltr'><strong>seu</strong></span> <span class='ocrx_word' id='word_1_595' title='bbox 3184 4713 3511 4783; x_wconf 82' lang='lat' dir='ltr'><strong>antiphona-</strong></span> 
     </span>
    </p>
   </div>
   <div class='ocr_carea' id='block_1_95' title="bbox 1925 4782 3507 4924">
    <p class='ocr_par' dir='ltr' id='par_1_95' title="bbox 1925 4782 3507 4924">
     <span class='ocr_line' id='line_1_96' title="bbox 1925 4782 3507 4924; baseline 0.01 -31"><span class='ocrx_word' id='word_1_596' title='bbox 1925 4782 2377 4924; x_wconf 47' lang='grc' dir='ltr'><strong>Ἶυῗεῦἓειέοιίιιε</strong></span> <span class='ocrx_word' id='word_1_597' title='bbox 2424 4847 2752 4924; x_wconf 61' lang='lat' dir='ltr'><strong>mandarem.</strong></span> <span class='ocrx_word' id='word_1_598' title='bbox 2807 4848 2915 4905; x_wconf 82' lang='lat' dir='ltr'><strong>Pro</strong></span> <span class='ocrx_word' id='word_1_599' title='bbox 2962 4850 3178 4921; x_wconf 90' lang='lat' dir='ltr'><strong>punctis</strong></span> <span class='ocrx_word' id='word_1_600' title='bbox 3236 4854 3507 4924; x_wconf 83' lang='lat' dir='ltr'><strong>supplevit</strong></span> 
     </span>
    </p>
   </div>
   <div class='ocr_carea' id='block_1_96' title="bbox 307 4873 2700 4988">
    <p class='ocr_par' dir='ltr' id='par_1_96' title="bbox 307 4873 2700 4988">
     <span class='ocr_line' id='line_1_97' title="bbox 307 4873 2700 4988; baseline 0.009 -38"><span class='ocrx_word' id='word_1_601' title='bbox 307 4873 766 4988; x_wconf 48' lang='grc' dir='ltr'><strong>ῗυΑῗίοέξίουθ-ει</strong></span> <span class='ocrx_word' id='word_1_602' title='bbox 796 4906 960 4988; x_wconf 72' lang='lat' dir='ltr'><strong>nobili</strong></span> <span class='ocrx_word' id='word_1_603' title='bbox 989 4906 1323 4988; x_wconf 55' lang='lat' dir='ltr'><strong>Francorum</strong></span> <span class='ocrx_word' id='word_1_604' title='bbox 1363 4906 1625 4988; x_wconf 64' lang='lat' dir='ltr'><strong>prosapia</strong></span> <span class='ocrx_word' id='word_1_605' title='bbox 1650 4905 1816 4988; x_wconf 77' lang='lat' dir='ltr'><strong>origi-</strong></span> <span class='ocrx_word' id='word_1_606' title='bbox 1845 4873 1898 4932; x_wconf 69' lang='grc' dir='ltr'><strong>Β</strong></span> <span class='ocrx_word' id='word_1_607' title='bbox 1922 4873 2085 4988; x_wconf 54' lang='lat' dir='ltr'><strong>doli]:</strong></span> <span class='ocrx_word' id='word_1_608' title='bbox 2099 4873 2700 4988; x_wconf 49' lang='lat' dir='ltr'><strong>ieu$€&quot;5m&#39;é&#39;$&#39;:&quot;fsi:</strong></span> 
     </span>
    </p>
   </div>
   <div class='ocr_carea' id='block_1_97' title="bbox 236 4974 1816 5041">
    <p class='ocr_par' dir='ltr' id='par_1_97' title="bbox 236 4974 1816 5041">
     <span class='ocr_line' id='line_1_98' title="bbox 236 4974 1816 5041; baseline -0.003 -7"><span class='ocrx_word' id='word_1_609' title='bbox 236 4993 367 5034; x_wconf 71' lang='lat' dir='ltr'><strong>nem</strong></span> <span class='ocrx_word' id='word_1_610' title='bbox 407 4974 644 5041; x_wconf 71' lang='lat' dir='ltr'><strong>ducens,</strong></span> <span class='ocrx_word' id='word_1_611' title='bbox 676 4976 1025 5033; x_wconf 83' lang='lat' dir='ltr'><strong>Fluviacense</strong></span> <span class='ocrx_word' id='word_1_612' title='bbox 1054 4975 1111 5031; x_wconf 86' lang='lat' dir='ltr'><strong>S.</strong></span> <span class='ocrx_word' id='word_1_613' title='bbox 1142 4974 1422 5031; x_wconf 35' lang='lat' dir='ltr'><strong>Gerema’ri</strong></span> <span class='ocrx_word' id='word_1_614' title='bbox 1452 4974 1763 5031; x_wconf 62' lang='lat' dir='ltr'><strong>ctenobium&#39;</strong></span> <span class='ocrx_word' id='word_1_615' title='bbox 1786 4992 1816 5030; x_wconf 87' lang='lat' dir='ltr'><strong>a</strong></span> 
     </span>
    </p>
   </div>
   <div class='ocr_carea' id='block_1_98' title="bbox 234 5046 1815 5118">
    <p class='ocr_par' dir='ltr' id='par_1_98' title="bbox 234 5046 1815 5118">
     <span class='ocr_line' id='line_1_99' title="bbox 234 5046 1815 5118; baseline -0.003 -14"><span class='ocrx_word' id='word_1_616' title='bbox 234 5046 435 5104; x_wconf 78' lang='lat' dir='ltr'><strong>Carolo</strong></span> <span class='ocrx_word' id='word_1_617' title='bbox 464 5046 658 5118; x_wconf 72' lang='lat' dir='ltr'><strong>lagnc</strong></span> <span class='ocrx_word' id='word_1_618' title='bbox 696 5061 841 5101; x_wconf 79' lang='lat' dir='ltr'><strong>anno</strong></span> <span class='ocrx_word' id='word_1_619' title='bbox 867 5047 971 5103; x_wconf 83' lang='lat'><strong>807</strong></span> <span class='ocrx_word' id='word_1_620' title='bbox 998 5046 1245 5116; x_wconf 86' lang='lat' dir='ltr'><strong>precario</strong></span> <span class='ocrx_word' id='word_1_621' title='bbox 1273 5046 1503 5118; x_wconf 86' lang='lat' dir='ltr'><strong>accepit.</strong></span> <span class='ocrx_word' id='word_1_622' title='bbox 1532 5046 1691 5101; x_wconf 77' lang='lat' dir='ltr'><strong>Anno</strong></span> <span class='ocrx_word' id='word_1_623' title='bbox 1712 5046 1815 5101; x_wconf 87' lang='lat' dir='ltr'><strong>8l7</strong></span> 
     </span>
    </p>
   </div>
   <div class='ocr_carea' id='block_1_99' title="bbox 235 5117 1817 5180">
    <p class='ocr_par' dir='ltr' id='par_1_99' title="bbox 235 5117 1817 5180">
     <span class='ocr_line' id='line_1_100' title="bbox 235 5117 1817 5180; baseline -0.002 -6"><span class='ocrx_word' id='word_1_624' title='bbox 235 5117 581 5174; x_wconf 77' lang='lat' dir='ltr'><strong>Lumviense</strong></span> <span class='ocrx_word' id='word_1_625' title='bbox 613 5118 998 5172; x_wconf 86' lang='lat' dir='ltr'><strong>monasterium</strong></span> <span class='ocrx_word' id='word_1_626' title='bbox 1019 5118 1068 5171; x_wconf 88' lang='lat' dir='ltr'><strong>ei</strong></span> <span class='ocrx_word' id='word_1_627' title='bbox 1094 5117 1440 5171; x_wconf 87' lang='lat' dir='ltr'><strong>commissum</strong></span> <span class='ocrx_word' id='word_1_628' title='bbox 1463 5124 1569 5180; x_wconf 86' lang='lat' dir='ltr'><strong>est,</strong></span> <span class='ocrx_word' id='word_1_629' title='bbox 1591 5124 1647 5172; x_wconf 91' lang='lat' dir='ltr'><strong>et</strong></span> <span class='ocrx_word' id='word_1_630' title='bbox 1672 5131 1817 5171; x_wconf 79' lang='lat' dir='ltr'><strong>anno</strong></span> 
     </span>
    </p>
   </div>
   <div class='ocr_carea' id='block_1_100' title="bbox 234 5184 1818 5256">
    <p class='ocr_par' dir='ltr' id='par_1_100' title="bbox 234 5184 1818 5256">
     <span class='ocr_line' id='line_1_101' title="bbox 234 5184 1818 5256; baseline -0.001 -13"><span class='ocrx_word' id='word_1_631' title='bbox 234 5188 344 5243; x_wconf 68' lang='grc'><strong>823</strong></span> <span class='ocrx_word' id='word_1_632' title='bbox 391 5185 821 5250; x_wconf 75' lang='lat' dir='ltr'><strong>Fontanellense,</strong></span> <span class='ocrx_word' id='word_1_633' title='bbox 861 5186 1088 5242; x_wconf 86' lang='lat' dir='ltr'><strong>cedente</strong></span> <span class='ocrx_word' id='word_1_634' title='bbox 1127 5185 1453 5256; x_wconf 81' lang='lat' dir='ltr'><strong>Eginbardo.</strong></span> <span class='ocrx_word' id='word_1_635' title='bbox 1485 5184 1634 5242; x_wconf 80' lang='lat' dir='ltr'><strong>Obiit</strong></span> <span class='ocrx_word' id='word_1_636' title='bbox 1674 5201 1818 5241; x_wconf 87' lang='lat' dir='ltr'><strong>anno</strong></span> 
     </span>
    </p>
   </div>
   <div class='ocr_carea' id='block_1_101' title="bbox 231 5258 1819 5394">
    <p class='ocr_par' dir='ltr' id='par_1_101' title="bbox 231 5258 1819 5394">
     <span class='ocr_line' id='line_1_102' title="bbox 231 5258 1819 5394; baseline -0.001 -14"><span class='ocrx_word' id='word_1_637' title='bbox 231 5258 465 5382; x_wconf 48' lang='grc' dir='ltr'><strong>ὃὸῗδίο</strong></span> <span class='ocrx_word' id='word_1_638' title='bbox 502 5328 672 5382; x_wconf 78' lang='lat' dir='ltr'><strong>codex</strong></span> <span class='ocrx_word' id='word_1_639' title='bbox 710 5337 767 5383; x_wconf 92' lang='lat' dir='ltr'><strong>et</strong></span> <span class='ocrx_word' id='word_1_640' title='bbox 810 5326 962 5391; x_wconf 88' lang='lat' dir='ltr'><strong>edit.;</strong></span> <span class='ocrx_word' id='word_1_641' title='bbox 1003 5329 1096 5382; x_wconf 89' lang='lat' dir='ltr'><strong>sed</strong></span> <span class='ocrx_word' id='word_1_642' title='bbox 1129 5325 1280 5394; x_wconf 80' lang='lat' dir='ltr'><strong>juxta</strong></span> <span class='ocrx_word' id='word_1_643' title='bbox 1303 5326 1595 5392; x_wconf 80' lang='lat' dir='ltr'><strong>dominum</strong></span> <span class='ocrx_word' id='word_1_644' title='bbox 1628 5326 1819 5381; x_wconf 77' lang='lat' dir='ltr'><strong>Teulet</strong></span> 
     </span>
    </p>
   </div>
   <div class='ocr_carea' id='block_1_102' title="bbox 235 5395 1821 5467">
    <p class='ocr_par' dir='ltr' id='par_1_102' title="bbox 235 5395 1821 5467">
     <span class='ocr_line' id='line_1_103' title="bbox 235 5395 1821 5467; baseline -0.001 -16"><span class='ocrx_word' id='word_1_645' title='bbox 235 5397 545 5467; x_wconf 66' lang='lat' dir='ltr'><strong>redundant</strong></span> <span class='ocrx_word' id='word_1_646' title='bbox 563 5398 646 5452; x_wconf 73' lang='lat' dir='ltr'><strong>ha:</strong></span> <span class='ocrx_word' id='word_1_647' title='bbox 670 5412 849 5460; x_wconf 65' lang='lat' dir='ltr'><strong>vomas,</strong></span> <span class='ocrx_word' id='word_1_648' title='bbox 873 5395 1015 5467; x_wconf 70' lang='lat' dir='ltr'><strong>apud</strong></span> <span class='ocrx_word' id='word_1_649' title='bbox 1029 5405 1102 5461; x_wconf 82' lang='lat' dir='ltr'><strong>te,</strong></span> <span class='ocrx_word' id='word_1_650' title='bbox 1123 5396 1249 5465; x_wconf 85' lang='lat' dir='ltr'><strong>quia</strong></span> <span class='ocrx_word' id='word_1_651' title='bbox 1272 5397 1461 5466; x_wconf 88' lang='lat' dir='ltr'><strong>paucis</strong></span> <span class='ocrx_word' id='word_1_652' title='bbox 1486 5396 1821 5465; x_wconf 80' lang='lat' dir='ltr'><strong>interpositis</strong></span> 
     </span>
    </p>
   </div>
   <div class='ocr_carea' id='block_1_103' title="bbox 235 5466 887 5536">
    <p class='ocr_par' dir='ltr' id='par_1_103' title="bbox 235 5466 887 5536">
     <span class='ocr_line' id='line_1_104' title="bbox 235 5466 887 5536; baseline 0.002 -17"><span class='ocrx_word' id='word_1_653' title='bbox 235 5466 465 5536; x_wconf 75' lang='lat' dir='ltr'><strong>vocibus</strong></span> <span class='ocrx_word' id='word_1_654' title='bbox 489 5476 618 5522; x_wconf 88' lang='lat' dir='ltr'><strong>sunt</strong></span> <span class='ocrx_word' id='word_1_655' title='bbox 641 5468 887 5536; x_wconf 75' lang='lat' dir='ltr'><strong>repetita.</strong></span> 
     </span>
    </p>
   </div>
   <div class='ocr_carea' id='block_1_104' title="bbox 302 5535 1814 5603">
    <p class='ocr_par' dir='ltr' id='par_1_104' title="bbox 302 5535 1814 5603">
     <span class='ocr_line' id='line_1_105' title="bbox 302 5535 1814 5603; baseline 0.002 -13"><span class='ocrx_word' id='word_1_656' title='bbox 302 5537 331 5576; x_wconf 71' lang='grc' dir='ltr'><em>δ</em></span> <span class='ocrx_word' id='word_1_657' title='bbox 367 5535 666 5591; x_wconf 79' lang='lat' dir='ltr'><strong>Gosbcrtus</strong></span> <span class='ocrx_word' id='word_1_658' title='bbox 702 5535 886 5592; x_wconf 73' lang='lat' dir='ltr'><strong>abbas</strong></span> <span class='ocrx_word' id='word_1_659' title='bbox 933 5537 990 5591; x_wconf 87' lang='lat' dir='ltr'><strong>S.</strong></span> <span class='ocrx_word' id='word_1_660' title='bbox 1043 5535 1179 5592; x_wconf 83' lang='lat' dir='ltr'><strong>Galli</strong></span> <span class='ocrx_word' id='word_1_661' title='bbox 1227 5552 1368 5591; x_wconf 88' lang='lat' dir='ltr'><strong>anno</strong></span> <span class='ocrx_word' id='word_1_662' title='bbox 1426 5536 1530 5591; x_wconf 88' lang='lat' dir='ltr'><strong>8l6</strong></span> <span class='ocrx_word' id='word_1_663' title='bbox 1573 5537 1814 5603; x_wconf 83' lang='lat' dir='ltr'><strong>electus,</strong></span> 
     </span>
    </p>
   </div>
   <div class='ocr_carea' id='block_1_105' title="bbox 235 5606 1388 5675">
    <p class='ocr_par' dir='ltr' id='par_1_105' title="bbox 235 5606 1388 5675">
     <span class='ocr_line' id='line_1_106' title="bbox 235 5606 1388 5675; baseline -0.002 -14"><span class='ocrx_word' id='word_1_664' title='bbox 235 5623 382 5668; x_wconf 74' lang='lat' dir='ltr'><strong>anim</strong></span> <span class='ocrx_word' id='word_1_665' title='bbox 412 5606 517 5661; x_wconf 76' lang='lat'><strong>857</strong></span> <span class='ocrx_word' id='word_1_666' title='bbox 557 5606 640 5660; x_wconf 87' lang='lat' dir='ltr'><strong>vel</strong></span> <span class='ocrx_word' id='word_1_667' title='bbox 667 5608 980 5675; x_wconf 78' lang='lat' dir='ltr'><strong>insequente</strong></span> <span class='ocrx_word' id='word_1_668' title='bbox 1018 5615 1265 5661; x_wconf 84' lang='lat' dir='ltr'><strong>mortuus</strong></span> <span class='ocrx_word' id='word_1_669' title='bbox 1288 5617 1388 5662; x_wconf 87' lang='lat' dir='ltr'><strong>est.</strong></span> 
     </span>
    </p>
   </div>
   <div class='ocr_carea' id='block_1_106' title="bbox 313 5674 1818 5748">
    <p class='ocr_par' dir='ltr' id='par_1_106' title="bbox 313 5674 1818 5748">
     <span class='ocr_line' id='line_1_107' title="bbox 313 5674 1818 5748; baseline 0.003 -18"><span class='ocrx_word' id='word_1_670' title='bbox 313 5689 335 5713; x_wconf 80' lang='grc' dir='ltr'>ε</span> <span class='ocrx_word' id='word_1_671' title='bbox 377 5674 490 5740; x_wconf 81' lang='lat' dir='ltr'><strong>iloc</strong></span> <span class='ocrx_word' id='word_1_672' title='bbox 518 5676 583 5730; x_wconf 85' lang='lat' dir='ltr'><strong>dc</strong></span> <span class='ocrx_word' id='word_1_673' title='bbox 623 5677 952 5733; x_wconf 82' lang='lat' dir='ltr'><strong>monasterio</strong></span> <span class='ocrx_word' id='word_1_674' title='bbox 996 5677 1052 5732; x_wconf 87' lang='lat' dir='ltr'><strong>S.</strong></span> <span class='ocrx_word' id='word_1_675' title='bbox 1087 5676 1361 5733; x_wconf 77' lang='lat' dir='ltr'><strong>Clodoaldi</strong></span> <span class='ocrx_word' id='word_1_676' title='bbox 1389 5692 1553 5748; x_wconf 88' lang='lat' dir='ltr'><strong>prope</strong></span> <span class='ocrx_word' id='word_1_677' title='bbox 1584 5677 1818 5734; x_wconf 79' lang='lat' dir='ltr'><strong>Parisios</strong></span> 
     </span>
    </p>
   </div>
   <div class='ocr_carea' id='block_1_107' title="bbox 1999 4978 3507 5106">
    <p class='ocr_par' dir='ltr' id='par_1_107' title="bbox 1999 4978 3507 5106">
     <span class='ocr_line' id='line_1_108' title="bbox 1999 4978 3507 5106; baseline 0.011 -73"><span class='ocrx_word' id='word_1_678' title='bbox 1999 4978 2184 5106; x_wconf 37' lang='lat' dir='ltr'><strong>unde</strong></span> <span class='ocrx_word' id='word_1_679' title='bbox 2208 4983 2308 5038; x_wconf 87' lang='lat' dir='ltr'><strong>has</strong></span> <span class='ocrx_word' id='word_1_680' title='bbox 2328 4999 2511 5051; x_wconf 85' lang='lat' dir='ltr'><strong>voces,</strong></span> <span class='ocrx_word' id='word_1_681' title='bbox 2532 4978 2731 5043; x_wconf 76' lang='lat' dir='ltr'><strong>litteras</strong></span> <span class='ocrx_word' id='word_1_682' title='bbox 2756 4999 2972 5056; x_wconf 70' lang='lat' dir='ltr'><strong>vestras,</strong></span> <span class='ocrx_word' id='word_1_683' title='bbox 2999 4991 3146 5046; x_wconf 89' lang='lat' dir='ltr'><strong>addit</strong></span> <span class='ocrx_word' id='word_1_684' title='bbox 3167 4991 3355 5047; x_wconf 88' lang='lat' dir='ltr'><strong>Teulet</strong></span> <span class='ocrx_word' id='word_1_685' title='bbox 3379 4994 3507 5050; x_wconf 68' lang='lat' dir='ltr'><strong>ista:</strong></span> 
     </span>
     <span class='ocr_line' id='line_1_109' title="bbox 2122 5067 2220 5106; baseline -0.01 0"><span class='ocrx_word' id='word_1_686' title='bbox 2122 5067 2220 5106; x_wconf 78' lang='lat' dir='ltr'><strong>tce.</strong></span> 
     </span>
    </p>
   </div>
   <div class='ocr_carea' id='block_1_108' title="bbox 1920 5064 3503 5212">
    <p class='ocr_par' dir='ltr' id='par_1_108' title="bbox 1920 5064 3503 5212">
     <span class='ocr_line' id='line_1_110' title="bbox 1920 5064 3503 5212; baseline 0 0"><span class='ocrx_word' id='word_1_687' title='bbox 1920 5064 2361 5212; x_wconf 53' lang='grc' dir='ltr'><strong>ἶῖῗῗιῖῗῧὲεῖξεε</strong></span> <span class='ocrx_word' id='word_1_688' title='bbox 2382 5140 2534 5212; x_wconf 53' lang='lat' dir='ltr'><strong>ea?</strong></span> <span class='ocrx_word' id='word_1_689' title='bbox 2562 5129 2663 5210; x_wconf 68' lang='grc' dir='ltr'><strong>δεῖ</strong></span> <span class='ocrx_word' id='word_1_690' title='bbox 2692 5130 2757 5183; x_wconf 77' lang='lat' dir='ltr'><strong>ad</strong></span> <span class='ocrx_word' id='word_1_691' title='bbox 2774 5128 3093 5212; x_wconf 55' lang='lat' dir='ltr'><strong>Gregorium</strong></span> <span class='ocrx_word' id='word_1_692' title='bbox 3123 5146 3503 5212; x_wconf 57' lang='lat' dir='ltr'><strong>mmmam!-</strong></span> 
     </span>
    </p>
   </div>
   <div class='ocr_carea' id='block_1_109' title="bbox 1925 5190 3504 5269">
    <p class='ocr_par' dir='ltr' id='par_1_109' title="bbox 1925 5190 3504 5269">
     <span class='ocr_line' id='line_1_111' title="bbox 1925 5190 3504 5269; baseline 0.011 -26"><span class='ocrx_word' id='word_1_693' title='bbox 1925 5198 2037 5269; x_wconf 75' lang='lat' dir='ltr'><strong>tuln</strong></span> <span class='ocrx_word' id='word_1_694' title='bbox 2065 5206 2094 5244; x_wconf 91' lang='lat' dir='ltr'><strong>a</strong></span> <span class='ocrx_word' id='word_1_695' title='bbox 2132 5190 2402 5269; x_wconf 79' lang='lat' dir='ltr'><strong>Ludovico</strong></span> <span class='ocrx_word' id='word_1_696' title='bbox 2424 5194 2547 5269; x_wconf 82' lang='lat' dir='ltr'><strong>_Pio</strong></span> <span class='ocrx_word' id='word_1_697' title='bbox 2576 5198 2776 5254; x_wconf 87' lang='lat' dir='ltr'><strong>missus</strong></span> <span class='ocrx_word' id='word_1_698' title='bbox 2811 5190 2915 5264; x_wconf 51' lang='lat' dir='ltr'><strong>est&quot;,</strong></span> <span class='ocrx_word' id='word_1_699' title='bbox 2962 5208 3022 5254; x_wconf 89' lang='lat' dir='ltr'><strong>ut</strong></span> <span class='ocrx_word' id='word_1_700' title='bbox 3070 5190 3415 5269; x_wconf 66' lang='lat' dir='ltr'><strong>ipse&#39;scribit</strong></span> <span class='ocrx_word' id='word_1_701' title='bbox 3450 5206 3504 5260; x_wconf 88' lang='lat' dir='ltr'><strong>in</strong></span> 
     </span>
    </p>
   </div>
   <div class='ocr_carea' id='block_1_110' title="bbox 1921 5260 3246 5387">
    <p class='ocr_par' dir='ltr' id='par_1_110' title="bbox 1921 5260 3246 5387">
     <span class='ocr_line' id='line_1_112' title="bbox 1921 5260 3246 5387; baseline 0.005 -71"><span class='ocrx_word' id='word_1_702' title='bbox 2173 5263 2732 5350; x_wconf 75' lang='lat' dir='ltr'><strong>adAntiphonarium.</strong></span> <span class='ocrx_word' id='word_1_703' title='bbox 2902 5260 2909 5264; x_wconf 54' lang='grc'>⁷</span> <span class='ocrx_word' id='word_1_704' title='bbox 3088 5260 3104 5269; x_wconf 79' lang='grc'><em>’</em></span> <span class='ocrx_word' id='word_1_705' title='bbox 3232 5343 3246 5355; x_wconf 45' lang='grc'><strong>.</strong></span> 
     </span>
     <span class='ocr_line' id='line_1_113' title="bbox 1995 5334 3246 5387; baseline 0 0"><span class='ocrx_word' id='word_1_706' title='bbox 1995 5342 2010 5380; x_wconf 74' lang='grc'><strong>1</strong></span> <span class='ocrx_word' id='word_1_707' title='bbox 2113 5340 2316 5387; x_wconf 64' lang='lat' dir='ltr'><strong>manus</strong></span> <span class='ocrx_word' id='word_1_708' title='bbox 2356 5349 2450 5387; x_wconf 89' lang='lat' dir='ltr'><strong>seu</strong></span> <span class='ocrx_word' id='word_1_709' title='bbox 2478 5334 2767 5387; x_wconf 83' lang='lat' dir='ltr'><strong>Autcarms</strong></span> <span class='ocrx_word' id='word_1_710' title='bbox 2807 5354 2872 5387; x_wconf 74' lang='lat' dir='ltr'><strong>ex</strong></span> <span class='ocrx_word' id='word_1_711' title='bbox 2905 5339 3103 5387; x_wconf 73' lang='lat' dir='ltr'><strong>abbate</strong></span> <span class='ocrx_word' id='word_1_712' title='bbox 3150 5343 3246 5387; x_wconf 70' lang='lat' dir='ltr'><strong>Vm</strong></span> 
     </span>
    </p>
   </div>
   <div class='ocr_carea' id='block_1_111' title="bbox 1995 5334 3502 5455">
    <p class='ocr_par' dir='ltr' id='par_1_111' title="bbox 1995 5334 3502 5455">
     <span class='ocr_line' id='line_1_114' title="bbox 1995 5334 3502 5455; baseline 0.014 -75"><span class='ocrx_word' id='word_1_713' title='bbox 1995 5334 2010 5380; x_wconf 81' lang='lat' dir='ltr'><strong>i</strong></span> <span class='ocrx_word' id='word_1_714' title='bbox 2055 5334 2316 5455; x_wconf 44' lang='lat' dir='ltr'><strong>.Oﬁarius</strong></span> <span class='ocrx_word' id='word_1_715' title='bbox 2356 5349 2450 5390; x_wconf 88' lang='lat' dir='ltr'><strong>seu</strong></span> <span class='ocrx_word' id='word_1_716' title='bbox 2478 5334 2767 5393; x_wconf 84' lang='lat' dir='ltr'><strong>Autcarius</strong></span> <span class='ocrx_word' id='word_1_717' title='bbox 2807 5354 2872 5393; x_wconf 77' lang='lat' dir='ltr'><strong>ex</strong></span> <span class='ocrx_word' id='word_1_718' title='bbox 2905 5339 3103 5395; x_wconf 84' lang='lat' dir='ltr'><strong>abbate</strong></span> <span class='ocrx_word' id='word_1_719' title='bbox 3150 5343 3502 5401; x_wconf 78' lang='lat' dir='ltr'><strong>Veissenbur-</strong></span> 
     </span>
     <span class='ocr_line' id='line_1_115' title="bbox 1995 5404 3502 5455; baseline 0 0"><span class='ocrx_word' id='word_1_720' title='bbox 1995 5417 2069 5455; x_wconf 70' lang='lat' dir='ltr'><strong>usu</strong></span> <span class='ocrx_word' id='word_1_721' title='bbox 2160 5404 2451 5455; x_wconf 69' lang='lat' dir='ltr'><strong>ocuntinus</strong></span> <span class='ocrx_word' id='word_1_722' title='bbox 2484 5408 2918 5455; x_wconf 72' lang='lat' dir='ltr'><strong>arebieniscnmrs</strong></span> <span class='ocrx_word' id='word_1_723' title='bbox 2962 5425 3107 5455; x_wconf 70' lang='lat' dir='ltr'><strong>anna</strong></span> <span class='ocrx_word' id='word_1_724' title='bbox 3156 5412 3262 5455; x_wconf 72' lang='lat' dir='ltr'><strong>nes</strong></span> <span class='ocrx_word' id='word_1_725' title='bbox 3311 5429 3502 5455; x_wconf 64' lang='lat' dir='ltr'><strong>mmo-</strong></span> 
     </span>
    </p>
   </div>
   <div class='ocr_carea' id='block_1_112' title="bbox 1919 5400 3503 5477">
    <p class='ocr_par' dir='ltr' id='par_1_112' title="bbox 1919 5400 3503 5477">
     <span class='ocr_line' id='line_1_116' title="bbox 1919 5400 3503 5477; baseline 0.012 -24"><span class='ocrx_word' id='word_1_726' title='bbox 1919 5400 2069 5471; x_wconf 86' lang='lat' dir='ltr'><strong>gensi</strong></span> <span class='ocrx_word' id='word_1_727' title='bbox 2110 5400 2451 5477; x_wconf 72' lang='lat' dir='ltr'><strong>Moguntinus</strong></span> <span class='ocrx_word' id='word_1_728' title='bbox 2484 5408 2918 5477; x_wconf 77' lang='lat' dir='ltr'><strong>archiepiscopus</strong></span> <span class='ocrx_word' id='word_1_729' title='bbox 2962 5425 3107 5466; x_wconf 83' lang='lat' dir='ltr'><strong>anno</strong></span> <span class='ocrx_word' id='word_1_730' title='bbox 3156 5412 3262 5471; x_wconf 68' lang='lat'><strong>826</strong></span> <span class='ocrx_word' id='word_1_731' title='bbox 3311 5400 3503 5471; x_wconf 85' lang='lat' dir='ltr'><strong>conse-</strong></span> 
     </span>
    </p>
   </div>
   <div class='ocr_carea' id='block_1_113' title="bbox 1919 5473 2960 5534">
    <p class='ocr_par' dir='ltr' id='par_1_113' title="bbox 1919 5473 2960 5534">
     <span class='ocr_line' id='line_1_117' title="bbox 1919 5473 2960 5534; baseline 0.01 -12"><span class='ocrx_word' id='word_1_732' title='bbox 1919 5479 2102 5526; x_wconf 76' lang='lat' dir='ltr'><strong>cratus</strong></span> <span class='ocrx_word' id='word_1_733' title='bbox 2123 5481 2225 5526; x_wconf 89' lang='lat' dir='ltr'><strong>est.</strong></span> <span class='ocrx_word' id='word_1_734' title='bbox 2267 5473 2457 5528; x_wconf 85' lang='lat' dir='ltr'><strong>Vivere</strong></span> <span class='ocrx_word' id='word_1_735' title='bbox 2487 5474 2649 5530; x_wconf 89' lang='lat' dir='ltr'><strong>desiit</strong></span> <span class='ocrx_word' id='word_1_736' title='bbox 2670 5473 2960 5534; x_wconf 62' lang='lat' dir='ltr'><strong>anno&#39;847.</strong></span> 
     </span>
    </p>
   </div>
   <div class='ocr_carea' id='block_1_114' title="bbox 1994 5540 2922 5606">
    <p class='ocr_par' dir='ltr' id='par_1_114' title="bbox 1994 5540 2922 5606">
     <span class='ocr_line' id='line_1_118' title="bbox 1994 5540 2922 5606; baseline 0.011 -14"><span class='ocrx_word' id='word_1_737' title='bbox 1994 5541 2018 5579; x_wconf 78' lang='grc' dir='ltr'><strong>ιι</strong></span> <span class='ocrx_word' id='word_1_738' title='bbox 2051 5540 2106 5594; x_wconf 79' lang='lat' dir='ltr'><strong>Id</strong></span> <span class='ocrx_word' id='word_1_739' title='bbox 2142 5550 2245 5606; x_wconf 88' lang='lat' dir='ltr'><strong>est,</strong></span> <span class='ocrx_word' id='word_1_740' title='bbox 2279 5543 2344 5597; x_wconf 91' lang='lat' dir='ltr'><strong>de</strong></span> <span class='ocrx_word' id='word_1_741' title='bbox 2374 5545 2623 5601; x_wconf 75' lang='lat' dir='ltr'><strong>emnobio</strong></span> <span class='ocrx_word' id='word_1_742' title='bbox 2651 5544 2922 5602; x_wconf 83' lang='lat' dir='ltr'><strong>Fuldensi.</strong></span> 
     </span>
    </p>
   </div>
   <div class='ocr_carea' id='block_1_115' title="bbox 1999 5609 3501 5700">
    <p class='ocr_par' dir='ltr' id='par_1_115' title="bbox 1999 5609 3501 5700">
     <span class='ocr_line' id='line_1_119' title="bbox 1999 5609 3501 5700; baseline 0.004 0"><span class='ocrx_word' id='word_1_743' title='bbox 1999 5609 2721 5700; x_wconf 47' lang='lat' dir='ltr'><strong>{Eineatesiam&#39;iensi</strong></span> <span class='ocrx_word' id='word_1_744' title='bbox 2760 5618 2970 5700; x_wconf 58' lang='lat' dir='ltr'><strong>sui-sm</strong></span> <span class='ocrx_word' id='word_1_745' title='bbox 3012 5624 3252 5693; x_wconf 66' lang='grc' dir='ltr'><strong>ιψίειοιω</strong></span> <span class='ocrx_word' id='word_1_746' title='bbox 3302 5625 3501 5698; x_wconf 55' lang='lat' dir='ltr'><strong>adiecit</strong></span> 
     </span>
    </p>
   </div>
   <div class='ocr_carea' id='block_1_116' title="bbox 1917 5678 3032 5751">
    <p class='ocr_par' dir='ltr' id='par_1_116' title="bbox 1917 5678 3032 5751">
     <span class='ocr_line' id='line_1_120' title="bbox 1917 5678 3032 5751; baseline 0.013 -17"><span class='ocrx_word' id='word_1_747' title='bbox 1917 5678 2106 5736; x_wconf 87' lang='lat' dir='ltr'><strong>Tculet</strong></span> <span class='ocrx_word' id='word_1_748' title='bbox 2127 5682 2271 5737; x_wconf 87' lang='lat' dir='ltr'><strong>hunc</strong></span> <span class='ocrx_word' id='word_1_749' title='bbox 2300 5682 2537 5751; x_wconf 87' lang='lat' dir='ltr'><strong>titulum,</strong></span> <span class='ocrx_word' id='word_1_750' title='bbox 2563 5684 2639 5741; x_wconf 81' lang='lat' dir='ltr'><strong>De</strong></span> <span class='ocrx_word' id='word_1_751' title='bbox 2676 5678 3032 5748; x_wconf 74' lang='lat' dir='ltr'><strong>ordinatione.</strong></span> 
     </span>
    </p>
   </div>
  </div>
