  <div class='ocr_page' id='page_1' title='image "/cluster/home/n/w/nwhite01/storage/ocr_20150623/104/hvd.32044052819794/261.png"; bbox 0 0 3976 6170; ppageno 0'>
   <div class='ocr_carea' id='block_1_1' title="bbox 472 262 569 319">
    <p class='ocr_par' dir='ltr' id='par_1_1' title="bbox 472 262 569 319">
     <span class='ocr_line' id='line_1_1' title="bbox 472 262 569 319; baseline -0.031 0"><span class='ocrx_word' id='word_1_1' title='bbox 472 262 569 319; x_wconf 62' lang='grc' dir='ltr'><strong>δη</strong></span> 
     </span>
    </p>
   </div>
   <div class='ocr_carea' id='block_1_2' title="bbox 478 454 2045 527">
    <p class='ocr_par' dir='ltr' id='par_1_2' title="bbox 478 454 2045 527">
     <span class='ocr_line' id='line_1_2' title="bbox 478 454 2045 527; baseline -0.006 -9"><span class='ocrx_word' id='word_1_2' title='bbox 478 463 721 527; x_wconf 77' lang='lat' dir='ltr'><strong>petitioni</strong></span> <span class='ocrx_word' id='word_1_3' title='bbox 748 469 959 523; x_wconf 75' lang='lat' dir='ltr'><strong>vestrae,</strong></span> <span class='ocrx_word' id='word_1_4' title='bbox 984 473 1051 512; x_wconf 89' lang='lat' dir='ltr'><strong>eo</strong></span> <span class='ocrx_word' id='word_1_5' title='bbox 1063 456 1314 511; x_wconf 76' lang='lat' dir='ltr'><strong>videlicet</strong></span> <span class='ocrx_word' id='word_1_6' title='bbox 1339 456 1520 519; x_wconf 91' lang='lat' dir='ltr'><strong>modo,</strong></span> <span class='ocrx_word' id='word_1_7' title='bbox 1543 463 1603 509; x_wconf 91' lang='lat' dir='ltr'><strong>ut</strong></span> <span class='ocrx_word' id='word_1_8' title='bbox 1632 454 1773 509; x_wconf 87' lang='lat' dir='ltr'><strong>idem</strong></span> <span class='ocrx_word' id='word_1_9' title='bbox 1795 454 2045 519; x_wconf 83' lang='lat' dir='ltr'><strong>clericus,</strong></span> 
     </span>
    </p>
   </div>
   <div class='ocr_carea' id='block_1_3' title="bbox 480 542 2051 685">
    <p class='ocr_par' dir='ltr' id='par_1_3' title="bbox 480 542 2051 685">
     <span class='ocr_line' id='line_1_3' title="bbox 480 542 2051 685; baseline -0.004 -81"><span class='ocrx_word' id='word_1_10' title='bbox 480 567 600 604; x_wconf 85' lang='lat' dir='ltr'><strong>cum</strong></span> <span class='ocrx_word' id='word_1_11' title='bbox 631 550 740 604; x_wconf 88' lang='lat' dir='ltr'><strong>suis</strong></span> <span class='ocrx_word' id='word_1_12' title='bbox 768 547 1027 601; x_wconf 81' lang='lat' dir='ltr'><strong>fratribus</strong></span> <span class='ocrx_word' id='word_1_13' title='bbox 1067 553 1123 600; x_wconf 91' lang='lat' dir='ltr'><strong>et</strong></span> <span class='ocrx_word' id='word_1_14' title='bbox 1167 552 1362 631; x_wconf 66' lang='lat' dir='ltr'><strong>matre,</strong></span> <span class='ocrx_word' id='word_1_15' title='bbox 1598 544 1852 613; x_wconf 64' lang='lat' dir='ltr'><strong>&quot;gestis,</strong></span> <span class='ocrx_word' id='word_1_16' title='bbox 1890 542 2051 685; x_wconf 51' lang='lat' dir='ltr'><strong>Hem</strong></span> 
     </span>
     <span class='ocr_line' id='line_1_4' title="bbox 480 632 1955 685; baseline 0 0"><span class='ocrx_word' id='word_1_17' title='bbox 480 641 604 685; x_wconf 73' lang='lat' dir='ltr'><strong>[iam</strong></span> <span class='ocrx_word' id='word_1_18' title='bbox 638 638 878 685; x_wconf 76' lang='lat' dir='ltr'><strong>habeant</strong></span> <span class='ocrx_word' id='word_1_19' title='bbox 915 635 1199 685; x_wconf 77' lang='lat' dir='ltr'><strong>vobiscum</strong></span> <span class='ocrx_word' id='word_1_20' title='bbox 1220 632 1496 685; x_wconf 75' lang='lat' dir='ltr'><strong>manendi.</strong></span> <span class='ocrx_word' id='word_1_21' title='bbox 1523 642 1579 685; x_wconf 88' lang='lat' dir='ltr'><strong>et</strong></span> <span class='ocrx_word' id='word_1_22' title='bbox 1622 636 1847 685; x_wconf 85' lang='lat' dir='ltr'><strong>censum</strong></span> <span class='ocrx_word' id='word_1_23' title='bbox 1894 646 1955 685; x_wconf 90' lang='lat' dir='ltr'><strong>su</strong></span> 
     </span>
    </p>
   </div>
   <div class='ocr_carea' id='block_1_4' title="bbox 476 620 1955 701">
    <p class='ocr_par' dir='ltr' id='par_1_4' title="bbox 476 620 1955 701">
     <span class='ocr_line' id='line_1_5' title="bbox 476 620 1955 701; baseline -0.006 -7"><span class='ocrx_word' id='word_1_24' title='bbox 476 641 604 701; x_wconf 82' lang='lat' dir='ltr'><strong>tiam</strong></span> <span class='ocrx_word' id='word_1_25' title='bbox 638 638 878 691; x_wconf 79' lang='lat' dir='ltr'><strong>habeant</strong></span> <span class='ocrx_word' id='word_1_26' title='bbox 915 635 1199 690; x_wconf 66' lang='lat' dir='ltr'><strong>vobiscqur</strong></span> <span class='ocrx_word' id='word_1_27' title='bbox 1220 620 1496 697; x_wconf 71' lang='lat' dir='ltr'><strong>manendi,</strong></span> <span class='ocrx_word' id='word_1_28' title='bbox 1523 642 1579 688; x_wconf 90' lang='lat' dir='ltr'><strong>et</strong></span> <span class='ocrx_word' id='word_1_29' title='bbox 1622 636 1847 688; x_wconf 84' lang='lat' dir='ltr'><strong>censum</strong></span> <span class='ocrx_word' id='word_1_30' title='bbox 1894 638 1955 686; x_wconf 90' lang='lat' dir='ltr'><strong>su‘</strong></span> 
     </span>
    </p>
   </div>
   <div class='ocr_carea' id='block_1_5' title="bbox 474 724 2052 795">
    <p class='ocr_par' dir='ltr' id='par_1_5' title="bbox 474 724 2052 795">
     <span class='ocr_line' id='line_1_6' title="bbox 474 724 2052 795; baseline -0.003 -13"><span class='ocrx_word' id='word_1_31' title='bbox 474 727 631 782; x_wconf 80' lang='lat' dir='ltr'><strong>annis</strong></span> <span class='ocrx_word' id='word_1_32' title='bbox 658 726 884 793; x_wconf 82' lang='lat' dir='ltr'><strong>singulis</strong></span> <span class='ocrx_word' id='word_1_33' title='bbox 910 726 1222 795; x_wconf 85' lang='lat' dir='ltr'><strong>persolvant</strong></span> <span class='ocrx_word' id='word_1_34' title='bbox 1267 726 1333 779; x_wconf 89' lang='lat' dir='ltr'><strong>ad</strong></span> <span class='ocrx_word' id='word_1_35' title='bbox 1382 738 1408 765; x_wconf 67' lang='grc' dir='ltr'><strong>δ</strong></span> <span class='ocrx_word' id='word_1_36' title='bbox 1453 724 1512 780; x_wconf 90' lang='lat' dir='ltr'><strong>S.</strong></span> <span class='ocrx_word' id='word_1_37' title='bbox 1547 724 1876 789; x_wconf 88' lang='lat' dir='ltr'><strong>Servatium,</strong></span> <span class='ocrx_word' id='word_1_38' title='bbox 1911 724 2052 778; x_wconf 80' lang='lat' dir='ltr'><strong>sicut</strong></span> 
     </span>
    </p>
   </div>
   <div class='ocr_carea' id='block_1_6' title="bbox 470 814 2050 891">
    <p class='ocr_par' dir='ltr' id='par_1_6' title="bbox 470 814 2050 891">
     <span class='ocr_line' id='line_1_7' title="bbox 470 814 2050 891; baseline -0.004 -19"><span class='ocrx_word' id='word_1_39' title='bbox 470 819 553 874; x_wconf 83' lang='lat' dir='ltr'><strong>eis</strong></span> <span class='ocrx_word' id='word_1_40' title='bbox 577 834 607 873; x_wconf 90' lang='lat' dir='ltr'><strong>a</strong></span> <span class='ocrx_word' id='word_1_41' title='bbox 631 817 893 872; x_wconf 70' lang='lat' dir='ltr'><strong>fratribus</strong></span> <span class='ocrx_word' id='word_1_42' title='bbox 931 817 1133 873; x_wconf 86' lang='lat' dir='ltr'><strong>nostris</strong></span> <span class='ocrx_word' id='word_1_43' title='bbox 1173 816 1526 891; x_wconf 74' lang='lat' dir='ltr'><strong>constitutum</strong></span> <span class='ocrx_word' id='word_1_44' title='bbox 1557 824 1660 870; x_wconf 90' lang='lat' dir='ltr'><strong>est.</strong></span> <span class='ocrx_word' id='word_1_45' title='bbox 1709 814 1787 868; x_wconf 88' lang='lat' dir='ltr'><strong>De</strong></span> <span class='ocrx_word' id='word_1_46' title='bbox 1828 814 2050 868; x_wconf 87' lang='lat' dir='ltr'><strong>ordina-</strong></span> 
     </span>
    </p>
   </div>
   <div class='ocr_carea' id='block_1_7' title="bbox 472 904 2055 976">
    <p class='ocr_par' dir='ltr' id='par_1_7' title="bbox 472 904 2055 976">
     <span class='ocr_line' id='line_1_8' title="bbox 472 904 2055 976; baseline -0.003 -16"><span class='ocrx_word' id='word_1_47' title='bbox 472 906 619 962; x_wconf 80' lang='lat' dir='ltr'><strong>tione</strong></span> <span class='ocrx_word' id='word_1_48' title='bbox 648 922 776 960; x_wconf 88' lang='lat' dir='ltr'><strong>vero</strong></span> <span class='ocrx_word' id='word_1_49' title='bbox 800 906 1042 976; x_wconf 75' lang='lat' dir='ltr'><strong>ejusdem</strong></span> <span class='ocrx_word' id='word_1_50' title='bbox 1073 905 1261 959; x_wconf 87' lang='lat' dir='ltr'><strong>clerici</strong></span> <span class='ocrx_word' id='word_1_51' title='bbox 1293 905 1348 958; x_wconf 90' lang='lat' dir='ltr'><strong>in</strong></span> <span class='ocrx_word' id='word_1_52' title='bbox 1375 912 1556 958; x_wconf 85' lang='lat' dir='ltr'><strong>vestra</strong></span> <span class='ocrx_word' id='word_1_53' title='bbox 1576 904 1649 959; x_wconf 87' lang='lat' dir='ltr'><strong>sit</strong></span> <span class='ocrx_word' id='word_1_54' title='bbox 1674 910 1964 971; x_wconf 73' lang='lat' dir='ltr'><strong>potestate,</strong></span> <span class='ocrx_word' id='word_1_55' title='bbox 1990 908 2055 955; x_wconf 76' lang='lat' dir='ltr'><strong>ut</strong></span> 
     </span>
    </p>
   </div>
   <div class='ocr_carea' id='block_1_8' title="bbox 478 991 2046 1062">
    <p class='ocr_par' dir='ltr' id='par_1_8' title="bbox 478 991 2046 1062">
     <span class='ocr_line' id='line_1_9' title="bbox 478 991 2046 1062; baseline -0.002 -15"><span class='ocrx_word' id='word_1_56' title='bbox 478 996 602 1050; x_wconf 87' lang='lat' dir='ltr'><strong>inde</strong></span> <span class='ocrx_word' id='word_1_57' title='bbox 624 993 759 1049; x_wconf 81' lang='lat' dir='ltr'><strong>facio</strong></span> <span class='ocrx_word' id='word_1_58' title='bbox 769 996 837 1049; x_wconf 83' lang='lat' dir='ltr'><strong>tis</strong></span> <span class='ocrx_word' id='word_1_59' title='bbox 852 994 1109 1062; x_wconf 86' lang='lat' dir='ltr'><strong>quicquid</strong></span> <span class='ocrx_word' id='word_1_60' title='bbox 1130 993 1288 1047; x_wconf 82' lang='lat' dir='ltr'><strong>vobis</strong></span> <span class='ocrx_word' id='word_1_61' title='bbox 1310 993 1574 1061; x_wconf 84' lang='lat' dir='ltr'><strong>optimum</strong></span> <span class='ocrx_word' id='word_1_62' title='bbox 1590 1006 1712 1047; x_wconf 79' lang='lat' dir='ltr'><strong>esse</strong></span> <span class='ocrx_word' id='word_1_63' title='bbox 1735 991 2007 1045; x_wconf 86' lang='lat' dir='ltr'><strong>videbitur</strong></span> <span class='ocrx_word' id='word_1_64' title='bbox 2032 1009 2046 1044; x_wconf 88' lang='lat'>:</span> 
     </span>
    </p>
   </div>
   <div class='ocr_carea' id='block_1_9' title="bbox 473 1081 2049 1154">
    <p class='ocr_par' dir='ltr' id='par_1_9' title="bbox 473 1081 2049 1154">
     <span class='ocr_line' id='line_1_10' title="bbox 473 1081 2049 1154; baseline -0.003 -16"><span class='ocrx_word' id='word_1_65' title='bbox 473 1086 600 1154; x_wconf 83' lang='lat' dir='ltr'><strong>quia</strong></span> <span class='ocrx_word' id='word_1_66' title='bbox 619 1101 714 1139; x_wconf 89' lang='lat' dir='ltr'><strong>vos</strong></span> <span class='ocrx_word' id='word_1_67' title='bbox 735 1095 791 1139; x_wconf 91' lang='lat' dir='ltr'><strong>et</strong></span> <span class='ocrx_word' id='word_1_68' title='bbox 807 1098 987 1139; x_wconf 84' lang='lat' dir='ltr'><strong>mores</strong></span> <span class='ocrx_word' id='word_1_69' title='bbox 999 1082 1534 1139; x_wconf 58' lang='lat' dir='ltr'><strong>«conversationem</strong></span> <span class='ocrx_word' id='word_1_70' title='bbox 1549 1081 1691 1136; x_wconf 83' lang='lat' dir='ltr'><strong>illius</strong></span> <span class='ocrx_word' id='word_1_71' title='bbox 1704 1081 2049 1150; x_wconf 67' lang='lat' dir='ltr'><strong>cognoscitis,</strong></span> 
     </span>
    </p>
   </div>
   <div class='ocr_carea' id='block_1_10' title="bbox 479 1172 2053 1242">
    <p class='ocr_par' dir='ltr' id='par_1_10' title="bbox 479 1172 2053 1242">
     <span class='ocr_line' id='line_1_11' title="bbox 479 1172 2053 1242; baseline -0.003 -12"><span class='ocrx_word' id='word_1_72' title='bbox 479 1184 534 1230; x_wconf 85' lang='lat' dir='ltr'><strong>et</strong></span> <span class='ocrx_word' id='word_1_73' title='bbox 552 1176 709 1231; x_wconf 86' lang='lat' dir='ltr'><strong>scitis</strong></span> <span class='ocrx_word' id='word_1_74' title='bbox 728 1182 910 1229; x_wconf 89' lang='lat' dir='ltr'><strong>utrum</strong></span> <span class='ocrx_word' id='word_1_75' title='bbox 946 1174 1019 1228; x_wconf 82' lang='lat' dir='ltr'><strong>ad</strong></span> <span class='ocrx_word' id='word_1_76' title='bbox 1054 1174 1287 1242; x_wconf 82' lang='lat' dir='ltr'><strong>aliquem</strong></span> <span class='ocrx_word' id='word_1_77' title='bbox 1332 1172 1577 1228; x_wconf 89' lang='lat' dir='ltr'><strong>ordinem</strong></span> <span class='ocrx_word' id='word_1_78' title='bbox 1615 1186 1831 1227; x_wconf 82' lang='lat' dir='ltr'><strong>sacrum</strong></span> <span class='ocrx_word' id='word_1_79' title='bbox 1878 1172 2053 1226; x_wconf 78' lang='lat' dir='ltr'><strong>susei-</strong></span> 
     </span>
    </p>
   </div>
   <div class='ocr_carea' id='block_1_11' title="bbox 470 1262 2046 1335">
    <p class='ocr_par' dir='ltr' id='par_1_11' title="bbox 470 1262 2046 1335">
     <span class='ocr_line' id='line_1_12' title="bbox 470 1262 2046 1335; baseline -0.001 -16"><span class='ocrx_word' id='word_1_80' title='bbox 470 1265 725 1335; x_wconf 54' lang='lat' dir='ltr'><strong>Mndum</strong></span> <span class='ocrx_word' id='word_1_81' title='bbox 779 1265 808 1305; x_wconf 70' lang='grc' dir='ltr'><strong>ι»</strong></span> <span class='ocrx_word' id='word_1_82' title='bbox 831 1265 1059 1319; x_wconf 87' lang='lat' dir='ltr'><strong>idoneus</strong></span> <span class='ocrx_word' id='word_1_83' title='bbox 1083 1264 1177 1319; x_wconf 89' lang='lat' dir='ltr'><strong>sit.</strong></span> <span class='ocrx_word' id='word_1_84' title='bbox 1208 1262 1363 1333; x_wconf 74' lang='lat' dir='ltr'><strong>Opto</strong></span> <span class='ocrx_word' id='word_1_85' title='bbox 1407 1264 1750 1318; x_wconf 71' lang='lat' dir='ltr'><strong>sanctitatem</strong></span> <span class='ocrx_word' id='word_1_86' title='bbox 1775 1271 2009 1317; x_wconf 81' lang='lat' dir='ltr'><strong>vestram</strong></span> <span class='ocrx_word' id='word_1_87' title='bbox 2033 1303 2046 1328; x_wconf 96' lang='lat'><strong>,</strong></span> 
     </span>
    </p>
   </div>
   <div class='ocr_carea' id='block_1_12' title="bbox 480 1354 1954 1424">
    <p class='ocr_par' dir='ltr' id='par_1_12' title="bbox 480 1354 1954 1424">
     <span class='ocr_line' id='line_1_13' title="bbox 480 1354 1954 1424; baseline -0.001 -17"><span class='ocrx_word' id='word_1_88' title='bbox 480 1355 651 1410; x_wconf 84' lang='lat' dir='ltr'><strong>nostri</strong></span> <span class='ocrx_word' id='word_1_89' title='bbox 678 1370 996 1420; x_wconf 82' lang='lat' dir='ltr'><strong>memorem,</strong></span> <span class='ocrx_word' id='word_1_90' title='bbox 1031 1369 1247 1424; x_wconf 81' lang='lat' dir='ltr'><strong>semper</strong></span> <span class='ocrx_word' id='word_1_91' title='bbox 1270 1356 1324 1409; x_wconf 90' lang='lat' dir='ltr'><strong>in</strong></span> <span class='ocrx_word' id='word_1_92' title='bbox 1346 1354 1568 1411; x_wconf 84' lang='lat' dir='ltr'><strong>Christo</strong></span> <span class='ocrx_word' id='word_1_93' title='bbox 1591 1355 1731 1408; x_wconf 80' lang='lat' dir='ltr'><strong>bene</strong></span> <span class='ocrx_word' id='word_1_94' title='bbox 1750 1354 1954 1409; x_wconf 78' lang='lat' dir='ltr'><strong>valere.</strong></span> 
     </span>
    </p>
   </div>
   <div class='ocr_carea' id='block_1_13' title="bbox 1032 1449 1494 1558">
    <p class='ocr_par' dir='ltr' id='par_1_13' title="bbox 1032 1449 1494 1558">
     <span class='ocr_line' id='line_1_14' title="bbox 1032 1449 1494 1558; baseline -0.002 -19"><span class='ocrx_word' id='word_1_95' title='bbox 1032 1449 1379 1558; x_wconf 61' lang='lat' dir='ltr'><strong>apisrom</strong></span> <span class='ocrx_word' id='word_1_96' title='bbox 1411 1485 1494 1539; x_wconf 76' lang='lat' dir='ltr'><strong>v1.</strong></span> 
     </span>
    </p>
   </div>
   <div class='ocr_carea' id='block_1_14' title="bbox 696 1580 1731 1630">
    <p class='ocr_par' dir='ltr' id='par_1_14' title="bbox 696 1580 1731 1630">
     <span class='ocr_line' id='line_1_15' title="bbox 696 1580 1731 1630; baseline 0.001 -2"><span class='ocrx_word' id='word_1_97' title='bbox 696 1580 703 1587; x_wconf 89' lang='lat'><strong>&#39;</strong></span> <span class='ocrx_word' id='word_1_98' title='bbox 790 1590 857 1628; x_wconf 79' lang='grc' dir='ltr'><strong>Αι)</strong></span> <span class='ocrx_word' id='word_1_99' title='bbox 892 1582 1190 1630; x_wconf 63' lang='grc' dir='ltr'><strong>εειιοιγυω</strong></span> <span class='ocrx_word' id='word_1_100' title='bbox 1225 1582 1251 1614; x_wconf 70' lang='grc' dir='ltr'><em>ε</em></span> <span class='ocrx_word' id='word_1_101' title='bbox 1281 1592 1349 1630; x_wconf 78' lang='lat' dir='ltr'><strong>er</strong></span> <span class='ocrx_word' id='word_1_102' title='bbox 1388 1591 1731 1630; x_wconf 70' lang='lat' dir='ltr'><strong>nuxennruu.</strong></span> 
     </span>
    </p>
   </div>
   <div class='ocr_carea' id='block_1_15' title="bbox 510 1654 2125 1755">
    <p class='ocr_par' dir='ltr' id='par_1_15' title="bbox 510 1654 2125 1755">
     <span class='ocr_line' id='line_1_16' title="bbox 510 1654 2125 1755; baseline 0.002 -37"><span class='ocrx_word' id='word_1_103' title='bbox 510 1666 513 1675; x_wconf 75' lang='lat'>‘</span> <span class='ocrx_word' id='word_1_104' title='bbox 545 1663 917 1755; x_wconf 85' lang='lat' dir='ltr'><strong>Dilectissimis</strong></span> <span class='ocrx_word' id='word_1_105' title='bbox 934 1666 988 1719; x_wconf 91' lang='lat' dir='ltr'><strong>in</strong></span> <span class='ocrx_word' id='word_1_106' title='bbox 1011 1665 1227 1721; x_wconf 87' lang='lat' dir='ltr'><strong>Christo</strong></span> <span class='ocrx_word' id='word_1_107' title='bbox 1255 1654 1513 1721; x_wconf 77' lang='lat' dir='ltr'><strong>fratribus</strong></span> <span class='ocrx_word' id='word_1_108' title='bbox 1535 1660 1591 1722; x_wconf 88' lang='lat' dir='ltr'><strong>et</strong></span> <span class='ocrx_word' id='word_1_109' title='bbox 1614 1668 1822 1755; x_wconf 79' lang='lat' dir='ltr'><strong>devotis</strong></span> <span class='ocrx_word' id='word_1_110' title='bbox 1845 1662 2048 1722; x_wconf 67' lang='lat' dir='ltr'><strong>{&#39;hristi</strong></span> <span class='ocrx_word' id='word_1_111' title='bbox 2079 1698 2125 1755; x_wconf 76' lang='grc' dir='ltr'><strong>Β</strong></span> 
     </span>
    </p>
   </div>
   <div class='ocr_carea' id='block_1_16' title="bbox 476 1752 2051 1827">
    <p class='ocr_par' dir='ltr' id='par_1_16' title="bbox 476 1752 2051 1827">
     <span class='ocr_line' id='line_1_17' title="bbox 476 1752 2051 1827; baseline 0.003 -19"><span class='ocrx_word' id='word_1_112' title='bbox 476 1754 709 1819; x_wconf 75' lang='lat' dir='ltr'><strong>famulis,</strong></span> <span class='ocrx_word' id='word_1_113' title='bbox 741 1755 968 1827; x_wconf 82' lang='lat' dir='ltr'><strong>Egilolfe</strong></span> <span class='ocrx_word' id='word_1_114' title='bbox 996 1765 1053 1810; x_wconf 92' lang='lat' dir='ltr'><strong>et</strong></span> <span class='ocrx_word' id='word_1_115' title='bbox 1090 1755 1389 1821; x_wconf 80' lang='lat' dir='ltr'><strong>ﬂunberto,</strong></span> <span class='ocrx_word' id='word_1_116' title='bbox 1418 1766 1674 1811; x_wconf 61' lang='lat' dir='ltr'><strong>aeternam</strong></span> <span class='ocrx_word' id='word_1_117' title='bbox 1720 1752 1773 1810; x_wconf 88' lang='lat' dir='ltr'><strong>in</strong></span> <span class='ocrx_word' id='word_1_118' title='bbox 1823 1758 2051 1812; x_wconf 87' lang='lat' dir='ltr'><strong>Domino</strong></span> 
     </span>
    </p>
   </div>
   <div class='ocr_carea' id='block_1_17' title="bbox 473 1846 721 1900">
    <p class='ocr_par' dir='ltr' id='par_1_17' title="bbox 473 1846 721 1900">
     <span class='ocr_line' id='line_1_18' title="bbox 473 1846 721 1900; baseline 0 0"><span class='ocrx_word' id='word_1_119' title='bbox 473 1846 721 1900; x_wconf 85' lang='lat' dir='ltr'><strong>salutem.</strong></span> 
     </span>
    </p>
   </div>
   <div class='ocr_carea' id='block_1_18' title="bbox 545 1934 2053 2005">
    <p class='ocr_par' dir='ltr' id='par_1_18' title="bbox 545 1934 2053 2005">
     <span class='ocr_line' id='line_1_19' title="bbox 545 1934 2053 2005; baseline -0.001 -16"><span class='ocrx_word' id='word_1_120' title='bbox 545 1934 669 1989; x_wconf 88' lang='lat' dir='ltr'><strong>Seio</strong></span> <span class='ocrx_word' id='word_1_121' title='bbox 698 1950 792 1990; x_wconf 93' lang='lat' dir='ltr'><strong>vos</strong></span> <span class='ocrx_word' id='word_1_122' title='bbox 821 1951 927 1990; x_wconf 91' lang='lat' dir='ltr'><strong>non</strong></span> <span class='ocrx_word' id='word_1_123' title='bbox 958 1937 1127 1991; x_wconf 84' lang='lat' dir='ltr'><strong>latere</strong></span> <span class='ocrx_word' id='word_1_124' title='bbox 1153 1936 1296 2005; x_wconf 87' lang='lat' dir='ltr'><strong>quod</strong></span> <span class='ocrx_word' id='word_1_125' title='bbox 1323 1935 1479 1990; x_wconf 75' lang='lat' dir='ltr'><strong>boum</strong></span> <span class='ocrx_word' id='word_1_126' title='bbox 1507 1935 1784 1989; x_wconf 68' lang='lat' dir='ltr'><strong>memoriae</strong></span> <span class='ocrx_word' id='word_1_127' title='bbox 1813 1934 2053 2005; x_wconf 79' lang='lat' dir='ltr'><strong>Wolfga-</strong></span> 
     </span>
    </p>
   </div>
   <div class='ocr_carea' id='block_1_19' title="bbox 477 2026 2053 2098">
    <p class='ocr_par' dir='ltr' id='par_1_19' title="bbox 477 2026 2053 2098">
     <span class='ocr_line' id='line_1_20' title="bbox 477 2026 2053 2098; baseline -0.001 -17"><span class='ocrx_word' id='word_1_128' title='bbox 477 2029 589 2083; x_wconf 88' lang='lat' dir='ltr'><strong>rius</strong></span> <span class='ocrx_word' id='word_1_129' title='bbox 609 2029 894 2098; x_wconf 86' lang='lat' dir='ltr'><strong>episcopus</strong></span> <span class='ocrx_word' id='word_1_130' title='bbox 923 2027 972 2089; x_wconf 78' lang='grc' dir='ltr'><em>δ,</em></span> <span class='ocrx_word' id='word_1_131' title='bbox 997 2044 1083 2083; x_wconf 87' lang='lat' dir='ltr'><strong>me</strong></span> <span class='ocrx_word' id='word_1_132' title='bbox 1105 2037 1342 2097; x_wconf 83' lang='lat' dir='ltr'><strong>petente,</strong></span> <span class='ocrx_word' id='word_1_133' title='bbox 1363 2026 1702 2082; x_wconf 80' lang='lat' dir='ltr'><strong>beneﬁciavit</strong></span> <span class='ocrx_word' id='word_1_134' title='bbox 1726 2026 1933 2081; x_wconf 87' lang='lat' dir='ltr'><strong>homini</strong></span> <span class='ocrx_word' id='word_1_135' title='bbox 1957 2041 2053 2080; x_wconf 90' lang='lat' dir='ltr'><strong>no-</strong></span> 
     </span>
    </p>
   </div>
   <div class='ocr_carea' id='block_1_20' title="bbox 478 2114 2052 2186">
    <p class='ocr_par' dir='ltr' id='par_1_20' title="bbox 478 2114 2052 2186">
     <span class='ocr_line' id='line_1_21' title="bbox 478 2114 2052 2186; baseline 0 -17"><span class='ocrx_word' id='word_1_136' title='bbox 478 2125 592 2169; x_wconf 88' lang='lat' dir='ltr'><strong>stro</strong></span> <span class='ocrx_word' id='word_1_137' title='bbox 622 2115 907 2181; x_wconf 86' lang='lat' dir='ltr'><strong>Gerherto,</strong></span> <span class='ocrx_word' id='word_1_138' title='bbox 935 2116 988 2170; x_wconf 88' lang='lat' dir='ltr'><strong>in</strong></span> <span class='ocrx_word' id='word_1_139' title='bbox 1020 2130 1156 2186; x_wconf 79' lang='lat' dir='ltr'><strong>pago</strong></span> <span class='ocrx_word' id='word_1_140' title='bbox 1187 2116 1541 2185; x_wconf 79' lang='lat' dir='ltr'><strong>Dubargawe,</strong></span> <span class='ocrx_word' id='word_1_141' title='bbox 1570 2116 1625 2170; x_wconf 90' lang='lat' dir='ltr'><strong>in</strong></span> <span class='ocrx_word' id='word_1_142' title='bbox 1647 2116 1765 2170; x_wconf 90' lang='lat' dir='ltr'><strong>loco</strong></span> <span class='ocrx_word' id='word_1_143' title='bbox 1795 2114 1887 2185; x_wconf 87' lang='lat' dir='ltr'><strong>qui</strong></span> <span class='ocrx_word' id='word_1_144' title='bbox 1916 2114 2052 2170; x_wconf 91' lang='lat' dir='ltr'><strong>dici-</strong></span> 
     </span>
    </p>
   </div>
   <div class='ocr_carea' id='block_1_21' title="bbox 478 2208 2058 2279">
    <p class='ocr_par' dir='ltr' id='par_1_21' title="bbox 478 2208 2058 2279">
     <span class='ocr_line' id='line_1_22' title="bbox 478 2208 2058 2279; baseline 0.001 -19"><span class='ocrx_word' id='word_1_145' title='bbox 478 2219 566 2262; x_wconf 87' lang='lat' dir='ltr'><strong>tur</strong></span> <span class='ocrx_word' id='word_1_146' title='bbox 586 2209 823 2279; x_wconf 80' lang='lat' dir='ltr'><strong>Asgbah,</strong></span> <span class='ocrx_word' id='word_1_147' title='bbox 852 2210 918 2264; x_wconf 89' lang='lat' dir='ltr'><strong>de</strong></span> <span class='ocrx_word' id='word_1_148' title='bbox 941 2209 1150 2264; x_wconf 84' lang='lat' dir='ltr'><strong>ratione</strong></span> <span class='ocrx_word' id='word_1_149' title='bbox 1166 2208 1224 2263; x_wconf 90' lang='lat' dir='ltr'><strong>S.</strong></span> <span class='ocrx_word' id='word_1_150' title='bbox 1254 2208 1476 2274; x_wconf 79' lang='lat' dir='ltr'><strong>Kiliani,</strong></span> <span class='ocrx_word' id='word_1_151' title='bbox 1500 2223 1718 2263; x_wconf 82' lang='lat' dir='ltr'><strong>mansos</strong></span> <span class='ocrx_word' id='word_1_152' title='bbox 1742 2224 1802 2262; x_wconf 80' lang='lat' dir='ltr'><strong>lli</strong></span> <span class='ocrx_word' id='word_1_153' title='bbox 1826 2215 1882 2262; x_wconf 90' lang='lat' dir='ltr'><strong>et</strong></span> <span class='ocrx_word' id='word_1_154' title='bbox 1906 2223 2058 2263; x_wconf 58' lang='lat' dir='ltr'><strong>man.</strong></span> 
     </span>
    </p>
   </div>
   <div class='ocr_carea' id='block_1_22' title="bbox 480 2297 2050 2375">
    <p class='ocr_par' dir='ltr' id='par_1_22' title="bbox 480 2297 2050 2375">
     <span class='ocr_line' id='line_1_23' title="bbox 480 2297 2050 2375; baseline -0.005 -18"><span class='ocrx_word' id='word_1_155' title='bbox 480 2302 621 2375; x_wconf 77' lang='lat' dir='ltr'><strong>cipia</strong></span> <span class='ocrx_word' id='word_1_156' title='bbox 645 2316 739 2354; x_wconf 79' lang='lat' dir='ltr'><strong>xu.</strong></span> <span class='ocrx_word' id='word_1_157' title='bbox 768 2298 872 2353; x_wconf 92' lang='lat' dir='ltr'><strong>Sed</strong></span> <span class='ocrx_word' id='word_1_158' title='bbox 901 2299 1025 2369; x_wconf 84' lang='lat' dir='ltr'><strong>quia</strong></span> <span class='ocrx_word' id='word_1_159' title='bbox 1053 2299 1108 2353; x_wconf 89' lang='lat' dir='ltr'><strong>in</strong></span> <span class='ocrx_word' id='word_1_160' title='bbox 1139 2298 1242 2353; x_wconf 89' lang='lat' dir='ltr'><strong>hoc</strong></span> <span class='ocrx_word' id='word_1_161' title='bbox 1271 2299 1471 2354; x_wconf 86' lang='lat' dir='ltr'><strong>diutius</strong></span> <span class='ocrx_word' id='word_1_162' title='bbox 1494 2312 1717 2353; x_wconf 85' lang='lat' dir='ltr'><strong>manere</strong></span> <span class='ocrx_word' id='word_1_163' title='bbox 1736 2297 2050 2365; x_wconf 86' lang='lat' dir='ltr'><strong>nonpotuit,</strong></span> 
     </span>
    </p>
   </div>
   <div class='ocr_carea' id='block_1_23' title="bbox 481 2389 2054 2459">
    <p class='ocr_par' dir='ltr' id='par_1_23' title="bbox 481 2389 2054 2459">
     <span class='ocr_line' id='line_1_24' title="bbox 481 2389 2054 2459; baseline -0.004 -12"><span class='ocrx_word' id='word_1_164' title='bbox 481 2394 585 2449; x_wconf 87' lang='lat' dir='ltr'><strong>nisi</strong></span> <span class='ocrx_word' id='word_1_165' title='bbox 617 2393 743 2447; x_wconf 90' lang='lat' dir='ltr'><strong>dum</strong></span> <span class='ocrx_word' id='word_1_166' title='bbox 775 2391 863 2447; x_wconf 88' lang='lat' dir='ltr'><strong>ille</strong></span> <span class='ocrx_word' id='word_1_167' title='bbox 887 2392 940 2446; x_wconf 87' lang='lat' dir='ltr'><strong>in</strong></span> <span class='ocrx_word' id='word_1_168' title='bbox 976 2405 1202 2459; x_wconf 90' lang='lat' dir='ltr'><strong>corpore</strong></span> <span class='ocrx_word' id='word_1_169' title='bbox 1237 2390 1392 2455; x_wconf 85' lang='lat' dir='ltr'><strong>vixit,</strong></span> <span class='ocrx_word' id='word_1_170' title='bbox 1429 2404 1623 2459; x_wconf 89' lang='lat' dir='ltr'><strong>precor</strong></span> <span class='ocrx_word' id='word_1_171' title='bbox 1668 2389 2054 2458; x_wconf 73' lang='lat' dir='ltr'><strong>benignitatem</strong></span> 
     </span>
    </p>
   </div>
   <div class='ocr_carea' id='block_1_24' title="bbox 481 2476 2054 2539">
    <p class='ocr_par' dir='ltr' id='par_1_24' title="bbox 481 2476 2054 2539">
     <span class='ocr_line' id='line_1_25' title="bbox 481 2476 2054 2539; baseline -0.001 -5"><span class='ocrx_word' id='word_1_172' title='bbox 481 2493 719 2538; x_wconf 76' lang='lat' dir='ltr'><strong>vestram</strong></span> <span class='ocrx_word' id='word_1_173' title='bbox 750 2490 808 2535; x_wconf 91' lang='lat' dir='ltr'><strong>ut</strong></span> <span class='ocrx_word' id='word_1_174' title='bbox 840 2487 1197 2539; x_wconf 78' lang='lat' dir='ltr'><strong>memoratum</strong></span> <span class='ocrx_word' id='word_1_175' title='bbox 1216 2478 1540 2533; x_wconf 86' lang='lat' dir='ltr'><strong>Gcrbertum</strong></span> <span class='ocrx_word' id='word_1_176' title='bbox 1566 2478 1697 2532; x_wconf 91' lang='lat' dir='ltr'><strong>illud</strong></span> <span class='ocrx_word' id='word_1_177' title='bbox 1731 2476 2054 2533; x_wconf 73' lang='lat' dir='ltr'><strong>beneficium</strong></span> 
     </span>
    </p>
   </div>
   <div class='ocr_carea' id='block_1_25' title="bbox 481 2572 2055 2644">
    <p class='ocr_par' dir='ltr' id='par_1_25' title="bbox 481 2572 2055 2644">
     <span class='ocr_line' id='line_1_26' title="bbox 481 2572 2055 2644; baseline -0.004 -12"><span class='ocrx_word' id='word_1_178' title='bbox 481 2577 681 2632; x_wconf 83' lang='lat' dir='ltr'><strong>habere</strong></span> <span class='ocrx_word' id='word_1_179' title='bbox 704 2572 1045 2644; x_wconf 85' lang='lat' dir='ltr'><strong>permittatis,</strong></span> <span class='ocrx_word' id='word_1_180' title='bbox 1092 2573 1233 2628; x_wconf 83' lang='lat' dir='ltr'><strong>sicut</strong></span> <span class='ocrx_word' id='word_1_181' title='bbox 1264 2574 1424 2628; x_wconf 78' lang='lat' dir='ltr'><strong>modo</strong></span> <span class='ocrx_word' id='word_1_182' title='bbox 1472 2573 1684 2638; x_wconf 84' lang='lat' dir='ltr'><strong>habuit,</strong></span> <span class='ocrx_word' id='word_1_183' title='bbox 1721 2588 1890 2642; x_wconf 83' lang='lat' dir='ltr'><strong>usque</strong></span> <span class='ocrx_word' id='word_1_184' title='bbox 1928 2572 2055 2639; x_wconf 78' lang='lat' dir='ltr'><strong>dum</strong></span> 
     </span>
    </p>
   </div>
   <div class='ocr_carea' id='block_1_26' title="bbox 484 2662 2057 2734">
    <p class='ocr_par' dir='ltr' id='par_1_26' title="bbox 484 2662 2057 2734">
     <span class='ocr_line' id='line_1_27' title="bbox 484 2662 2057 2734; baseline -0.003 -12"><span class='ocrx_word' id='word_1_185' title='bbox 484 2670 538 2722; x_wconf 91' lang='lat' dir='ltr'><strong>in</strong></span> <span class='ocrx_word' id='word_1_186' title='bbox 566 2667 671 2721; x_wconf 89' lang='lat' dir='ltr'><strong>hac</strong></span> <span class='ocrx_word' id='word_1_187' title='bbox 703 2666 827 2723; x_wconf 84' lang='lat' dir='ltr'><strong>sede</strong></span> <span class='ocrx_word' id='word_1_188' title='bbox 855 2664 1137 2734; x_wconf 86' lang='lat' dir='ltr'><strong>episcopus</strong></span> <span class='ocrx_word' id='word_1_189' title='bbox 1165 2662 1327 2718; x_wconf 85' lang='lat' dir='ltr'><strong>fuerit</strong></span> <span class='ocrx_word' id='word_1_190' title='bbox 1353 2662 1675 2728; x_wconf 84' lang='lat' dir='ltr'><strong>ordinatus;</strong></span> <span class='ocrx_word' id='word_1_191' title='bbox 1709 2675 1767 2720; x_wconf 90' lang='lat' dir='ltr'><strong>et</strong></span> <span class='ocrx_word' id='word_1_192' title='bbox 1798 2664 1938 2718; x_wconf 84' lang='lat' dir='ltr'><strong>inter</strong></span> <span class='ocrx_word' id='word_1_193' title='bbox 1969 2677 2057 2719; x_wconf 84' lang='lat' dir='ltr'><strong>nte</strong></span> 
     </span>
    </p>
   </div>
   <div class='ocr_carea' id='block_1_27' title="bbox 482 2755 2058 2827">
    <p class='ocr_par' dir='ltr' id='par_1_27' title="bbox 482 2755 2058 2827">
     <span class='ocr_line' id='line_1_28' title="bbox 482 2755 2058 2827; baseline -0.001 -13"><span class='ocrx_word' id='word_1_194' title='bbox 482 2768 540 2814; x_wconf 89' lang='lat' dir='ltr'><strong>et</strong></span> <span class='ocrx_word' id='word_1_195' title='bbox 572 2758 721 2815; x_wconf 84' lang='lat' dir='ltr'><strong>illum</strong></span> <span class='ocrx_word' id='word_1_196' title='bbox 752 2756 1064 2815; x_wconf 74' lang='lat' dir='ltr'><strong>convenerit</strong></span> <span class='ocrx_word' id='word_1_197' title='bbox 1088 2755 1218 2826; x_wconf 78' lang='lat' dir='ltr'><strong>quid</strong></span> <span class='ocrx_word' id='word_1_198' title='bbox 1251 2755 1319 2813; x_wconf 90' lang='lat' dir='ltr'><strong>de</strong></span> <span class='ocrx_word' id='word_1_199' title='bbox 1364 2758 1482 2827; x_wconf 87' lang='lat' dir='ltr'><strong>ipso</strong></span> <span class='ocrx_word' id='word_1_200' title='bbox 1506 2756 1768 2813; x_wconf 82' lang='lat' dir='ltr'><strong>beneﬁcio</strong></span> <span class='ocrx_word' id='word_1_201' title='bbox 1796 2757 1917 2812; x_wconf 79' lang='lat' dir='ltr'><strong>ﬁeri</strong></span> <span class='ocrx_word' id='word_1_202' title='bbox 1962 2757 2058 2812; x_wconf 82' lang='lat' dir='ltr'><strong>tle-</strong></span> 
     </span>
    </p>
   </div>
   <div class='ocr_carea' id='block_1_28' title="bbox 483 2846 2055 2918">
    <p class='ocr_par' dir='ltr' id='par_1_28' title="bbox 483 2846 2055 2918">
     <span class='ocr_line' id='line_1_29' title="bbox 483 2846 2055 2918; baseline -0.002 -15"><span class='ocrx_word' id='word_1_203' title='bbox 483 2852 608 2906; x_wconf 84' lang='lat' dir='ltr'><strong>beat</strong></span> <span class='ocrx_word' id='word_1_204' title='bbox 641 2851 695 2905; x_wconf 92' lang='lat' dir='ltr'><strong>in</strong></span> <span class='ocrx_word' id='word_1_205' title='bbox 720 2849 979 2904; x_wconf 83' lang='lat' dir='ltr'><strong>futurum.</strong></span> <span class='ocrx_word' id='word_1_206' title='bbox 1025 2848 1163 2918; x_wconf 90' lang='lat' dir='ltr'><strong>Opto</strong></span> <span class='ocrx_word' id='word_1_207' title='bbox 1195 2855 1252 2902; x_wconf 89' lang='lat' dir='ltr'><strong>ut</strong></span> <span class='ocrx_word' id='word_1_208' title='bbox 1293 2861 1509 2917; x_wconf 81' lang='lat' dir='ltr'><strong>semper</strong></span> <span class='ocrx_word' id='word_1_209' title='bbox 1552 2846 1689 2901; x_wconf 88' lang='lat' dir='ltr'><strong>bene</strong></span> <span class='ocrx_word' id='word_1_210' title='bbox 1736 2846 1962 2902; x_wconf 83' lang='lat' dir='ltr'><strong>valeatis</strong></span> <span class='ocrx_word' id='word_1_211' title='bbox 2002 2848 2055 2900; x_wconf 91' lang='lat' dir='ltr'><strong>in</strong></span> 
     </span>
    </p>
   </div>
   <div class='ocr_carea' id='block_1_29' title="bbox 482 2940 725 2995">
    <p class='ocr_par' dir='ltr' id='par_1_29' title="bbox 482 2940 725 2995">
     <span class='ocr_line' id='line_1_30' title="bbox 482 2940 725 2995; baseline 0.004 -2"><span class='ocrx_word' id='word_1_212' title='bbox 482 2940 725 2995; x_wconf 83' lang='lat' dir='ltr'><strong>Domino.</strong></span> 
     </span>
    </p>
   </div>
   <div class='ocr_carea' id='block_1_30' title="bbox 1031 3028 1516 3085">
    <p class='ocr_par' dir='ltr' id='par_1_30' title="bbox 1031 3028 1516 3085">
     <span class='ocr_line' id='line_1_31' title="bbox 1031 3028 1516 3085; baseline -0.002 -2"><span class='ocrx_word' id='word_1_213' title='bbox 1031 3028 1368 3085; x_wconf 79' lang='lat' dir='ltr'><strong>EPISTOLA</strong></span> <span class='ocrx_word' id='word_1_214' title='bbox 1406 3029 1516 3085; x_wconf 74' lang='lat' dir='ltr'><strong>VII.</strong></span> 
     </span>
    </p>
   </div>
   <div class='ocr_carea' id='block_1_31' title="bbox 923 3154 1594 3195">
    <p class='ocr_par' dir='ltr' id='par_1_31' title="bbox 923 3154 1594 3195">
     <span class='ocr_line' id='line_1_32' title="bbox 923 3154 1594 3195; baseline -0.003 -1"><span class='ocrx_word' id='word_1_215' title='bbox 923 3157 989 3195; x_wconf 76' lang='lat' dir='ltr'><strong>AD</strong></span> <span class='ocrx_word' id='word_1_216' title='bbox 1024 3154 1297 3195; x_wconf 68' lang='lat' dir='ltr'><strong>POPPONBM</strong></span> <span class='ocrx_word' id='word_1_217' title='bbox 1333 3154 1594 3194; x_wconf 68' lang='lat' dir='ltr'><strong>COIITEI.</strong></span> 
     </span>
    </p>
   </div>
   <div class='ocr_carea' id='block_1_32' title="bbox 555 3248 2058 3322">
    <p class='ocr_par' dir='ltr' id='par_1_32' title="bbox 555 3248 2058 3322">
     <span class='ocr_line' id='line_1_33' title="bbox 555 3248 2058 3322; baseline 0 -17"><span class='ocrx_word' id='word_1_218' title='bbox 555 3251 836 3322; x_wconf 70' lang='lat' dir='ltr'><strong>Magniﬁce</strong></span> <span class='ocrx_word' id='word_1_219' title='bbox 863 3258 918 3303; x_wconf 90' lang='lat' dir='ltr'><strong>et</strong></span> <span class='ocrx_word' id='word_1_220' title='bbox 947 3248 1248 3304; x_wconf 86' lang='lat' dir='ltr'><strong>honorabili</strong></span> <span class='ocrx_word' id='word_1_221' title='bbox 1272 3257 1434 3319; x_wconf 83' lang='lat' dir='ltr'><strong>atque</strong></span> <span class='ocrx_word' id='word_1_222' title='bbox 1463 3249 1655 3304; x_wconf 89' lang='lat' dir='ltr'><strong>illustri</strong></span> <span class='ocrx_word' id='word_1_223' title='bbox 1678 3251 1797 3304; x_wconf 87' lang='lat' dir='ltr'><strong>viro</strong></span> <span class='ocrx_word' id='word_1_224' title='bbox 1816 3249 2058 3320; x_wconf 90' lang='lat' dir='ltr'><strong>Popponi</strong></span> 
     </span>
    </p>
   </div>
   <div class='ocr_carea' id='block_1_33' title="bbox 486 3337 2017 3413">
    <p class='ocr_par' dir='ltr' id='par_1_33' title="bbox 486 3337 2017 3413">
     <span class='ocr_line' id='line_1_34' title="bbox 486 3337 2017 3413; baseline -0.001 -18"><span class='ocrx_word' id='word_1_225' title='bbox 486 3342 718 3413; x_wconf 76' lang='lat' dir='ltr'><strong>glorioso</strong></span> <span class='ocrx_word' id='word_1_226' title='bbox 755 3352 780 3379; x_wconf 75' lang='grc' dir='ltr'>θ</span> <span class='ocrx_word' id='word_1_227' title='bbox 807 3339 1014 3402; x_wconf 90' lang='lat' dir='ltr'><strong>comiti,</strong></span> <span class='ocrx_word' id='word_1_228' title='bbox 1051 3338 1388 3409; x_wconf 79' lang='lat' dir='ltr'><strong>Eginhardus</strong></span> <span class='ocrx_word' id='word_1_229' title='bbox 1424 3339 1478 3392; x_wconf 92' lang='lat' dir='ltr'><strong>in</strong></span> <span class='ocrx_word' id='word_1_230' title='bbox 1508 3337 1738 3392; x_wconf 86' lang='lat' dir='ltr'><strong>Domino</strong></span> <span class='ocrx_word' id='word_1_231' title='bbox 1768 3338 2017 3393; x_wconf 88' lang='lat' dir='ltr'><strong>salutem.</strong></span> 
     </span>
    </p>
   </div>
   <div class='ocr_carea' id='block_1_34' title="bbox 554 3428 2060 3500">
    <p class='ocr_par' dir='ltr' id='par_1_34' title="bbox 554 3428 2060 3500">
     <span class='ocr_line' id='line_1_35' title="bbox 554 3428 2060 3500; baseline 0 -13"><span class='ocrx_word' id='word_1_232' title='bbox 554 3432 814 3488; x_wconf 86' lang='lat' dir='ltr'><strong>Homines</strong></span> <span class='ocrx_word' id='word_1_233' title='bbox 846 3431 866 3469; x_wconf 72' lang='grc' dir='ltr'><em>τ</em></span> <span class='ocrx_word' id='word_1_234' title='bbox 892 3428 1250 3500; x_wconf 84' lang='lat' dir='ltr'><strong>confugerunt</strong></span> <span class='ocrx_word' id='word_1_235' title='bbox 1279 3431 1346 3484; x_wconf 90' lang='lat' dir='ltr'><strong>ad</strong></span> <span class='ocrx_word' id='word_1_236' title='bbox 1371 3429 1559 3484; x_wconf 86' lang='lat' dir='ltr'><strong>limina</strong></span> <span class='ocrx_word' id='word_1_237' title='bbox 1601 3432 1882 3486; x_wconf 86' lang='lat' dir='ltr'><strong>beatorum</strong></span> <span class='ocrx_word' id='word_1_238' title='bbox 1906 3434 2060 3488; x_wconf 88' lang='lat' dir='ltr'><strong>Chri-</strong></span> 
     </span>
    </p>
   </div>
   <div class='ocr_carea' id='block_1_35' title="bbox 485 3520 2060 3595">
    <p class='ocr_par' dir='ltr' id='par_1_35' title="bbox 485 3520 2060 3595">
     <span class='ocr_line' id='line_1_36' title="bbox 485 3520 2060 3595; baseline -0.001 -14"><span class='ocrx_word' id='word_1_239' title='bbox 485 3526 556 3581; x_wconf 86' lang='lat' dir='ltr'><strong>sti</strong></span> <span class='ocrx_word' id='word_1_240' title='bbox 578 3532 883 3595; x_wconf 81' lang='lat' dir='ltr'><strong>martyrum</strong></span> <span class='ocrx_word' id='word_1_241' title='bbox 906 3521 1203 3576; x_wconf 82' lang='lat' dir='ltr'><strong>Marcellini</strong></span> <span class='ocrx_word' id='word_1_242' title='bbox 1240 3528 1292 3576; x_wconf 90' lang='lat' dir='ltr'><strong>et</strong></span> <span class='ocrx_word' id='word_1_243' title='bbox 1317 3521 1484 3587; x_wconf 81' lang='lat' dir='ltr'><strong>Petri,</strong></span> <span class='ocrx_word' id='word_1_244' title='bbox 1514 3520 1744 3578; x_wconf 87' lang='lat' dir='ltr'><strong>fatentes</strong></span> <span class='ocrx_word' id='word_1_245' title='bbox 1778 3538 1836 3578; x_wconf 90' lang='lat' dir='ltr'><strong>se</strong></span> <span class='ocrx_word' id='word_1_246' title='bbox 1878 3524 2060 3594; x_wconf 81' lang='lat' dir='ltr'><strong>culpa—</strong></span> 
     </span>
    </p>
   </div>
   <div class='ocr_carea' id='block_1_36' title="bbox 487 3606 2063 3683">
    <p class='ocr_par' dir='ltr' id='par_1_36' title="bbox 487 3606 2063 3683">
     <span class='ocr_line' id='line_1_37' title="bbox 487 3606 2063 3683; baseline -0.001 -13"><span class='ocrx_word' id='word_1_247' title='bbox 487 3617 622 3671; x_wconf 89' lang='lat' dir='ltr'><strong>biles</strong></span> <span class='ocrx_word' id='word_1_248' title='bbox 641 3631 783 3679; x_wconf 88' lang='lat' dir='ltr'><strong>esse,</strong></span> <span class='ocrx_word' id='word_1_249' title='bbox 807 3614 898 3683; x_wconf 91' lang='lat' dir='ltr'><strong>qui</strong></span> <span class='ocrx_word' id='word_1_250' title='bbox 931 3614 985 3668; x_wconf 93' lang='lat' dir='ltr'><strong>in</strong></span> <span class='ocrx_word' id='word_1_251' title='bbox 1021 3611 1308 3683; x_wconf 66' lang='lat' dir='ltr'><strong>praesentia</strong></span> <span class='ocrx_word' id='word_1_252' title='bbox 1345 3619 1525 3666; x_wconf 89' lang='lat' dir='ltr'><strong>vestra</strong></span> <span class='ocrx_word' id='word_1_253' title='bbox 1569 3612 1802 3667; x_wconf 82' lang='lat' dir='ltr'><strong>convicti</strong></span> <span class='ocrx_word' id='word_1_254' title='bbox 1843 3606 2063 3668; x_wconf 79' lang='lat' dir='ltr'><strong>fuerunt</strong></span> 
     </span>
    </p>
   </div>
   <div class='ocr_carea' id='block_1_37' title="bbox 484 3680 2059 3779">
    <p class='ocr_par' dir='ltr' id='par_1_37' title="bbox 484 3680 2059 3779">
     <span class='ocr_line' id='line_1_38' title="bbox 484 3680 2059 3779; baseline -0.003 -15"><span class='ocrx_word' id='word_1_255' title='bbox 484 3709 718 3779; x_wconf 88' lang='lat' dir='ltr'><strong>quodam</strong></span> <span class='ocrx_word' id='word_1_256' title='bbox 743 3709 769 3748; x_wconf 72' lang='grc' dir='ltr'><strong>ε</strong></span> <span class='ocrx_word' id='word_1_257' title='bbox 792 3680 936 3761; x_wconf 78' lang='lat' dir='ltr'><strong>furto</strong></span> <span class='ocrx_word' id='word_1_258' title='bbox 966 3707 1109 3774; x_wconf 89' lang='lat' dir='ltr'><strong>quod</strong></span> <span class='ocrx_word' id='word_1_259' title='bbox 1132 3680 1520 3760; x_wconf 77' lang='lat' dir='ltr'><strong>coinmiserunt</strong></span> <span class='ocrx_word' id='word_1_260' title='bbox 1545 3704 1773 3760; x_wconf 73' lang='lat' dir='ltr'><strong>Iurando</strong></span> <span class='ocrx_word' id='word_1_261' title='bbox 1798 3705 2059 3761; x_wconf 77' lang='lat' dir='ltr'><strong>foramina</strong></span> 
     </span>
    </p>
   </div>
   <div class='ocr_carea' id='block_1_38' title="bbox 489 3797 2061 3868">
    <p class='ocr_par' dir='ltr' id='par_1_38' title="bbox 489 3797 2061 3868">
     <span class='ocr_line' id='line_1_39' title="bbox 489 3797 2061 3868; baseline -0.003 -11"><span class='ocrx_word' id='word_1_262' title='bbox 489 3804 540 3856; x_wconf 93' lang='lat' dir='ltr'><strong>in</strong></span> <span class='ocrx_word' id='word_1_263' title='bbox 569 3801 838 3857; x_wconf 89' lang='lat' dir='ltr'><strong>dominica</strong></span> <span class='ocrx_word' id='word_1_264' title='bbox 867 3799 1067 3854; x_wconf 80' lang='lat' dir='ltr'><strong>foreste</strong></span> <span class='ocrx_word' id='word_1_265' title='bbox 1112 3798 1140 3838; x_wconf 78' lang='grc' dir='ltr'><strong>ιι</strong></span> <span class='ocrx_word' id='word_1_266' title='bbox 1172 3815 1186 3852; x_wconf 88' lang='lat'><strong>:</strong></span> <span class='ocrx_word' id='word_1_267' title='bbox 1221 3797 1377 3867; x_wconf 85' lang='lat' dir='ltr'><strong>cujus</strong></span> <span class='ocrx_word' id='word_1_268' title='bbox 1416 3805 1629 3866; x_wconf 86' lang='lat' dir='ltr'><strong>partem</strong></span> <span class='ocrx_word' id='word_1_269' title='bbox 1660 3797 2061 3868; x_wconf 88' lang='lat' dir='ltr'><strong>compositionis</strong></span> 
     </span>
    </p>
   </div>
   <div class='ocr_carea' id='block_1_39' title="bbox 480 3889 2061 3961">
    <p class='ocr_par' dir='ltr' id='par_1_39' title="bbox 480 3889 2061 3961">
     <span class='ocr_line' id='line_1_40' title="bbox 480 3889 2061 3961; baseline -0.004 -14"><span class='ocrx_word' id='word_1_270' title='bbox 480 3891 593 3961; x_wconf 86' lang='lat' dir='ltr'><strong>jam</strong></span> <span class='ocrx_word' id='word_1_271' title='bbox 612 3892 909 3957; x_wconf 79' lang='lat' dir='ltr'><strong>solverunt,</strong></span> <span class='ocrx_word' id='word_1_272' title='bbox 934 3899 992 3945; x_wconf 89' lang='lat' dir='ltr'><strong>et</strong></span> <span class='ocrx_word' id='word_1_273' title='bbox 1017 3890 1193 3944; x_wconf 88' lang='lat' dir='ltr'><strong>adhuc</strong></span> <span class='ocrx_word' id='word_1_274' title='bbox 1230 3889 1440 3944; x_wconf 81' lang='lat' dir='ltr'><strong>solvere</strong></span> <span class='ocrx_word' id='word_1_275' title='bbox 1470 3891 1511 3953; x_wconf 80' lang='grc' dir='ltr'><strong>ί,</strong></span> <span class='ocrx_word' id='word_1_276' title='bbox 1541 3889 1655 3953; x_wconf 89' lang='lat' dir='ltr'><strong>sed,</strong></span> <span class='ocrx_word' id='word_1_277' title='bbox 1687 3897 1749 3942; x_wconf 90' lang='lat' dir='ltr'><strong>ut</strong></span> <span class='ocrx_word' id='word_1_278' title='bbox 1786 3895 2061 3952; x_wconf 79' lang='lat' dir='ltr'><strong>asserunt,</strong></span> 
     </span>
    </p>
   </div>
   <div class='ocr_carea' id='block_1_40' title="bbox 488 3983 2058 4049">
    <p class='ocr_par' dir='ltr' id='par_1_40' title="bbox 488 3983 2058 4049">
     <span class='ocr_line' id='line_1_41' title="bbox 488 3983 2058 4049; baseline -0.004 -11"><span class='ocrx_word' id='word_1_279' title='bbox 488 3999 593 4038; x_wconf 91' lang='lat' dir='ltr'><strong>non</strong></span> <span class='ocrx_word' id='word_1_280' title='bbox 625 3983 824 4038; x_wconf 88' lang='lat' dir='ltr'><strong>habent</strong></span> <span class='ocrx_word' id='word_1_281' title='bbox 848 3984 989 4037; x_wconf 90' lang='lat' dir='ltr'><strong>unde</strong></span> <span class='ocrx_word' id='word_1_282' title='bbox 1014 3983 1223 4035; x_wconf 86' lang='lat' dir='ltr'><strong>solvere</strong></span> <span class='ocrx_word' id='word_1_283' title='bbox 1248 3988 1471 4049; x_wconf 83' lang='lat' dir='ltr'><strong>prepter</strong></span> <span class='ocrx_word' id='word_1_284' title='bbox 1486 3987 1863 4048; x_wconf 79' lang='lat' dir='ltr'><strong>paupertatem</strong></span> <span class='ocrx_word' id='word_1_285' title='bbox 1885 3994 2058 4035; x_wconf 88' lang='lat' dir='ltr'><strong>suam.</strong></span> 
     </span>
    </p>
   </div>
   <div class='ocr_carea' id='block_1_41' title="bbox 490 4069 2065 4141">
    <p class='ocr_par' dir='ltr' id='par_1_41' title="bbox 490 4069 2065 4141">
     <span class='ocr_line' id='line_1_42' title="bbox 490 4069 2065 4141; baseline -0.002 -14"><span class='ocrx_word' id='word_1_286' title='bbox 490 4073 721 4127; x_wconf 75' lang='lat' dir='ltr'><strong>Proinde</strong></span> <span class='ocrx_word' id='word_1_287' title='bbox 742 4086 1029 4141; x_wconf 77' lang='lat' dir='ltr'><strong>precamur</strong></span> <span class='ocrx_word' id='word_1_288' title='bbox 1052 4071 1439 4139; x_wconf 74' lang='lat' dir='ltr'><strong>benignitatem</strong></span> <span class='ocrx_word' id='word_1_289' title='bbox 1466 4076 1706 4122; x_wconf 75' lang='lat' dir='ltr'><strong>vestram</strong></span> <span class='ocrx_word' id='word_1_290' title='bbox 1736 4076 1796 4123; x_wconf 89' lang='lat' dir='ltr'><strong>ut</strong></span> <span class='ocrx_word' id='word_1_291' title='bbox 1815 4069 1915 4134; x_wconf 77' lang='lat' dir='ltr'><strong>eis,</strong></span> <span class='ocrx_word' id='word_1_292' title='bbox 1938 4084 2065 4139; x_wconf 81' lang='lat' dir='ltr'><strong>pro-</strong></span> 
     </span>
    </p>
   </div>
   <div class='ocr_carea' id='block_1_42' title="bbox 490 4161 2058 4245">
    <p class='ocr_par' dir='ltr' id='par_1_42' title="bbox 490 4161 2058 4237">
     <span class='ocr_line' id='line_1_43' title="bbox 490 4161 2058 4237; baseline 0 -21"><span class='ocrx_word' id='word_1_293' title='bbox 490 4171 609 4233; x_wconf 83' lang='lat' dir='ltr'><strong>pter</strong></span> <span class='ocrx_word' id='word_1_294' title='bbox 630 4178 869 4217; x_wconf 70' lang='lat' dir='ltr'><strong>mnorem</strong></span> <span class='ocrx_word' id='word_1_295' title='bbox 894 4163 1097 4217; x_wconf 82' lang='lat' dir='ltr'><strong>Christi</strong></span> <span class='ocrx_word' id='word_1_296' title='bbox 1122 4170 1417 4237; x_wconf 80' lang='lat' dir='ltr'><strong>martyrum</strong></span> <span class='ocrx_word' id='word_1_297' title='bbox 1440 4162 1507 4214; x_wconf 88' lang='lat' dir='ltr'><strong>ad</strong></span> <span class='ocrx_word' id='word_1_298' title='bbox 1529 4175 1662 4229; x_wconf 88' lang='lat' dir='ltr'><strong>quos</strong></span> <span class='ocrx_word' id='word_1_299' title='bbox 1683 4161 2058 4232; x_wconf 79' lang='lat' dir='ltr'><strong>confugerunt,</strong></span> 
     </span>
    </p>
   </div>
   <div class='ocr_carea' id='block_1_43' title="bbox 492 4251 2065 4323">
    <p class='ocr_par' dir='ltr' id='par_1_43' title="bbox 492 4251 2065 4323">
     <span class='ocr_line' id='line_1_44' title="bbox 492 4251 2065 4323; baseline -0.002 -15"><span class='ocrx_word' id='word_1_300' title='bbox 492 4256 545 4309; x_wconf 90' lang='lat' dir='ltr'><strong>in</strong></span> <span class='ocrx_word' id='word_1_301' title='bbox 576 4263 834 4321; x_wconf 78' lang='lat' dir='ltr'><strong>quantum</strong></span> <span class='ocrx_word' id='word_1_302' title='bbox 860 4254 1118 4323; x_wconf 78' lang='lat' dir='ltr'><strong>possibile</strong></span> <span class='ocrx_word' id='word_1_303' title='bbox 1144 4261 1249 4317; x_wconf 91' lang='lat' dir='ltr'><strong>est,</strong></span> <span class='ocrx_word' id='word_1_304' title='bbox 1281 4266 1503 4321; x_wconf 85' lang='lat' dir='ltr'><strong>parcere</strong></span> <span class='ocrx_word' id='word_1_305' title='bbox 1527 4251 1842 4321; x_wconf 80' lang='lat' dir='ltr'><strong>dignemini,</strong></span> <span class='ocrx_word' id='word_1_306' title='bbox 1878 4267 1944 4305; x_wconf 92' lang='lat' dir='ltr'><strong>ne</strong></span> <span class='ocrx_word' id='word_1_307' title='bbox 1973 4266 2065 4321; x_wconf 82' lang='lat' dir='ltr'><strong>pe-</strong></span> 
     </span>
    </p>
   </div>
   <div class='ocr_carea' id='block_1_44' title="bbox 1757 250 2462 311">
    <p class='ocr_par' dir='ltr' id='par_1_44' title="bbox 1757 250 2462 311">
     <span class='ocr_line' id='line_1_45' title="bbox 1757 250 2462 311; baseline -0.003 -2"><span class='ocrx_word' id='word_1_308' title='bbox 1757 251 2143 311; x_wconf 67' lang='lat' dir='ltr'><strong>EGINHABBI—</strong></span> <span class='ocrx_word' id='word_1_309' title='bbox 2172 250 2462 310; x_wconf 57' lang='lat' dir='ltr'><strong>MATIS</strong></span> 
     </span>
    </p>
   </div>
   <div class='ocr_carea' id='block_1_45' title="bbox 468 364 2136 439">
    <p class='ocr_par' dir='ltr' id='par_1_45' title="bbox 468 364 2136 439">
     <span class='ocr_line' id='line_1_46' title="bbox 468 364 2136 439; baseline -0.003 -14"><span class='ocrx_word' id='word_1_310' title='bbox 468 384 840 439; x_wconf 65' lang='lat' dir='ltr'><strong>tatemcausm</strong></span> <span class='ocrx_word' id='word_1_311' title='bbox 861 369 1230 431; x_wconf 88' lang='lat' dir='ltr'><strong>considerans.</strong></span> <span class='ocrx_word' id='word_1_312' title='bbox 1251 364 1466 429; x_wconf 79' lang='lat' dir='ltr'><strong>decrevi</strong></span> <span class='ocrx_word' id='word_1_313' title='bbox 1492 379 1780 425; x_wconf 82' lang='lat' dir='ltr'><strong>assensum</strong></span> <span class='ocrx_word' id='word_1_314' title='bbox 1814 365 2057 435; x_wconf 69' lang='lat' dir='ltr'><strong>praebere</strong></span> <span class='ocrx_word' id='word_1_315' title='bbox 2082 370 2136 428; x_wconf 77' lang='grc' dir='ltr'><strong>Α</strong></span> 
     </span>
    </p>
   </div>
   <div class='ocr_carea' id='block_1_46' title="bbox 3630 254 3737 311">
    <p class='ocr_par' dir='ltr' id='par_1_46' title="bbox 3630 254 3737 311">
     <span class='ocr_line' id='line_1_47' title="bbox 3630 254 3737 311; baseline 0 0"><span class='ocrx_word' id='word_1_316' title='bbox 3630 254 3737 311; x_wconf 70' lang='grc'><strong>512</strong></span> 
     </span>
    </p>
   </div>
   <div class='ocr_carea' id='block_1_47' title="bbox 2665 365 3163 424">
    <p class='ocr_par' dir='ltr' id='par_1_47' title="bbox 2665 365 3163 424">
     <span class='ocr_line' id='line_1_48' title="bbox 2665 365 3163 424; baseline 0.008 -4"><span class='ocrx_word' id='word_1_317' title='bbox 2665 365 2999 423; x_wconf 76' lang='lat' dir='ltr'><strong>EPISTOLA</strong></span> <span class='ocrx_word' id='word_1_318' title='bbox 3033 367 3163 424; x_wconf 78' lang='lat' dir='ltr'><strong>VIII.</strong></span> 
     </span>
    </p>
   </div>
   <div class='ocr_carea' id='block_1_48' title="bbox 2504 468 3367 513">
    <p class='ocr_par' dir='ltr' id='par_1_48' title="bbox 2504 468 3367 513">
     <span class='ocr_line' id='line_1_49' title="bbox 2504 468 3367 513; baseline 0.008 -7"><span class='ocrx_word' id='word_1_319' title='bbox 2504 468 2570 507; x_wconf 69' lang='lat' dir='ltr'><strong>AD</strong></span> <span class='ocrx_word' id='word_1_320' title='bbox 2600 469 2873 510; x_wconf 74' lang='lat' dir='ltr'><strong>OTGARIUI</strong></span> <span class='ocrx_word' id='word_1_321' title='bbox 2897 471 3367 513; x_wconf 69' lang='grc' dir='ltr'><strong>Αιιεηιειηεεορυκ.</strong></span> 
     </span>
    </p>
   </div>
   <div class='ocr_carea' id='block_1_49' title="bbox 2221 537 3735 619">
    <p class='ocr_par' dir='ltr' id='par_1_49' title="bbox 2221 537 3735 619">
     <span class='ocr_line' id='line_1_50' title="bbox 2221 537 3735 619; baseline 0.009 -28"><span class='ocrx_word' id='word_1_322' title='bbox 2221 537 2452 611; x_wconf 61' lang='lat' dir='ltr'><strong>Domino</strong></span> <span class='ocrx_word' id='word_1_323' title='bbox 2479 544 2965 619; x_wconf 52' lang='lat' dir='ltr'><strong>mammeata</strong></span> <span class='ocrx_word' id='word_1_324' title='bbox 3000 546 3295 619; x_wconf 58' lang='lat' dir='ltr'><strong>inerabili</strong></span> <span class='ocrx_word' id='word_1_325' title='bbox 3324 545 3548 619; x_wconf 78' lang='lat' dir='ltr'><strong>Otgario</strong></span> <span class='ocrx_word' id='word_1_326' title='bbox 3580 546 3627 613; x_wconf 90' lang='lat' dir='ltr'><strong>i,</strong></span> <span class='ocrx_word' id='word_1_327' title='bbox 3660 566 3735 605; x_wconf 87' lang='lat' dir='ltr'><strong>re-</strong></span> 
     </span>
    </p>
   </div>
   <div class='ocr_carea' id='block_1_50' title="bbox 2154 618 3063 701">
    <p class='ocr_par' dir='ltr' id='par_1_50' title="bbox 2154 618 3063 701">
     <span class='ocr_line' id='line_1_51' title="bbox 2154 618 3063 701; baseline 0.006 -20"><span class='ocrx_word' id='word_1_328' title='bbox 2154 624 2546 683; x_wconf 69' lang='lat' dir='ltr'><strong>verendisshno</strong></span> <span class='ocrx_word' id='word_1_329' title='bbox 2574 618 2851 701; x_wconf 63' lang='lat' dir='ltr'><strong>episeopo?</strong></span> <span class='ocrx_word' id='word_1_330' title='bbox 2961 622 2969 633; x_wconf 72' lang='grc'><strong>’</strong></span> <span class='ocrx_word' id='word_1_331' title='bbox 3056 630 3063 639; x_wconf 82' lang='grc'><strong><em>“</em></strong></span> 
     </span>
    </p>
   </div>
   <div class='ocr_carea' id='block_1_51' title="bbox 2222 714 3736 790">
    <p class='ocr_par' dir='ltr' id='par_1_51' title="bbox 2222 714 3736 790">
     <span class='ocr_line' id='line_1_52' title="bbox 2222 714 3736 790; baseline 0.009 -23"><span class='ocrx_word' id='word_1_332' title='bbox 2222 714 2514 785; x_wconf 79' lang='lat' dir='ltr'><strong>Presbyter</strong></span> <span class='ocrx_word' id='word_1_333' title='bbox 2542 717 2778 786; x_wconf 84' lang='lat' dir='ltr'><strong>quidam,</strong></span> <span class='ocrx_word' id='word_1_334' title='bbox 2813 720 3032 775; x_wconf 88' lang='lat' dir='ltr'><strong>nomine</strong></span> <span class='ocrx_word' id='word_1_335' title='bbox 3080 721 3455 790; x_wconf 83' lang='lat' dir='ltr'><strong>llruodradus,</strong></span> <span class='ocrx_word' id='word_1_336' title='bbox 3485 726 3736 781; x_wconf 87' lang='lat' dir='ltr'><strong>venitad</strong></span> 
     </span>
    </p>
   </div>
   <div class='ocr_carea' id='block_1_52' title="bbox 2152 805 3739 880">
    <p class='ocr_par' dir='ltr' id='par_1_52' title="bbox 2152 805 3739 880">
     <span class='ocr_line' id='line_1_53' title="bbox 2152 805 3739 880; baseline 0.008 -22"><span class='ocrx_word' id='word_1_337' title='bbox 2152 820 2239 859; x_wconf 89' lang='lat' dir='ltr'><strong>me</strong></span> <span class='ocrx_word' id='word_1_338' title='bbox 2266 805 2451 860; x_wconf 84' lang='lat' dir='ltr'><strong>dicens</strong></span> <span class='ocrx_word' id='word_1_339' title='bbox 2478 822 2535 861; x_wconf 86' lang='lat' dir='ltr'><strong>se</strong></span> <span class='ocrx_word' id='word_1_340' title='bbox 2557 808 2775 863; x_wconf 79' lang='lat' dir='ltr'><strong>essede</strong></span> <span class='ocrx_word' id='word_1_341' title='bbox 2798 809 2931 864; x_wconf 78' lang='lat' dir='ltr'><strong>ﬁsco</strong></span> <span class='ocrx_word' id='word_1_342' title='bbox 2956 820 3141 866; x_wconf 58' lang='grc' dir='ltr'><strong>ναίω</strong></span> <span class='ocrx_word' id='word_1_343' title='bbox 3169 812 3471 880; x_wconf 71' lang='lat' dir='ltr'><strong>Manniaco,</strong></span> <span class='ocrx_word' id='word_1_344' title='bbox 3499 824 3555 869; x_wconf 89' lang='lat' dir='ltr'><strong>et</strong></span> <span class='ocrx_word' id='word_1_345' title='bbox 3583 831 3739 870; x_wconf 80' lang='lat' dir='ltr'><strong>acce-</strong></span> 
     </span>
    </p>
   </div>
   <div class='ocr_carea' id='block_1_53' title="bbox 2151 895 3740 968">
    <p class='ocr_par' dir='ltr' id='par_1_53' title="bbox 2151 895 3740 968">
     <span class='ocr_line' id='line_1_54' title="bbox 2151 895 3740 968; baseline 0.006 -20"><span class='ocrx_word' id='word_1_346' title='bbox 2151 896 2297 963; x_wconf 90' lang='lat' dir='ltr'><strong>pisse</strong></span> <span class='ocrx_word' id='word_1_347' title='bbox 2350 895 2626 950; x_wconf 88' lang='lat' dir='ltr'><strong>licentiam</strong></span> <span class='ocrx_word' id='word_1_348' title='bbox 2675 913 2704 950; x_wconf 91' lang='lat' dir='ltr'><strong>a</strong></span> <span class='ocrx_word' id='word_1_349' title='bbox 2746 898 3138 968; x_wconf 80' lang='lat' dir='ltr'><strong>chorepiscepe</strong></span> <span class='ocrx_word' id='word_1_350' title='bbox 3193 909 3374 955; x_wconf 90' lang='lat' dir='ltr'><strong>vestro</strong></span> <span class='ocrx_word' id='word_1_351' title='bbox 3419 910 3475 956; x_wconf 88' lang='lat' dir='ltr'><strong>et</strong></span> <span class='ocrx_word' id='word_1_352' title='bbox 3523 905 3740 959; x_wconf 69' lang='lat' dir='ltr'><strong>caeteris</strong></span> 
     </span>
    </p>
   </div>
   <div class='ocr_carea' id='block_1_54' title="bbox 2153 984 3731 1062">
    <p class='ocr_par' dir='ltr' id='par_1_54' title="bbox 2153 984 3731 1062">
     <span class='ocr_line' id='line_1_55' title="bbox 2153 984 3731 1062; baseline 0.008 -23"><span class='ocrx_word' id='word_1_353' title='bbox 2153 984 2417 1041; x_wconf 82' lang='lat' dir='ltr'><strong>fratribus</strong></span> <span class='ocrx_word' id='word_1_354' title='bbox 2442 986 2667 1042; x_wconf 75' lang='lat' dir='ltr'><strong>linteam</strong></span> <span class='ocrx_word' id='word_1_355' title='bbox 2698 989 2979 1059; x_wconf 68' lang='lat' dir='ltr'><strong>pergendi,</strong></span> <span class='ocrx_word' id='word_1_356' title='bbox 3006 998 3065 1045; x_wconf 90' lang='lat' dir='ltr'><strong>et</strong></span> <span class='ocrx_word' id='word_1_357' title='bbox 3088 991 3260 1046; x_wconf 86' lang='lat' dir='ltr'><strong>hocin</strong></span> <span class='ocrx_word' id='word_1_358' title='bbox 3289 1009 3475 1049; x_wconf 76' lang='lat' dir='ltr'><strong>mense</strong></span> <span class='ocrx_word' id='word_1_359' title='bbox 3494 996 3731 1062; x_wconf 53' lang='lat' dir='ltr'><strong>martia;</strong></span> 
     </span>
    </p>
   </div>
   <div class='ocr_carea' id='block_1_55' title="bbox 2151 1074 3741 1157">
    <p class='ocr_par' dir='ltr' id='par_1_55' title="bbox 2151 1074 3741 1157">
     <span class='ocr_line' id='line_1_56' title="bbox 2151 1074 3741 1157; baseline 0.009 -28"><span class='ocrx_word' id='word_1_360' title='bbox 2151 1074 2246 1129; x_wconf 87' lang='lat' dir='ltr'><strong>sed</strong></span> <span class='ocrx_word' id='word_1_361' title='bbox 2275 1083 2419 1144; x_wconf 92' lang='lat' dir='ltr'><strong>post,</strong></span> <span class='ocrx_word' id='word_1_362' title='bbox 2473 1091 2596 1130; x_wconf 92' lang='lat' dir='ltr'><strong>cum</strong></span> <span class='ocrx_word' id='word_1_363' title='bbox 2649 1079 2886 1135; x_wconf 85' lang='lat' dir='ltr'><strong>venisset</strong></span> <span class='ocrx_word' id='word_1_364' title='bbox 2910 1080 2982 1135; x_wconf 86' lang='lat' dir='ltr'><strong>ad</strong></span> <span class='ocrx_word' id='word_1_365' title='bbox 3032 1081 3454 1151; x_wconf 67' lang='lat' dir='ltr'><strong>Mogontiacum,</strong></span> <span class='ocrx_word' id='word_1_366' title='bbox 3503 1102 3741 1157; x_wconf 79' lang='lat' dir='ltr'><strong>nonpo-</strong></span> 
     </span>
    </p>
   </div>
   <div class='ocr_carea' id='block_1_56' title="bbox 2154 1159 3738 1246">
    <p class='ocr_par' dir='ltr' id='par_1_56' title="bbox 2154 1159 3738 1246">
     <span class='ocr_line' id='line_1_57' title="bbox 2154 1159 3738 1246; baseline 0.008 -27"><span class='ocrx_word' id='word_1_367' title='bbox 2154 1166 2320 1220; x_wconf 77' lang='lat' dir='ltr'><strong>tuisse</strong></span> <span class='ocrx_word' id='word_1_368' title='bbox 2348 1165 2592 1221; x_wconf 79' lang='lat' dir='ltr'><strong>invenire</strong></span> <span class='ocrx_word' id='word_1_369' title='bbox 2618 1159 2870 1223; x_wconf 80' lang='lat' dir='ltr'><strong>homines</strong></span> <span class='ocrx_word' id='word_1_370' title='bbox 2917 1184 3041 1224; x_wconf 88' lang='lat' dir='ltr'><strong>cum</strong></span> <span class='ocrx_word' id='word_1_371' title='bbox 3081 1171 3279 1240; x_wconf 78' lang='lat' dir='ltr'><strong>quibus</strong></span> <span class='ocrx_word' id='word_1_372' title='bbox 3304 1172 3433 1227; x_wconf 84' lang='lat' dir='ltr'><strong>illud</strong></span> <span class='ocrx_word' id='word_1_373' title='bbox 3482 1176 3588 1230; x_wconf 85' lang='lat' dir='ltr'><strong>iter</strong></span> <span class='ocrx_word' id='word_1_374' title='bbox 3612 1191 3738 1246; x_wconf 84' lang='lat' dir='ltr'><strong>per-</strong></span> 
     </span>
    </p>
   </div>
   <div class='ocr_carea' id='block_1_57' title="bbox 2151 1255 3739 1334">
    <p class='ocr_par' dir='ltr' id='par_1_57' title="bbox 2151 1255 3739 1334">
     <span class='ocr_line' id='line_1_58' title="bbox 2151 1255 3739 1334; baseline 0.009 -27"><span class='ocrx_word' id='word_1_375' title='bbox 2151 1269 2312 1325; x_wconf 75' lang='lat' dir='ltr'><strong>agere</strong></span> <span class='ocrx_word' id='word_1_376' title='bbox 2340 1255 2608 1323; x_wconf 87' lang='lat' dir='ltr'><strong>potuisset</strong></span> <span class='ocrx_word' id='word_1_377' title='bbox 2639 1272 2655 1311; x_wconf 85' lang='lat'><strong>:</strong></span> <span class='ocrx_word' id='word_1_378' title='bbox 2688 1273 2752 1312; x_wconf 85' lang='lat' dir='ltr'><strong>ac</strong></span> <span class='ocrx_word' id='word_1_379' title='bbox 2779 1268 3002 1329; x_wconf 74' lang='lat' dir='ltr'><strong>propter</strong></span> <span class='ocrx_word' id='word_1_380' title='bbox 3030 1261 3134 1316; x_wconf 83' lang='lat' dir='ltr'><strong>hoc</strong></span> <span class='ocrx_word' id='word_1_381' title='bbox 3192 1263 3514 1320; x_wconf 65' lang='lat' dir='ltr'><strong>divertitad</strong></span> <span class='ocrx_word' id='word_1_382' title='bbox 3540 1282 3739 1334; x_wconf 66' lang='grc' dir='ltr'><strong>(μεθω-</strong></span> 
     </span>
    </p>
   </div>
   <div class='ocr_carea' id='block_1_58' title="bbox 2152 1346 3732 1424">
    <p class='ocr_par' dir='ltr' id='par_1_58' title="bbox 2152 1346 3732 1424">
     <span class='ocr_line' id='line_1_59' title="bbox 2152 1346 3732 1424; baseline 0.009 -24"><span class='ocrx_word' id='word_1_383' title='bbox 2152 1346 2273 1400; x_wconf 87' lang='lat' dir='ltr'><strong>dam</strong></span> <span class='ocrx_word' id='word_1_384' title='bbox 2299 1361 2586 1415; x_wconf 74' lang='lat' dir='ltr'><strong>pagensem</strong></span> <span class='ocrx_word' id='word_1_385' title='bbox 2614 1352 3077 1419; x_wconf 75' lang='lat' dir='ltr'><strong>nostrum,quiei</strong></span> <span class='ocrx_word' id='word_1_386' title='bbox 3108 1355 3360 1424; x_wconf 70' lang='lat' dir='ltr'><strong>cognitas</strong></span> <span class='ocrx_word' id='word_1_387' title='bbox 3390 1356 3588 1422; x_wconf 68' lang='grc' dir='ltr'><strong>ωσι-ιιι,</strong></span> <span class='ocrx_word' id='word_1_388' title='bbox 3630 1375 3732 1415; x_wconf 77' lang='lat' dir='ltr'><strong>no-</strong></span> 
     </span>
    </p>
   </div>
   <div class='ocr_carea' id='block_1_59' title="bbox 2152 1436 3734 1511">
    <p class='ocr_par' dir='ltr' id='par_1_59' title="bbox 2152 1436 3734 1511">
     <span class='ocr_line' id='line_1_60' title="bbox 2152 1436 3734 1511; baseline 0.009 -20"><span class='ocrx_word' id='word_1_389' title='bbox 2152 1437 2295 1492; x_wconf 84' lang='lat' dir='ltr'><strong>mine</strong></span> <span class='ocrx_word' id='word_1_390' title='bbox 2316 1436 2673 1502; x_wconf 76' lang='lat' dir='ltr'><strong>Hildebertus,</strong></span> <span class='ocrx_word' id='word_1_391' title='bbox 2710 1450 2766 1493; x_wconf 90' lang='lat' dir='ltr'><strong>et</strong></span> <span class='ocrx_word' id='word_1_392' title='bbox 2793 1442 2992 1496; x_wconf 84' lang='lat' dir='ltr'><strong>mansit</strong></span> <span class='ocrx_word' id='word_1_393' title='bbox 3009 1444 3152 1511; x_wconf 85' lang='lat' dir='ltr'><strong>apud</strong></span> <span class='ocrx_word' id='word_1_394' title='bbox 3170 1459 3295 1500; x_wconf 72' lang='lat' dir='ltr'><strong>eum</strong></span> <span class='ocrx_word' id='word_1_395' title='bbox 3314 1446 3489 1502; x_wconf 86' lang='lat' dir='ltr'><strong>donec</strong></span> <span class='ocrx_word' id='word_1_396' title='bbox 3514 1450 3734 1505; x_wconf 71' lang='lat' dir='ltr'><strong>inveni-</strong></span> 
     </span>
    </p>
   </div>
   <div class='ocr_carea' id='block_1_60' title="bbox 2153 1530 3741 1604">
    <p class='ocr_par' dir='ltr' id='par_1_60' title="bbox 2153 1530 3741 1604">
     <span class='ocr_line' id='line_1_61' title="bbox 2153 1530 3741 1604; baseline 0.009 -22"><span class='ocrx_word' id='word_1_397' title='bbox 2153 1538 2235 1583; x_wconf 87' lang='lat' dir='ltr'><strong>ret</strong></span> <span class='ocrx_word' id='word_1_398' title='bbox 2261 1530 2508 1584; x_wconf 82' lang='lat' dir='ltr'><strong>homines</strong></span> <span class='ocrx_word' id='word_1_399' title='bbox 2536 1530 2765 1585; x_wconf 82' lang='lat' dir='ltr'><strong>Romam</strong></span> <span class='ocrx_word' id='word_1_400' title='bbox 2790 1542 3025 1599; x_wconf 79' lang='lat' dir='ltr'><strong>euntes;</strong></span> <span class='ocrx_word' id='word_1_401' title='bbox 3062 1550 3201 1604; x_wconf 81' lang='lat' dir='ltr'><strong>quos</strong></span> <span class='ocrx_word' id='word_1_402' title='bbox 3230 1552 3291 1592; x_wconf 83' lang='lat' dir='ltr'><strong>se</strong></span> <span class='ocrx_word' id='word_1_403' title='bbox 3314 1554 3462 1594; x_wconf 78' lang='lat' dir='ltr'><strong>nune</strong></span> <span class='ocrx_word' id='word_1_404' title='bbox 3487 1540 3741 1597; x_wconf 78' lang='lat' dir='ltr'><strong>inventos</strong></span> 
     </span>
    </p>
   </div>
   <div class='ocr_carea' id='block_1_61' title="bbox 2151 1619 3730 1698">
    <p class='ocr_par' dir='ltr' id='par_1_61' title="bbox 2151 1619 3730 1698">
     <span class='ocr_line' id='line_1_62' title="bbox 2151 1619 3730 1698; baseline 0.006 -23"><span class='ocrx_word' id='word_1_405' title='bbox 2151 1620 2354 1675; x_wconf 85' lang='lat' dir='ltr'><strong>habere</strong></span> <span class='ocrx_word' id='word_1_406' title='bbox 2379 1619 2533 1684; x_wconf 88' lang='lat' dir='ltr'><strong>dicit,</strong></span> <span class='ocrx_word' id='word_1_407' title='bbox 2563 1629 2620 1675; x_wconf 85' lang='lat' dir='ltr'><strong>ct</strong></span> <span class='ocrx_word' id='word_1_408' title='bbox 2644 1623 2854 1692; x_wconf 80' lang='lat' dir='ltr'><strong>rogavit</strong></span> <span class='ocrx_word' id='word_1_409' title='bbox 2876 1639 2962 1678; x_wconf 90' lang='lat' dir='ltr'><strong>me</strong></span> <span class='ocrx_word' id='word_1_410' title='bbox 2984 1630 3045 1681; x_wconf 82' lang='lat' dir='ltr'><strong>ut</strong></span> <span class='ocrx_word' id='word_1_411' title='bbox 3073 1626 3213 1695; x_wconf 80' lang='lat' dir='ltr'><strong>apud</strong></span> <span class='ocrx_word' id='word_1_412' title='bbox 3242 1641 3345 1682; x_wconf 79' lang='lat' dir='ltr'><strong>vos</strong></span> <span class='ocrx_word' id='word_1_413' title='bbox 3372 1628 3730 1698; x_wconf 65' lang='lat' dir='ltr'><strong>impetrauero</strong></span> 
     </span>
    </p>
   </div>
   <div class='ocr_carea' id='block_1_62' title="bbox 2153 1709 3741 1784">
    <p class='ocr_par' dir='ltr' id='par_1_62' title="bbox 2153 1709 3741 1784">
     <span class='ocr_line' id='line_1_63' title="bbox 2153 1709 3741 1784; baseline 0.008 -21"><span class='ocrx_word' id='word_1_414' title='bbox 2153 1709 2203 1763; x_wconf 88' lang='lat' dir='ltr'><strong>ei</strong></span> <span class='ocrx_word' id='word_1_415' title='bbox 2233 1709 2509 1763; x_wconf 81' lang='lat' dir='ltr'><strong>licentiam</strong></span> <span class='ocrx_word' id='word_1_416' title='bbox 2542 1710 2671 1766; x_wconf 77' lang='lat' dir='ltr'><strong>illud</strong></span> <span class='ocrx_word' id='word_1_417' title='bbox 2733 1711 2841 1766; x_wconf 81' lang='lat' dir='ltr'><strong>iter</strong></span> <span class='ocrx_word' id='word_1_418' title='bbox 2893 1717 3205 1784; x_wconf 72' lang='lat' dir='ltr'><strong>peragendi.</strong></span> <span class='ocrx_word' id='word_1_419' title='bbox 3251 1717 3376 1771; x_wconf 82' lang='lat' dir='ltr'><strong>Vult</strong></span> <span class='ocrx_word' id='word_1_420' title='bbox 3399 1718 3741 1778; x_wconf 62' lang='lat' dir='ltr'><strong>enim—sient</strong></span> 
     </span>
    </p>
   </div>
   <div class='ocr_carea' id='block_1_63' title="bbox 2152 1800 3743 1879">
    <p class='ocr_par' dir='ltr' id='par_1_63' title="bbox 2152 1800 3743 1879">
     <span class='ocr_line' id='line_1_64' title="bbox 2152 1800 3743 1879; baseline 0.008 -26"><span class='ocrx_word' id='word_1_421' title='bbox 2152 1800 2269 1869; x_wconf 86' lang='lat' dir='ltr'><strong>ipse</strong></span> <span class='ocrx_word' id='word_1_422' title='bbox 2301 1800 2518 1863; x_wconf 79' lang='lat' dir='ltr'><strong>asserit,</strong></span> <span class='ocrx_word' id='word_1_423' title='bbox 2533 1800 2672 1861; x_wconf 82' lang='lat' dir='ltr'><strong>illud</strong></span> <span class='ocrx_word' id='word_1_424' title='bbox 2692 1802 2798 1857; x_wconf 82' lang='lat' dir='ltr'><strong>iter</strong></span> <span class='ocrx_word' id='word_1_425' title='bbox 2823 1819 2989 1873; x_wconf 80' lang='lat' dir='ltr'><strong>quam</strong></span> <span class='ocrx_word' id='word_1_426' title='bbox 3010 1805 3299 1861; x_wconf 74' lang='lat' dir='ltr'><strong>celerrime</strong></span> <span class='ocrx_word' id='word_1_427' title='bbox 3327 1811 3585 1874; x_wconf 73' lang='lat' dir='ltr'><strong>potuerit,</strong></span> <span class='ocrx_word' id='word_1_428' title='bbox 3617 1826 3743 1879; x_wconf 82' lang='lat' dir='ltr'><strong>per—</strong></span> 
     </span>
    </p>
   </div>
   <div class='ocr_carea' id='block_1_64' title="bbox 2152 1890 3741 1967">
    <p class='ocr_par' dir='ltr' id='par_1_64' title="bbox 2152 1890 3741 1967">
     <span class='ocr_line' id='line_1_65' title="bbox 2152 1890 3741 1967; baseline 0.007 -25"><span class='ocrx_word' id='word_1_429' title='bbox 2152 1903 2337 1957; x_wconf 78' lang='lat' dir='ltr'><strong>agere,</strong></span> <span class='ocrx_word' id='word_1_430' title='bbox 2361 1896 2419 1944; x_wconf 87' lang='lat' dir='ltr'><strong>et</strong></span> <span class='ocrx_word' id='word_1_431' title='bbox 2446 1890 2516 1945; x_wconf 89' lang='lat' dir='ltr'><strong>ad</strong></span> <span class='ocrx_word' id='word_1_432' title='bbox 2544 1890 2722 1946; x_wconf 87' lang='lat' dir='ltr'><strong>locum</strong></span> <span class='ocrx_word' id='word_1_433' title='bbox 2748 1908 2916 1947; x_wconf 82' lang='lat' dir='ltr'><strong>suum</strong></span> <span class='ocrx_word' id='word_1_434' title='bbox 2962 1895 3182 1948; x_wconf 87' lang='lat' dir='ltr'><strong>reverti.</strong></span> <span class='ocrx_word' id='word_1_435' title='bbox 3218 1896 3457 1965; x_wconf 71' lang='lat' dir='ltr'><strong>Propter</strong></span> <span class='ocrx_word' id='word_1_436' title='bbox 3478 1898 3589 1952; x_wconf 75' lang='lat' dir='ltr'><strong>hoe</strong></span> <span class='ocrx_word' id='word_1_437' title='bbox 3612 1914 3741 1967; x_wconf 77' lang='lat' dir='ltr'><strong>prc-</strong></span> 
     </span>
    </p>
   </div>
   <div class='ocr_carea' id='block_1_65' title="bbox 2153 1981 3746 2063">
    <p class='ocr_par' dir='ltr' id='par_1_65' title="bbox 2153 1981 3746 2063">
     <span class='ocr_line' id='line_1_66' title="bbox 2153 1981 3746 2063; baseline 0.003 -27"><span class='ocrx_word' id='word_1_438' title='bbox 2153 1994 2253 2037; x_wconf 88' lang='lat' dir='ltr'><strong>cor</strong></span> <span class='ocrx_word' id='word_1_439' title='bbox 2283 1981 2629 2063; x_wconf 74' lang='lat' dir='ltr'><strong>sanctitatem</strong></span> <span class='ocrx_word' id='word_1_440' title='bbox 2683 1990 2920 2037; x_wconf 75' lang='lat' dir='ltr'><strong>vestram</strong></span> <span class='ocrx_word' id='word_1_441' title='bbox 2949 1992 3010 2037; x_wconf 92' lang='lat' dir='ltr'><strong>ut</strong></span> <span class='ocrx_word' id='word_1_442' title='bbox 3035 1984 3108 2047; x_wconf 90' lang='lat' dir='ltr'><strong>ei,</strong></span> <span class='ocrx_word' id='word_1_443' title='bbox 3144 1986 3283 2039; x_wconf 75' lang='lat' dir='ltr'><strong>sicut</strong></span> <span class='ocrx_word' id='word_1_444' title='bbox 3319 1986 3434 2054; x_wconf 84' lang='lat' dir='ltr'><strong>ipse</strong></span> <span class='ocrx_word' id='word_1_445' title='bbox 3464 1999 3645 2057; x_wconf 67' lang='lat' dir='ltr'><strong>rogat,</strong></span> <span class='ocrx_word' id='word_1_446' title='bbox 3676 1990 3746 2042; x_wconf 83' lang='lat' dir='ltr'><strong>li-</strong></span> 
     </span>
    </p>
   </div>
   <div class='ocr_carea' id='block_1_66' title="bbox 2152 2069 3747 2140">
    <p class='ocr_par' dir='ltr' id='par_1_66' title="bbox 2152 2069 3747 2140">
     <span class='ocr_line' id='line_1_67' title="bbox 2152 2069 3747 2140; baseline 0.004 -16"><span class='ocrx_word' id='word_1_447' title='bbox 2152 2069 2388 2133; x_wconf 82' lang='lat' dir='ltr'><strong>centiam</strong></span> <span class='ocrx_word' id='word_1_448' title='bbox 2449 2070 2653 2126; x_wconf 82' lang='lat' dir='ltr'><strong>donare</strong></span> <span class='ocrx_word' id='word_1_449' title='bbox 2704 2071 3020 2140; x_wconf 77' lang='lat' dir='ltr'><strong>dignemini,</strong></span> <span class='ocrx_word' id='word_1_450' title='bbox 3070 2082 3124 2129; x_wconf 87' lang='lat' dir='ltr'><strong>et</strong></span> <span class='ocrx_word' id='word_1_451' title='bbox 3177 2082 3238 2127; x_wconf 90' lang='lat' dir='ltr'><strong>ut</strong></span> <span class='ocrx_word' id='word_1_452' title='bbox 3274 2074 3352 2127; x_wconf 81' lang='lat' dir='ltr'><strong>illi</strong></span> <span class='ocrx_word' id='word_1_453' title='bbox 3382 2090 3490 2130; x_wconf 81' lang='lat' dir='ltr'><strong>non</strong></span> <span class='ocrx_word' id='word_1_454' title='bbox 3543 2089 3747 2131; x_wconf 71' lang='lat' dir='ltr'><strong>noceat</strong></span> 
     </span>
    </p>
   </div>
   <div class='ocr_carea' id='block_1_67' title="bbox 2152 2146 3747 2235">
    <p class='ocr_par' dir='ltr' id='par_1_67' title="bbox 2152 2146 3747 2235">
     <span class='ocr_line' id='line_1_68' title="bbox 2152 2146 3747 2235; baseline 0.005 -20"><span class='ocrx_word' id='word_1_455' title='bbox 2152 2162 2296 2230; x_wconf 87' lang='lat' dir='ltr'><strong>quod</strong></span> <span class='ocrx_word' id='word_1_456' title='bbox 2324 2162 2526 2220; x_wconf 84' lang='lat' dir='ltr'><strong>tamdiu</strong></span> <span class='ocrx_word' id='word_1_457' title='bbox 2554 2162 2696 2216; x_wconf 88' lang='lat' dir='ltr'><strong>inter</strong></span> <span class='ocrx_word' id='word_1_458' title='bbox 2716 2146 2832 2218; x_wconf 73' lang='lat' dir='ltr'><strong>vias</strong></span> <span class='ocrx_word' id='word_1_459' title='bbox 2859 2172 3100 2218; x_wconf 81' lang='lat' dir='ltr'><strong>moratus</strong></span> <span class='ocrx_word' id='word_1_460' title='bbox 3127 2173 3241 2228; x_wconf 25' lang='lat' dir='ltr'><strong>est.)</strong></span> <span class='ocrx_word' id='word_1_461' title='bbox 3258 2166 3404 2235; x_wconf 84' lang='lat' dir='ltr'><strong>quia,</strong></span> <span class='ocrx_word' id='word_1_462' title='bbox 3435 2167 3747 2223; x_wconf 65' lang='lat' dir='ltr'><strong>multisim-</strong></span> 
     </span>
    </p>
   </div>
   <div class='ocr_carea' id='block_1_68' title="bbox 2155 2251 3745 2325">
    <p class='ocr_par' dir='ltr' id='par_1_68' title="bbox 2155 2251 3745 2325">
     <span class='ocr_line' id='line_1_69' title="bbox 2155 2251 3745 2325; baseline 0.006 -22"><span class='ocrx_word' id='word_1_463' title='bbox 2155 2251 2483 2320; x_wconf 85' lang='lat' dir='ltr'><strong>pedimentis</strong></span> <span class='ocrx_word' id='word_1_464' title='bbox 2532 2251 2931 2317; x_wconf 82' lang='lat' dir='ltr'><strong>accidentibus,</strong></span> <span class='ocrx_word' id='word_1_465' title='bbox 2955 2253 3155 2308; x_wconf 75' lang='lat' dir='ltr'><strong>invitus</strong></span> <span class='ocrx_word' id='word_1_466' title='bbox 3192 2253 3323 2310; x_wconf 80' lang='lat' dir='ltr'><strong>feeit</strong></span> <span class='ocrx_word' id='word_1_467' title='bbox 3363 2255 3509 2325; x_wconf 86' lang='lat' dir='ltr'><strong>quod</strong></span> <span class='ocrx_word' id='word_1_468' title='bbox 3550 2273 3745 2312; x_wconf 82' lang='lat' dir='ltr'><strong>emen-</strong></span> 
     </span>
    </p>
   </div>
   <div class='ocr_carea' id='block_1_69' title="bbox 2157 2342 3748 2412">
    <p class='ocr_par' dir='ltr' id='par_1_69' title="bbox 2157 2342 3748 2412">
     <span class='ocr_line' id='line_1_70' title="bbox 2157 2342 3748 2412; baseline 0.001 -14"><span class='ocrx_word' id='word_1_469' title='bbox 2157 2344 2287 2398; x_wconf 89' lang='lat' dir='ltr'><strong>dare</strong></span> <span class='ocrx_word' id='word_1_470' title='bbox 2325 2358 2432 2397; x_wconf 91' lang='lat' dir='ltr'><strong>non</strong></span> <span class='ocrx_word' id='word_1_471' title='bbox 2470 2344 2664 2412; x_wconf 88' lang='lat' dir='ltr'><strong>potuit.</strong></span> <span class='ocrx_word' id='word_1_472' title='bbox 2698 2342 2961 2412; x_wconf 75' lang='lat' dir='ltr'><strong>Optamus</strong></span> <span class='ocrx_word' id='word_1_473' title='bbox 2983 2345 3327 2411; x_wconf 79' lang='lat' dir='ltr'><strong>sanctitatem</strong></span> <span class='ocrx_word' id='word_1_474' title='bbox 3358 2355 3615 2411; x_wconf 89' lang='lat' dir='ltr'><strong>vestram,</strong></span> <span class='ocrx_word' id='word_1_475' title='bbox 3646 2363 3748 2400; x_wconf 86' lang='lat' dir='ltr'><strong>no.</strong></span> 
     </span>
    </p>
   </div>
   <div class='ocr_carea' id='block_1_70' title="bbox 2157 2432 3746 2503">
    <p class='ocr_par' dir='ltr' id='par_1_70' title="bbox 2157 2432 3746 2503">
     <span class='ocr_line' id='line_1_71' title="bbox 2157 2432 3746 2503; baseline 0.002 -17"><span class='ocrx_word' id='word_1_476' title='bbox 2157 2441 2285 2486; x_wconf 70' lang='lat' dir='ltr'><strong>stne</strong></span> <span class='ocrx_word' id='word_1_477' title='bbox 2337 2432 2725 2489; x_wconf 85' lang='lat' dir='ltr'><strong>imbecillitatis</strong></span> <span class='ocrx_word' id='word_1_478' title='bbox 2763 2448 3083 2499; x_wconf 81' lang='lat' dir='ltr'><strong>memorem,</strong></span> <span class='ocrx_word' id='word_1_479' title='bbox 3137 2450 3356 2503; x_wconf 82' lang='lat' dir='ltr'><strong>semper</strong></span> <span class='ocrx_word' id='word_1_480' title='bbox 3415 2436 3469 2489; x_wconf 92' lang='lat' dir='ltr'><strong>in</strong></span> <span class='ocrx_word' id='word_1_481' title='bbox 3521 2435 3746 2490; x_wconf 86' lang='lat' dir='ltr'><strong>Christo</strong></span> 
     </span>
    </p>
   </div>
   <div class='ocr_carea' id='block_1_71' title="bbox 2155 2521 3678 2596">
    <p class='ocr_par' dir='ltr' id='par_1_71' title="bbox 2155 2521 3678 2596">
     <span class='ocr_line' id='line_1_72' title="bbox 2155 2521 3678 2596; baseline 0.003 -20"><span class='ocrx_word' id='word_1_482' title='bbox 2155 2521 2296 2579; x_wconf 86' lang='lat' dir='ltr'><strong>bene</strong></span> <span class='ocrx_word' id='word_1_483' title='bbox 2323 2522 2525 2589; x_wconf 83' lang='lat' dir='ltr'><strong>valere,</strong></span> <span class='ocrx_word' id='word_1_484' title='bbox 2566 2523 2906 2579; x_wconf 85' lang='lat' dir='ltr'><strong>sanctissime</strong></span> <span class='ocrx_word' id='word_1_485' title='bbox 2932 2539 2995 2578; x_wconf 87' lang='lat' dir='ltr'><strong>ac</strong></span> <span class='ocrx_word' id='word_1_486' title='bbox 3023 2524 3467 2581; x_wconf 79' lang='lat' dir='ltr'><strong>reverentissime</strong></span> <span class='ocrx_word' id='word_1_487' title='bbox 3502 2535 3678 2596; x_wconf 63' lang='lat' dir='ltr'><strong>patent</strong></span> 
     </span>
    </p>
   </div>
   <div class='ocr_carea' id='block_1_72' title="bbox 2698 2631 3147 2687">
    <p class='ocr_par' dir='ltr' id='par_1_72' title="bbox 2698 2631 3147 2687">
     <span class='ocr_line' id='line_1_73' title="bbox 2698 2631 3147 2687; baseline 0.002 -1"><span class='ocrx_word' id='word_1_488' title='bbox 2698 2631 3029 2687; x_wconf 75' lang='lat' dir='ltr'><strong>EPISTULA</strong></span> <span class='ocrx_word' id='word_1_489' title='bbox 3058 2633 3147 2687; x_wconf 81' lang='lat' dir='ltr'><strong>IX.</strong></span> 
     </span>
    </p>
   </div>
   <div class='ocr_carea' id='block_1_73' title="bbox 2465 2704 3422 2761">
    <p class='ocr_par' dir='ltr' id='par_1_73' title="bbox 2465 2704 3422 2761">
     <span class='ocr_line' id='line_1_74' title="bbox 2465 2704 3422 2761; baseline 0.003 -3"><span class='ocrx_word' id='word_1_490' title='bbox 2465 2720 2533 2758; x_wconf 72' lang='lat' dir='ltr'><strong>in</strong></span> <span class='ocrx_word' id='word_1_491' title='bbox 2559 2718 2822 2761; x_wconf 66' lang='lat' dir='ltr'><strong>sesamum</strong></span> <span class='ocrx_word' id='word_1_492' title='bbox 2865 2704 2887 2744; x_wconf 76' lang='grc' dir='ltr'>ιι</span> <span class='ocrx_word' id='word_1_493' title='bbox 2919 2719 3422 2761; x_wconf 63' lang='lat' dir='ltr'><strong>murusmurus.</strong></span> 
     </span>
    </p>
   </div>
   <div class='ocr_carea' id='block_1_74' title="bbox 2229 2793 3752 2865">
    <p class='ocr_par' dir='ltr' id='par_1_74' title="bbox 2229 2793 3752 2865">
     <span class='ocr_line' id='line_1_75' title="bbox 2229 2793 3752 2865; baseline 0.001 -17"><span class='ocrx_word' id='word_1_494' title='bbox 2229 2794 2593 2850; x_wconf 84' lang='lat' dir='ltr'><strong>Dilectissimo</strong></span> <span class='ocrx_word' id='word_1_495' title='bbox 2645 2793 2801 2849; x_wconf 85' lang='lat' dir='ltr'><strong>fratri</strong></span> <span class='ocrx_word' id='word_1_496' title='bbox 2832 2794 3103 2860; x_wconf 75' lang='lat' dir='ltr'><strong>Geboiuo,</strong></span> <span class='ocrx_word' id='word_1_497' title='bbox 3156 2794 3393 2863; x_wconf 75' lang='lat' dir='ltr'><strong>glorioso</strong></span> <span class='ocrx_word' id='word_1_498' title='bbox 3421 2796 3612 2850; x_wconf 77' lang='lat' dir='ltr'><strong>contui</strong></span> <span class='ocrx_word' id='word_1_499' title='bbox 3634 2812 3752 2865; x_wconf 65' lang='grc' dir='ltr'><strong>τρι-</strong></span> 
     </span>
    </p>
   </div>
   <div class='ocr_carea' id='block_1_75' title="bbox 2157 2886 3286 2958">
    <p class='ocr_par' dir='ltr' id='par_1_75' title="bbox 2157 2886 3286 2958">
     <span class='ocr_line' id='line_1_76' title="bbox 2157 2886 3286 2958; baseline 0.001 -16"><span class='ocrx_word' id='word_1_500' title='bbox 2157 2888 2297 2953; x_wconf 82' lang='lat' dir='ltr'><strong>Iatii,</strong></span> <span class='ocrx_word' id='word_1_501' title='bbox 2323 2886 2665 2958; x_wconf 70' lang='lat' dir='ltr'><strong>Eginhardus</strong></span> <span class='ocrx_word' id='word_1_502' title='bbox 2695 2886 2748 2940; x_wconf 89' lang='lat' dir='ltr'><strong>in</strong></span> <span class='ocrx_word' id='word_1_503' title='bbox 2777 2886 3008 2943; x_wconf 82' lang='lat' dir='ltr'><strong>Domino</strong></span> <span class='ocrx_word' id='word_1_504' title='bbox 3028 2886 3286 2943; x_wconf 71' lang='lat' dir='ltr'><strong>salutent.</strong></span> 
     </span>
    </p>
   </div>
   <div class='ocr_carea' id='block_1_76' title="bbox 2114 2978 3749 3049">
    <p class='ocr_par' dir='ltr' id='par_1_76' title="bbox 2114 2978 3749 3049">
     <span class='ocr_line' id='line_1_77' title="bbox 2114 2978 3749 3049; baseline 0 -14"><span class='ocrx_word' id='word_1_505' title='bbox 2114 3034 2127 3049; x_wconf 78' lang='grc'><em>,</em></span> <span class='ocrx_word' id='word_1_506' title='bbox 2229 2978 2383 3049; x_wconf 71' lang='lat' dir='ltr'><strong>Rogo</strong></span> <span class='ocrx_word' id='word_1_507' title='bbox 2445 2978 2786 3037; x_wconf 77' lang='lat' dir='ltr'><strong>dilectionem</strong></span> <span class='ocrx_word' id='word_1_508' title='bbox 2838 2985 3076 3035; x_wconf 81' lang='lat' dir='ltr'><strong>vestram</strong></span> <span class='ocrx_word' id='word_1_509' title='bbox 3141 2986 3202 3031; x_wconf 89' lang='lat' dir='ltr'><strong>ut</strong></span> <span class='ocrx_word' id='word_1_510' title='bbox 3257 2978 3749 3048; x_wconf 70' lang='lat' dir='ltr'><strong>honepagenaem</strong></span> 
     </span>
    </p>
   </div>
   <div class='ocr_carea' id='block_1_77' title="bbox 2154 3070 3749 3135">
    <p class='ocr_par' dir='ltr' id='par_1_77' title="bbox 2154 3070 3749 3135">
     <span class='ocr_line' id='line_1_78' title="bbox 2154 3070 3749 3135; baseline 0.001 -11"><span class='ocrx_word' id='word_1_511' title='bbox 2154 3080 2423 3135; x_wconf 80' lang='lat' dir='ltr'><strong>tiostrum,</strong></span> <span class='ocrx_word' id='word_1_512' title='bbox 2452 3070 2669 3125; x_wconf 86' lang='lat' dir='ltr'><strong>nomine</strong></span> <span class='ocrx_word' id='word_1_513' title='bbox 2721 3070 2913 3134; x_wconf 78' lang='lat' dir='ltr'><strong>David,</strong></span> <span class='ocrx_word' id='word_1_514' title='bbox 2946 3070 3304 3126; x_wconf 81' lang='lat' dir='ltr'><strong>necessitates</strong></span> <span class='ocrx_word' id='word_1_515' title='bbox 3355 3084 3486 3127; x_wconf 83' lang='lat' dir='ltr'><strong>suas</strong></span> <span class='ocrx_word' id='word_1_516' title='bbox 3516 3072 3615 3127; x_wconf 78' lang='lat' dir='ltr'><strong>tibi</strong></span> <span class='ocrx_word' id='word_1_517' title='bbox 3644 3087 3749 3126; x_wconf 63' lang='lat' dir='ltr'><strong>ea»</strong></span> 
     </span>
    </p>
   </div>
   <div class='ocr_carea' id='block_1_78' title="bbox 2154 3158 3751 3229">
    <p class='ocr_par' dir='ltr' id='par_1_78' title="bbox 2154 3158 3751 3229">
     <span class='ocr_line' id='line_1_79' title="bbox 2154 3158 3751 3229; baseline 0 -18"><span class='ocrx_word' id='word_1_518' title='bbox 2154 3159 2298 3215; x_wconf 88' lang='lat' dir='ltr'><strong>ferre</strong></span> <span class='ocrx_word' id='word_1_519' title='bbox 2352 3159 2644 3224; x_wconf 85' lang='lat' dir='ltr'><strong>volentem,</strong></span> <span class='ocrx_word' id='word_1_520' title='bbox 2682 3158 2943 3215; x_wconf 74' lang='lat' dir='ltr'><strong>exaudire</strong></span> <span class='ocrx_word' id='word_1_521' title='bbox 2987 3159 3260 3229; x_wconf 75' lang='lat' dir='ltr'><strong>digneris;</strong></span> <span class='ocrx_word' id='word_1_522' title='bbox 3302 3166 3387 3223; x_wconf 79' lang='lat' dir='ltr'><strong>et,</strong></span> <span class='ocrx_word' id='word_1_523' title='bbox 3418 3159 3471 3213; x_wconf 84' lang='lat' dir='ltr'><strong>si</strong></span> <span class='ocrx_word' id='word_1_524' title='bbox 3517 3173 3751 3219; x_wconf 60' lang='lat' dir='ltr'><strong>eorum</strong></span> 
     </span>
    </p>
   </div>
   <div class='ocr_carea' id='block_1_79' title="bbox 2156 3246 3749 3319">
    <p class='ocr_par' dir='ltr' id='par_1_79' title="bbox 2156 3246 3749 3319">
     <span class='ocr_line' id='line_1_80' title="bbox 2156 3246 3749 3319; baseline -0.001 -15"><span class='ocrx_word' id='word_1_525' title='bbox 2156 3250 2275 3319; x_wconf 73' lang='lat' dir='ltr'><strong>eius</strong></span> <span class='ocrx_word' id='word_1_526' title='bbox 2327 3249 2702 3307; x_wconf 84' lang='lat' dir='ltr'><strong>rationabilem</strong></span> <span class='ocrx_word' id='word_1_527' title='bbox 2729 3263 2848 3305; x_wconf 87' lang='lat' dir='ltr'><strong>esse</strong></span> <span class='ocrx_word' id='word_1_528' title='bbox 2873 3248 3212 3318; x_wconf 72' lang='lat' dir='ltr'><strong>cognoveris.</strong></span> <span class='ocrx_word' id='word_1_529' title='bbox 3262 3247 3438 3302; x_wconf 79' lang='lat' dir='ltr'><strong>locum</strong></span> <span class='ocrx_word' id='word_1_530' title='bbox 3485 3248 3538 3303; x_wconf 90' lang='lat' dir='ltr'><strong>ei</strong></span> <span class='ocrx_word' id='word_1_531' title='bbox 3567 3246 3749 3305; x_wconf 65' lang='lat' dir='ltr'><strong>[edas</strong></span> 
     </span>
    </p>
   </div>
   <div class='ocr_carea' id='block_1_80' title="bbox 2157 3340 3749 3411">
    <p class='ocr_par' dir='ltr' id='par_1_80' title="bbox 2157 3340 3749 3411">
     <span class='ocr_line' id='line_1_81' title="bbox 2157 3340 3749 3411; baseline 0.001 -16"><span class='ocrx_word' id='word_1_532' title='bbox 2157 3341 2226 3395; x_wconf 88' lang='lat' dir='ltr'><strong>ad</strong></span> <span class='ocrx_word' id='word_1_533' title='bbox 2252 3342 2509 3395; x_wconf 81' lang='lat' dir='ltr'><strong>domuum</strong></span> <span class='ocrx_word' id='word_1_534' title='bbox 2564 3341 2945 3411; x_wconf 75' lang='lat' dir='ltr'><strong>imperatorem</strong></span> <span class='ocrx_word' id='word_1_535' title='bbox 2976 3356 3035 3396; x_wconf 87' lang='lat' dir='ltr'><strong>se</strong></span> <span class='ocrx_word' id='word_1_536' title='bbox 3086 3340 3404 3396; x_wconf 80' lang='lat' dir='ltr'><strong>reclamare.</strong></span> <span class='ocrx_word' id='word_1_537' title='bbox 3458 3341 3558 3395; x_wconf 82' lang='lat' dir='ltr'><strong>Est</strong></span> <span class='ocrx_word' id='word_1_538' title='bbox 3594 3342 3749 3396; x_wconf 79' lang='lat' dir='ltr'><strong>enim</strong></span> 
     </span>
    </p>
   </div>
   <div class='ocr_carea' id='block_1_81' title="bbox 2159 3431 3747 3498">
    <p class='ocr_par' dir='ltr' id='par_1_81' title="bbox 2159 3431 3747 3498">
     <span class='ocr_line' id='line_1_82' title="bbox 2159 3431 3747 3498; baseline 0.001 -12"><span class='ocrx_word' id='word_1_539' title='bbox 2159 3433 2300 3486; x_wconf 74' lang='lat' dir='ltr'><strong>idem</strong></span> <span class='ocrx_word' id='word_1_540' title='bbox 2333 3432 2495 3486; x_wconf 88' lang='lat' dir='ltr'><strong>homo</strong></span> <span class='ocrx_word' id='word_1_541' title='bbox 2523 3433 2709 3487; x_wconf 76' lang='lat' dir='ltr'><strong>domui</strong></span> <span class='ocrx_word' id='word_1_542' title='bbox 2737 3431 3004 3487; x_wconf 78' lang='lat' dir='ltr'><strong>illutharii</strong></span> <span class='ocrx_word' id='word_1_543' title='bbox 3036 3431 3055 3469; x_wconf 78' lang='grc' dir='ltr'><strong><em>ι</em></strong></span> <span class='ocrx_word' id='word_1_544' title='bbox 3090 3448 3107 3496; x_wconf 86' lang='lat'><strong>;</strong></span> <span class='ocrx_word' id='word_1_545' title='bbox 3137 3439 3196 3486; x_wconf 91' lang='lat' dir='ltr'><strong>et</strong></span> <span class='ocrx_word' id='word_1_546' title='bbox 3217 3432 3360 3498; x_wconf 83' lang='lat' dir='ltr'><strong>ideo,</strong></span> <span class='ocrx_word' id='word_1_547' title='bbox 3392 3446 3498 3486; x_wconf 70' lang='lat' dir='ltr'><strong>non</strong></span> <span class='ocrx_word' id='word_1_548' title='bbox 3530 3441 3747 3487; x_wconf 68' lang='lat' dir='ltr'><strong>tantam</strong></span> 
     </span>
    </p>
   </div>
   <div class='ocr_carea' id='block_1_82' title="bbox 2157 3522 3749 3592">
    <p class='ocr_par' dir='ltr' id='par_1_82' title="bbox 2157 3522 3749 3592">
     <span class='ocr_line' id='line_1_83' title="bbox 2157 3522 3749 3592; baseline 0.004 -21"><span class='ocrx_word' id='word_1_549' title='bbox 2157 3530 2381 3591; x_wconf 81' lang='lat' dir='ltr'><strong>propter</strong></span> <span class='ocrx_word' id='word_1_550' title='bbox 2432 3522 2750 3590; x_wconf 85' lang='lat' dir='ltr'><strong>petitionem</strong></span> <span class='ocrx_word' id='word_1_551' title='bbox 2782 3538 2978 3584; x_wconf 83' lang='lat' dir='ltr'><strong>meam,</strong></span> <span class='ocrx_word' id='word_1_552' title='bbox 3014 3522 3110 3576; x_wconf 84' lang='lat' dir='ltr'><strong>sed</strong></span> <span class='ocrx_word' id='word_1_553' title='bbox 3143 3531 3367 3592; x_wconf 81' lang='lat' dir='ltr'><strong>propter</strong></span> <span class='ocrx_word' id='word_1_554' title='bbox 3394 3524 3657 3577; x_wconf 82' lang='lat' dir='ltr'><strong>honorem</strong></span> <span class='ocrx_word' id='word_1_555' title='bbox 3680 3534 3749 3577; x_wconf 83' lang='lat' dir='ltr'><strong>et</strong></span> 
     </span>
    </p>
   </div>
   <div class='ocr_carea' id='block_1_83' title="bbox 2158 3610 3750 3681">
    <p class='ocr_par' dir='ltr' id='par_1_83' title="bbox 2158 3610 3750 3681">
     <span class='ocr_line' id='line_1_84' title="bbox 2158 3610 3750 3681; baseline 0.002 -16"><span class='ocrx_word' id='word_1_556' title='bbox 2158 3625 2401 3665; x_wconf 83' lang='lat' dir='ltr'><strong>amorem</strong></span> <span class='ocrx_word' id='word_1_557' title='bbox 2423 3612 2654 3666; x_wconf 80' lang='lat' dir='ltr'><strong>senioris</strong></span> <span class='ocrx_word' id='word_1_558' title='bbox 2684 3612 2786 3677; x_wconf 90' lang='lat' dir='ltr'><strong>sui,</strong></span> <span class='ocrx_word' id='word_1_559' title='bbox 2822 3611 2989 3667; x_wconf 80' lang='lat' dir='ltr'><strong>debes</strong></span> <span class='ocrx_word' id='word_1_560' title='bbox 3037 3611 3188 3666; x_wconf 82' lang='lat' dir='ltr'><strong>illum</strong></span> <span class='ocrx_word' id='word_1_561' title='bbox 3217 3610 3489 3680; x_wconf 68' lang='lat' dir='ltr'><strong>adjuvare.</strong></span> <span class='ocrx_word' id='word_1_562' title='bbox 3523 3614 3750 3681; x_wconf 76' lang='lat' dir='ltr'><strong>Dptont</strong></span> 
     </span>
    </p>
   </div>
   <div class='ocr_carea' id='block_1_84' title="bbox 2162 3701 3479 3757">
    <p class='ocr_par' dir='ltr' id='par_1_84' title="bbox 2162 3701 3479 3757">
     <span class='ocr_line' id='line_1_85' title="bbox 2162 3701 3479 3757; baseline -0.001 -1"><span class='ocrx_word' id='word_1_563' title='bbox 2162 3708 2215 3756; x_wconf 85' lang='lat' dir='ltr'><strong>te</strong></span> <span class='ocrx_word' id='word_1_564' title='bbox 2242 3715 2441 3755; x_wconf 81' lang='lat' dir='ltr'><strong>sanum</strong></span> <span class='ocrx_word' id='word_1_565' title='bbox 2464 3711 2525 3757; x_wconf 82' lang='lat' dir='ltr'><strong>et</strong></span> <span class='ocrx_word' id='word_1_566' title='bbox 2547 3701 2876 3757; x_wconf 86' lang='lat' dir='ltr'><strong>incolumem</strong></span> <span class='ocrx_word' id='word_1_567' title='bbox 2898 3701 3017 3757; x_wconf 73' lang='lat' dir='ltr'><strong>cito</strong></span> <span class='ocrx_word' id='word_1_568' title='bbox 3037 3702 3225 3757; x_wconf 81' lang='lat' dir='ltr'><strong>videre</strong></span> <span class='ocrx_word' id='word_1_569' title='bbox 3245 3717 3479 3757; x_wconf 57' lang='lat' dir='ltr'><strong>meream</strong></span> 
     </span>
    </p>
   </div>
   <div class='ocr_carea' id='block_1_85' title="bbox 2727 3812 3168 3869">
    <p class='ocr_par' dir='ltr' id='par_1_85' title="bbox 2727 3812 3168 3869">
     <span class='ocr_line' id='line_1_86' title="bbox 2727 3812 3168 3869; baseline -0.005 -1"><span class='ocrx_word' id='word_1_570' title='bbox 2727 3813 3052 3869; x_wconf 80' lang='lat' dir='ltr'><strong>EPISTOLA</strong></span> <span class='ocrx_word' id='word_1_571' title='bbox 3101 3812 3168 3867; x_wconf 78' lang='grc' dir='ltr'><strong>Χ.</strong></span> 
     </span>
    </p>
   </div>
   <div class='ocr_carea' id='block_1_86' title="bbox 2538 3914 3356 3958">
    <p class='ocr_par' dir='ltr' id='par_1_86' title="bbox 2538 3914 3356 3958">
     <span class='ocr_line' id='line_1_87' title="bbox 2538 3914 3356 3958; baseline -0.006 0"><span class='ocrx_word' id='word_1_572' title='bbox 2538 3919 2605 3958; x_wconf 76' lang='grc' dir='ltr'><strong>ΔΙ)</strong></span> <span class='ocrx_word' id='word_1_573' title='bbox 2631 3919 2797 3957; x_wconf 72' lang='lat' dir='ltr'><strong>HBTTI</strong></span> <span class='ocrx_word' id='word_1_574' title='bbox 2828 3914 2868 3942; x_wconf 73' lang='grc' dir='ltr'>ω</span> <span class='ocrx_word' id='word_1_575' title='bbox 2891 3917 3356 3957; x_wconf 67' lang='lat' dir='ltr'><strong>ARCIlll-IPISCOPUM.</strong></span> 
     </span>
    </p>
   </div>
   <div class='ocr_carea' id='block_1_87' title="bbox 2231 3990 3746 4053">
    <p class='ocr_par' dir='ltr' id='par_1_87' title="bbox 2231 3990 3746 4053">
     <span class='ocr_line' id='line_1_88' title="bbox 2231 3990 3746 4053; baseline 0 -7"><span class='ocrx_word' id='word_1_576' title='bbox 2231 3992 2461 4048; x_wconf 91' lang='lat' dir='ltr'><strong>Domino</strong></span> <span class='ocrx_word' id='word_1_577' title='bbox 2489 4001 2678 4049; x_wconf 88' lang='lat' dir='ltr'><strong>sancto</strong></span> <span class='ocrx_word' id='word_1_578' title='bbox 2706 4001 2760 4047; x_wconf 92' lang='lat' dir='ltr'><strong>et</strong></span> <span class='ocrx_word' id='word_1_579' title='bbox 2803 3993 2998 4046; x_wconf 90' lang='lat' dir='ltr'><strong>merito</strong></span> <span class='ocrx_word' id='word_1_580' title='bbox 3028 3991 3320 4046; x_wconf 88' lang='lat' dir='ltr'><strong>venerabili</strong></span> <span class='ocrx_word' id='word_1_581' title='bbox 3373 3990 3538 4053; x_wconf 74' lang='lat' dir='ltr'><strong>Hetti.</strong></span> <span class='ocrx_word' id='word_1_582' title='bbox 3592 4006 3746 4046; x_wconf 77' lang='lat' dir='ltr'><strong>reve-</strong></span> 
     </span>
    </p>
   </div>
   <div class='ocr_carea' id='block_1_88' title="bbox 2167 4080 3613 4152">
    <p class='ocr_par' dir='ltr' id='par_1_88' title="bbox 2167 4080 3613 4152">
     <span class='ocr_line' id='line_1_89' title="bbox 2167 4080 3613 4152; baseline 0.001 -19"><span class='ocrx_word' id='word_1_583' title='bbox 2167 4080 2479 4135; x_wconf 89' lang='lat' dir='ltr'><strong>rentissimo</strong></span> <span class='ocrx_word' id='word_1_584' title='bbox 2514 4082 2942 4151; x_wconf 82' lang='lat' dir='ltr'><strong>archiepiscopo,</strong></span> <span class='ocrx_word' id='word_1_585' title='bbox 2974 4081 3316 4152; x_wconf 72' lang='lat' dir='ltr'><strong>Bginhardus</strong></span> <span class='ocrx_word' id='word_1_586' title='bbox 3340 4090 3613 4150; x_wconf 87' lang='lat' dir='ltr'><strong>peccator.</strong></span> 
     </span>
    </p>
   </div>
   <div class='ocr_carea' id='block_1_89' title="bbox 2234 4172 3747 4227">
    <p class='ocr_par' dir='ltr' id='par_1_89' title="bbox 2234 4172 3747 4227">
     <span class='ocr_line' id='line_1_90' title="bbox 2234 4172 3747 4227; baseline -0.001 0"><span class='ocrx_word' id='word_1_587' title='bbox 2234 4172 2386 4227; x_wconf 88' lang='lat' dir='ltr'><strong>Sicut</strong></span> <span class='ocrx_word' id='word_1_588' title='bbox 2412 4188 2479 4227; x_wconf 78' lang='lat' dir='ltr'><strong>ex</strong></span> <span class='ocrx_word' id='word_1_589' title='bbox 2529 4172 2723 4227; x_wconf 87' lang='lat' dir='ltr'><strong>litteris</strong></span> <span class='ocrx_word' id='word_1_590' title='bbox 2777 4174 3085 4227; x_wconf 80' lang='lat' dir='ltr'><strong>sanctitatis</strong></span> <span class='ocrx_word' id='word_1_591' title='bbox 3118 4182 3312 4227; x_wconf 78' lang='lat' dir='ltr'><strong>vestra:</strong></span> <span class='ocrx_word' id='word_1_592' title='bbox 3338 4189 3435 4227; x_wconf 90' lang='lat' dir='ltr'><strong>vos</strong></span> <span class='ocrx_word' id='word_1_593' title='bbox 3490 4174 3625 4227; x_wconf 84' lang='lat' dir='ltr'><strong>velle</strong></span> <span class='ocrx_word' id='word_1_594' title='bbox 3653 4189 3747 4226; x_wconf 63' lang='lat' dir='ltr'><strong>to-</strong></span> 
     </span>
    </p>
   </div>
   <div class='ocr_carea' id='block_1_90' title="bbox 2163 4257 3748 4331">
    <p class='ocr_par' dir='ltr' id='par_1_90' title="bbox 2163 4257 3748 4331">
     <span class='ocr_line' id='line_1_91' title="bbox 2163 4257 3748 4331; baseline 0.001 -16"><span class='ocrx_word' id='word_1_595' title='bbox 2163 4263 2465 4331; x_wconf 85' lang='lat' dir='ltr'><strong>gnovimus,</strong></span> <span class='ocrx_word' id='word_1_596' title='bbox 2491 4263 2566 4317; x_wconf 73' lang='lat' dir='ltr'><strong>ita</strong></span> <span class='ocrx_word' id='word_1_597' title='bbox 2592 4262 2711 4318; x_wconf 79' lang='lat' dir='ltr'><strong>sine</strong></span> <span class='ocrx_word' id='word_1_598' title='bbox 2737 4263 2994 4318; x_wconf 87' lang='lat' dir='ltr'><strong>dilatione</strong></span> <span class='ocrx_word' id='word_1_599' title='bbox 3044 4262 3223 4317; x_wconf 86' lang='lat' dir='ltr'><strong>facere</strong></span> <span class='ocrx_word' id='word_1_600' title='bbox 3260 4262 3589 4327; x_wconf 81' lang='lat' dir='ltr'><strong>curavimus,</strong></span> <span class='ocrx_word' id='word_1_601' title='bbox 3619 4257 3748 4316; x_wconf 83' lang='lat' dir='ltr'><strong>mit-</strong></span> 
     </span>
    </p>
   </div>
   <div class='ocr_carea' id='block_1_91' title="bbox 494 4343 3750 4428">
    <p class='ocr_par' dir='ltr' id='par_1_91' title="bbox 494 4343 3750 4428">
     <span class='ocr_line' id='line_1_92' title="bbox 494 4343 3750 4428; baseline 0.003 -31"><span class='ocrx_word' id='word_1_602' title='bbox 494 4347 639 4400; x_wconf 74' lang='lat' dir='ltr'><strong>nitus</strong></span> <span class='ocrx_word' id='word_1_603' title='bbox 660 4354 886 4415; x_wconf 87' lang='lat' dir='ltr'><strong>pereant</strong></span> <span class='ocrx_word' id='word_1_604' title='bbox 908 4361 1004 4416; x_wconf 87' lang='lat' dir='ltr'><strong>per</strong></span> <span class='ocrx_word' id='word_1_605' title='bbox 1028 4344 1333 4413; x_wconf 75' lang='lat' dir='ltr'><strong>huiusmodi</strong></span> <span class='ocrx_word' id='word_1_606' title='bbox 1363 4343 1599 4414; x_wconf 82' lang='lat' dir='ltr'><strong>culpam,</strong></span> <span class='ocrx_word' id='word_1_607' title='bbox 1628 4345 1720 4398; x_wconf 88' lang='lat' dir='ltr'><strong>sed</strong></span> <span class='ocrx_word' id='word_1_608' title='bbox 1750 4346 1926 4413; x_wconf 74' lang='lat' dir='ltr'><strong>potius</strong></span> <span class='ocrx_word' id='word_1_609' title='bbox 1947 4346 2071 4399; x_wconf 60' lang='lat' dir='ltr'><strong>son-4</strong></span> <span class='ocrx_word' id='word_1_610' title='bbox 2091 4369 2143 4428; x_wconf 71' lang='grc' dir='ltr'><strong>Β</strong></span> <span class='ocrx_word' id='word_1_611' title='bbox 2172 4352 2332 4406; x_wconf 89' lang='lat' dir='ltr'><strong>tendo</strong></span> <span class='ocrx_word' id='word_1_612' title='bbox 2384 4351 2631 4406; x_wconf 90' lang='lat' dir='ltr'><strong>videlicet</strong></span> <span class='ocrx_word' id='word_1_613' title='bbox 2665 4352 2820 4406; x_wconf 84' lang='lat' dir='ltr'><strong>vobis</strong></span> <span class='ocrx_word' id='word_1_614' title='bbox 2876 4352 3150 4422; x_wconf 81' lang='lat' dir='ltr'><strong>reliquias,</strong></span> <span class='ocrx_word' id='word_1_615' title='bbox 3209 4368 3345 4421; x_wconf 86' lang='lat' dir='ltr'><strong>quas</strong></span> <span class='ocrx_word' id='word_1_616' title='bbox 3398 4368 3496 4407; x_wconf 87' lang='lat' dir='ltr'><strong>vos</strong></span> <span class='ocrx_word' id='word_1_617' title='bbox 3542 4354 3750 4408; x_wconf 77' lang='lat' dir='ltr'><strong>habere</strong></span> 
     </span>
    </p>
   </div>
   <div class='ocr_carea' id='block_1_92' title="bbox 494 4434 2061 4508">
    <p class='ocr_par' dir='ltr' id='par_1_92' title="bbox 494 4434 2061 4508">
     <span class='ocr_line' id='line_1_93' title="bbox 494 4434 2061 4508; baseline -0.003 -16"><span class='ocrx_word' id='word_1_618' title='bbox 494 4438 632 4492; x_wconf 83' lang='lat' dir='ltr'><strong>tiant</strong></span> <span class='ocrx_word' id='word_1_619' title='bbox 678 4437 779 4492; x_wconf 89' lang='lat' dir='ltr'><strong>sibi</strong></span> <span class='ocrx_word' id='word_1_620' title='bbox 824 4437 965 4507; x_wconf 90' lang='lat' dir='ltr'><strong>apud</strong></span> <span class='ocrx_word' id='word_1_621' title='bbox 1010 4453 1103 4492; x_wconf 90' lang='lat' dir='ltr'><strong>vos</strong></span> <span class='ocrx_word' id='word_1_622' title='bbox 1139 4437 1407 4508; x_wconf 82' lang='lat' dir='ltr'><strong>profuisse</strong></span> <span class='ocrx_word' id='word_1_623' title='bbox 1453 4436 1595 4506; x_wconf 89' lang='lat' dir='ltr'><strong>quod</strong></span> <span class='ocrx_word' id='word_1_624' title='bbox 1640 4434 1708 4490; x_wconf 86' lang='lat' dir='ltr'><strong>ad</strong></span> <span class='ocrx_word' id='word_1_625' title='bbox 1752 4442 2061 4490; x_wconf 89' lang='lat' dir='ltr'><strong>sanctorum</strong></span> 
     </span>
    </p>
   </div>
   <div class='ocr_carea' id='block_1_93' title="bbox 494 4528 2066 4600">
    <p class='ocr_par' dir='ltr' id='par_1_93' title="bbox 494 4528 2066 4600">
     <span class='ocr_line' id='line_1_94' title="bbox 494 4528 2066 4600; baseline -0.001 -20"><span class='ocrx_word' id='word_1_626' title='bbox 494 4537 798 4597; x_wconf 86' lang='lat' dir='ltr'><strong>martyrum</strong></span> <span class='ocrx_word' id='word_1_627' title='bbox 833 4528 1085 4597; x_wconf 83' lang='lat' dir='ltr'><strong>sepulcra</strong></span> <span class='ocrx_word' id='word_1_628' title='bbox 1129 4528 1503 4600; x_wconf 75' lang='lat' dir='ltr'><strong>confugerunt.</strong></span> <span class='ocrx_word' id='word_1_629' title='bbox 1557 4529 1696 4598; x_wconf 88' lang='lat' dir='ltr'><strong>Opto</strong></span> <span class='ocrx_word' id='word_1_630' title='bbox 1742 4535 1804 4583; x_wconf 89' lang='lat' dir='ltr'><strong>ut</strong></span> <span class='ocrx_word' id='word_1_631' title='bbox 1850 4540 2066 4595; x_wconf 82' lang='lat' dir='ltr'><strong>semper</strong></span> 
     </span>
    </p>
   </div>
   <div class='ocr_carea' id='block_1_94' title="bbox 496 4617 1232 4675">
    <p class='ocr_par' dir='ltr' id='par_1_94' title="bbox 496 4617 1232 4675">
     <span class='ocr_line' id='line_1_95' title="bbox 496 4617 1232 4675; baseline 0 -2"><span class='ocrx_word' id='word_1_632' title='bbox 496 4618 632 4673; x_wconf 88' lang='lat' dir='ltr'><strong>bene</strong></span> <span class='ocrx_word' id='word_1_633' title='bbox 653 4618 881 4673; x_wconf 84' lang='lat' dir='ltr'><strong>valeatis</strong></span> <span class='ocrx_word' id='word_1_634' title='bbox 908 4619 960 4672; x_wconf 89' lang='lat' dir='ltr'><strong>in</strong></span> <span class='ocrx_word' id='word_1_635' title='bbox 985 4617 1232 4675; x_wconf 88' lang='lat' dir='ltr'><strong>Domino.</strong></span> 
     </span>
    </p>
   </div>
   <div class='ocr_carea' id='block_1_95' title="bbox 563 4718 2069 4823">
    <p class='ocr_par' dir='ltr' id='par_1_95' title="bbox 563 4751 2069 4823">
     <span class='ocr_line' id='line_1_96' title="bbox 563 4751 2069 4823; baseline 0.001 -18"><span class='ocrx_word' id='word_1_636' title='bbox 563 4765 588 4792; x_wconf 77' lang='grc' dir='ltr'>ι</span> <span class='ocrx_word' id='word_1_637' title='bbox 613 4751 669 4805; x_wconf 93' lang='lat' dir='ltr'><strong>Id</strong></span> <span class='ocrx_word' id='word_1_638' title='bbox 697 4762 799 4817; x_wconf 88' lang='lat' dir='ltr'><strong>est,</strong></span> <span class='ocrx_word' id='word_1_639' title='bbox 825 4751 882 4806; x_wconf 89' lang='lat' dir='ltr'><strong>S.</strong></span> <span class='ocrx_word' id='word_1_640' title='bbox 905 4752 1135 4808; x_wconf 88' lang='lat' dir='ltr'><strong>Servatii</strong></span> <span class='ocrx_word' id='word_1_641' title='bbox 1154 4754 1481 4808; x_wconf 90' lang='lat' dir='ltr'><strong>monasterio</strong></span> <span class='ocrx_word' id='word_1_642' title='bbox 1507 4752 1838 4823; x_wconf 83' lang='lat' dir='ltr'><strong>Trajectensi</strong></span> <span class='ocrx_word' id='word_1_643' title='bbox 1864 4752 1932 4805; x_wconf 88' lang='lat' dir='ltr'><strong>ad</strong></span> <span class='ocrx_word' id='word_1_644' title='bbox 1956 4751 2069 4806; x_wconf 70' lang='lat' dir='ltr'><strong>Mo-</strong></span> 
     </span>
    </p>
   </div>
   <div class='ocr_carea' id='block_1_96' title="bbox 494 4838 2069 4973">
    <p class='ocr_par' dir='ltr' id='par_1_96' title="bbox 494 4838 2069 4973">
     <span class='ocr_line' id='line_1_97' title="bbox 494 4838 2069 4973; baseline 0.001 -30"><span class='ocrx_word' id='word_1_645' title='bbox 494 4838 686 4944; x_wconf 47' lang='lat' dir='ltr'><strong>saghl).</strong></span> <span class='ocrx_word' id='word_1_646' title='bbox 717 4890 906 4973; x_wconf 74' lang='lat' dir='ltr'><strong>Teplet</strong></span> <span class='ocrx_word' id='word_1_647' title='bbox 945 4891 1139 4973; x_wconf 77' lang='lat' dir='ltr'><strong>habet:</strong></span> <span class='ocrx_word' id='word_1_648' title='bbox 1166 4891 1236 4944; x_wconf 82' lang='lat' dir='ltr'><strong>ad</strong></span> <span class='ocrx_word' id='word_1_649' title='bbox 1286 4891 1518 4962; x_wconf 77' lang='lat' dir='ltr'><strong>aliquam</strong></span> <span class='ocrx_word' id='word_1_650' title='bbox 1550 4892 1935 4946; x_wconf 71' lang='lat' dir='ltr'><strong>ordinationem</strong></span> <span class='ocrx_word' id='word_1_651' title='bbox 1977 4906 2069 4944; x_wconf 74' lang='lat' dir='ltr'><strong>ea-</strong></span> 
     </span>
    </p>
   </div>
   <div class='ocr_carea' id='block_1_97' title="bbox 497 4960 1071 5030">
    <p class='ocr_par' dir='ltr' id='par_1_97' title="bbox 497 4960 1071 5030">
     <span class='ocr_line' id='line_1_98' title="bbox 497 4960 1071 5030; baseline -0.005 -13"><span class='ocrx_word' id='word_1_652' title='bbox 497 4977 641 5018; x_wconf 73' lang='lat' dir='ltr'><strong>cram</strong></span> <span class='ocrx_word' id='word_1_653' title='bbox 664 4960 1071 5030; x_wconf 70' lang='lat' dir='ltr'><strong>suscipiendam.</strong></span> 
     </span>
    </p>
   </div>
   <div class='ocr_carea' id='block_1_98' title="bbox 571 5027 2066 5101">
    <p class='ocr_par' dir='ltr' id='par_1_98' title="bbox 571 5027 2066 5101">
     <span class='ocr_line' id='line_1_99' title="bbox 571 5027 2066 5101; baseline 0.001 -18"><span class='ocrx_word' id='word_1_654' title='bbox 571 5042 593 5069; x_wconf 79' lang='grc' dir='ltr'><strong>ο</strong></span> <span class='ocrx_word' id='word_1_655' title='bbox 636 5027 1101 5101; x_wconf 40' lang='grc' dir='ltr'><strong>Εοιιιᾳξιθεεηᾴυιη</strong></span> <span class='ocrx_word' id='word_1_656' title='bbox 1149 5027 1534 5101; x_wconf 74' lang='lat' dir='ltr'><strong>Heistolphum,</strong></span> <span class='ocrx_word' id='word_1_657' title='bbox 1564 5031 1656 5100; x_wconf 92' lang='lat' dir='ltr'><strong>qui</strong></span> <span class='ocrx_word' id='word_1_658' title='bbox 1696 5038 1814 5101; x_wconf 78' lang='lat' dir='ltr'><strong>erat</strong></span> <span class='ocrx_word' id='word_1_659' title='bbox 1850 5029 2066 5085; x_wconf 84' lang='lat' dir='ltr'><strong>archie-</strong></span> 
     </span>
    </p>
   </div>
   <div class='ocr_carea' id='block_1_99' title="bbox 497 5098 2069 5181">
    <p class='ocr_par' dir='ltr' id='par_1_99' title="bbox 497 5098 2069 5181">
     <span class='ocr_line' id='line_1_100' title="bbox 497 5098 2069 5181; baseline -0.001 -25"><span class='ocrx_word' id='word_1_660' title='bbox 497 5101 748 5179; x_wconf 78' lang='lat' dir='ltr'><strong>piscopus</strong></span> <span class='ocrx_word' id='word_1_661' title='bbox 773 5098 1133 5181; x_wconf 52' lang='lat' dir='ltr'><strong>litigauimus,</strong></span> <span class='ocrx_word' id='word_1_662' title='bbox 1161 5100 1314 5180; x_wconf 82' lang='lat' dir='ltr'><strong>cujus</strong></span> <span class='ocrx_word' id='word_1_663' title='bbox 1337 5098 1707 5171; x_wconf 67' lang='lat' dir='ltr'><strong>snﬂraganeus</strong></span> <span class='ocrx_word' id='word_1_664' title='bbox 1740 5099 2069 5155; x_wconf 84' lang='lat' dir='ltr'><strong>Humbertus</strong></span> 
     </span>
    </p>
   </div>
   <div class='ocr_carea' id='block_1_100' title="bbox 498 5170 2062 5321">
    <p class='ocr_par' dir='ltr' id='par_1_100' title="bbox 498 5170 2062 5321">
     <span class='ocr_line' id='line_1_101' title="bbox 498 5170 1524 5239; baseline -0.003 -15"><span class='ocrx_word' id='word_1_665' title='bbox 498 5170 779 5239; x_wconf 67' lang='lat' dir='ltr'><strong>episctipus</strong></span> <span class='ocrx_word' id='word_1_666' title='bbox 800 5170 1274 5239; x_wconf 76' lang='lat' dir='ltr'><strong>Wirziburgensis.</strong></span> <span class='ocrx_word' id='word_1_667' title='bbox 1514 5170 1524 5171; x_wconf 53' lang='grc'><strong>“</strong></span> 
     </span>
     <span class='ocr_line' id='line_1_102' title="bbox 564 5238 2062 5321; baseline 0.001 -29"><span class='ocrx_word' id='word_1_668' title='bbox 564 5239 590 5279; x_wconf 77' lang='grc' dir='ltr'>ἀ</span> <span class='ocrx_word' id='word_1_669' title='bbox 623 5239 671 5321; x_wconf 75' lang='lat' dir='ltr'><strong>Is</strong></span> <span class='ocrx_word' id='word_1_670' title='bbox 689 5247 816 5321; x_wconf 46' lang='lat' dir='ltr'><strong>erat</strong></span> <span class='ocrx_word' id='word_1_671' title='bbox 831 5238 1304 5321; x_wconf 82' lang='lat' dir='ltr'><strong>_Wirziburgensis</strong></span> <span class='ocrx_word' id='word_1_672' title='bbox 1326 5240 1629 5312; x_wconf 83' lang='lat' dir='ltr'><strong>episcopus,</strong></span> <span class='ocrx_word' id='word_1_673' title='bbox 1652 5239 1741 5294; x_wconf 90' lang='lat' dir='ltr'><strong>cui</strong></span> <span class='ocrx_word' id='word_1_674' title='bbox 1769 5238 1910 5293; x_wconf 88' lang='lat' dir='ltr'><strong>forte</strong></span> <span class='ocrx_word' id='word_1_675' title='bbox 1934 5254 2062 5293; x_wconf 87' lang='lat' dir='ltr'><strong>suc-</strong></span> 
     </span>
    </p>
   </div>
   <div class='ocr_carea' id='block_1_101' title="bbox 502 5308 1034 5367">
    <p class='ocr_par' dir='ltr' id='par_1_101' title="bbox 502 5308 1034 5367">
     <span class='ocr_line' id='line_1_103' title="bbox 502 5308 1034 5367; baseline -0.011 1"><span class='ocrx_word' id='word_1_676' title='bbox 502 5309 668 5367; x_wconf 80' lang='lat' dir='ltr'><strong>cessit</strong></span> <span class='ocrx_word' id='word_1_677' title='bbox 689 5308 1034 5365; x_wconf 65' lang='lat' dir='ltr'><strong>ﬂumbertus.</strong></span> 
     </span>
    </p>
   </div>
   <div class='ocr_carea' id='block_1_102' title="bbox 573 5378 1681 5448">
    <p class='ocr_par' dir='ltr' id='par_1_102' title="bbox 573 5378 1681 5448">
     <span class='ocr_line' id='line_1_104' title="bbox 573 5378 1681 5448; baseline 0 -18"><span class='ocrx_word' id='word_1_678' title='bbox 573 5389 597 5448; x_wconf 56' lang='grc' dir='ltr'>ξ</span> <span class='ocrx_word' id='word_1_679' title='bbox 618 5378 685 5448; x_wconf 81' lang='lat' dir='ltr'><strong>D.</strong></span> <span class='ocrx_word' id='word_1_680' title='bbox 713 5378 902 5437; x_wconf 67' lang='lat' dir='ltr'><strong>Tedet</strong></span> <span class='ocrx_word' id='word_1_681' title='bbox 922 5380 1086 5434; x_wconf 71' lang='lat' dir='ltr'><strong>habet</strong></span> <span class='ocrx_word' id='word_1_682' title='bbox 1111 5394 1179 5434; x_wconf 77' lang='lat' dir='ltr'><strong>ex</strong></span> <span class='ocrx_word' id='word_1_683' title='bbox 1199 5380 1407 5444; x_wconf 86' lang='lat' dir='ltr'><strong>codice,</strong></span> <span class='ocrx_word' id='word_1_684' title='bbox 1432 5379 1681 5448; x_wconf 67' lang='lat' dir='ltr'><strong>gratioso.</strong></span> 
     </span>
    </p>
   </div>
   <div class='ocr_carea' id='block_1_103' title="bbox 578 5446 2064 5505">
    <p class='ocr_par' dir='ltr' id='par_1_103' title="bbox 578 5446 2064 5505">
     <span class='ocr_line' id='line_1_105' title="bbox 578 5446 2064 5505; baseline 0.003 -7"><span class='ocrx_word' id='word_1_685' title='bbox 578 5446 594 5485; x_wconf 83' lang='lat'><strong>-&#39;</strong></span> <span class='ocrx_word' id='word_1_686' title='bbox 634 5446 772 5500; x_wconf 82' lang='lat' dir='ltr'><strong>Ante</strong></span> <span class='ocrx_word' id='word_1_687' title='bbox 820 5448 1051 5503; x_wconf 76' lang='lat' dir='ltr'><strong>homines</strong></span> <span class='ocrx_word' id='word_1_688' title='bbox 1088 5449 1292 5505; x_wconf 78' lang='lat' dir='ltr'><strong>addidit</strong></span> <span class='ocrx_word' id='word_1_689' title='bbox 1330 5446 1517 5503; x_wconf 74' lang='lat' dir='ltr'><strong>Tealet</strong></span> <span class='ocrx_word' id='word_1_690' title='bbox 1559 5450 1673 5503; x_wconf 77' lang='lat' dir='ltr'><strong>hme</strong></span> <span class='ocrx_word' id='word_1_691' title='bbox 1715 5448 1877 5503; x_wconf 74' lang='lat' dir='ltr'><strong>verba</strong></span> <span class='ocrx_word' id='word_1_692' title='bbox 1913 5466 1925 5500; x_wconf 91' lang='lat'>:</span> <span class='ocrx_word' id='word_1_693' title='bbox 1960 5464 2064 5502; x_wconf 80' lang='lat' dir='ltr'><strong>auo</strong></span> 
     </span>
    </p>
   </div>
   <div class='ocr_carea' id='block_1_104' title="bbox 501 5530 1701 5663">
    <p class='ocr_par' dir='ltr' id='par_1_104' title="bbox 501 5530 1701 5663">
     <span class='ocr_line' id='line_1_106' title="bbox 501 5530 1701 5663; baseline -0.001 -22"><span class='ocrx_word' id='word_1_694' title='bbox 501 5530 772 5663; x_wconf 50' lang='lat' dir='ltr'><strong>“iiii:</strong></span> <span class='ocrx_word' id='word_1_695' title='bbox 787 5586 1042 5663; x_wconf 63' lang='lat' dir='ltr'><strong>quodam,</strong></span> <span class='ocrx_word' id='word_1_696' title='bbox 1230 5588 1421 5663; x_wconf 75' lang='lat' dir='ltr'><strong>dooms</strong></span> <span class='ocrx_word' id='word_1_697' title='bbox 1443 5588 1594 5643; x_wconf 82' lang='lat' dir='ltr'><strong>addit</strong></span> <span class='ocrx_word' id='word_1_698' title='bbox 1610 5588 1701 5641; x_wconf 79' lang='lat' dir='ltr'><strong>de.</strong></span> 
     </span>
    </p>
   </div>
   <div class='ocr_carea' id='block_1_105' title="bbox 572 5651 1492 5739">
    <p class='ocr_par' dir='ltr' id='par_1_105' title="bbox 572 5651 1492 5739">
     <span class='ocr_line' id='line_1_107' title="bbox 572 5651 1492 5739; baseline 0.008 -33"><span class='ocrx_word' id='word_1_699' title='bbox 572 5655 596 5693; x_wconf 77' lang='grc' dir='ltr'><strong>ιι</strong></span> <span class='ocrx_word' id='word_1_700' title='bbox 622 5651 714 5707; x_wconf 85' lang='lat' dir='ltr'><strong>Sic</strong></span> <span class='ocrx_word' id='word_1_701' title='bbox 735 5651 922 5739; x_wconf 61' lang='lat' dir='ltr'><strong>codex,</strong></span> <span class='ocrx_word' id='word_1_702' title='bbox 951 5657 1045 5712; x_wconf 82' lang='lat' dir='ltr'><strong>sed</strong></span> <span class='ocrx_word' id='word_1_703' title='bbox 1067 5657 1255 5713; x_wconf 74' lang='lat' dir='ltr'><strong>Teulet</strong></span> <span class='ocrx_word' id='word_1_704' title='bbox 1277 5658 1492 5726; x_wconf 72' lang='lat' dir='ltr'><strong>forata.</strong></span> 
     </span>
    </p>
   </div>
   <div class='ocr_carea' id='block_1_106' title="bbox 2171 4440 3750 4505">
    <p class='ocr_par' dir='ltr' id='par_1_106' title="bbox 2171 4440 3750 4505">
     <span class='ocr_line' id='line_1_108' title="bbox 2171 4440 3750 4505; baseline 0.001 -10"><span class='ocrx_word' id='word_1_705' title='bbox 2171 4440 2307 4496; x_wconf 88' lang='lat' dir='ltr'><strong>velle</strong></span> <span class='ocrx_word' id='word_1_706' title='bbox 2333 4442 2401 4496; x_wconf 89' lang='lat' dir='ltr'><strong>ad</strong></span> <span class='ocrx_word' id='word_1_707' title='bbox 2452 4441 2846 4499; x_wconf 79' lang='lat' dir='ltr'><strong>dedicationem</strong></span> <span class='ocrx_word' id='word_1_708' title='bbox 2904 4458 3056 4498; x_wconf 84' lang='lat' dir='ltr'><strong>novae</strong></span> <span class='ocrx_word' id='word_1_709' title='bbox 3078 4443 3336 4499; x_wconf 71' lang='lat' dir='ltr'><strong>basilica:</strong></span> <span class='ocrx_word' id='word_1_710' title='bbox 3384 4445 3750 4505; x_wconf 63' lang='lat' dir='ltr'><strong>vestraeseri—</strong></span> 
     </span>
    </p>
   </div>
   <div class='ocr_carea' id='block_1_107' title="bbox 2168 4529 3757 4600">
    <p class='ocr_par' dir='ltr' id='par_1_107' title="bbox 2168 4529 3757 4600">
     <span class='ocr_line' id='line_1_109' title="bbox 2168 4529 3757 4600; baseline 0.001 -16"><span class='ocrx_word' id='word_1_711' title='bbox 2168 4529 2373 4599; x_wconf 77' lang='lat' dir='ltr'><strong>psistis.</strong></span> <span class='ocrx_word' id='word_1_712' title='bbox 2411 4529 2478 4583; x_wconf 82' lang='lat' dir='ltr'><strong>Et</strong></span> <span class='ocrx_word' id='word_1_713' title='bbox 2535 4530 2753 4598; x_wconf 81' lang='lat' dir='ltr'><strong>quidem</strong></span> <span class='ocrx_word' id='word_1_714' title='bbox 2806 4530 3036 4585; x_wconf 82' lang='lat' dir='ltr'><strong>libenter</strong></span> <span class='ocrx_word' id='word_1_715' title='bbox 3086 4530 3140 4584; x_wconf 88' lang='lat' dir='ltr'><strong>id</strong></span> <span class='ocrx_word' id='word_1_716' title='bbox 3177 4530 3426 4590; x_wconf 79' lang='lat' dir='ltr'><strong>fecimus.</strong></span> <span class='ocrx_word' id='word_1_717' title='bbox 3454 4531 3549 4600; x_wconf 75' lang='lat' dir='ltr'><strong>qui</strong></span> <span class='ocrx_word' id='word_1_718' title='bbox 3584 4531 3757 4586; x_wconf 66' lang='lat' dir='ltr'><strong>tisicus</strong></span> 
     </span>
    </p>
   </div>
   <div class='ocr_carea' id='block_1_108' title="bbox 2062 4620 3753 4697">
    <p class='ocr_par' dir='ltr' id='par_1_108' title="bbox 2062 4620 3753 4697">
     <span class='ocr_line' id='line_1_110' title="bbox 2062 4620 3753 4697; baseline 0.001 -23"><span class='ocrx_word' id='word_1_719' title='bbox 2062 4632 2071 4637; x_wconf 80' lang='lat'><strong><em>‘</em></strong></span> <span class='ocrx_word' id='word_1_720' title='bbox 2171 4620 2424 4675; x_wconf 82' lang='lat' dir='ltr'><strong>ﬁduciam</strong></span> <span class='ocrx_word' id='word_1_721' title='bbox 2452 4621 2505 4674; x_wconf 90' lang='lat' dir='ltr'><strong>in</strong></span> <span class='ocrx_word' id='word_1_722' title='bbox 2536 4622 2689 4676; x_wconf 87' lang='lat' dir='ltr'><strong>vobis</strong></span> <span class='ocrx_word' id='word_1_723' title='bbox 2714 4621 2995 4687; x_wconf 87' lang='lat' dir='ltr'><strong>habemus,</strong></span> <span class='ocrx_word' id='word_1_724' title='bbox 3033 4630 3092 4676; x_wconf 89' lang='lat' dir='ltr'><strong>ut</strong></span> <span class='ocrx_word' id='word_1_725' title='bbox 3120 4624 3454 4697; x_wconf 66' lang='lat' dir='ltr'><strong>quaecunque</strong></span> <span class='ocrx_word' id='word_1_726' title='bbox 3478 4622 3753 4690; x_wconf 69' lang='lat' dir='ltr'><strong>particula</strong></span> 
     </span>
    </p>
   </div>
   <div class='ocr_carea' id='block_1_109' title="bbox 2248 4749 3744 4820">
    <p class='ocr_par' dir='ltr' id='par_1_109' title="bbox 2248 4749 3744 4820">
     <span class='ocr_line' id='line_1_111' title="bbox 2248 4749 3744 4820; baseline 0.001 -17"><span class='ocrx_word' id='word_1_727' title='bbox 2248 4753 2265 4791; x_wconf 72' lang='grc' dir='ltr'><strong>ί</strong></span> <span class='ocrx_word' id='word_1_728' title='bbox 2295 4750 2553 4804; x_wconf 71' lang='lat' dir='ltr'><strong>Deberem</strong></span> <span class='ocrx_word' id='word_1_729' title='bbox 2576 4751 2789 4820; x_wconf 85' lang='lat' dir='ltr'><strong>supplet</strong></span> <span class='ocrx_word' id='word_1_730' title='bbox 2814 4750 3095 4815; x_wconf 78' lang='lat' dir='ltr'><strong>Teulet,et</strong></span> <span class='ocrx_word' id='word_1_731' title='bbox 3116 4750 3292 4805; x_wconf 70' lang='lat' dir='ltr'><strong>codex</strong></span> <span class='ocrx_word' id='word_1_732' title='bbox 3314 4749 3420 4805; x_wconf 70' lang='lat' dir='ltr'><strong>fert</strong></span> <span class='ocrx_word' id='word_1_733' title='bbox 3442 4750 3744 4804; x_wconf 55' lang='lat' dir='ltr'><strong>debemur.</strong></span> 
     </span>
    </p>
   </div>
   <div class='ocr_carea' id='block_1_110' title="bbox 2176 4821 3709 4875">
    <p class='ocr_par' dir='ltr' id='par_1_110' title="bbox 2176 4821 3709 4875">
     <span class='ocr_line' id='line_1_112' title="bbox 2176 4821 3709 4875; baseline 0 -1"><span class='ocrx_word' id='word_1_734' title='bbox 2176 4821 2316 4875; x_wconf 83' lang='lat' dir='ltr'><strong>Editi</strong></span> <span class='ocrx_word' id='word_1_735' title='bbox 2340 4821 2481 4874; x_wconf 90' lang='lat' dir='ltr'><strong>hanc</strong></span> <span class='ocrx_word' id='word_1_736' title='bbox 2503 4836 2689 4875; x_wconf 83' lang='lat' dir='ltr'><strong>vocem</strong></span> <span class='ocrx_word' id='word_1_737' title='bbox 2716 4821 3032 4875; x_wconf 90' lang='lat' dir='ltr'><strong>omiserunt.</strong></span> <span class='ocrx_word' id='word_1_738' title='bbox 3692 4844 3709 4861; x_wconf 64' lang='grc' dir='ltr'><strong>ν</strong></span> 
     </span>
    </p>
   </div>
   <div class='ocr_carea' id='block_1_111' title="bbox 2247 4887 3748 4960">
    <p class='ocr_par' dir='ltr' id='par_1_111' title="bbox 2247 4887 3748 4960">
     <span class='ocr_line' id='line_1_113' title="bbox 2247 4887 3748 4960; baseline -0.001 -19"><span class='ocrx_word' id='word_1_739' title='bbox 2247 4890 2261 4941; x_wconf 85' lang='lat' dir='ltr'><strong>i</strong></span> <span class='ocrx_word' id='word_1_740' title='bbox 2309 4889 2439 4945; x_wconf 83' lang='lat' dir='ltr'><strong>Post</strong></span> <span class='ocrx_word' id='word_1_741' title='bbox 2462 4892 2528 4960; x_wconf 76' lang='lat' dir='ltr'><strong>D.</strong></span> <span class='ocrx_word' id='word_1_742' title='bbox 2587 4890 2946 4958; x_wconf 80' lang='lat' dir='ltr'><strong>Bouquetinm</strong></span> <span class='ocrx_word' id='word_1_743' title='bbox 3000 4895 3061 4944; x_wconf 82' lang='lat' dir='ltr'><strong>&#39;et</strong></span> <span class='ocrx_word' id='word_1_744' title='bbox 3108 4887 3301 4943; x_wconf 72' lang='lat' dir='ltr'><strong>Teulet</strong></span> <span class='ocrx_word' id='word_1_745' title='bbox 3347 4890 3416 4944; x_wconf 84' lang='lat' dir='ltr'><strong>ad</strong></span> <span class='ocrx_word' id='word_1_746' title='bbox 3462 4888 3748 4960; x_wconf 48' lang='lat' dir='ltr'><strong>ﬁtﬁt-ium</strong></span> 
     </span>
    </p>
   </div>
   <div class='ocr_carea' id='block_1_112' title="bbox 2172 4959 3751 5029">
    <p class='ocr_par' dir='ltr' id='par_1_112' title="bbox 2172 4959 3751 5029">
     <span class='ocr_line' id='line_1_114' title="bbox 2172 4959 3751 5029; baseline -0.001 -16"><span class='ocrx_word' id='word_1_747' title='bbox 2172 4959 2435 5014; x_wconf 65' lang='lat' dir='ltr'><strong>dilectam</strong></span> <span class='ocrx_word' id='word_1_748' title='bbox 2485 4959 2657 5016; x_wconf 81' lang='lat' dir='ltr'><strong>fuisse</strong></span> <span class='ocrx_word' id='word_1_749' title='bbox 2702 4960 2843 5013; x_wconf 86' lang='lat' dir='ltr'><strong>hanc</strong></span> <span class='ocrx_word' id='word_1_750' title='bbox 2880 4960 3174 5029; x_wconf 73' lang='lat' dir='ltr'><strong>epistolam</strong></span> <span class='ocrx_word' id='word_1_751' title='bbox 3208 4959 3555 5029; x_wconf 51' lang='lat' dir='ltr'><strong>mutavimus?</strong></span> <span class='ocrx_word' id='word_1_752' title='bbox 3588 4959 3751 5029; x_wconf 58' lang='lat' dir='ltr'><strong>Prior</strong></span> 
     </span>
    </p>
   </div>
   <div class='ocr_carea' id='block_1_113' title="bbox 2170 5024 3744 5083">
    <p class='ocr_par' dir='ltr' id='par_1_113' title="bbox 2170 5024 3744 5083">
     <span class='ocr_line' id='line_1_115' title="bbox 2170 5024 3744 5083; baseline -0.002 0"><span class='ocrx_word' id='word_1_753' title='bbox 2170 5030 2339 5083; x_wconf 85' lang='lat' dir='ltr'><strong>edidit</strong></span> <span class='ocrx_word' id='word_1_754' title='bbox 2386 5037 2447 5082; x_wconf 87' lang='lat' dir='ltr'><strong>ut</strong></span> <span class='ocrx_word' id='word_1_755' title='bbox 2496 5030 2663 5083; x_wconf 75' lang='lat' dir='ltr'><strong>codex</strong></span> <span class='ocrx_word' id='word_1_756' title='bbox 2722 5044 2825 5083; x_wconf 88' lang='lat' dir='ltr'><strong>ms.</strong></span> <span class='ocrx_word' id='word_1_757' title='bbox 2863 5024 3089 5083; x_wconf 65' lang='lat' dir='ltr'><strong>Dama</strong></span> <span class='ocrx_word' id='word_1_758' title='bbox 3153 5024 3333 5082; x_wconf 51' lang='lat' dir='ltr'><strong>sancto</strong></span> <span class='ocrx_word' id='word_1_759' title='bbox 3371 5028 3439 5081; x_wconf 72' lang='lat' dir='ltr'><strong>ll.</strong></span> <span class='ocrx_word' id='word_1_760' title='bbox 3468 5024 3540 5081; x_wconf 75' lang='lat' dir='ltr'><strong>Gz</strong></span> <span class='ocrx_word' id='word_1_761' title='bbox 3578 5028 3644 5081; x_wconf 71' lang='lat' dir='ltr'><strong>ﬂ.</strong></span> <span class='ocrx_word' id='word_1_762' title='bbox 3674 5027 3744 5080; x_wconf 74' lang='grc' dir='ltr'><strong>θ.</strong></span> 
     </span>
    </p>
   </div>
   <div class='ocr_carea' id='block_1_114' title="bbox 2170 5110 3375 5152">
    <p class='ocr_par' dir='ltr' id='par_1_114' title="bbox 2170 5110 3375 5152">
     <span class='ocr_line' id='line_1_116' title="bbox 2170 5110 3375 5152; baseline 0 -1"><span class='ocrx_word' id='word_1_763' title='bbox 2170 5114 2330 5152; x_wconf 61' lang='grc' dir='ltr'><strong>τινα.</strong></span> <span class='ocrx_word' id='word_1_764' title='bbox 3347 5110 3375 5129; x_wconf 64' lang='grc'><strong>““</strong></span> 
     </span>
    </p>
   </div>
   <div class='ocr_carea' id='block_1_115' title="bbox 2243 5165 3749 5235">
    <p class='ocr_par' dir='ltr' id='par_1_115' title="bbox 2243 5165 3749 5235">
     <span class='ocr_line' id='line_1_117' title="bbox 2243 5165 3749 5235; baseline -0.003 -13"><span class='ocrx_word' id='word_1_765' title='bbox 2243 5170 2270 5208; x_wconf 75' lang='grc' dir='ltr'><strong>ιι</strong></span> <span class='ocrx_word' id='word_1_766' title='bbox 2296 5168 2548 5222; x_wconf 72' lang='lat' dir='ltr'><strong>Fortasse</strong></span> <span class='ocrx_word' id='word_1_767' title='bbox 2594 5167 2686 5221; x_wconf 88' lang='lat' dir='ltr'><strong>ille</strong></span> <span class='ocrx_word' id='word_1_768' title='bbox 2710 5175 2796 5222; x_wconf 84' lang='lat' dir='ltr'><strong>est</strong></span> <span class='ocrx_word' id='word_1_769' title='bbox 2833 5165 3119 5228; x_wconf 72' lang='lat' dir='ltr'><strong>Gibulms,</strong></span> <span class='ocrx_word' id='word_1_770' title='bbox 3167 5166 3257 5235; x_wconf 86' lang='lat' dir='ltr'><strong>qui</strong></span> <span class='ocrx_word' id='word_1_771' title='bbox 3286 5181 3352 5219; x_wconf 77' lang='lat' dir='ltr'><strong>ex</strong></span> <span class='ocrx_word' id='word_1_772' title='bbox 3387 5167 3593 5221; x_wconf 75' lang='lat' dir='ltr'><strong>cernite</strong></span> <span class='ocrx_word' id='word_1_773' title='bbox 3634 5180 3749 5219; x_wconf 57' lang='lat' dir='ltr'><strong>mo-</strong></span> 
     </span>
    </p>
   </div>
   <div class='ocr_carea' id='block_1_116' title="bbox 2171 5235 3649 5292">
    <p class='ocr_par' dir='ltr' id='par_1_116' title="bbox 2171 5235 3649 5292">
     <span class='ocr_line' id='line_1_118' title="bbox 2171 5235 3649 5292; baseline -0.001 -1"><span class='ocrx_word' id='word_1_774' title='bbox 2171 5239 2403 5292; x_wconf 89' lang='lat' dir='ltr'><strong>nachum</strong></span> <span class='ocrx_word' id='word_1_775' title='bbox 2430 5237 2602 5290; x_wconf 89' lang='lat' dir='ltr'><strong>induit</strong></span> <span class='ocrx_word' id='word_1_776' title='bbox 2626 5238 2676 5290; x_wconf 88' lang='lat' dir='ltr'><strong>in</strong></span> <span class='ocrx_word' id='word_1_777' title='bbox 2706 5237 3000 5291; x_wconf 80' lang='lat' dir='ltr'><strong>Rhemensi</strong></span> <span class='ocrx_word' id='word_1_778' title='bbox 3026 5236 3083 5290; x_wconf 89' lang='lat' dir='ltr'><strong>S.</strong></span> <span class='ocrx_word' id='word_1_779' title='bbox 3114 5236 3348 5292; x_wconf 78' lang='lat' dir='ltr'><strong>Remittii</strong></span> <span class='ocrx_word' id='word_1_780' title='bbox 3376 5235 3649 5291; x_wconf 74' lang='lat' dir='ltr'><strong>cmnobio.</strong></span> 
     </span>
    </p>
   </div>
   <div class='ocr_carea' id='block_1_117' title="bbox 2245 5304 2800 5370">
    <p class='ocr_par' dir='ltr' id='par_1_117' title="bbox 2245 5304 2800 5370">
     <span class='ocr_line' id='line_1_119' title="bbox 2245 5304 2800 5370; baseline 0 -10"><span class='ocrx_word' id='word_1_781' title='bbox 2245 5307 2263 5347; x_wconf 69' lang='grc' dir='ltr'><strong><em>ι</em></strong></span> <span class='ocrx_word' id='word_1_782' title='bbox 2305 5304 2483 5370; x_wconf 75' lang='lat' dir='ltr'><strong>Tulet,</strong></span> <span class='ocrx_word' id='word_1_783' title='bbox 2510 5304 2800 5360; x_wconf 64' lang='lat' dir='ltr'><strong>Hlotharii.</strong></span> 
     </span>
    </p>
   </div>
   <div class='ocr_carea' id='block_1_118' title="bbox 2240 5375 3753 5433">
    <p class='ocr_par' dir='ltr' id='par_1_118' title="bbox 2240 5375 3753 5433">
     <span class='ocr_line' id='line_1_120' title="bbox 2240 5375 3753 5433; baseline -0.002 -2"><span class='ocrx_word' id='word_1_784' title='bbox 2240 5388 2278 5419; x_wconf 78' lang='grc' dir='ltr'>ω</span> <span class='ocrx_word' id='word_1_785' title='bbox 2305 5376 2445 5431; x_wconf 81' lang='lat' dir='ltr'><strong>Hetti</strong></span> <span class='ocrx_word' id='word_1_786' title='bbox 2466 5391 2530 5429; x_wconf 83' lang='lat' dir='ltr'><strong>ex</strong></span> <span class='ocrx_word' id='word_1_787' title='bbox 2554 5378 2750 5431; x_wconf 78' lang='lat' dir='ltr'><strong>abbate</strong></span> <span class='ocrx_word' id='word_1_788' title='bbox 2778 5376 3157 5433; x_wconf 72' lang='lat' dir='ltr'><strong>Mediolanensi</strong></span> <span class='ocrx_word' id='word_1_789' title='bbox 3182 5375 3356 5432; x_wconf 85' lang='lat' dir='ltr'><strong>factus</strong></span> <span class='ocrx_word' id='word_1_790' title='bbox 3381 5384 3468 5431; x_wconf 86' lang='lat' dir='ltr'><strong>est</strong></span> <span class='ocrx_word' id='word_1_791' title='bbox 3498 5375 3753 5429; x_wconf 60' lang='grc' dir='ltr'><strong>Ῥηγίνου</strong></span> 
     </span>
    </p>
   </div>
   <div class='ocr_carea' id='block_1_119' title="bbox 2171 5446 3751 5515">
    <p class='ocr_par' dir='ltr' id='par_1_119' title="bbox 2171 5446 3751 5515">
     <span class='ocr_line' id='line_1_121' title="bbox 2171 5446 3751 5515; baseline -0.003 -15"><span class='ocrx_word' id='word_1_792' title='bbox 2171 5462 2290 5500; x_wconf 91' lang='lat' dir='ltr'><strong>rum</strong></span> <span class='ocrx_word' id='word_1_793' title='bbox 2317 5446 2545 5499; x_wconf 84' lang='lat' dir='ltr'><strong>antistes</strong></span> <span class='ocrx_word' id='word_1_794' title='bbox 2580 5461 2722 5499; x_wconf 86' lang='lat' dir='ltr'><strong>anno</strong></span> <span class='ocrx_word' id='word_1_795' title='bbox 2752 5446 2874 5501; x_wconf 73' lang='lat' dir='ltr'><strong>8M.</strong></span> <span class='ocrx_word' id='word_1_796' title='bbox 2906 5446 3243 5501; x_wconf 83' lang='lat' dir='ltr'><strong>Mablllonius</strong></span> <span class='ocrx_word' id='word_1_797' title='bbox 3275 5447 3369 5515; x_wconf 75' lang='lat' dir='ltr'><strong>qui</strong></span> <span class='ocrx_word' id='word_1_798' title='bbox 3412 5446 3553 5515; x_wconf 85' lang='lat' dir='ltr'><strong>libro</strong></span> <span class='ocrx_word' id='word_1_799' title='bbox 3578 5459 3751 5498; x_wconf 75' lang='lat' dir='ltr'><strong>xum</strong></span> 
     </span>
    </p>
   </div>
   <div class='ocr_carea' id='block_1_120' title="bbox 2168 5514 3749 5583">
    <p class='ocr_par' dir='ltr' id='par_1_120' title="bbox 2168 5514 3749 5583">
     <span class='ocr_line' id='line_1_122' title="bbox 2168 5514 3749 5583; baseline -0.003 -13"><span class='ocrx_word' id='word_1_800' title='bbox 2168 5515 2362 5570; x_wconf 76' lang='lat' dir='ltr'><strong>Annal.</strong></span> <span class='ocrx_word' id='word_1_801' title='bbox 2403 5515 2623 5577; x_wconf 86' lang='lat' dir='ltr'><strong>Bened.,</strong></span> <span class='ocrx_word' id='word_1_802' title='bbox 2654 5530 2802 5569; x_wconf 77' lang='lat' dir='ltr'><strong>num.</strong></span> <span class='ocrx_word' id='word_1_803' title='bbox 2835 5515 2927 5581; x_wconf 83' lang='lat'><strong>60,</strong></span> <span class='ocrx_word' id='word_1_804' title='bbox 2976 5517 3028 5569; x_wconf 88' lang='lat' dir='ltr'><strong>in</strong></span> <span class='ocrx_word' id='word_1_805' title='bbox 3071 5531 3213 5570; x_wconf 81' lang='lat' dir='ltr'><strong>anno</strong></span> <span class='ocrx_word' id='word_1_806' title='bbox 3262 5514 3366 5571; x_wconf 52' lang='lat'><strong>8&amp;7</strong></span> <span class='ocrx_word' id='word_1_807' title='bbox 3394 5514 3517 5583; x_wconf 74' lang='lat' dir='ltr'><strong>ejus</strong></span> <span class='ocrx_word' id='word_1_808' title='bbox 3534 5515 3749 5568; x_wconf 78' lang='lat' dir='ltr'><strong>obitum</strong></span> 
     </span>
    </p>
   </div>
   <div class='ocr_carea' id='block_1_121' title="bbox 2169 5585 3746 5712">
    <p class='ocr_par' dir='ltr' id='par_1_121' title="bbox 2169 5585 3746 5712">
     <span class='ocr_line' id='line_1_123' title="bbox 2169 5585 3746 5712; baseline -0.002 -73"><span class='ocrx_word' id='word_1_809' title='bbox 2169 5585 2415 5712; x_wconf 54' lang='lat' dir='ltr'><strong>collocgts,</strong></span> <span class='ocrx_word' id='word_1_810' title='bbox 2438 5585 2590 5640; x_wconf 90' lang='lat' dir='ltr'><strong>illum</strong></span> <span class='ocrx_word' id='word_1_811' title='bbox 2608 5585 2785 5641; x_wconf 80' lang='lat' dir='ltr'><strong>dill&#39;ert</strong></span> <span class='ocrx_word' id='word_1_812' title='bbox 2808 5600 2977 5656; x_wconf 81' lang='lat' dir='ltr'><strong>usque</strong></span> <span class='ocrx_word' id='word_1_813' title='bbox 2995 5587 3063 5642; x_wconf 79' lang='lat' dir='ltr'><strong>ad</strong></span> <span class='ocrx_word' id='word_1_814' title='bbox 3075 5587 3386 5643; x_wconf 68' lang='lat' dir='ltr'><strong>armumBSI</strong></span> <span class='ocrx_word' id='word_1_815' title='bbox 3401 5626 3415 5651; x_wconf 93' lang='lat'><strong>,</strong></span> <span class='ocrx_word' id='word_1_816' title='bbox 3442 5585 3536 5639; x_wconf 87' lang='lat' dir='ltr'><strong>lib.</strong></span> <span class='ocrx_word' id='word_1_817' title='bbox 3556 5599 3746 5651; x_wconf 66' lang='lat' dir='ltr'><strong>xxxiv,</strong></span> 
     </span>
     <span class='ocr_line' id='line_1_124' title="bbox 2171 5670 3601 5711; baseline -0.003 -2"><span class='ocrx_word' id='word_1_818' title='bbox 2171 5670 2318 5711; x_wconf 80' lang='lat' dir='ltr'><strong>num.</strong></span> <span class='ocrx_word' id='word_1_819' title='bbox 2418 5695 2431 5708; x_wconf 95' lang='lat'><strong>.</strong></span> <span class='ocrx_word' id='word_1_820' title='bbox 3594 5696 3601 5705; x_wconf 87' lang='lat'><strong>.</strong></span> 
     </span>
    </p>
   </div>
   <div class='ocr_carea' id='block_1_122' title="bbox 2171 5670 2431 5711">
    <p class='ocr_par' dir='ltr' id='par_1_122' title="bbox 2171 5670 2431 5711">
     <span class='ocr_line' id='line_1_125' title="bbox 2171 5670 2431 5711; baseline -0.004 -2"><span class='ocrx_word' id='word_1_821' title='bbox 2171 5670 2318 5711; x_wconf 79' lang='lat' dir='ltr'><strong>num.</strong></span> <span class='ocrx_word' id='word_1_822' title='bbox 2345 5670 2431 5711; x_wconf 76' lang='lat' dir='ltr'><strong>an.</strong></span> 
     </span>
    </p>
   </div>
  </div>
