  <div class='ocr_page' id='page_1' title='image "/cluster/home/n/w/nwhite01/storage/ocr_20150623/104/hvd.32044052819794/262.png"; bbox 0 0 3976 6170; ppageno 0'>
   <div class='ocr_carea' id='block_1_1' title="bbox 303 341 317 369">
    <p class='ocr_par' dir='ltr' id='par_1_1' title="bbox 303 341 317 369">
     <span class='ocr_line' id='line_1_1' title="bbox 303 341 317 369; baseline 0 0"><span class='ocrx_word' id='word_1_1' title='bbox 303 341 317 369; x_wconf 69' lang='grc' dir='ltr'><strong>Ρ</strong></span> 
     </span>
    </p>
   </div>
   <div class='ocr_carea' id='block_1_2' title="bbox 301 328 1852 396">
    <p class='ocr_par' dir='ltr' id='par_1_2' title="bbox 301 330 1852 396">
     <span class='ocr_line' id='line_1_2' title="bbox 301 330 1852 396; baseline -0.006 -2"><span class='ocrx_word' id='word_1_2' title='bbox 301 341 396 396; x_wconf 67' lang='lat'><strong>515</strong></span> <span class='ocrx_word' id='word_1_3' title='bbox 1412 366 1415 377; x_wconf 82' lang='grc' dir='ltr'><strong>ι</strong></span> <span class='ocrx_word' id='word_1_4' title='bbox 1746 330 1852 386; x_wconf 71' lang='lat' dir='ltr'><strong>EN</strong></span> 
     </span>
    </p>
   </div>
   <div class='ocr_carea' id='block_1_3' title="bbox 1959 328 2171 396">
    <p class='ocr_par' dir='ltr' id='par_1_3' title="bbox 1959 328 2171 385">
     <span class='ocr_line' id='line_1_3' title="bbox 1959 328 2171 385; baseline 0 0"><span class='ocrx_word' id='word_1_5' title='bbox 1959 328 2126 385; x_wconf 73' lang='lat' dir='ltr'><strong>)L/E.</strong></span> <span class='ocrx_word' id='word_1_6' title='bbox 2168 348 2171 349; x_wconf 68' lang='lat'><strong><em>&#39;</em></strong></span> 
     </span>
    </p>
   </div>
   <div class='ocr_carea' id='block_1_4' title="bbox 3448 332 3545 390">
    <p class='ocr_par' dir='ltr' id='par_1_4' title="bbox 3448 332 3545 390">
     <span class='ocr_line' id='line_1_4' title="bbox 3448 332 3545 390; baseline -0.041 0"><span class='ocrx_word' id='word_1_7' title='bbox 3448 332 3545 390; x_wconf 63' lang='grc' dir='ltr'><strong>διε</strong></span> 
     </span>
    </p>
   </div>
   <div class='ocr_carea' id='block_1_5' title="bbox 295 442 3550 523">
    <p class='ocr_par' dir='ltr' id='par_1_5' title="bbox 295 442 3550 523">
     <span class='ocr_line' id='line_1_5' title="bbox 295 442 3550 523; baseline -0.002 -13"><span class='ocrx_word' id='word_1_8' title='bbox 295 458 359 510; x_wconf 90' lang='lat' dir='ltr'><strong>de</strong></span> <span class='ocrx_word' id='word_1_9' title='bbox 386 452 560 508; x_wconf 86' lang='lat' dir='ltr'><strong>sacris</strong></span> <span class='ocrx_word' id='word_1_10' title='bbox 595 453 880 508; x_wconf 90' lang='lat' dir='ltr'><strong>beatorum</strong></span> <span class='ocrx_word' id='word_1_11' title='bbox 905 460 1203 523; x_wconf 81' lang='lat' dir='ltr'><strong>martyrum</strong></span> <span class='ocrx_word' id='word_1_12' title='bbox 1241 448 1513 507; x_wconf 84' lang='lat' dir='ltr'><strong>cineribus</strong></span> <span class='ocrx_word' id='word_1_13' title='bbox 1538 451 1606 504; x_wconf 90' lang='lat' dir='ltr'><strong>ad</strong></span> <span class='ocrx_word' id='word_1_14' title='bbox 1625 464 1722 504; x_wconf 90' lang='lat' dir='ltr'><strong>vos</strong></span> <span class='ocrx_word' id='word_1_15' title='bbox 1750 462 1873 518; x_wconf 84' lang='lat' dir='ltr'><strong>per—</strong></span> <span class='ocrx_word' id='word_1_16' title='bbox 1900 445 1950 506; x_wconf 76' lang='grc' dir='ltr'>Α</span> <span class='ocrx_word' id='word_1_17' title='bbox 1977 444 2282 502; x_wconf 83' lang='lat' dir='ltr'><strong>faciendum</strong></span> <span class='ocrx_word' id='word_1_18' title='bbox 2323 445 2389 501; x_wconf 90' lang='lat' dir='ltr'><strong>de</strong></span> <span class='ocrx_word' id='word_1_19' title='bbox 2415 461 2523 500; x_wconf 92' lang='lat' dir='ltr'><strong>uno</strong></span> <span class='ocrx_word' id='word_1_20' title='bbox 2551 444 2771 500; x_wconf 77' lang='lat' dir='ltr'><strong>illorum</strong></span> <span class='ocrx_word' id='word_1_21' title='bbox 2796 442 3011 499; x_wconf 80' lang='lat' dir='ltr'><strong>dlﬂlcile</strong></span> <span class='ocrx_word' id='word_1_22' title='bbox 3037 455 3139 511; x_wconf 89' lang='lat' dir='ltr'><strong>est,</strong></span> <span class='ocrx_word' id='word_1_23' title='bbox 3173 448 3225 503; x_wconf 90' lang='lat' dir='ltr'><strong>id</strong></span> <span class='ocrx_word' id='word_1_24' title='bbox 3254 458 3355 513; x_wconf 91' lang='lat' dir='ltr'><strong>est,</strong></span> <span class='ocrx_word' id='word_1_25' title='bbox 3389 449 3550 504; x_wconf 84' lang='lat' dir='ltr'><strong>femi-</strong></span> 
     </span>
    </p>
   </div>
   <div class='ocr_carea' id='block_1_6' title="bbox 293 540 1870 611">
    <p class='ocr_par' dir='ltr' id='par_1_6' title="bbox 293 540 1870 611">
     <span class='ocr_line' id='line_1_6' title="bbox 293 540 1870 611; baseline -0.005 -12"><span class='ocrx_word' id='word_1_26' title='bbox 293 545 518 607; x_wconf 87' lang='lat' dir='ltr'><strong>venerit,</strong></span> <span class='ocrx_word' id='word_1_27' title='bbox 549 542 674 597; x_wconf 90' lang='lat' dir='ltr'><strong>talis</strong></span> <span class='ocrx_word' id='word_1_28' title='bbox 706 542 754 597; x_wconf 90' lang='lat' dir='ltr'><strong>ei</strong></span> <span class='ocrx_word' id='word_1_29' title='bbox 787 542 960 596; x_wconf 81' lang='lat' dir='ltr'><strong>honor</strong></span> <span class='ocrx_word' id='word_1_30' title='bbox 1004 542 1341 607; x_wconf 82' lang='lat' dir='ltr'><strong>exhibeatur,</strong></span> <span class='ocrx_word' id='word_1_31' title='bbox 1379 541 1595 611; x_wconf 89' lang='lat' dir='ltr'><strong>qualem</strong></span> <span class='ocrx_word' id='word_1_32' title='bbox 1625 540 1753 593; x_wconf 88' lang='lat' dir='ltr'><strong>totis</strong></span> <span class='ocrx_word' id='word_1_33' title='bbox 1779 552 1870 592; x_wconf 84' lang='lat' dir='ltr'><strong>eo-</strong></span> 
     </span>
    </p>
   </div>
   <div class='ocr_carea' id='block_1_7' title="bbox 294 622 1869 701">
    <p class='ocr_par' dir='ltr' id='par_1_7' title="bbox 294 622 1869 701">
     <span class='ocr_line' id='line_1_7' title="bbox 294 622 1869 701; baseline -0.006 -14"><span class='ocrx_word' id='word_1_34' title='bbox 294 648 410 687; x_wconf 86' lang='lat' dir='ltr'><strong>rum</strong></span> <span class='ocrx_word' id='word_1_35' title='bbox 436 630 758 701; x_wconf 82' lang='lat' dir='ltr'><strong>corporibus</strong></span> <span class='ocrx_word' id='word_1_36' title='bbox 785 622 1045 684; x_wconf 82' lang='lat' dir='ltr'><strong>exhibere</strong></span> <span class='ocrx_word' id='word_1_37' title='bbox 1087 628 1467 691; x_wconf 84' lang='lat' dir='ltr'><strong>debueramus,</strong></span> <span class='ocrx_word' id='word_1_38' title='bbox 1521 628 1623 682; x_wconf 85' lang='lat' dir='ltr'><strong>nisi</strong></span> <span class='ocrx_word' id='word_1_39' title='bbox 1665 625 1869 681; x_wconf 80' lang='lat' dir='ltr'><strong>desidia</strong></span> 
     </span>
    </p>
   </div>
   <div class='ocr_carea' id='block_1_8' title="bbox 292 715 1899 807">
    <p class='ocr_par' dir='ltr' id='par_1_8' title="bbox 292 715 1899 807">
     <span class='ocr_line' id='line_1_8' title="bbox 292 715 1899 807; baseline -0.006 -27"><span class='ocrx_word' id='word_1_40' title='bbox 292 734 343 780; x_wconf 88' lang='lat' dir='ltr'><strong>et</strong></span> <span class='ocrx_word' id='word_1_41' title='bbox 369 723 695 794; x_wconf 76' lang='lat' dir='ltr'><strong>negligentia</strong></span> <span class='ocrx_word' id='word_1_42' title='bbox 719 737 751 776; x_wconf 91' lang='lat' dir='ltr'><strong>a</strong></span> <span class='ocrx_word' id='word_1_43' title='bbox 781 721 962 797; x_wconf 85' lang='lat' dir='ltr'><strong>debito</strong></span> <span class='ocrx_word' id='word_1_44' title='bbox 989 720 1094 777; x_wconf 84' lang='lat' dir='ltr'><strong>illis</strong></span> <span class='ocrx_word' id='word_1_45' title='bbox 1124 720 1326 775; x_wconf 89' lang='lat' dir='ltr'><strong>honore</strong></span> <span class='ocrx_word' id='word_1_46' title='bbox 1358 719 1677 789; x_wconf 87' lang='lat' dir='ltr'><strong>retardaret.</strong></span> <span class='ocrx_word' id='word_1_47' title='bbox 1716 715 1899 807; x_wconf 37' lang='lat' dir='ltr'><strong>Quod.</strong></span> 
     </span>
    </p>
   </div>
   <div class='ocr_carea' id='block_1_9' title="bbox 291 804 1870 885">
    <p class='ocr_par' dir='ltr' id='par_1_9' title="bbox 291 804 1870 885">
     <span class='ocr_line' id='line_1_9' title="bbox 291 804 1870 885; baseline -0.009 -13"><span class='ocrx_word' id='word_1_48' title='bbox 291 826 466 872; x_wconf 87' lang='lat' dir='ltr'><strong>autem</strong></span> <span class='ocrx_word' id='word_1_49' title='bbox 505 830 606 885; x_wconf 89' lang='lat' dir='ltr'><strong>per</strong></span> <span class='ocrx_word' id='word_1_50' title='bbox 631 829 732 868; x_wconf 90' lang='lat' dir='ltr'><strong>nos</strong></span> <span class='ocrx_word' id='word_1_51' title='bbox 764 827 1091 881; x_wconf 84' lang='lat' dir='ltr'><strong>cognoscere</strong></span> <span class='ocrx_word' id='word_1_52' title='bbox 1137 808 1404 874; x_wconf 79' lang='lat' dir='ltr'><strong>voluistis,</strong></span> <span class='ocrx_word' id='word_1_53' title='bbox 1433 809 1653 862; x_wconf 90' lang='lat' dir='ltr'><strong>minime</strong></span> <span class='ocrx_word' id='word_1_54' title='bbox 1683 823 1777 860; x_wconf 90' lang='lat' dir='ltr'><strong>vos</strong></span> <span class='ocrx_word' id='word_1_55' title='bbox 1802 804 1870 859; x_wconf 93' lang='lat' dir='ltr'><strong>de</strong></span> 
     </span>
    </p>
   </div>
   <div class='ocr_carea' id='block_1_10' title="bbox 290 895 1870 970">
    <p class='ocr_par' dir='ltr' id='par_1_10' title="bbox 290 895 1870 970">
     <span class='ocr_line' id='line_1_10' title="bbox 290 895 1870 970; baseline -0.008 -9"><span class='ocrx_word' id='word_1_56' title='bbox 290 908 369 961; x_wconf 87' lang='lat' dir='ltr'><strong>his</strong></span> <span class='ocrx_word' id='word_1_57' title='bbox 393 906 664 960; x_wconf 72' lang='lat' dir='ltr'><strong>certiores</strong></span> <span class='ocrx_word' id='word_1_58' title='bbox 710 898 934 957; x_wconf 78' lang='lat' dir='ltr'><strong>reddere</strong></span> <span class='ocrx_word' id='word_1_59' title='bbox 965 901 1227 963; x_wconf 90' lang='lat' dir='ltr'><strong>valemus,</strong></span> <span class='ocrx_word' id='word_1_60' title='bbox 1269 901 1394 970; x_wconf 93' lang='lat' dir='ltr'><strong>quia</strong></span> <span class='ocrx_word' id='word_1_61' title='bbox 1421 915 1560 970; x_wconf 87' lang='lat' dir='ltr'><strong>pene</strong></span> <span class='ocrx_word' id='word_1_62' title='bbox 1583 897 1718 952; x_wconf 84' lang='lat' dir='ltr'><strong>nihil</strong></span> <span class='ocrx_word' id='word_1_63' title='bbox 1744 895 1870 950; x_wconf 89' lang='lat' dir='ltr'><strong>inde</strong></span> 
     </span>
    </p>
   </div>
   <div class='ocr_carea' id='block_1_11' title="bbox 288 989 1868 1059">
    <p class='ocr_par' dir='ltr' id='par_1_11' title="bbox 288 989 1868 1059">
     <span class='ocr_line' id='line_1_11' title="bbox 288 989 1868 1059; baseline -0.007 -9"><span class='ocrx_word' id='word_1_64' title='bbox 288 996 348 1050; x_wconf 87' lang='lat' dir='ltr'><strong>ad</strong></span> <span class='ocrx_word' id='word_1_65' title='bbox 375 1006 619 1049; x_wconf 81' lang='lat' dir='ltr'><strong>nostram</strong></span> <span class='ocrx_word' id='word_1_66' title='bbox 662 992 910 1046; x_wconf 76' lang='lat' dir='ltr'><strong>notitiam</strong></span> <span class='ocrx_word' id='word_1_67' title='bbox 964 990 1149 1045; x_wconf 85' lang='lat' dir='ltr'><strong>scietis</strong></span> <span class='ocrx_word' id='word_1_68' title='bbox 1187 989 1498 1059; x_wconf 79' lang='lat' dir='ltr'><strong>pervenire;</strong></span> <span class='ocrx_word' id='word_1_69' title='bbox 1558 1003 1732 1057; x_wconf 89' lang='lat' dir='ltr'><strong>neque</strong></span> <span class='ocrx_word' id='word_1_70' title='bbox 1769 1001 1868 1040; x_wconf 91' lang='lat' dir='ltr'><strong>nos</strong></span> 
     </span>
    </p>
   </div>
   <div class='ocr_carea' id='block_1_12' title="bbox 286 1075 1868 1155">
    <p class='ocr_par' dir='ltr' id='par_1_12' title="bbox 286 1075 1868 1155">
     <span class='ocr_line' id='line_1_12' title="bbox 286 1075 1868 1155; baseline -0.006 -17"><span class='ocrx_word' id='word_1_71' title='bbox 286 1085 348 1138; x_wconf 91' lang='lat' dir='ltr'><strong>de</strong></span> <span class='ocrx_word' id='word_1_72' title='bbox 375 1084 463 1155; x_wconf 83' lang='lat' dir='ltr'><strong>his</strong></span> <span class='ocrx_word' id='word_1_73' title='bbox 513 1096 838 1153; x_wconf 79' lang='lat' dir='ltr'><strong>magnopere</strong></span> <span class='ocrx_word' id='word_1_74' title='bbox 867 1079 1064 1134; x_wconf 89' lang='lat' dir='ltr'><strong>curiosi</strong></span> <span class='ocrx_word' id='word_1_75' title='bbox 1110 1093 1297 1132; x_wconf 89' lang='lat' dir='ltr'><strong>sumus</strong></span> <span class='ocrx_word' id='word_1_76' title='bbox 1338 1077 1404 1132; x_wconf 91' lang='lat' dir='ltr'><strong>de</strong></span> <span class='ocrx_word' id='word_1_77' title='bbox 1430 1094 1660 1147; x_wconf 89' lang='lat' dir='ltr'><strong>quorum</strong></span> <span class='ocrx_word' id='word_1_78' title='bbox 1687 1075 1868 1148; x_wconf 85' lang='lat' dir='ltr'><strong>cogni-</strong></span> 
     </span>
    </p>
   </div>
   <div class='ocr_carea' id='block_1_13' title="bbox 286 1158 1866 1238">
    <p class='ocr_par' dir='ltr' id='par_1_13' title="bbox 286 1158 1866 1238">
     <span class='ocr_line' id='line_1_13' title="bbox 286 1158 1866 1238; baseline -0.004 -12"><span class='ocrx_word' id='word_1_79' title='bbox 286 1173 429 1227; x_wconf 88' lang='lat' dir='ltr'><strong>tione</strong></span> <span class='ocrx_word' id='word_1_80' title='bbox 458 1173 661 1227; x_wconf 89' lang='lat' dir='ltr'><strong>nullam</strong></span> <span class='ocrx_word' id='word_1_81' title='bbox 690 1171 977 1226; x_wconf 83' lang='lat' dir='ltr'><strong>utilitatem</strong></span> <span class='ocrx_word' id='word_1_82' title='bbox 1021 1179 1075 1223; x_wconf 90' lang='lat' dir='ltr'><strong>et</strong></span> <span class='ocrx_word' id='word_1_83' title='bbox 1115 1185 1337 1238; x_wconf 85' lang='lat' dir='ltr'><strong>parvam</strong></span> <span class='ocrx_word' id='word_1_84' title='bbox 1366 1169 1691 1238; x_wconf 83' lang='lat' dir='ltr'><strong>percipimus</strong></span> <span class='ocrx_word' id='word_1_85' title='bbox 1719 1158 1866 1220; x_wconf 83' lang='lat' dir='ltr'><strong>volu-</strong></span> 
     </span>
    </p>
   </div>
   <div class='ocr_carea' id='block_1_14' title="bbox 284 1259 1866 1333">
    <p class='ocr_par' dir='ltr' id='par_1_14' title="bbox 284 1259 1866 1333">
     <span class='ocr_line' id='line_1_14' title="bbox 284 1259 1866 1333; baseline -0.001 -19"><span class='ocrx_word' id='word_1_86' title='bbox 284 1272 506 1333; x_wconf 80' lang='lat' dir='ltr'><strong>ptatem.</strong></span> <span class='ocrx_word' id='word_1_87' title='bbox 537 1261 799 1331; x_wconf 84' lang='lat' dir='ltr'><strong>Optamus</strong></span> <span class='ocrx_word' id='word_1_88' title='bbox 820 1261 1162 1315; x_wconf 83' lang='lat' dir='ltr'><strong>sanctitatem</strong></span> <span class='ocrx_word' id='word_1_89' title='bbox 1186 1268 1444 1323; x_wconf 81' lang='lat' dir='ltr'><strong>vestram,</strong></span> <span class='ocrx_word' id='word_1_90' title='bbox 1477 1268 1677 1313; x_wconf 59' lang='lat' dir='ltr'><strong>nostra:</strong></span> <span class='ocrx_word' id='word_1_91' title='bbox 1704 1259 1866 1312; x_wconf 85' lang='lat' dir='ltr'><strong>imbe-</strong></span> 
     </span>
    </p>
   </div>
   <div class='ocr_carea' id='block_1_15' title="bbox 283 1348 1860 1420">
    <p class='ocr_par' dir='ltr' id='par_1_15' title="bbox 283 1348 1860 1420">
     <span class='ocr_line' id='line_1_15' title="bbox 283 1348 1860 1420; baseline -0.003 -12"><span class='ocrx_word' id='word_1_92' title='bbox 283 1353 518 1408; x_wconf 90' lang='lat' dir='ltr'><strong>cillitatis</strong></span> <span class='ocrx_word' id='word_1_93' title='bbox 542 1366 856 1414; x_wconf 89' lang='lat' dir='ltr'><strong>memorem,</strong></span> <span class='ocrx_word' id='word_1_94' title='bbox 891 1351 943 1405; x_wconf 92' lang='lat' dir='ltr'><strong>in</strong></span> <span class='ocrx_word' id='word_1_95' title='bbox 974 1348 1192 1405; x_wconf 86' lang='lat' dir='ltr'><strong>Christo</strong></span> <span class='ocrx_word' id='word_1_96' title='bbox 1251 1365 1466 1420; x_wconf 86' lang='lat' dir='ltr'><strong>semper</strong></span> <span class='ocrx_word' id='word_1_97' title='bbox 1500 1350 1638 1405; x_wconf 88' lang='lat' dir='ltr'><strong>bene</strong></span> <span class='ocrx_word' id='word_1_98' title='bbox 1662 1350 1860 1413; x_wconf 89' lang='lat' dir='ltr'><strong>valere,</strong></span> 
     </span>
    </p>
   </div>
   <div class='ocr_carea' id='block_1_16' title="bbox 282 1440 1383 1509">
    <p class='ocr_par' dir='ltr' id='par_1_16' title="bbox 282 1440 1383 1509">
     <span class='ocr_line' id='line_1_16' title="bbox 282 1440 1383 1509; baseline -0.003 -13"><span class='ocrx_word' id='word_1_99' title='bbox 282 1442 622 1497; x_wconf 77' lang='lat' dir='ltr'><strong>sanctiSsime</strong></span> <span class='ocrx_word' id='word_1_100' title='bbox 655 1450 711 1495; x_wconf 91' lang='lat' dir='ltr'><strong>et</strong></span> <span class='ocrx_word' id='word_1_101' title='bbox 736 1440 1179 1496; x_wconf 86' lang='lat' dir='ltr'><strong>reverentissime</strong></span> <span class='ocrx_word' id='word_1_102' title='bbox 1208 1448 1383 1509; x_wconf 90' lang='lat' dir='ltr'><strong>pater.</strong></span> 
     </span>
    </p>
   </div>
   <div class='ocr_carea' id='block_1_17' title="bbox 844 1550 1296 1607">
    <p class='ocr_par' dir='ltr' id='par_1_17' title="bbox 844 1550 1296 1607">
     <span class='ocr_line' id='line_1_17' title="bbox 844 1550 1296 1607; baseline -0.007 0"><span class='ocrx_word' id='word_1_103' title='bbox 844 1550 1176 1607; x_wconf 77' lang='lat' dir='ltr'><strong>EPISTOLA</strong></span> <span class='ocrx_word' id='word_1_104' title='bbox 1202 1550 1296 1605; x_wconf 84' lang='lat' dir='ltr'><strong>Xl.</strong></span> 
     </span>
    </p>
   </div>
   <div class='ocr_carea' id='block_1_18' title="bbox 671 1656 1463 1700">
    <p class='ocr_par' dir='ltr' id='par_1_18' title="bbox 671 1656 1463 1700">
     <span class='ocr_line' id='line_1_18' title="bbox 671 1656 1463 1700; baseline -0.006 0"><span class='ocrx_word' id='word_1_105' title='bbox 671 1660 737 1700; x_wconf 72' lang='grc' dir='ltr'><strong>ΑΒ</strong></span> <span class='ocrx_word' id='word_1_106' title='bbox 763 1658 1162 1700; x_wconf 73' lang='grc' dir='ltr'><strong>ΙΙΙὶυυΤΒΕΒτυΙ</strong></span> <span class='ocrx_word' id='word_1_107' title='bbox 1201 1656 1463 1698; x_wconf 68' lang='grc' dir='ltr'><strong>(ΣΟΙΙΤΕΙΙ.</strong></span> 
     </span>
    </p>
   </div>
   <div class='ocr_carea' id='block_1_19' title="bbox 351 1728 1933 1832">
    <p class='ocr_par' dir='ltr' id='par_1_19' title="bbox 351 1728 1933 1832">
     <span class='ocr_line' id='line_1_19' title="bbox 351 1728 1933 1832; baseline -0.004 -43"><span class='ocrx_word' id='word_1_108' title='bbox 351 1734 635 1805; x_wconf 77' lang='lat' dir='ltr'><strong>Magnifico</strong></span> <span class='ocrx_word' id='word_1_109' title='bbox 659 1743 715 1788; x_wconf 91' lang='lat' dir='ltr'><strong>et</strong></span> <span class='ocrx_word' id='word_1_110' title='bbox 740 1731 1046 1789; x_wconf 84' lang='lat' dir='ltr'><strong>honorabili</strong></span> <span class='ocrx_word' id='word_1_111' title='bbox 1098 1740 1261 1800; x_wconf 81' lang='lat' dir='ltr'><strong>atque</strong></span> <span class='ocrx_word' id='word_1_112' title='bbox 1291 1731 1486 1832; x_wconf 50' lang='lat' dir='ltr'><strong>illustri</strong></span> <span class='ocrx_word' id='word_1_113' title='bbox 1519 1729 1638 1831; x_wconf 65' lang='lat' dir='ltr'><strong>viro</strong></span> <span class='ocrx_word' id='word_1_114' title='bbox 1664 1728 1862 1832; x_wconf 75' lang='lat' dir='ltr'><strong>Hruot-</strong></span> <span class='ocrx_word' id='word_1_115' title='bbox 1890 1772 1933 1832; x_wconf 76' lang='grc' dir='ltr'><strong>Β</strong></span> 
     </span>
    </p>
   </div>
   <div class='ocr_carea' id='block_1_20' title="bbox 278 1819 1859 1893">
    <p class='ocr_par' dir='ltr' id='par_1_20' title="bbox 278 1819 1859 1893">
     <span class='ocr_line' id='line_1_20' title="bbox 278 1819 1859 1893; baseline -0.006 -13"><span class='ocrx_word' id='word_1_116' title='bbox 278 1825 453 1889; x_wconf 87' lang='lat' dir='ltr'><strong>berto,</strong></span> <span class='ocrx_word' id='word_1_117' title='bbox 494 1822 728 1893; x_wconf 76' lang='lat' dir='ltr'><strong>glorioso</strong></span> <span class='ocrx_word' id='word_1_118' title='bbox 786 1821 994 1880; x_wconf 83' lang='lat' dir='ltr'><strong>comiti.</strong></span> <span class='ocrx_word' id='word_1_119' title='bbox 1035 1829 1295 1877; x_wconf 68' lang='lat' dir='ltr'><strong>aeternam</strong></span> <span class='ocrx_word' id='word_1_120' title='bbox 1326 1820 1381 1874; x_wconf 92' lang='lat' dir='ltr'><strong>in</strong></span> <span class='ocrx_word' id='word_1_121' title='bbox 1438 1819 1664 1875; x_wconf 90' lang='lat' dir='ltr'><strong>Domino</strong></span> <span class='ocrx_word' id='word_1_122' title='bbox 1714 1819 1859 1873; x_wconf 81' lang='lat' dir='ltr'><strong>salu-</strong></span> 
     </span>
    </p>
   </div>
   <div class='ocr_carea' id='block_1_21' title="bbox 278 1923 403 1970">
    <p class='ocr_par' dir='ltr' id='par_1_21' title="bbox 278 1923 403 1970">
     <span class='ocr_line' id='line_1_21' title="bbox 278 1923 403 1970; baseline -0.016 0"><span class='ocrx_word' id='word_1_123' title='bbox 278 1923 403 1970; x_wconf 84' lang='lat' dir='ltr'><strong>tem.</strong></span> 
     </span>
    </p>
   </div>
   <div class='ocr_carea' id='block_1_22' title="bbox 340 1996 1859 2075">
    <p class='ocr_par' dir='ltr' id='par_1_22' title="bbox 340 1996 1859 2075">
     <span class='ocr_line' id='line_1_22' title="bbox 340 1996 1859 2075; baseline -0.007 -16"><span class='ocrx_word' id='word_1_124' title='bbox 340 2004 495 2075; x_wconf 79' lang='lat' dir='ltr'><strong>Rogo</strong></span> <span class='ocrx_word' id='word_1_125' title='bbox 522 2001 915 2073; x_wconf 72' lang='lat' dir='ltr'><strong>benignitatem</strong></span> <span class='ocrx_word' id='word_1_126' title='bbox 938 2008 1174 2054; x_wconf 80' lang='lat' dir='ltr'><strong>vestram</strong></span> <span class='ocrx_word' id='word_1_127' title='bbox 1223 2008 1283 2052; x_wconf 90' lang='lat' dir='ltr'><strong>ut</strong></span> <span class='ocrx_word' id='word_1_128' title='bbox 1308 1998 1438 2053; x_wconf 90' lang='lat' dir='ltr'><strong>mihi</strong></span> <span class='ocrx_word' id='word_1_129' title='bbox 1464 2046 1469 2051; x_wconf 91' lang='lat'><strong>.</strong></span> <span class='ocrx_word' id='word_1_130' title='bbox 1493 1998 1752 2053; x_wconf 81' lang='lat' dir='ltr'><strong>mandare</strong></span> <span class='ocrx_word' id='word_1_131' title='bbox 1778 1996 1859 2050; x_wconf 79' lang='grc' dir='ltr'><strong>ἀι·-</strong></span> 
     </span>
    </p>
   </div>
   <div class='ocr_carea' id='block_1_23' title="bbox 276 2088 1859 2166">
    <p class='ocr_par' dir='ltr' id='par_1_23' title="bbox 276 2088 1859 2166">
     <span class='ocr_line' id='line_1_23' title="bbox 276 2088 1859 2166; baseline -0.006 -14"><span class='ocrx_word' id='word_1_132' title='bbox 276 2096 515 2166; x_wconf 72' lang='lat' dir='ltr'><strong>gnemini</strong></span> <span class='ocrx_word' id='word_1_133' title='bbox 558 2094 688 2164; x_wconf 88' lang='lat' dir='ltr'><strong>quid</strong></span> <span class='ocrx_word' id='word_1_134' title='bbox 722 2092 877 2147; x_wconf 85' lang='lat' dir='ltr'><strong>vobis</strong></span> <span class='ocrx_word' id='word_1_135' title='bbox 915 2091 1127 2161; x_wconf 82' lang='lat' dir='ltr'><strong>placeat</strong></span> <span class='ocrx_word' id='word_1_136' title='bbox 1151 2090 1236 2145; x_wconf 88' lang='lat' dir='ltr'><strong>vel</strong></span> <span class='ocrx_word' id='word_1_137' title='bbox 1263 2102 1313 2154; x_wconf 77' lang='grc' dir='ltr'>ιι,</span> <span class='ocrx_word' id='word_1_138' title='bbox 1344 2098 1401 2147; x_wconf 87' lang='lat' dir='ltr'><strong>ut</strong></span> <span class='ocrx_word' id='word_1_139' title='bbox 1436 2089 1596 2144; x_wconf 67' lang='lat' dir='ltr'><strong>modo</strong></span> <span class='ocrx_word' id='word_1_140' title='bbox 1620 2088 1737 2145; x_wconf 80' lang='lat' dir='ltr'><strong>ﬁeri</strong></span> <span class='ocrx_word' id='word_1_141' title='bbox 1765 2088 1859 2143; x_wconf 79' lang='lat' dir='ltr'><strong>de—</strong></span> 
     </span>
    </p>
   </div>
   <div class='ocr_carea' id='block_1_24' title="bbox 275 2176 1856 2251">
    <p class='ocr_par' dir='ltr' id='par_1_24' title="bbox 275 2176 1856 2251">
     <span class='ocr_line' id='line_1_24' title="bbox 275 2176 1856 2251; baseline -0.006 -11"><span class='ocrx_word' id='word_1_142' title='bbox 275 2185 399 2245; x_wconf 74' lang='lat' dir='ltr'><strong>beat</strong></span> <span class='ocrx_word' id='word_1_143' title='bbox 424 2184 496 2239; x_wconf 91' lang='lat' dir='ltr'><strong>de</strong></span> <span class='ocrx_word' id='word_1_144' title='bbox 528 2197 695 2237; x_wconf 88' lang='lat' dir='ltr'><strong>causa</strong></span> <span class='ocrx_word' id='word_1_145' title='bbox 748 2178 1034 2247; x_wconf 76' lang='lat' dir='ltr'><strong>Alabfridi,</strong></span> <span class='ocrx_word' id='word_1_146' title='bbox 1060 2177 1299 2251; x_wconf 75' lang='lat' dir='ltr'><strong>hominis</strong></span> <span class='ocrx_word' id='word_1_147' title='bbox 1351 2176 1545 2240; x_wconf 86' lang='lat' dir='ltr'><strong>nostri,</strong></span> <span class='ocrx_word' id='word_1_148' title='bbox 1583 2184 1763 2231; x_wconf 89' lang='lat' dir='ltr'><strong>utrum</strong></span> <span class='ocrx_word' id='word_1_149' title='bbox 1788 2189 1856 2230; x_wconf 82' lang='lat' dir='ltr'><strong>ex</strong></span> 
     </span>
    </p>
   </div>
   <div class='ocr_carea' id='block_1_25' title="bbox 275 2265 1859 2335">
    <p class='ocr_par' dir='ltr' id='par_1_25' title="bbox 275 2265 1859 2335">
     <span class='ocr_line' id='line_1_25' title="bbox 275 2265 1859 2335; baseline -0.008 -3"><span class='ocrx_word' id='word_1_150' title='bbox 275 2283 383 2331; x_wconf 81' lang='lat' dir='ltr'><strong>toto</strong></span> <span class='ocrx_word' id='word_1_151' title='bbox 415 2271 739 2332; x_wconf 71' lang='lat' dir='ltr'><strong>dimittenda</strong></span> <span class='ocrx_word' id='word_1_152' title='bbox 768 2271 860 2335; x_wconf 89' lang='lat' dir='ltr'><strong>sit,</strong></span> <span class='ocrx_word' id='word_1_153' title='bbox 918 2284 987 2324; x_wconf 91' lang='lat' dir='ltr'><strong>an</strong></span> <span class='ocrx_word' id='word_1_154' title='bbox 1024 2268 1111 2323; x_wconf 87' lang='lat' dir='ltr'><strong>ille</strong></span> <span class='ocrx_word' id='word_1_155' title='bbox 1154 2268 1330 2323; x_wconf 89' lang='lat' dir='ltr'><strong>adhuc</strong></span> <span class='ocrx_word' id='word_1_156' title='bbox 1388 2279 1610 2335; x_wconf 86' lang='lat' dir='ltr'><strong>sperare</strong></span> <span class='ocrx_word' id='word_1_157' title='bbox 1662 2265 1859 2321; x_wconf 79' lang='lat' dir='ltr'><strong>debeat</strong></span> 
     </span>
    </p>
   </div>
   <div class='ocr_carea' id='block_1_26' title="bbox 272 2355 1853 2431">
    <p class='ocr_par' dir='ltr' id='par_1_26' title="bbox 272 2355 1853 2431">
     <span class='ocr_line' id='line_1_26' title="bbox 272 2355 1853 2431; baseline -0.004 -14"><span class='ocrx_word' id='word_1_158' title='bbox 272 2362 411 2431; x_wconf 88' lang='lat' dir='ltr'><strong>quod</strong></span> <span class='ocrx_word' id='word_1_159' title='bbox 444 2363 473 2407; x_wconf 68' lang='grc' dir='ltr'>ι)</span> <span class='ocrx_word' id='word_1_160' title='bbox 504 2361 573 2414; x_wconf 88' lang='lat' dir='ltr'><strong>ad</strong></span> <span class='ocrx_word' id='word_1_161' title='bbox 602 2374 757 2415; x_wconf 88' lang='lat' dir='ltr'><strong>suam</strong></span> <span class='ocrx_word' id='word_1_162' title='bbox 781 2358 1067 2429; x_wconf 81' lang='lat' dir='ltr'><strong>justitiam,</strong></span> <span class='ocrx_word' id='word_1_163' title='bbox 1104 2372 1203 2427; x_wconf 89' lang='lat' dir='ltr'><strong>per</strong></span> <span class='ocrx_word' id='word_1_164' title='bbox 1230 2364 1472 2413; x_wconf 87' lang='lat' dir='ltr'><strong>vestrum</strong></span> <span class='ocrx_word' id='word_1_165' title='bbox 1501 2355 1853 2425; x_wconf 72' lang='lat' dir='ltr'><strong>adiutorium,</strong></span> 
     </span>
    </p>
   </div>
   <div class='ocr_carea' id='block_1_27' title="bbox 271 2446 1856 2523">
    <p class='ocr_par' dir='ltr' id='par_1_27' title="bbox 271 2446 1856 2523">
     <span class='ocr_line' id='line_1_27' title="bbox 271 2446 1856 2523; baseline -0.003 -18"><span class='ocrx_word' id='word_1_166' title='bbox 271 2450 554 2523; x_wconf 81' lang='lat' dir='ltr'><strong>pervenire</strong></span> <span class='ocrx_word' id='word_1_167' title='bbox 605 2457 896 2505; x_wconf 85' lang='lat' dir='ltr'><strong>mereatur.</strong></span> <span class='ocrx_word' id='word_1_168' title='bbox 956 2446 1090 2505; x_wconf 87' lang='lat' dir='ltr'><strong>Nam</strong></span> <span class='ocrx_word' id='word_1_169' title='bbox 1153 2459 1254 2514; x_wconf 84' lang='lat' dir='ltr'><strong>ego</strong></span> <span class='ocrx_word' id='word_1_170' title='bbox 1316 2453 1485 2499; x_wconf 84' lang='lat' dir='ltr'><strong>totam</strong></span> <span class='ocrx_word' id='word_1_171' title='bbox 1525 2459 1771 2508; x_wconf 81' lang='lat' dir='ltr'><strong>causam,</strong></span> <span class='ocrx_word' id='word_1_172' title='bbox 1799 2453 1856 2500; x_wconf 88' lang='lat' dir='ltr'><strong>et</strong></span> 
     </span>
    </p>
   </div>
   <div class='ocr_carea' id='block_1_28' title="bbox 269 2535 1852 2613">
    <p class='ocr_par' dir='ltr' id='par_1_28' title="bbox 269 2535 1852 2613">
     <span class='ocr_line' id='line_1_28' title="bbox 269 2535 1852 2613; baseline -0.005 -16"><span class='ocrx_word' id='word_1_173' title='bbox 269 2543 503 2613; x_wconf 58' lang='lat' dir='ltr'><strong>maliler</strong></span> <span class='ocrx_word' id='word_1_174' title='bbox 529 2555 562 2595; x_wconf 89' lang='lat' dir='ltr'><strong>a</strong></span> <span class='ocrx_word' id='word_1_175' title='bbox 586 2538 739 2594; x_wconf 88' lang='lat' dir='ltr'><strong>vobis</strong></span> <span class='ocrx_word' id='word_1_176' title='bbox 763 2553 859 2608; x_wconf 92' lang='lat' dir='ltr'><strong>per</strong></span> <span class='ocrx_word' id='word_1_177' title='bbox 887 2551 1108 2593; x_wconf 89' lang='lat' dir='ltr'><strong>veraces</strong></span> <span class='ocrx_word' id='word_1_178' title='bbox 1160 2535 1409 2590; x_wconf 86' lang='lat' dir='ltr'><strong>homines</strong></span> <span class='ocrx_word' id='word_1_179' title='bbox 1461 2535 1720 2606; x_wconf 87' lang='lat' dir='ltr'><strong>inquisita</strong></span> <span class='ocrx_word' id='word_1_180' title='bbox 1747 2543 1852 2599; x_wconf 91' lang='lat' dir='ltr'><strong>est,</strong></span> 
     </span>
    </p>
   </div>
   <div class='ocr_carea' id='block_1_29' title="bbox 269 2628 1851 2699">
    <p class='ocr_par' dir='ltr' id='par_1_29' title="bbox 269 2628 1851 2699">
     <span class='ocr_line' id='line_1_29' title="bbox 269 2628 1851 2699; baseline -0.006 -8"><span class='ocrx_word' id='word_1_181' title='bbox 269 2635 425 2691; x_wconf 81' lang='lat' dir='ltr'><strong>simul</strong></span> <span class='ocrx_word' id='word_1_182' title='bbox 456 2648 581 2688; x_wconf 91' lang='lat' dir='ltr'><strong>cum</strong></span> <span class='ocrx_word' id='word_1_183' title='bbox 607 2631 912 2686; x_wconf 82' lang='lat' dir='ltr'><strong>Adalhardo</strong></span> <span class='ocrx_word' id='word_1_184' title='bbox 937 2638 991 2684; x_wconf 92' lang='lat' dir='ltr'><strong>et</strong></span> <span class='ocrx_word' id='word_1_185' title='bbox 1016 2628 1263 2687; x_wconf 90' lang='lat' dir='ltr'><strong>Gebuino</strong></span> <span class='ocrx_word' id='word_1_186' title='bbox 1309 2628 1601 2685; x_wconf 81' lang='lat' dir='ltr'><strong>comitibus</strong></span> <span class='ocrx_word' id='word_1_187' title='bbox 1643 2628 1851 2699; x_wconf 82' lang='lat' dir='ltr'><strong>palatii,</strong></span> 
     </span>
    </p>
   </div>
   <div class='ocr_carea' id='block_1_30' title="bbox 268 2719 1851 2793">
    <p class='ocr_par' dir='ltr' id='par_1_30' title="bbox 268 2719 1851 2793">
     <span class='ocr_line' id='line_1_30' title="bbox 268 2719 1851 2793; baseline -0.006 -11"><span class='ocrx_word' id='word_1_188' title='bbox 268 2729 468 2782; x_wconf 89' lang='lat' dir='ltr'><strong>domno</strong></span> <span class='ocrx_word' id='word_1_189' title='bbox 489 2722 802 2793; x_wconf 89' lang='lat' dir='ltr'><strong>imperatori</strong></span> <span class='ocrx_word' id='word_1_190' title='bbox 847 2720 1077 2775; x_wconf 83' lang='lat' dir='ltr'><strong>iudicavi</strong></span> <span class='ocrx_word' id='word_1_191' title='bbox 1117 2738 1129 2772; x_wconf 89' lang='lat'>:</span> <span class='ocrx_word' id='word_1_192' title='bbox 1164 2729 1219 2774; x_wconf 90' lang='lat' dir='ltr'><strong>et</strong></span> <span class='ocrx_word' id='word_1_193' title='bbox 1249 2719 1337 2775; x_wconf 86' lang='lat' dir='ltr'><strong>ille</strong></span> <span class='ocrx_word' id='word_1_194' title='bbox 1364 2720 1645 2789; x_wconf 52' lang='lat' dir='ltr'><strong>respondit</strong></span> <span class='ocrx_word' id='word_1_195' title='bbox 1695 2719 1851 2786; x_wconf 87' lang='lat' dir='ltr'><strong>mihi,</strong></span> 
     </span>
    </p>
   </div>
   <div class='ocr_carea' id='block_1_31' title="bbox 269 2805 1852 2879">
    <p class='ocr_par' dir='ltr' id='par_1_31' title="bbox 269 2805 1852 2879">
     <span class='ocr_line' id='line_1_31' title="bbox 269 2805 1852 2879; baseline -0.007 -5"><span class='ocrx_word' id='word_1_196' title='bbox 269 2817 467 2877; x_wconf 81' lang='lat' dir='ltr'><strong>mirum</strong></span> <span class='ocrx_word' id='word_1_197' title='bbox 523 2812 624 2869; x_wconf 91' lang='lat' dir='ltr'><strong>sibi</strong></span> <span class='ocrx_word' id='word_1_198' title='bbox 680 2810 851 2867; x_wconf 83' lang='lat' dir='ltr'><strong>videri</strong></span> <span class='ocrx_word' id='word_1_199' title='bbox 909 2826 1006 2865; x_wconf 88' lang='lat' dir='ltr'><strong>cur</strong></span> <span class='ocrx_word' id='word_1_200' title='bbox 1063 2808 1153 2863; x_wconf 90' lang='lat' dir='ltr'><strong>illa</strong></span> <span class='ocrx_word' id='word_1_201' title='bbox 1188 2824 1351 2864; x_wconf 89' lang='lat' dir='ltr'><strong>causa</strong></span> <span class='ocrx_word' id='word_1_202' title='bbox 1399 2805 1516 2879; x_wconf 88' lang='lat' dir='ltr'><strong>jam</strong></span> <span class='ocrx_word' id='word_1_203' title='bbox 1560 2807 1715 2863; x_wconf 80' lang='lat' dir='ltr'><strong>finita</strong></span> <span class='ocrx_word' id='word_1_204' title='bbox 1743 2822 1852 2863; x_wconf 87' lang='lat' dir='ltr'><strong>non</strong></span> 
     </span>
    </p>
   </div>
   <div class='ocr_carea' id='block_1_32' title="bbox 269 2899 1850 2971">
    <p class='ocr_par' dir='ltr' id='par_1_32' title="bbox 269 2899 1850 2971">
     <span class='ocr_line' id='line_1_32' title="bbox 269 2899 1850 2971; baseline -0.004 -12"><span class='ocrx_word' id='word_1_205' title='bbox 269 2905 477 2961; x_wconf 86' lang='lat' dir='ltr'><strong>fuisset.</strong></span> <span class='ocrx_word' id='word_1_206' title='bbox 518 2904 644 2958; x_wconf 87' lang='lat' dir='ltr'><strong>Ideo</strong></span> <span class='ocrx_word' id='word_1_207' title='bbox 694 2916 889 2971; x_wconf 88' lang='lat' dir='ltr'><strong>precor</strong></span> <span class='ocrx_word' id='word_1_208' title='bbox 937 2899 1281 2955; x_wconf 88' lang='lat' dir='ltr'><strong>dilectionem</strong></span> <span class='ocrx_word' id='word_1_209' title='bbox 1331 2906 1573 2952; x_wconf 86' lang='lat' dir='ltr'><strong>vestram</strong></span> <span class='ocrx_word' id='word_1_210' title='bbox 1631 2907 1691 2952; x_wconf 92' lang='lat' dir='ltr'><strong>ut</strong></span> <span class='ocrx_word' id='word_1_211' title='bbox 1741 2914 1850 2953; x_wconf 93' lang='lat' dir='ltr'><strong>non</strong></span> 
     </span>
    </p>
   </div>
   <div class='ocr_carea' id='block_1_33' title="bbox 270 2987 1852 3061">
    <p class='ocr_par' dir='ltr' id='par_1_33' title="bbox 270 2987 1852 3061">
     <span class='ocr_line' id='line_1_33' title="bbox 270 2987 1852 3061; baseline -0.005 -10"><span class='ocrx_word' id='word_1_212' title='bbox 270 2996 399 3051; x_wconf 63' lang='lat' dir='ltr'><strong>mihi</strong></span> <span class='ocrx_word' id='word_1_213' title='bbox 425 2993 688 3049; x_wconf 84' lang='lat' dir='ltr'><strong>mandare</strong></span> <span class='ocrx_word' id='word_1_214' title='bbox 711 2988 1073 3061; x_wconf 79' lang='lat' dir='ltr'><strong>dedignemini</strong></span> <span class='ocrx_word' id='word_1_215' title='bbox 1108 2999 1156 3055; x_wconf 72' lang='grc' dir='ltr'><strong>ε,</strong></span> <span class='ocrx_word' id='word_1_216' title='bbox 1185 2987 1318 3058; x_wconf 85' lang='lat' dir='ltr'><strong>quid</strong></span> <span class='ocrx_word' id='word_1_217' title='bbox 1348 2987 1644 3058; x_wconf 78' lang='lat' dir='ltr'><strong>praedich</strong></span> <span class='ocrx_word' id='word_1_218' title='bbox 1687 2988 1852 3044; x_wconf 70' lang='lat' dir='ltr'><strong>homo</strong></span> 
     </span>
    </p>
   </div>
   <div class='ocr_carea' id='block_1_34' title="bbox 1977 535 3549 605">
    <p class='ocr_par' dir='ltr' id='par_1_34' title="bbox 1977 535 3549 605">
     <span class='ocr_line' id='line_1_34' title="bbox 1977 535 3549 605; baseline 0.006 -20"><span class='ocrx_word' id='word_1_219' title='bbox 1977 548 2068 598; x_wconf 89' lang='lat' dir='ltr'><strong>na,</strong></span> <span class='ocrx_word' id='word_1_220' title='bbox 2096 550 2258 604; x_wconf 88' lang='lat' dir='ltr'><strong>quam</strong></span> <span class='ocrx_word' id='word_1_221' title='bbox 2289 542 2344 587; x_wconf 93' lang='grc' dir='ltr'><strong>ιιι</strong></span> <span class='ocrx_word' id='word_1_222' title='bbox 2376 535 2569 589; x_wconf 88' lang='lat' dir='ltr'><strong>melius</strong></span> <span class='ocrx_word' id='word_1_223' title='bbox 2616 549 2779 605; x_wconf 90' lang='lat' dir='ltr'><strong>quam</strong></span> <span class='ocrx_word' id='word_1_224' title='bbox 2806 547 2905 604; x_wconf 88' lang='lat' dir='ltr'><strong>ego</strong></span> <span class='ocrx_word' id='word_1_225' title='bbox 2934 536 3098 599; x_wconf 89' lang='lat' dir='ltr'><strong>nosti,</strong></span> <span class='ocrx_word' id='word_1_226' title='bbox 3147 537 3192 591; x_wconf 92' lang='lat' dir='ltr'><strong>si</strong></span> <span class='ocrx_word' id='word_1_227' title='bbox 3239 552 3269 591; x_wconf 88' lang='lat' dir='ltr'><strong>a</strong></span> <span class='ocrx_word' id='word_1_228' title='bbox 3308 546 3379 601; x_wconf 82' lang='lat' dir='ltr'><strong>te,</strong></span> <span class='ocrx_word' id='word_1_229' title='bbox 3432 540 3549 595; x_wconf 89' lang='lat' dir='ltr'><strong>sine</strong></span> 
     </span>
    </p>
   </div>
   <div class='ocr_carea' id='block_1_35' title="bbox 1972 621 3549 695">
    <p class='ocr_par' dir='ltr' id='par_1_35' title="bbox 1972 621 3549 695">
     <span class='ocr_line' id='line_1_35' title="bbox 1972 621 3549 695; baseline 0.004 -20"><span class='ocrx_word' id='word_1_230' title='bbox 1972 621 2150 690; x_wconf 90' lang='lat' dir='ltr'><strong>culpa,</strong></span> <span class='ocrx_word' id='word_1_231' title='bbox 2184 623 2236 675; x_wconf 91' lang='lat' dir='ltr'><strong>in</strong></span> <span class='ocrx_word' id='word_1_232' title='bbox 2265 622 2575 694; x_wconf 82' lang='lat' dir='ltr'><strong>coniugium</strong></span> <span class='ocrx_word' id='word_1_233' title='bbox 2621 623 2792 692; x_wconf 90' lang='lat' dir='ltr'><strong>possit</strong></span> <span class='ocrx_word' id='word_1_234' title='bbox 2812 624 3036 678; x_wconf 85' lang='lat' dir='ltr'><strong>assumi.</strong></span> <span class='ocrx_word' id='word_1_235' title='bbox 3073 623 3206 677; x_wconf 86' lang='lat' dir='ltr'><strong>Nam</strong></span> <span class='ocrx_word' id='word_1_236' title='bbox 3235 626 3303 679; x_wconf 79' lang='lat' dir='ltr'><strong>de</strong></span> <span class='ocrx_word' id='word_1_237' title='bbox 3328 627 3549 695; x_wconf 86' lang='lat' dir='ltr'><strong>dispen-</strong></span> 
     </span>
    </p>
   </div>
   <div class='ocr_carea' id='block_1_36' title="bbox 1971 712 3545 781">
    <p class='ocr_par' dir='ltr' id='par_1_36' title="bbox 1971 712 3545 781">
     <span class='ocr_line' id='line_1_36' title="bbox 1971 712 3545 781; baseline 0.004 -15"><span class='ocrx_word' id='word_1_238' title='bbox 1971 727 2053 776; x_wconf 91' lang='lat' dir='ltr'><strong>sa,</strong></span> <span class='ocrx_word' id='word_1_239' title='bbox 2082 727 2244 780; x_wconf 89' lang='lat' dir='ltr'><strong>quam</strong></span> <span class='ocrx_word' id='word_1_240' title='bbox 2270 712 2323 766; x_wconf 92' lang='lat' dir='ltr'><strong>in</strong></span> <span class='ocrx_word' id='word_1_241' title='bbox 2352 712 2523 780; x_wconf 84' lang='lat' dir='ltr'><strong>Aquis</strong></span> <span class='ocrx_word' id='word_1_242' title='bbox 2558 714 2865 781; x_wconf 87' lang='lat' dir='ltr'><strong>accepistis,</strong></span> <span class='ocrx_word' id='word_1_243' title='bbox 2890 714 3090 768; x_wconf 82' lang='lat' dir='ltr'><strong>nullam</strong></span> <span class='ocrx_word' id='word_1_244' title='bbox 3117 715 3241 769; x_wconf 83' lang='lat' dir='ltr'><strong>volo</strong></span> <span class='ocrx_word' id='word_1_245' title='bbox 3271 715 3431 770; x_wconf 83' lang='lat' dir='ltr'><strong>aliam</strong></span> <span class='ocrx_word' id='word_1_246' title='bbox 3460 732 3545 772; x_wconf 86' lang='lat' dir='ltr'><strong>re-</strong></span> 
     </span>
    </p>
   </div>
   <div class='ocr_carea' id='block_1_37' title="bbox 1970 800 3541 874">
    <p class='ocr_par' dir='ltr' id='par_1_37' title="bbox 1970 800 3541 874">
     <span class='ocr_line' id='line_1_37' title="bbox 1970 800 3541 874; baseline 0.005 -19"><span class='ocrx_word' id='word_1_247' title='bbox 1970 800 2321 857; x_wconf 87' lang='lat' dir='ltr'><strong>tributionem</strong></span> <span class='ocrx_word' id='word_1_248' title='bbox 2351 802 2463 855; x_wconf 82' lang='lat' dir='ltr'><strong>nis&#39;r</strong></span> <span class='ocrx_word' id='word_1_249' title='bbox 2504 802 2798 856; x_wconf 84' lang='lat' dir='ltr'><strong>amicitiam</strong></span> <span class='ocrx_word' id='word_1_250' title='bbox 2828 810 2993 857; x_wconf 87' lang='lat' dir='ltr'><strong>tuam.</strong></span> <span class='ocrx_word' id='word_1_251' title='bbox 3044 803 3123 859; x_wconf 76' lang='lat' dir='ltr'><strong>De</strong></span> <span class='ocrx_word' id='word_1_252' title='bbox 3163 803 3334 874; x_wconf 75' lang='lat' dir='ltr'><strong>Jopila</strong></span> <span class='ocrx_word' id='word_1_253' title='bbox 3384 820 3541 872; x_wconf 84' lang='lat' dir='ltr'><strong>vero,</strong></span> 
     </span>
    </p>
   </div>
   <div class='ocr_carea' id='block_1_38' title="bbox 1968 889 3544 961">
    <p class='ocr_par' dir='ltr' id='par_1_38' title="bbox 1968 889 3544 961">
     <span class='ocr_line' id='line_1_38' title="bbox 1968 889 3544 961; baseline 0.005 -19"><span class='ocrx_word' id='word_1_254' title='bbox 1968 890 2185 959; x_wconf 82' lang='lat' dir='ltr'><strong>quando</strong></span> <span class='ocrx_word' id='word_1_255' title='bbox 2239 889 2459 945; x_wconf 90' lang='lat' dir='ltr'><strong>insimul</strong></span> <span class='ocrx_word' id='word_1_256' title='bbox 2508 889 2771 944; x_wconf 86' lang='lat' dir='ltr'><strong>fuerimus</strong></span> <span class='ocrx_word' id='word_1_257' title='bbox 2808 890 2993 955; x_wconf 84' lang='lat' dir='ltr'><strong>locuti,</strong></span> <span class='ocrx_word' id='word_1_258' title='bbox 3039 891 3195 959; x_wconf 66' lang='lat' dir='ltr'><strong>juxta</strong></span> <span class='ocrx_word' id='word_1_259' title='bbox 3222 896 3544 961; x_wconf 63' lang='lat' dir='ltr'><strong>quod‘tune</strong></span> 
     </span>
    </p>
   </div>
   <div class='ocr_carea' id='block_1_39' title="bbox 1969 979 3552 1050">
    <p class='ocr_par' dir='ltr' id='par_1_39' title="bbox 1969 979 3552 1050">
     <span class='ocr_line' id='line_1_39' title="bbox 1969 979 3552 1050; baseline 0.006 -17"><span class='ocrx_word' id='word_1_260' title='bbox 1969 980 2111 1033; x_wconf 87' lang='lat' dir='ltr'><strong>inter</strong></span> <span class='ocrx_word' id='word_1_261' title='bbox 2138 994 2237 1034; x_wconf 89' lang='lat' dir='ltr'><strong>nos</strong></span> <span class='ocrx_word' id='word_1_262' title='bbox 2279 981 2617 1045; x_wconf 85' lang='lat' dir='ltr'><strong>convenerit,</strong></span> <span class='ocrx_word' id='word_1_263' title='bbox 2670 979 2846 1036; x_wconf 87' lang='lat' dir='ltr'><strong>facere</strong></span> <span class='ocrx_word' id='word_1_264' title='bbox 2872 991 3096 1050; x_wconf 78' lang='lat' dir='ltr'><strong>paratus</strong></span> <span class='ocrx_word' id='word_1_265' title='bbox 3124 998 3244 1038; x_wconf 85' lang='lat' dir='ltr'><strong>sum</strong></span> <span class='ocrx_word' id='word_1_266' title='bbox 3273 1001 3288 1038; x_wconf 90' lang='lat'><strong>:</strong></span> <span class='ocrx_word' id='word_1_267' title='bbox 3337 994 3393 1040; x_wconf 90' lang='lat' dir='ltr'><strong>et</strong></span> <span class='ocrx_word' id='word_1_268' title='bbox 3424 987 3552 1042; x_wconf 77' lang='lat' dir='ltr'><strong>ideo</strong></span> 
     </span>
    </p>
   </div>
   <div class='ocr_carea' id='block_1_40' title="bbox 1968 1068 3543 1144">
    <p class='ocr_par' dir='ltr' id='par_1_40' title="bbox 1968 1068 3543 1144">
     <span class='ocr_line' id='line_1_40' title="bbox 1968 1068 3543 1144; baseline 0.004 -21"><span class='ocrx_word' id='word_1_269' title='bbox 1968 1068 2064 1123; x_wconf 84' lang='lat' dir='ltr'><strong>tibi</strong></span> <span class='ocrx_word' id='word_1_270' title='bbox 2092 1068 2250 1124; x_wconf 87' lang='lat' dir='ltr'><strong>modo</strong></span> <span class='ocrx_word' id='word_1_271' title='bbox 2276 1069 2429 1138; x_wconf 86' lang='lat' dir='ltr'><strong>plura</strong></span> <span class='ocrx_word' id='word_1_272' title='bbox 2458 1085 2555 1139; x_wconf 88' lang='lat' dir='ltr'><strong>per</strong></span> <span class='ocrx_word' id='word_1_273' title='bbox 2594 1070 2803 1125; x_wconf 87' lang='lat' dir='ltr'><strong>litteras</strong></span> <span class='ocrx_word' id='word_1_274' title='bbox 2831 1085 2983 1126; x_wconf 82' lang='lat' dir='ltr'><strong>meas</strong></span> <span class='ocrx_word' id='word_1_275' title='bbox 3017 1072 3259 1128; x_wconf 87' lang='lat' dir='ltr'><strong>indicare</strong></span> <span class='ocrx_word' id='word_1_276' title='bbox 3283 1089 3390 1129; x_wconf 91' lang='lat' dir='ltr'><strong>non</strong></span> <span class='ocrx_word' id='word_1_277' title='bbox 3415 1091 3543 1144; x_wconf 87' lang='lat' dir='ltr'><strong>pos-</strong></span> 
     </span>
    </p>
   </div>
   <div class='ocr_carea' id='block_1_41' title="bbox 1966 1159 3312 1229">
    <p class='ocr_par' dir='ltr' id='par_1_41' title="bbox 1966 1159 3312 1229">
     <span class='ocr_line' id='line_1_41' title="bbox 1966 1159 3312 1229; baseline 0.007 -18"><span class='ocrx_word' id='word_1_278' title='bbox 1966 1172 2104 1212; x_wconf 75' lang='lat' dir='ltr'><strong>sum.</strong></span> <span class='ocrx_word' id='word_1_279' title='bbox 2130 1159 2265 1226; x_wconf 83' lang='lat' dir='ltr'><strong>Opto</strong></span> <span class='ocrx_word' id='word_1_280' title='bbox 2292 1166 2353 1213; x_wconf 88' lang='lat' dir='ltr'><strong>ut</strong></span> <span class='ocrx_word' id='word_1_281' title='bbox 2376 1175 2589 1229; x_wconf 87' lang='lat' dir='ltr'><strong>semper</strong></span> <span class='ocrx_word' id='word_1_282' title='bbox 2612 1161 2750 1215; x_wconf 88' lang='lat' dir='ltr'><strong>bene</strong></span> <span class='ocrx_word' id='word_1_283' title='bbox 2773 1161 2956 1229; x_wconf 85' lang='lat' dir='ltr'><strong>valeas</strong></span> <span class='ocrx_word' id='word_1_284' title='bbox 2982 1162 3035 1215; x_wconf 93' lang='lat' dir='ltr'><strong>in</strong></span> <span class='ocrx_word' id='word_1_285' title='bbox 3068 1163 3312 1220; x_wconf 87' lang='lat' dir='ltr'><strong>Domino.</strong></span> 
     </span>
    </p>
   </div>
   <div class='ocr_carea' id='block_1_42' title="bbox 2500 1272 3010 1329">
    <p class='ocr_par' dir='ltr' id='par_1_42' title="bbox 2500 1272 3010 1329">
     <span class='ocr_line' id='line_1_42' title="bbox 2500 1272 3010 1329; baseline 0 -3"><span class='ocrx_word' id='word_1_286' title='bbox 2500 1272 2833 1328; x_wconf 80' lang='lat' dir='ltr'><strong>EPISTOLA</strong></span> <span class='ocrx_word' id='word_1_287' title='bbox 2870 1274 3010 1329; x_wconf 75' lang='lat' dir='ltr'><strong>XIV.</strong></span> 
     </span>
    </p>
   </div>
   <div class='ocr_carea' id='block_1_43' title="bbox 2249 1396 3252 1442">
    <p class='ocr_par' dir='ltr' id='par_1_43' title="bbox 2249 1396 3252 1442">
     <span class='ocr_line' id='line_1_43' title="bbox 2249 1396 3252 1442; baseline 0.005 -5"><span class='ocrx_word' id='word_1_288' title='bbox 2249 1399 2316 1437; x_wconf 75' lang='lat' dir='ltr'><strong>AD</strong></span> <span class='ocrx_word' id='word_1_289' title='bbox 2344 1398 2684 1439; x_wconf 68' lang='lat' dir='ltr'><strong>CERWARDUM</strong></span> <span class='ocrx_word' id='word_1_290' title='bbox 2710 1396 3252 1442; x_wconf 65' lang='lat' dir='ltr'><strong>eBIBLIOTHECARIUhl.</strong></span> 
     </span>
    </p>
   </div>
   <div class='ocr_carea' id='block_1_44' title="bbox 2035 1470 3538 1548">
    <p class='ocr_par' dir='ltr' id='par_1_44' title="bbox 2035 1470 3538 1548">
     <span class='ocr_line' id='line_1_44' title="bbox 2035 1470 3538 1548; baseline 0.006 -26"><span class='ocrx_word' id='word_1_291' title='bbox 2035 1470 2398 1525; x_wconf 89' lang='lat' dir='ltr'><strong>Dilectissimo</strong></span> <span class='ocrx_word' id='word_1_292' title='bbox 2419 1471 2573 1526; x_wconf 82' lang='lat' dir='ltr'><strong>fratri</strong></span> <span class='ocrx_word' id='word_1_293' title='bbox 2614 1471 2929 1531; x_wconf 83' lang='lat' dir='ltr'><strong>Gerwardo,</strong></span> <span class='ocrx_word' id='word_1_294' title='bbox 2960 1473 3303 1542; x_wconf 86' lang='lat' dir='ltr'><strong>Eginhardus</strong></span> <span class='ocrx_word' id='word_1_295' title='bbox 3341 1478 3538 1548; x_wconf 85' lang='lat' dir='ltr'><strong>sempi-</strong></span> 
     </span>
    </p>
   </div>
   <div class='ocr_carea' id='block_1_45' title="bbox 1964 1557 2788 1612">
    <p class='ocr_par' dir='ltr' id='par_1_45' title="bbox 1964 1557 2788 1612">
     <span class='ocr_line' id='line_1_45' title="bbox 1964 1557 2788 1612; baseline 0.002 -3"><span class='ocrx_word' id='word_1_296' title='bbox 1964 1565 2174 1611; x_wconf 89' lang='lat' dir='ltr'><strong>ternam</strong></span> <span class='ocrx_word' id='word_1_297' title='bbox 2200 1557 2253 1610; x_wconf 91' lang='lat' dir='ltr'><strong>in</strong></span> <span class='ocrx_word' id='word_1_298' title='bbox 2277 1557 2509 1612; x_wconf 89' lang='lat' dir='ltr'><strong>Domino</strong></span> <span class='ocrx_word' id='word_1_299' title='bbox 2538 1558 2788 1612; x_wconf 86' lang='lat' dir='ltr'><strong>salutem.</strong></span> 
     </span>
    </p>
   </div>
   <div class='ocr_carea' id='block_1_46' title="bbox 2033 1647 3531 1717">
    <p class='ocr_par' dir='ltr' id='par_1_46' title="bbox 2033 1647 3531 1717">
     <span class='ocr_line' id='line_1_46' title="bbox 2033 1647 3531 1717; baseline 0.005 -17"><span class='ocrx_word' id='word_1_300' title='bbox 2033 1647 2261 1702; x_wconf 88' lang='lat' dir='ltr'><strong>Dubium</strong></span> <span class='ocrx_word' id='word_1_301' title='bbox 2299 1648 2427 1700; x_wconf 90' lang='lat' dir='ltr'><strong>mihi</strong></span> <span class='ocrx_word' id='word_1_302' title='bbox 2466 1654 2550 1702; x_wconf 91' lang='lat' dir='ltr'><strong>est</strong></span> <span class='ocrx_word' id='word_1_303' title='bbox 2594 1656 2775 1701; x_wconf 89' lang='lat' dir='ltr'><strong>utrum</strong></span> <span class='ocrx_word' id='word_1_304' title='bbox 2830 1650 2895 1702; x_wconf 91' lang='lat' dir='ltr'><strong>de</strong></span> <span class='ocrx_word' id='word_1_305' title='bbox 2931 1658 2983 1704; x_wconf 88' lang='lat' dir='ltr'><strong>te</strong></span> <span class='ocrx_word' id='word_1_306' title='bbox 3034 1651 3234 1705; x_wconf 90' lang='lat' dir='ltr'><strong>sentire</strong></span> <span class='ocrx_word' id='word_1_307' title='bbox 3284 1653 3531 1717; x_wconf 86' lang='lat' dir='ltr'><strong>debeam,</strong></span> 
     </span>
    </p>
   </div>
   <div class='ocr_carea' id='block_1_47' title="bbox 1963 1736 3535 1805">
    <p class='ocr_par' dir='ltr' id='par_1_47' title="bbox 1963 1736 3535 1805">
     <span class='ocr_line' id='line_1_47' title="bbox 1963 1736 3535 1805; baseline 0.005 -16"><span class='ocrx_word' id='word_1_308' title='bbox 1963 1737 2105 1805; x_wconf 86' lang='lat' dir='ltr'><strong>quod</strong></span> <span class='ocrx_word' id='word_1_309' title='bbox 2136 1743 2229 1790; x_wconf 91' lang='lat' dir='ltr'><strong>aut</strong></span> <span class='ocrx_word' id='word_1_310' title='bbox 2274 1736 2484 1790; x_wconf 86' lang='lat' dir='ltr'><strong>litteras</strong></span> <span class='ocrx_word' id='word_1_311' title='bbox 2533 1750 2680 1791; x_wconf 90' lang='lat' dir='ltr'><strong>meas</strong></span> <span class='ocrx_word' id='word_1_312' title='bbox 2718 1752 2823 1791; x_wconf 91' lang='lat' dir='ltr'><strong>non</strong></span> <span class='ocrx_word' id='word_1_313' title='bbox 2878 1737 3274 1803; x_wconf 81' lang='lat' dir='ltr'><strong>intellexisses,</strong></span> <span class='ocrx_word' id='word_1_314' title='bbox 3334 1751 3427 1793; x_wconf 92' lang='lat' dir='ltr'><strong>aut</strong></span> <span class='ocrx_word' id='word_1_315' title='bbox 3468 1744 3535 1797; x_wconf 90' lang='lat' dir='ltr'><strong>de</strong></span> 
     </span>
    </p>
   </div>
   <div class='ocr_carea' id='block_1_48' title="bbox 1958 1823 3535 1891">
    <p class='ocr_par' dir='ltr' id='par_1_48' title="bbox 1958 1823 3535 1891">
     <span class='ocr_line' id='line_1_48' title="bbox 1958 1823 3535 1891; baseline 0.005 -15"><span class='ocrx_word' id='word_1_316' title='bbox 1958 1823 2198 1891; x_wconf 89' lang='lat' dir='ltr'><strong>periculo</strong></span> <span class='ocrx_word' id='word_1_317' title='bbox 2221 1839 2341 1878; x_wconf 89' lang='lat' dir='ltr'><strong>meo</strong></span> <span class='ocrx_word' id='word_1_318' title='bbox 2361 1840 2469 1878; x_wconf 88' lang='lat' dir='ltr'><strong>non</strong></span> <span class='ocrx_word' id='word_1_319' title='bbox 2499 1840 2750 1878; x_wconf 86' lang='lat' dir='ltr'><strong>curasses</strong></span> <span class='ocrx_word' id='word_1_320' title='bbox 2771 1827 2794 1878; x_wconf 89' lang='lat'><strong>?</strong></span> <span class='ocrx_word' id='word_1_321' title='bbox 2817 1824 2921 1879; x_wconf 86' lang='lat' dir='ltr'><strong>Sed</strong></span> <span class='ocrx_word' id='word_1_322' title='bbox 2949 1825 3156 1880; x_wconf 83' lang='lat' dir='ltr'><strong>facilius</strong></span> <span class='ocrx_word' id='word_1_323' title='bbox 3184 1828 3237 1881; x_wconf 91' lang='lat' dir='ltr'><strong>in</strong></span> <span class='ocrx_word' id='word_1_324' title='bbox 3261 1843 3382 1882; x_wconf 90' lang='lat' dir='ltr'><strong>cum</strong></span> <span class='ocrx_word' id='word_1_325' title='bbox 3410 1846 3535 1884; x_wconf 88' lang='lat' dir='ltr'><strong>sen-</strong></span> 
     </span>
    </p>
   </div>
   <div class='ocr_carea' id='block_1_49' title="bbox 1958 1913 3535 1991">
    <p class='ocr_par' dir='ltr' id='par_1_49' title="bbox 1958 1913 3535 1991">
     <span class='ocr_line' id='line_1_49' title="bbox 1958 1913 3535 1991; baseline 0.006 -24"><span class='ocrx_word' id='word_1_326' title='bbox 1958 1928 2078 1967; x_wconf 90' lang='lat' dir='ltr'><strong>sum</strong></span> <span class='ocrx_word' id='word_1_327' title='bbox 2105 1913 2340 1968; x_wconf 89' lang='lat' dir='ltr'><strong>adducar</strong></span> <span class='ocrx_word' id='word_1_328' title='bbox 2379 1914 2398 1952; x_wconf 72' lang='lat' dir='ltr'><strong>f</strong></span> <span class='ocrx_word' id='word_1_329' title='bbox 2431 1923 2489 1967; x_wconf 92' lang='lat' dir='ltr'><strong>ut</strong></span> <span class='ocrx_word' id='word_1_330' title='bbox 2530 1915 2763 1969; x_wconf 88' lang='lat' dir='ltr'><strong>arbitrer</strong></span> <span class='ocrx_word' id='word_1_331' title='bbox 2785 1924 3011 1984; x_wconf 89' lang='lat' dir='ltr'><strong>propter</strong></span> <span class='ocrx_word' id='word_1_332' title='bbox 3056 1916 3264 1986; x_wconf 87' lang='lat' dir='ltr'><strong>aliquas</strong></span> <span class='ocrx_word' id='word_1_333' title='bbox 3303 1934 3535 1991; x_wconf 89' lang='lat' dir='ltr'><strong>occupa-</strong></span> 
     </span>
    </p>
   </div>
   <div class='ocr_carea' id='block_1_50' title="bbox 1958 2002 3536 2077">
    <p class='ocr_par' dir='ltr' id='par_1_50' title="bbox 1958 2002 3536 2077">
     <span class='ocr_line' id='line_1_50' title="bbox 1958 2002 3536 2077; baseline 0.007 -21"><span class='ocrx_word' id='word_1_334' title='bbox 1958 2002 2133 2058; x_wconf 89' lang='lat' dir='ltr'><strong>tiones</strong></span> <span class='ocrx_word' id='word_1_335' title='bbox 2153 2003 2354 2074; x_wconf 86' lang='lat' dir='ltr'><strong>scripta</strong></span> <span class='ocrx_word' id='word_1_336' title='bbox 2383 2019 2502 2058; x_wconf 89' lang='lat' dir='ltr'><strong>mea</strong></span> <span class='ocrx_word' id='word_1_337' title='bbox 2524 2020 2553 2058; x_wconf 94' lang='lat' dir='ltr'><strong>a</strong></span> <span class='ocrx_word' id='word_1_338' title='bbox 2582 2015 2633 2060; x_wconf 91' lang='lat' dir='ltr'><strong>tc</strong></span> <span class='ocrx_word' id='word_1_339' title='bbox 2660 2020 2849 2074; x_wconf 89' lang='lat' dir='ltr'><strong>parum</strong></span> <span class='ocrx_word' id='word_1_340' title='bbox 2882 2007 3166 2077; x_wconf 73' lang='lat' dir='ltr'><strong>diligenter</strong></span> <span class='ocrx_word' id='word_1_341' title='bbox 3191 2009 3326 2063; x_wconf 90' lang='lat' dir='ltr'><strong>lecta</strong></span> <span class='ocrx_word' id='word_1_342' title='bbox 3371 2020 3427 2065; x_wconf 87' lang='lat' dir='ltr'><strong>et</strong></span> <span class='ocrx_word' id='word_1_343' title='bbox 3453 2014 3536 2067; x_wconf 86' lang='lat' dir='ltr'><strong>in-</strong></span> 
     </span>
    </p>
   </div>
   <div class='ocr_carea' id='block_1_51' title="bbox 1958 2090 3535 2164">
    <p class='ocr_par' dir='ltr' id='par_1_51' title="bbox 1958 2090 3535 2164">
     <span class='ocr_line' id='line_1_51' title="bbox 1958 2090 3535 2164; baseline 0.008 -20"><span class='ocrx_word' id='word_1_344' title='bbox 1958 2090 2176 2146; x_wconf 90' lang='lat' dir='ltr'><strong>tellecta</strong></span> <span class='ocrx_word' id='word_1_345' title='bbox 2219 2092 2419 2157; x_wconf 87' lang='lat' dir='ltr'><strong>fuisse,</strong></span> <span class='ocrx_word' id='word_1_346' title='bbox 2469 2110 2630 2164; x_wconf 90' lang='lat' dir='ltr'><strong>quam</strong></span> <span class='ocrx_word' id='word_1_347' title='bbox 2678 2104 2736 2149; x_wconf 90' lang='grc' dir='ltr'><strong>ιιι</strong></span> <span class='ocrx_word' id='word_1_348' title='bbox 2775 2098 2991 2150; x_wconf 90' lang='lat' dir='ltr'><strong>credam</strong></span> <span class='ocrx_word' id='word_1_349' title='bbox 3037 2099 3358 2153; x_wconf 86' lang='lat' dir='ltr'><strong>charitatem</strong></span> <span class='ocrx_word' id='word_1_350' title='bbox 3390 2111 3535 2157; x_wconf 87' lang='lat' dir='ltr'><strong>tuam</strong></span> 
     </span>
    </p>
   </div>
   <div class='ocr_carea' id='block_1_52' title="bbox 1956 2184 3535 2254">
    <p class='ocr_par' dir='ltr' id='par_1_52' title="bbox 1956 2184 3535 2254">
     <span class='ocr_line' id='line_1_52' title="bbox 1956 2184 3535 2254; baseline 0.008 -18"><span class='ocrx_word' id='word_1_351' title='bbox 1956 2184 2268 2238; x_wconf 79' lang='lat' dir='ltr'><strong>comminuti</strong></span> <span class='ocrx_word' id='word_1_352' title='bbox 2299 2185 2430 2239; x_wconf 92' lang='lat' dir='ltr'><strong>mihi</strong></span> <span class='ocrx_word' id='word_1_353' title='bbox 2456 2186 2691 2254; x_wconf 82' lang='lat' dir='ltr'><strong>periculi</strong></span> <span class='ocrx_word' id='word_1_354' title='bbox 2730 2203 2914 2241; x_wconf 87' lang='lat' dir='ltr'><strong>curam</strong></span> <span class='ocrx_word' id='word_1_355' title='bbox 2944 2205 3049 2244; x_wconf 94' lang='lat' dir='ltr'><strong>non</strong></span> <span class='ocrx_word' id='word_1_356' title='bbox 3083 2191 3337 2246; x_wconf 78' lang='lat' dir='ltr'><strong>imbuisse</strong></span> <span class='ocrx_word' id='word_1_357' title='bbox 3400 2193 3535 2248; x_wconf 51' lang='lat' dir='ltr'><strong>Hor.</strong></span> 
     </span>
    </p>
   </div>
   <div class='ocr_carea' id='block_1_53' title="bbox 1958 2272 3530 2353">
    <p class='ocr_par' dir='ltr' id='par_1_53' title="bbox 1958 2272 3530 2353">
     <span class='ocr_line' id='line_1_53' title="bbox 1958 2272 3530 2353; baseline 0.006 -28"><span class='ocrx_word' id='word_1_358' title='bbox 1958 2272 2091 2327; x_wconf 83' lang='lat' dir='ltr'><strong>laris</strong></span> <span class='ocrx_word' id='word_1_359' title='bbox 2112 2274 2280 2338; x_wconf 90' lang='lat' dir='ltr'><strong>enim,</strong></span> <span class='ocrx_word' id='word_1_360' title='bbox 2322 2275 2430 2328; x_wconf 92' lang='lat' dir='ltr'><strong>imo</strong></span> <span class='ocrx_word' id='word_1_361' title='bbox 2478 2276 2763 2331; x_wconf 88' lang='lat' dir='ltr'><strong>consilium</strong></span> <span class='ocrx_word' id='word_1_362' title='bbox 2791 2278 2887 2331; x_wconf 88' lang='lat' dir='ltr'><strong>das</strong></span> <span class='ocrx_word' id='word_1_363' title='bbox 2915 2320 2928 2342; x_wconf 93' lang='lat'><strong>,</strong></span> <span class='ocrx_word' id='word_1_364' title='bbox 2967 2288 3042 2339; x_wconf 89' lang='lat' dir='ltr'><strong>ut,</strong></span> <span class='ocrx_word' id='word_1_365' title='bbox 3081 2280 3298 2334; x_wconf 83' lang='lat' dir='ltr'><strong>omissis</strong></span> <span class='ocrx_word' id='word_1_366' title='bbox 3331 2292 3530 2353; x_wconf 76' lang='lat' dir='ltr'><strong>marty-</strong></span> 
     </span>
    </p>
   </div>
   <div class='ocr_carea' id='block_1_54' title="bbox 1956 2356 3537 2432">
    <p class='ocr_par' dir='ltr' id='par_1_54' title="bbox 1956 2356 3537 2432">
     <span class='ocr_line' id='line_1_54' title="bbox 1956 2356 3537 2432; baseline 0.007 -18"><span class='ocrx_word' id='word_1_367' title='bbox 1956 2376 2078 2414; x_wconf 87' lang='lat' dir='ltr'><strong>rum</strong></span> <span class='ocrx_word' id='word_1_368' title='bbox 2105 2362 2369 2427; x_wconf 79' lang='lat' dir='ltr'><strong>excubiis,</strong></span> <span class='ocrx_word' id='word_1_369' title='bbox 2396 2363 2589 2432; x_wconf 87' lang='lat' dir='ltr'><strong>quibus</strong></span> <span class='ocrx_word' id='word_1_370' title='bbox 2618 2365 2986 2420; x_wconf 84' lang='lat' dir='ltr'><strong>indesinenter</strong></span> <span class='ocrx_word' id='word_1_371' title='bbox 3009 2381 3039 2421; x_wconf 89' lang='lat' dir='ltr'><strong>a</strong></span> <span class='ocrx_word' id='word_1_372' title='bbox 3060 2368 3199 2421; x_wconf 89' lang='lat' dir='ltr'><strong>lesse</strong></span> <span class='ocrx_word' id='word_1_373' title='bbox 3223 2377 3278 2422; x_wconf 92' lang='lat' dir='ltr'><strong>et</strong></span> <span class='ocrx_word' id='word_1_374' title='bbox 3302 2356 3537 2425; x_wconf 48' lang='lat' dir='ltr'><strong>interesJ</strong></span> 
     </span>
    </p>
   </div>
   <div class='ocr_carea' id='block_1_55' title="bbox 1955 2450 3532 2526">
    <p class='ocr_par' dir='ltr' id='par_1_55' title="bbox 1955 2450 3532 2526">
     <span class='ocr_line' id='line_1_55' title="bbox 1955 2450 3532 2526; baseline 0.004 -21"><span class='ocrx_word' id='word_1_375' title='bbox 1955 2465 2015 2505; x_wconf 90' lang='lat' dir='ltr'><strong>se</strong></span> <span class='ocrx_word' id='word_1_376' title='bbox 2036 2450 2220 2519; x_wconf 84' lang='lat' dir='ltr'><strong>jussus</strong></span> <span class='ocrx_word' id='word_1_377' title='bbox 2260 2466 2378 2505; x_wconf 92' lang='lat' dir='ltr'><strong>sum</strong></span> <span class='ocrx_word' id='word_1_378' title='bbox 2405 2492 2419 2516; x_wconf 92' lang='lat'><strong>,</strong></span> <span class='ocrx_word' id='word_1_379' title='bbox 2446 2452 2703 2521; x_wconf 89' lang='lat' dir='ltr'><strong>palatium</strong></span> <span class='ocrx_word' id='word_1_380' title='bbox 2734 2463 2953 2523; x_wconf 80' lang='lat' dir='ltr'><strong>petam;</strong></span> <span class='ocrx_word' id='word_1_381' title='bbox 2997 2470 3117 2510; x_wconf 92' lang='lat' dir='ltr'><strong>cum</strong></span> <span class='ocrx_word' id='word_1_382' title='bbox 3164 2457 3294 2511; x_wconf 90' lang='lat' dir='ltr'><strong>mihi</strong></span> <span class='ocrx_word' id='word_1_383' title='bbox 3324 2468 3532 2526; x_wconf 79' lang='lat' dir='ltr'><strong>septem</strong></span> 
     </span>
    </p>
   </div>
   <div class='ocr_carea' id='block_1_56' title="bbox 1955 2538 3537 2619">
    <p class='ocr_par' dir='ltr' id='par_1_56' title="bbox 1955 2538 3537 2619">
     <span class='ocr_line' id='line_1_56' title="bbox 1955 2538 3537 2619; baseline 0.006 -24"><span class='ocrx_word' id='word_1_384' title='bbox 1955 2538 2167 2595; x_wconf 84' lang='lat' dir='ltr'><strong>dierum</strong></span> <span class='ocrx_word' id='word_1_385' title='bbox 2193 2543 2437 2597; x_wconf 85' lang='lat' dir='ltr'><strong>absentia</strong></span> <span class='ocrx_word' id='word_1_386' title='bbox 2471 2544 2702 2612; x_wconf 73' lang='lat' dir='ltr'><strong>pmnalis</strong></span> <span class='ocrx_word' id='word_1_387' title='bbox 2731 2544 2910 2600; x_wconf 88' lang='lat' dir='ltr'><strong>futura</strong></span> <span class='ocrx_word' id='word_1_388' title='bbox 2933 2546 3249 2602; x_wconf 88' lang='lat' dir='ltr'><strong>denuntiata</strong></span> <span class='ocrx_word' id='word_1_389' title='bbox 3276 2549 3345 2603; x_wconf 88' lang='lat' dir='ltr'><strong>sit</strong></span> <span class='ocrx_word' id='word_1_390' title='bbox 3378 2567 3389 2601; x_wconf 89' lang='lat'><strong>:</strong></span> <span class='ocrx_word' id='word_1_391' title='bbox 3417 2566 3537 2619; x_wconf 73' lang='lat' dir='ltr'><strong>qua:</strong></span> 
     </span>
    </p>
   </div>
   <div class='ocr_carea' id='block_1_57' title="bbox 1953 2629 3535 2706">
    <p class='ocr_par' dir='ltr' id='par_1_57' title="bbox 1953 2629 3535 2706">
     <span class='ocr_line' id='line_1_57' title="bbox 1953 2629 3535 2706; baseline 0.004 -18"><span class='ocrx_word' id='word_1_392' title='bbox 1953 2629 2059 2688; x_wconf 78' lang='lat' dir='ltr'><strong>nbn</strong></span> <span class='ocrx_word' id='word_1_393' title='bbox 2089 2633 2260 2689; x_wconf 87' lang='lat' dir='ltr'><strong>solum</strong></span> <span class='ocrx_word' id='word_1_394' title='bbox 2291 2635 2345 2688; x_wconf 87' lang='lat' dir='ltr'><strong>in</strong></span> <span class='ocrx_word' id='word_1_395' title='bbox 2369 2649 2521 2689; x_wconf 91' lang='lat' dir='ltr'><strong>mora</strong></span> <span class='ocrx_word' id='word_1_396' title='bbox 2564 2635 2617 2689; x_wconf 90' lang='lat' dir='ltr'><strong>in</strong></span> <span class='ocrx_word' id='word_1_397' title='bbox 2669 2635 2872 2706; x_wconf 89' lang='lat' dir='ltr'><strong>palatio</strong></span> <span class='ocrx_word' id='word_1_398' title='bbox 2911 2636 3157 2692; x_wconf 88' lang='lat' dir='ltr'><strong>facienda</strong></span> <span class='ocrx_word' id='word_1_399' title='bbox 3188 2679 3202 2703; x_wconf 93' lang='lat'><strong>,</strong></span> <span class='ocrx_word' id='word_1_400' title='bbox 3233 2639 3328 2694; x_wconf 90' lang='lat' dir='ltr'><strong>sed</strong></span> <span class='ocrx_word' id='word_1_401' title='bbox 3377 2654 3445 2693; x_wconf 88' lang='lat' dir='ltr'><strong>ne</strong></span> <span class='ocrx_word' id='word_1_402' title='bbox 3481 2641 3535 2694; x_wconf 91' lang='lat' dir='ltr'><strong>in</strong></span> 
     </span>
    </p>
   </div>
   <div class='ocr_carea' id='block_1_58' title="bbox 1953 2723 3535 2797">
    <p class='ocr_par' dir='ltr' id='par_1_58' title="bbox 1953 2723 3535 2797">
     <span class='ocr_line' id='line_1_58' title="bbox 1953 2723 3535 2797; baseline 0.004 -20"><span class='ocrx_word' id='word_1_403' title='bbox 1953 2723 2148 2779; x_wconf 80' lang='lat' dir='ltr'><strong>itinere</strong></span> <span class='ocrx_word' id='word_1_404' title='bbox 2172 2765 2187 2790; x_wconf 93' lang='lat'><strong>,</strong></span> <span class='ocrx_word' id='word_1_405' title='bbox 2217 2724 2359 2794; x_wconf 88' lang='lat' dir='ltr'><strong>quod</strong></span> <span class='ocrx_word' id='word_1_406' title='bbox 2406 2725 2474 2779; x_wconf 85' lang='lat' dir='ltr'><strong>ad</strong></span> <span class='ocrx_word' id='word_1_407' title='bbox 2499 2725 2758 2795; x_wconf 85' lang='lat' dir='ltr'><strong>palatium</strong></span> <span class='ocrx_word' id='word_1_408' title='bbox 2813 2729 3145 2797; x_wconf 77' lang='lat' dir='ltr'><strong>pergendum</strong></span> <span class='ocrx_word' id='word_1_409' title='bbox 3178 2738 3261 2783; x_wconf 90' lang='lat' dir='ltr'><strong>est</strong></span> <span class='ocrx_word' id='word_1_410' title='bbox 3285 2770 3299 2796; x_wconf 95' lang='lat'><strong>,</strong></span> <span class='ocrx_word' id='word_1_411' title='bbox 3351 2731 3535 2785; x_wconf 88' lang='lat' dir='ltr'><strong>caveri</strong></span> 
     </span>
    </p>
   </div>
   <div class='ocr_carea' id='block_1_59' title="bbox 1951 2816 3536 2891">
    <p class='ocr_par' dir='ltr' id='par_1_59' title="bbox 1951 2816 3536 2891">
     <span class='ocr_line' id='line_1_59' title="bbox 1951 2816 3536 2891; baseline 0.005 -22"><span class='ocrx_word' id='word_1_412' title='bbox 1951 2823 2151 2884; x_wconf 88' lang='lat' dir='ltr'><strong>potest,</strong></span> <span class='ocrx_word' id='word_1_413' title='bbox 2180 2816 2482 2886; x_wconf 67' lang='lat' dir='ltr'><strong>praesertim</strong></span> <span class='ocrx_word' id='word_1_414' title='bbox 2512 2832 2542 2871; x_wconf 95' lang='lat' dir='ltr'><strong>a</strong></span> <span class='ocrx_word' id='word_1_415' title='bbox 2565 2833 2651 2874; x_wconf 88' lang='lat' dir='ltr'><strong>me</strong></span> <span class='ocrx_word' id='word_1_416' title='bbox 2673 2819 2784 2888; x_wconf 88' lang='lat' dir='ltr'><strong>qui,</strong></span> <span class='ocrx_word' id='word_1_417' title='bbox 2806 2829 2915 2874; x_wconf 89' lang='lat' dir='ltr'><strong>tam</strong></span> <span class='ocrx_word' id='word_1_418' title='bbox 2935 2832 3156 2891; x_wconf 86' lang='lat' dir='ltr'><strong>propter</strong></span> <span class='ocrx_word' id='word_1_419' title='bbox 3182 2823 3283 2877; x_wconf 69' lang='lat' dir='ltr'><strong>vim</strong></span> <span class='ocrx_word' id='word_1_420' title='bbox 3311 2822 3536 2878; x_wconf 84' lang='lat' dir='ltr'><strong>dillicul-</strong></span> 
     </span>
    </p>
   </div>
   <div class='ocr_carea' id='block_1_60' title="bbox 1953 2907 3530 2978">
    <p class='ocr_par' dir='ltr' id='par_1_60' title="bbox 1953 2907 3530 2978">
     <span class='ocr_line' id='line_1_60' title="bbox 1953 2907 3530 2978; baseline 0.004 -18"><span class='ocrx_word' id='word_1_421' title='bbox 1953 2913 2119 2962; x_wconf 88' lang='lat' dir='ltr'><strong>tatem</strong></span> <span class='ocrx_word' id='word_1_422' title='bbox 2146 2922 2307 2976; x_wconf 89' lang='lat' dir='ltr'><strong>quam</strong></span> <span class='ocrx_word' id='word_1_423' title='bbox 2352 2909 2594 2978; x_wconf 90' lang='lat' dir='ltr'><strong>corporis</strong></span> <span class='ocrx_word' id='word_1_424' title='bbox 2623 2907 2949 2965; x_wconf 89' lang='lat' dir='ltr'><strong>imbecillam</strong></span> <span class='ocrx_word' id='word_1_425' title='bbox 2988 2910 3367 2975; x_wconf 84' lang='lat' dir='ltr'><strong>valetudinem,</strong></span> <span class='ocrx_word' id='word_1_426' title='bbox 3402 2927 3530 2967; x_wconf 86' lang='lat' dir='ltr'><strong>raro</strong></span> 
     </span>
    </p>
   </div>
   <div class='ocr_carea' id='block_1_61' title="bbox 1950 2996 3528 3072">
    <p class='ocr_par' dir='ltr' id='par_1_61' title="bbox 1950 2996 3528 3072">
     <span class='ocr_line' id='line_1_61' title="bbox 1950 2996 3528 3072; baseline 0.004 -21"><span class='ocrx_word' id='word_1_427' title='bbox 1950 2996 2181 3051; x_wconf 80' lang='lat' dir='ltr'><strong>celerius</strong></span> <span class='ocrx_word' id='word_1_428' title='bbox 2217 3012 2380 3066; x_wconf 91' lang='lat' dir='ltr'><strong>quam</strong></span> <span class='ocrx_word' id='word_1_429' title='bbox 2428 3007 2635 3067; x_wconf 89' lang='lat' dir='ltr'><strong>septem</strong></span> <span class='ocrx_word' id='word_1_430' title='bbox 2680 3000 2891 3056; x_wconf 90' lang='lat' dir='ltr'><strong>dierum</strong></span> <span class='ocrx_word' id='word_1_431' title='bbox 2924 3002 3099 3072; x_wconf 90' lang='lat' dir='ltr'><strong>spatio</strong></span> <span class='ocrx_word' id='word_1_432' title='bbox 3145 3002 3211 3056; x_wconf 86' lang='lat' dir='ltr'><strong>de</strong></span> <span class='ocrx_word' id='word_1_433' title='bbox 3266 3002 3435 3072; x_wconf 84' lang='lat' dir='ltr'><strong>Aquis</strong></span> <span class='ocrx_word' id='word_1_434' title='bbox 3459 3004 3528 3058; x_wconf 90' lang='lat' dir='ltr'><strong>ad</strong></span> 
     </span>
    </p>
   </div>
   <div class='ocr_carea' id='block_1_62' title="bbox 272 3078 3533 3179">
    <p class='ocr_par' dir='ltr' id='par_1_62' title="bbox 272 3078 3533 3179">
     <span class='ocr_line' id='line_1_62' title="bbox 272 3078 3533 3179; baseline 0.003 -40"><span class='ocrx_word' id='word_1_435' title='bbox 272 3098 455 3143; x_wconf 78' lang='lat' dir='ltr'><strong>noster</strong></span> <span class='ocrx_word' id='word_1_436' title='bbox 515 3086 584 3140; x_wconf 86' lang='lat' dir='ltr'><strong>de</strong></span> <span class='ocrx_word' id='word_1_437' title='bbox 617 3086 734 3154; x_wconf 86' lang='lat' dir='ltr'><strong>ipsa</strong></span> <span class='ocrx_word' id='word_1_438' title='bbox 788 3098 887 3138; x_wconf 83' lang='lat' dir='ltr'><strong>sua</strong></span> <span class='ocrx_word' id='word_1_439' title='bbox 920 3095 1107 3179; x_wconf 66' lang='lat' dir='ltr'><strong>causa</strong></span> <span class='ocrx_word' id='word_1_440' title='bbox 1141 3078 1347 3179; x_wconf 56' lang='lat' dir='ltr'><strong>facere</strong></span> <span class='ocrx_word' id='word_1_441' title='bbox 1372 3079 1586 3136; x_wconf 79' lang='lat' dir='ltr'><strong>debeat.</strong></span> <span class='ocrx_word' id='word_1_442' title='bbox 1620 3078 1762 3150; x_wconf 84' lang='lat' dir='ltr'><strong>Opto</strong></span> <span class='ocrx_word' id='word_1_443' title='bbox 1788 3087 1851 3136; x_wconf 89' lang='lat' dir='ltr'><strong>ut</strong></span> <span class='ocrx_word' id='word_1_444' title='bbox 1876 3116 1921 3179; x_wconf 64' lang='grc' dir='ltr'>Ο</span> <span class='ocrx_word' id='word_1_445' title='bbox 1953 3093 2251 3156; x_wconf 86' lang='lat' dir='ltr'><strong>martyrum</strong></span> <span class='ocrx_word' id='word_1_446' title='bbox 2269 3086 2453 3141; x_wconf 89' lang='lat' dir='ltr'><strong>limina</strong></span> <span class='ocrx_word' id='word_1_447' title='bbox 2479 3086 2949 3158; x_wconf 81' lang='lat' dir='ltr'><strong>potuipervenire.</strong></span> <span class='ocrx_word' id='word_1_448' title='bbox 2973 3090 3079 3146; x_wconf 87' lang='lat' dir='ltr'><strong>Sed</strong></span> <span class='ocrx_word' id='word_1_449' title='bbox 3103 3091 3216 3161; x_wconf 85' lang='lat' dir='ltr'><strong>jam</strong></span> <span class='ocrx_word' id='word_1_450' title='bbox 3235 3108 3377 3148; x_wconf 89' lang='lat' dir='ltr'><strong>nunc</strong></span> <span class='ocrx_word' id='word_1_451' title='bbox 3401 3106 3533 3164; x_wconf 83' lang='lat' dir='ltr'><strong>rogo</strong></span> 
     </span>
    </p>
   </div>
   <div class='ocr_carea' id='block_1_63' title="bbox 272 3173 1249 3251">
    <p class='ocr_par' dir='ltr' id='par_1_63' title="bbox 272 3173 1249 3251">
     <span class='ocr_line' id='line_1_63' title="bbox 272 3173 1249 3251; baseline -0.009 -16"><span class='ocrx_word' id='word_1_452' title='bbox 272 3194 482 3251; x_wconf 84' lang='lat' dir='ltr'><strong>semper</strong></span> <span class='ocrx_word' id='word_1_453' title='bbox 503 3178 643 3232; x_wconf 85' lang='lat' dir='ltr'><strong>bene</strong></span> <span class='ocrx_word' id='word_1_454' title='bbox 665 3175 895 3232; x_wconf 81' lang='lat' dir='ltr'><strong>valeatis</strong></span> <span class='ocrx_word' id='word_1_455' title='bbox 918 3174 972 3228; x_wconf 91' lang='lat' dir='ltr'><strong>in</strong></span> <span class='ocrx_word' id='word_1_456' title='bbox 1001 3173 1249 3229; x_wconf 80' lang='lat' dir='ltr'><strong>Domino.</strong></span> 
     </span>
    </p>
   </div>
   <div class='ocr_carea' id='block_1_64' title="bbox 814 3283 1292 3340">
    <p class='ocr_par' dir='ltr' id='par_1_64' title="bbox 814 3283 1292 3340">
     <span class='ocr_line' id='line_1_64' title="bbox 814 3283 1292 3340; baseline -0.002 0"><span class='ocrx_word' id='word_1_457' title='bbox 814 3283 1149 3340; x_wconf 77' lang='lat' dir='ltr'><strong>EPISTOLA</strong></span> <span class='ocrx_word' id='word_1_458' title='bbox 1177 3283 1292 3340; x_wconf 76' lang='lat' dir='ltr'><strong>XII.</strong></span> 
     </span>
    </p>
   </div>
   <div class='ocr_carea' id='block_1_65' title="bbox 309 3388 1817 3435">
    <p class='ocr_par' dir='ltr' id='par_1_65' title="bbox 309 3388 1817 3435">
     <span class='ocr_line' id='line_1_65' title="bbox 309 3388 1817 3435; baseline -0.003 0"><span class='ocrx_word' id='word_1_459' title='bbox 309 3396 373 3435; x_wconf 69' lang='grc' dir='ltr'><strong>ΑΒ</strong></span> <span class='ocrx_word' id='word_1_460' title='bbox 400 3390 745 3435; x_wconf 66' lang='grc' dir='ltr'>ιωτιιλιωωι</span> <span class='ocrx_word' id='word_1_461' title='bbox 773 3388 1152 3432; x_wconf 65' lang='lat' dir='ltr'><strong>PRESBYTER!!!</strong></span> <span class='ocrx_word' id='word_1_462' title='bbox 1180 3391 1252 3430; x_wconf 73' lang='lat' dir='ltr'><strong>ET</strong></span> <span class='ocrx_word' id='word_1_463' title='bbox 1272 3388 1639 3431; x_wconf 70' lang='grc' dir='ltr'>ειιιιιιιιειιτσι</span> <span class='ocrx_word' id='word_1_464' title='bbox 1668 3388 1817 3431; x_wconf 74' lang='lat' dir='ltr'><strong>VICE-</strong></span> 
     </span>
    </p>
   </div>
   <div class='ocr_carea' id='block_1_66' title="bbox 923 3461 1186 3502">
    <p class='ocr_par' dir='ltr' id='par_1_66' title="bbox 923 3461 1186 3502">
     <span class='ocr_line' id='line_1_66' title="bbox 923 3461 1186 3502; baseline -0.011 -1"><span class='ocrx_word' id='word_1_465' title='bbox 923 3461 1186 3502; x_wconf 65' lang='grc' dir='ltr'>ιιοιιιίιιιιι.</span> 
     </span>
    </p>
   </div>
   <div class='ocr_carea' id='block_1_67' title="bbox 337 3536 1846 3607">
    <p class='ocr_par' dir='ltr' id='par_1_67' title="bbox 337 3536 1846 3607">
     <span class='ocr_line' id='line_1_67' title="bbox 337 3536 1846 3607; baseline 0.001 -15"><span class='ocrx_word' id='word_1_466' title='bbox 337 3539 395 3593; x_wconf 86' lang='lat' dir='ltr'><strong>ln</strong></span> <span class='ocrx_word' id='word_1_467' title='bbox 422 3538 629 3595; x_wconf 67' lang='grc' dir='ltr'><strong>(Ἁιτὶδῆ</strong></span> <span class='ocrx_word' id='word_1_468' title='bbox 657 3538 900 3603; x_wconf 75' lang='lat' dir='ltr'><strong>neruine,</strong></span> <span class='ocrx_word' id='word_1_469' title='bbox 941 3536 1284 3607; x_wconf 68' lang='lat' dir='ltr'><strong>Eginbandus</strong></span> <span class='ocrx_word' id='word_1_470' title='bbox 1316 3537 1508 3603; x_wconf 88' lang='lat' dir='ltr'><strong>abbas,</strong></span> <span class='ocrx_word' id='word_1_471' title='bbox 1545 3536 1846 3593; x_wconf 80' lang='lat' dir='ltr'><strong>Liuthardo</strong></span> 
     </span>
    </p>
   </div>
   <div class='ocr_carea' id='block_1_68' title="bbox 272 3624 1847 3701">
    <p class='ocr_par' dir='ltr' id='par_1_68' title="bbox 272 3624 1847 3701">
     <span class='ocr_line' id='line_1_68' title="bbox 272 3624 1847 3701; baseline 0.001 -16"><span class='ocrx_word' id='word_1_472' title='bbox 272 3631 586 3701; x_wconf 72' lang='lat' dir='ltr'><strong>presbytero</strong></span> <span class='ocrx_word' id='word_1_473' title='bbox 623 3638 681 3683; x_wconf 83' lang='lat' dir='ltr'><strong>et</strong></span> <span class='ocrx_word' id='word_1_474' title='bbox 705 3624 1028 3683; x_wconf 83' lang='lat' dir='ltr'><strong>Eremberto</strong></span> <span class='ocrx_word' id='word_1_475' title='bbox 1065 3627 1428 3695; x_wconf 80' lang='lat' dir='ltr'><strong>vicedomino,</strong></span> <span class='ocrx_word' id='word_1_476' title='bbox 1461 3630 1711 3686; x_wconf 86' lang='lat' dir='ltr'><strong>tldelibus</strong></span> <span class='ocrx_word' id='word_1_477' title='bbox 1748 3645 1847 3686; x_wconf 91' lang='lat' dir='ltr'><strong>no-</strong></span> 
     </span>
    </p>
   </div>
   <div class='ocr_carea' id='block_1_69' title="bbox 270 3718 1034 3785">
    <p class='ocr_par' dir='ltr' id='par_1_69' title="bbox 270 3718 1034 3785">
     <span class='ocr_line' id='line_1_69' title="bbox 270 3718 1034 3785; baseline -0.004 -10"><span class='ocrx_word' id='word_1_478' title='bbox 270 3722 420 3785; x_wconf 80' lang='lat' dir='ltr'><strong>stris,</strong></span> <span class='ocrx_word' id='word_1_479' title='bbox 445 3721 502 3775; x_wconf 91' lang='lat' dir='ltr'><strong>in</strong></span> <span class='ocrx_word' id='word_1_480' title='bbox 526 3719 759 3775; x_wconf 79' lang='lat' dir='ltr'><strong>Domino</strong></span> <span class='ocrx_word' id='word_1_481' title='bbox 779 3718 1034 3773; x_wconf 84' lang='lat' dir='ltr'><strong>salutem.</strong></span> 
     </span>
    </p>
   </div>
   <div class='ocr_carea' id='block_1_70' title="bbox 335 3806 1840 3881">
    <p class='ocr_par' dir='ltr' id='par_1_70' title="bbox 335 3806 1840 3881">
     <span class='ocr_line' id='line_1_70' title="bbox 335 3806 1840 3881; baseline -0.002 -15"><span class='ocrx_word' id='word_1_482' title='bbox 335 3809 531 3866; x_wconf 76' lang='lat' dir='ltr'><strong>Notum</strong></span> <span class='ocrx_word' id='word_1_483' title='bbox 560 3809 635 3881; x_wconf 79' lang='lat' dir='ltr'><strong>sit</strong></span> <span class='ocrx_word' id='word_1_484' title='bbox 665 3807 820 3862; x_wconf 88' lang='lat' dir='ltr'><strong>vobis</strong></span> <span class='ocrx_word' id='word_1_485' title='bbox 848 3808 991 3877; x_wconf 85' lang='lat' dir='ltr'><strong>quod</strong></span> <span class='ocrx_word' id='word_1_486' title='bbox 1025 3822 1125 3862; x_wconf 79' lang='lat' dir='ltr'><strong>nos</strong></span> <span class='ocrx_word' id='word_1_487' title='bbox 1151 3806 1469 3863; x_wconf 82' lang='lat' dir='ltr'><strong>Willibaldo</strong></span> <span class='ocrx_word' id='word_1_488' title='bbox 1495 3809 1840 3879; x_wconf 83' lang='lat' dir='ltr'><strong>presbytero,</strong></span> 
     </span>
    </p>
   </div>
   <div class='ocr_carea' id='block_1_71' title="bbox 270 3898 1845 3967">
    <p class='ocr_par' dir='ltr' id='par_1_71' title="bbox 270 3898 1845 3967">
     <span class='ocr_line' id='line_1_71' title="bbox 270 3898 1845 3967; baseline -0.001 -13"><span class='ocrx_word' id='word_1_489' title='bbox 270 3899 411 3955; x_wconf 84' lang='lat' dir='ltr'><strong>fideli</strong></span> <span class='ocrx_word' id='word_1_490' title='bbox 444 3939 460 3963; x_wconf 94' lang='lat'><strong>,</strong></span> <span class='ocrx_word' id='word_1_491' title='bbox 489 3908 551 3953; x_wconf 91' lang='lat' dir='ltr'><strong>ut</strong></span> <span class='ocrx_word' id='word_1_492' title='bbox 577 3900 870 3962; x_wconf 88' lang='lat' dir='ltr'><strong>credimus,</strong></span> <span class='ocrx_word' id='word_1_493' title='bbox 918 3908 1129 3963; x_wconf 87' lang='lat' dir='ltr'><strong>nostro,</strong></span> <span class='ocrx_word' id='word_1_494' title='bbox 1174 3898 1476 3967; x_wconf 70' lang='lat' dir='ltr'><strong>iniunctum</strong></span> <span class='ocrx_word' id='word_1_495' title='bbox 1502 3899 1766 3953; x_wconf 77' lang='lat' dir='ltr'><strong>habemus</strong></span> <span class='ocrx_word' id='word_1_496' title='bbox 1785 3906 1845 3953; x_wconf 83' lang='lat' dir='ltr'><strong>ut</strong></span> 
     </span>
    </p>
   </div>
   <div class='ocr_carea' id='block_1_72' title="bbox 266 3988 1842 4059">
    <p class='ocr_par' dir='ltr' id='par_1_72' title="bbox 266 3988 1842 4059">
     <span class='ocr_line' id='line_1_72' title="bbox 266 3988 1842 4059; baseline -0.003 -13"><span class='ocrx_word' id='word_1_497' title='bbox 266 4005 494 4046; x_wconf 89' lang='lat' dir='ltr'><strong>censum</strong></span> <span class='ocrx_word' id='word_1_498' title='bbox 514 3999 759 4045; x_wconf 89' lang='lat' dir='ltr'><strong>nostrum</strong></span> <span class='ocrx_word' id='word_1_499' title='bbox 787 3988 1017 4059; x_wconf 82' lang='lat' dir='ltr'><strong>recipiat</strong></span> <span class='ocrx_word' id='word_1_500' title='bbox 1042 3990 1110 4044; x_wconf 89' lang='lat' dir='ltr'><strong>ab</strong></span> <span class='ocrx_word' id='word_1_501' title='bbox 1139 3989 1455 4045; x_wconf 73' lang='lat' dir='ltr'><strong>hominibus</strong></span> <span class='ocrx_word' id='word_1_502' title='bbox 1479 3988 1705 4053; x_wconf 90' lang='lat' dir='ltr'><strong>nostris,</strong></span> <span class='ocrx_word' id='word_1_503' title='bbox 1733 3995 1842 4042; x_wconf 88' lang='lat' dir='ltr'><strong>tam</strong></span> 
     </span>
    </p>
   </div>
   <div class='ocr_carea' id='block_1_73' title="bbox 267 4078 1838 4151">
    <p class='ocr_par' dir='ltr' id='par_1_73' title="bbox 267 4078 1838 4151">
     <span class='ocr_line' id='line_1_73' title="bbox 267 4078 1838 4151; baseline -0.002 -16"><span class='ocrx_word' id='word_1_504' title='bbox 267 4080 405 4151; x_wconf 89' lang='lat' dir='ltr'><strong>apud</strong></span> <span class='ocrx_word' id='word_1_505' title='bbox 450 4079 507 4135; x_wconf 91' lang='lat' dir='ltr'><strong>S.</strong></span> <span class='ocrx_word' id='word_1_506' title='bbox 552 4080 824 4136; x_wconf 85' lang='lat' dir='ltr'><strong>Bavonem</strong></span> <span class='ocrx_word' id='word_1_507' title='bbox 869 4095 1032 4150; x_wconf 82' lang='lat' dir='ltr'><strong>quam</strong></span> <span class='ocrx_word' id='word_1_508' title='bbox 1062 4080 1117 4133; x_wconf 89' lang='lat' dir='ltr'><strong>in</strong></span> <span class='ocrx_word' id='word_1_509' title='bbox 1158 4078 1445 4133; x_wconf 85' lang='lat' dir='ltr'><strong>Blandinio</strong></span> <span class='ocrx_word' id='word_1_510' title='bbox 1487 4078 1838 4133; x_wconf 89' lang='lat' dir='ltr'><strong>monasterio.</strong></span> 
     </span>
    </p>
   </div>
   <div class='ocr_carea' id='block_1_74' title="bbox 265 4158 1839 4239">
    <p class='ocr_par' dir='ltr' id='par_1_74' title="bbox 265 4158 1839 4239">
     <span class='ocr_line' id='line_1_74' title="bbox 265 4158 1839 4239; baseline -0.002 -16"><span class='ocrx_word' id='word_1_511' title='bbox 265 4169 493 4239; x_wconf 78' lang='lat' dir='ltr'><strong>Propter</strong></span> <span class='ocrx_word' id='word_1_512' title='bbox 520 4169 625 4225; x_wconf 78' lang='lat' dir='ltr'><strong>hoc</strong></span> <span class='ocrx_word' id='word_1_513' title='bbox 647 4158 915 4225; x_wconf 77' lang='lat' dir='ltr'><strong>mittimus</strong></span> <span class='ocrx_word' id='word_1_514' title='bbox 942 4168 1096 4224; x_wconf 88' lang='lat' dir='ltr'><strong>illum</strong></span> <span class='ocrx_word' id='word_1_515' title='bbox 1120 4167 1189 4222; x_wconf 88' lang='lat' dir='ltr'><strong>ad</strong></span> <span class='ocrx_word' id='word_1_516' title='bbox 1210 4182 1330 4230; x_wconf 88' lang='lat' dir='ltr'><strong>vos,</strong></span> <span class='ocrx_word' id='word_1_517' title='bbox 1350 4166 1479 4235; x_wconf 84' lang='lat' dir='ltr'><strong>quia</strong></span> <span class='ocrx_word' id='word_1_518' title='bbox 1506 4166 1761 4221; x_wconf 64' lang='lat' dir='ltr'><strong>volumus</strong></span> <span class='ocrx_word' id='word_1_519' title='bbox 1784 4174 1839 4220; x_wconf 88' lang='grc' dir='ltr'><strong>ιιι</strong></span> 
     </span>
    </p>
   </div>
   <div class='ocr_carea' id='block_1_75' title="bbox 263 4256 1842 4327">
    <p class='ocr_par' dir='ltr' id='par_1_75' title="bbox 263 4256 1842 4327">
     <span class='ocr_line' id='line_1_75' title="bbox 263 4256 1842 4327; baseline -0.001 -14"><span class='ocrx_word' id='word_1_520' title='bbox 263 4261 314 4313; x_wconf 85' lang='lat' dir='ltr'><strong>ei</strong></span> <span class='ocrx_word' id='word_1_521' title='bbox 330 4259 657 4327; x_wconf 86' lang='lat' dir='ltr'><strong>adjutorium</strong></span> <span class='ocrx_word' id='word_1_522' title='bbox 683 4258 897 4314; x_wconf 78' lang='lat' dir='ltr'><strong>faciatis</strong></span> <span class='ocrx_word' id='word_1_523' title='bbox 916 4269 977 4314; x_wconf 86' lang='lat' dir='ltr'><strong>ut</strong></span> <span class='ocrx_word' id='word_1_524' title='bbox 1003 4258 1254 4314; x_wconf 84' lang='lat' dir='ltr'><strong>eumdem</strong></span> <span class='ocrx_word' id='word_1_525' title='bbox 1274 4272 1501 4315; x_wconf 82' lang='lat' dir='ltr'><strong>censum</strong></span> <span class='ocrx_word' id='word_1_526' title='bbox 1528 4264 1586 4312; x_wconf 87' lang='lat' dir='ltr'><strong>et</strong></span> <span class='ocrx_word' id='word_1_527' title='bbox 1611 4256 1842 4326; x_wconf 78' lang='lat' dir='ltr'><strong>pleniter</strong></span> 
     </span>
    </p>
   </div>
   <div class='ocr_carea' id='block_1_76' title="bbox 264 4344 1840 4418">
    <p class='ocr_par' dir='ltr' id='par_1_76' title="bbox 264 4344 1840 4418">
     <span class='ocr_line' id='line_1_76' title="bbox 264 4344 1840 4418; baseline 0 -17"><span class='ocrx_word' id='word_1_528' title='bbox 264 4358 319 4402; x_wconf 87' lang='lat' dir='ltr'><strong>et</strong></span> <span class='ocrx_word' id='word_1_529' title='bbox 346 4349 407 4404; x_wconf 86' lang='lat' dir='ltr'><strong>iu</strong></span> <span class='ocrx_word' id='word_1_530' title='bbox 430 4349 573 4407; x_wconf 86' lang='lat' dir='ltr'><strong>bono</strong></span> <span class='ocrx_word' id='word_1_531' title='bbox 600 4355 827 4418; x_wconf 69' lang='lat' dir='ltr'><strong>argento</strong></span> <span class='ocrx_word' id='word_1_532' title='bbox 865 4346 1096 4417; x_wconf 83' lang='lat' dir='ltr'><strong>recipiat</strong></span> <span class='ocrx_word' id='word_1_533' title='bbox 1118 4345 1168 4399; x_wconf 73' lang='grc' dir='ltr'><strong>ἀ.</strong></span> <span class='ocrx_word' id='word_1_534' title='bbox 1196 4344 1338 4416; x_wconf 85' lang='lat' dir='ltr'><strong>Opto</strong></span> <span class='ocrx_word' id='word_1_535' title='bbox 1376 4354 1438 4402; x_wconf 87' lang='lat' dir='ltr'><strong>ut</strong></span> <span class='ocrx_word' id='word_1_536' title='bbox 1462 4362 1678 4416; x_wconf 78' lang='lat' dir='ltr'><strong>semper</strong></span> <span class='ocrx_word' id='word_1_537' title='bbox 1701 4347 1840 4402; x_wconf 85' lang='lat' dir='ltr'><strong>bene</strong></span> 
     </span>
    </p>
   </div>
   <div class='ocr_carea' id='block_1_77' title="bbox 263 4437 847 4497">
    <p class='ocr_par' dir='ltr' id='par_1_77' title="bbox 263 4437 847 4497">
     <span class='ocr_line' id='line_1_77' title="bbox 263 4437 847 4497; baseline 0.003 -6"><span class='ocrx_word' id='word_1_538' title='bbox 263 4438 489 4497; x_wconf 72' lang='lat' dir='ltr'><strong>valeatis</strong></span> <span class='ocrx_word' id='word_1_539' title='bbox 516 4437 570 4493; x_wconf 78' lang='lat' dir='ltr'><strong>in</strong></span> <span class='ocrx_word' id='word_1_540' title='bbox 596 4438 847 4494; x_wconf 82' lang='lat' dir='ltr'><strong>Domine.</strong></span> 
     </span>
    </p>
   </div>
   <div class='ocr_carea' id='block_1_78' title="bbox 792 4522 1294 4580">
    <p class='ocr_par' dir='ltr' id='par_1_78' title="bbox 792 4522 1294 4580">
     <span class='ocr_line' id='line_1_78' title="bbox 792 4522 1294 4580; baseline -0.002 -1"><span class='ocrx_word' id='word_1_541' title='bbox 792 4522 1128 4580; x_wconf 78' lang='lat' dir='ltr'><strong>EPISTOLA</strong></span> <span class='ocrx_word' id='word_1_542' title='bbox 1159 4524 1294 4579; x_wconf 76' lang='lat' dir='ltr'><strong>XII].</strong></span> 
     </span>
    </p>
   </div>
   <div class='ocr_carea' id='block_1_79' title="bbox 706 4629 1385 4671">
    <p class='ocr_par' dir='ltr' id='par_1_79' title="bbox 706 4629 1385 4671">
     <span class='ocr_line' id='line_1_79' title="bbox 706 4629 1385 4671; baseline -0.001 -2"><span class='ocrx_word' id='word_1_543' title='bbox 706 4632 775 4669; x_wconf 76' lang='lat' dir='ltr'><strong>AD</strong></span> <span class='ocrx_word' id='word_1_544' title='bbox 809 4630 1083 4671; x_wconf 69' lang='lat' dir='ltr'><strong>POPPONEI</strong></span> <span class='ocrx_word' id='word_1_545' title='bbox 1118 4629 1385 4670; x_wconf 65' lang='lat' dir='ltr'><strong>COII’I‘EII.</strong></span> 
     </span>
    </p>
   </div>
   <div class='ocr_carea' id='block_1_80' title="bbox 329 4705 1836 4777">
    <p class='ocr_par' dir='ltr' id='par_1_80' title="bbox 329 4705 1836 4777">
     <span class='ocr_line' id='line_1_80' title="bbox 329 4705 1836 4777; baseline -0.001 -17"><span class='ocrx_word' id='word_1_546' title='bbox 329 4705 617 4777; x_wconf 73' lang='lat' dir='ltr'><strong>Magnifice</strong></span> <span class='ocrx_word' id='word_1_547' title='bbox 662 4714 721 4760; x_wconf 90' lang='lat' dir='ltr'><strong>ct</strong></span> <span class='ocrx_word' id='word_1_548' title='bbox 772 4705 1078 4761; x_wconf 86' lang='lat' dir='ltr'><strong>honorabili</strong></span> <span class='ocrx_word' id='word_1_549' title='bbox 1109 4714 1271 4775; x_wconf 89' lang='lat' dir='ltr'><strong>atque</strong></span> <span class='ocrx_word' id='word_1_550' title='bbox 1298 4706 1495 4760; x_wconf 74' lang='lat' dir='ltr'><strong>illustri</strong></span> <span class='ocrx_word' id='word_1_551' title='bbox 1525 4706 1643 4761; x_wconf 88' lang='lat' dir='ltr'><strong>viro</strong></span> <span class='ocrx_word' id='word_1_552' title='bbox 1693 4705 1836 4775; x_wconf 81' lang='lat' dir='ltr'><strong>Pep-</strong></span> 
     </span>
    </p>
   </div>
   <div class='ocr_carea' id='block_1_81' title="bbox 260 4795 1837 4868">
    <p class='ocr_par' dir='ltr' id='par_1_81' title="bbox 260 4795 1837 4868">
     <span class='ocr_line' id='line_1_81' title="bbox 260 4795 1837 4868; baseline -0.003 -13"><span class='ocrx_word' id='word_1_553' title='bbox 260 4799 384 4866; x_wconf 71' lang='lat' dir='ltr'><strong>poni</strong></span> <span class='ocrx_word' id='word_1_554' title='bbox 412 4836 428 4863; x_wconf 95' lang='lat'><strong>,</strong></span> <span class='ocrx_word' id='word_1_555' title='bbox 452 4796 691 4868; x_wconf 76' lang='lat' dir='ltr'><strong>glorioso</strong></span> <span class='ocrx_word' id='word_1_556' title='bbox 725 4796 915 4852; x_wconf 87' lang='lat' dir='ltr'><strong>comiti</strong></span> <span class='ocrx_word' id='word_1_557' title='bbox 937 4835 954 4861; x_wconf 96' lang='lat'><strong>,</strong></span> <span class='ocrx_word' id='word_1_558' title='bbox 982 4795 1325 4866; x_wconf 79' lang='lat' dir='ltr'><strong>Eginhardus</strong></span> <span class='ocrx_word' id='word_1_559' title='bbox 1369 4797 1756 4865; x_wconf 79' lang='lat' dir='ltr'><strong>scmpitemam</strong></span> <span class='ocrx_word' id='word_1_560' title='bbox 1781 4797 1837 4850; x_wconf 89' lang='lat' dir='ltr'><strong>in</strong></span> 
     </span>
    </p>
   </div>
   <div class='ocr_carea' id='block_1_82' title="bbox 260 4885 773 4943">
    <p class='ocr_par' dir='ltr' id='par_1_82' title="bbox 260 4885 773 4943">
     <span class='ocr_line' id='line_1_82' title="bbox 260 4885 773 4943; baseline -0.004 -2"><span class='ocrx_word' id='word_1_561' title='bbox 260 4886 493 4943; x_wconf 78' lang='lat' dir='ltr'><strong>Dontino</strong></span> <span class='ocrx_word' id='word_1_562' title='bbox 518 4885 773 4943; x_wconf 78' lang='lat' dir='ltr'><strong>salutem.</strong></span> 
     </span>
    </p>
   </div>
   <div class='ocr_carea' id='block_1_83' title="bbox 330 4972 1837 5043">
    <p class='ocr_par' dir='ltr' id='par_1_83' title="bbox 330 4972 1837 5043">
     <span class='ocr_line' id='line_1_83' title="bbox 330 4972 1837 5043; baseline -0.002 -12"><span class='ocrx_word' id='word_1_563' title='bbox 330 4974 543 5031; x_wconf 82' lang='lat' dir='ltr'><strong>Dictum</strong></span> <span class='ocrx_word' id='word_1_564' title='bbox 570 4981 657 5031; x_wconf 81' lang='lat' dir='ltr'><strong>est</strong></span> <span class='ocrx_word' id='word_1_565' title='bbox 704 4973 836 5029; x_wconf 90' lang='lat' dir='ltr'><strong>mihi</strong></span> <span class='ocrx_word' id='word_1_566' title='bbox 866 4973 1007 5043; x_wconf 91' lang='lat' dir='ltr'><strong>quod</strong></span> <span class='ocrx_word' id='word_1_567' title='bbox 1052 4988 1137 5029; x_wconf 85' lang='lat' dir='ltr'><strong>me</strong></span> <span class='ocrx_word' id='word_1_568' title='bbox 1167 4988 1420 5043; x_wconf 81' lang='lat' dir='ltr'><strong>rogasses</strong></span> <span class='ocrx_word' id='word_1_569' title='bbox 1450 4982 1510 5025; x_wconf 86' lang='lat' dir='ltr'><strong>ut</strong></span> <span class='ocrx_word' id='word_1_570' title='bbox 1550 4972 1619 5026; x_wconf 88' lang='lat' dir='ltr'><strong>de</strong></span> <span class='ocrx_word' id='word_1_571' title='bbox 1664 4972 1837 5028; x_wconf 84' lang='lat' dir='ltr'><strong>tribus</strong></span> 
     </span>
    </p>
   </div>
   <div class='ocr_carea' id='block_1_84' title="bbox 260 5061 1838 5134">
    <p class='ocr_par' dir='ltr' id='par_1_84' title="bbox 260 5061 1838 5134">
     <span class='ocr_line' id='line_1_84' title="bbox 260 5061 1838 5134; baseline -0.003 -13"><span class='ocrx_word' id='word_1_572' title='bbox 260 5063 512 5132; x_wconf 82' lang='lat' dir='ltr'><strong>capitulis</strong></span> <span class='ocrx_word' id='word_1_573' title='bbox 542 5073 595 5118; x_wconf 86' lang='lat' dir='ltr'><strong>te</strong></span> <span class='ocrx_word' id='word_1_574' title='bbox 621 5072 833 5119; x_wconf 88' lang='lat' dir='ltr'><strong>certum</strong></span> <span class='ocrx_word' id='word_1_575' title='bbox 855 5063 1090 5119; x_wconf 85' lang='lat' dir='ltr'><strong>facerem</strong></span> <span class='ocrx_word' id='word_1_576' title='bbox 1124 5082 1138 5117; x_wconf 88' lang='lat'>:</span> <span class='ocrx_word' id='word_1_577' title='bbox 1187 5063 1332 5134; x_wconf 84' lang='lat' dir='ltr'><strong>quod</strong></span> <span class='ocrx_word' id='word_1_578' title='bbox 1380 5062 1566 5131; x_wconf 88' lang='lat' dir='ltr'><strong>utique</strong></span> <span class='ocrx_word' id='word_1_579' title='bbox 1591 5061 1727 5116; x_wconf 88' lang='lat' dir='ltr'><strong>mihi</strong></span> <span class='ocrx_word' id='word_1_580' title='bbox 1769 5062 1838 5117; x_wconf 87' lang='lat' dir='ltr'><strong>ad</strong></span> 
     </span>
    </p>
   </div>
   <div class='ocr_carea' id='block_1_85' title="bbox 331 5209 1832 5275">
    <p class='ocr_par' dir='ltr' id='par_1_85' title="bbox 331 5209 1832 5275">
     <span class='ocr_line' id='line_1_85' title="bbox 331 5209 1832 5275; baseline -0.006 0"><span class='ocrx_word' id='word_1_581' title='bbox 331 5230 356 5260; x_wconf 73' lang='grc' dir='ltr'><strong>ι</strong></span> <span class='ocrx_word' id='word_1_582' title='bbox 371 5209 554 5275; x_wconf 78' lang='lat' dir='ltr'><strong>codex</strong></span> <span class='ocrx_word' id='word_1_583' title='bbox 572 5226 629 5275; x_wconf 87' lang='lat' dir='ltr'><strong>et</strong></span> <span class='ocrx_word' id='word_1_584' title='bbox 641 5216 834 5273; x_wconf 89' lang='lat' dir='ltr'><strong>Teulet</strong></span> <span class='ocrx_word' id='word_1_585' title='bbox 850 5232 1060 5273; x_wconf 90' lang='lat' dir='ltr'><strong>comma</strong></span> <span class='ocrx_word' id='word_1_586' title='bbox 1084 5224 1140 5271; x_wconf 89' lang='lat' dir='ltr'><strong>et</strong></span> <span class='ocrx_word' id='word_1_587' title='bbox 1160 5231 1347 5271; x_wconf 90' lang='lat' dir='ltr'><strong>vocem</strong></span> <span class='ocrx_word' id='word_1_588' title='bbox 1378 5214 1457 5270; x_wconf 80' lang='lat' dir='ltr'><strong>oet</strong></span> <span class='ocrx_word' id='word_1_589' title='bbox 1482 5230 1589 5270; x_wconf 92' lang='lat' dir='ltr'><strong>non</strong></span> <span class='ocrx_word' id='word_1_590' title='bbox 1613 5214 1832 5268; x_wconf 88' lang='lat' dir='ltr'><strong>habent.</strong></span> 
     </span>
    </p>
   </div>
   <div class='ocr_carea' id='block_1_86' title="bbox 336 5289 696 5345">
    <p class='ocr_par' dir='ltr' id='par_1_86' title="bbox 336 5289 696 5345">
     <span class='ocr_line' id='line_1_86' title="bbox 336 5289 696 5345; baseline -0.003 -2"><span class='ocrx_word' id='word_1_591' title='bbox 336 5289 367 5332; x_wconf 63' lang='grc' dir='ltr'>δ</span> <span class='ocrx_word' id='word_1_592' title='bbox 399 5289 592 5345; x_wconf 84' lang='lat' dir='ltr'><strong>Teulet</strong></span> <span class='ocrx_word' id='word_1_593' title='bbox 618 5298 696 5344; x_wconf 74' lang='grc' dir='ltr'>ιιι.</span> 
     </span>
    </p>
   </div>
   <div class='ocr_carea' id='block_1_87' title="bbox 334 5352 1841 5441">
    <p class='ocr_par' dir='ltr' id='par_1_87' title="bbox 334 5352 1841 5441">
     <span class='ocr_line' id='line_1_87' title="bbox 334 5352 1841 5441; baseline -0.007 -26"><span class='ocrx_word' id='word_1_594' title='bbox 334 5370 358 5400; x_wconf 76' lang='grc' dir='ltr'><strong>ο</strong></span> <span class='ocrx_word' id='word_1_595' title='bbox 396 5358 588 5441; x_wconf 59' lang='lat' dir='ltr'><strong>llelius</strong></span> <span class='ocrx_word' id='word_1_596' title='bbox 614 5359 778 5414; x_wconf 87' lang='lat' dir='ltr'><strong>habet</strong></span> <span class='ocrx_word' id='word_1_597' title='bbox 802 5357 1009 5423; x_wconf 85' lang='lat' dir='ltr'><strong>Teulet,</strong></span> <span class='ocrx_word' id='word_1_598' title='bbox 1049 5355 1121 5410; x_wconf 89' lang='lat' dir='ltr'><strong>Ut</strong></span> <span class='ocrx_word' id='word_1_599' title='bbox 1146 5373 1285 5411; x_wconf 75' lang='lat' dir='ltr'><strong>nunc</strong></span> <span class='ocrx_word' id='word_1_600' title='bbox 1312 5356 1442 5411; x_wconf 76' lang='lat' dir='ltr'><strong>mihi</strong></span> <span class='ocrx_word' id='word_1_601' title='bbox 1471 5353 1724 5408; x_wconf 78' lang='lat' dir='ltr'><strong>mandare</strong></span> <span class='ocrx_word' id='word_1_602' title='bbox 1754 5352 1841 5406; x_wconf 81' lang='lat' dir='ltr'><strong>di-</strong></span> 
     </span>
    </p>
   </div>
   <div class='ocr_carea' id='block_1_88' title="bbox 260 5444 1836 5555">
    <p class='ocr_par' dir='ltr' id='par_1_88' title="bbox 260 5444 1836 5555">
     <span class='ocr_line' id='line_1_88' title="bbox 260 5444 1836 5555; baseline -0.003 -5"><span class='ocrx_word' id='word_1_603' title='bbox 260 5444 693 5555; x_wconf 49' lang='grc' dir='ltr'><strong>θῗἚἭωιει</strong></span> <span class='ocrx_word' id='word_1_604' title='bbox 733 5499 879 5554; x_wconf 87' lang='lat' dir='ltr'><strong>hunc</strong></span> <span class='ocrx_word' id='word_1_605' title='bbox 911 5497 1091 5554; x_wconf 86' lang='lat' dir='ltr'><strong>locum</strong></span> <span class='ocrx_word' id='word_1_606' title='bbox 1132 5496 1187 5550; x_wconf 87' lang='lat' dir='ltr'><strong>in</strong></span> <span class='ocrx_word' id='word_1_607' title='bbox 1211 5495 1372 5551; x_wconf 77' lang='lat' dir='ltr'><strong>editis</strong></span> <span class='ocrx_word' id='word_1_608' title='bbox 1414 5494 1692 5549; x_wconf 73' lang='lat' dir='ltr'><strong>turbatura</strong></span> <span class='ocrx_word' id='word_1_609' title='bbox 1719 5498 1778 5547; x_wconf 88' lang='lat' dir='ltr'><strong>et</strong></span> <span class='ocrx_word' id='word_1_610' title='bbox 1805 5505 1836 5546; x_wconf 90' lang='lat' dir='ltr'><strong>a</strong></span> 
     </span>
    </p>
   </div>
   <div class='ocr_carea' id='block_1_89' title="bbox 262 5562 1836 5638">
    <p class='ocr_par' dir='ltr' id='par_1_89' title="bbox 262 5562 1836 5638">
     <span class='ocr_line' id='line_1_89' title="bbox 262 5562 1836 5638; baseline -0.006 -16"><span class='ocrx_word' id='word_1_611' title='bbox 262 5564 414 5621; x_wconf 85' lang='lat' dir='ltr'><strong>Dom.</strong></span> <span class='ocrx_word' id='word_1_612' title='bbox 446 5568 1027 5638; x_wconf 76' lang='lat' dir='ltr'><strong>Bouquetioomissum</strong></span> <span class='ocrx_word' id='word_1_613' title='bbox 1074 5564 1477 5638; x_wconf 78' lang='lat' dir='ltr'><strong>sic__restituit_:</strong></span> <span class='ocrx_word' id='word_1_614' title='bbox 1510 5562 1579 5615; x_wconf 85' lang='lat' dir='ltr'><strong>Et</strong></span> <span class='ocrx_word' id='word_1_615' title='bbox 1605 5576 1724 5638; x_wconf 55' lang='lat' dir='ltr'><strong>cum</strong></span> <span class='ocrx_word' id='word_1_616' title='bbox 1755 5577 1836 5638; x_wconf 70' lang='lat' dir='ltr'><strong>re-</strong></span> 
     </span>
    </p>
   </div>
   <div class='ocr_carea' id='block_1_90' title="bbox 262 5630 1833 5705">
    <p class='ocr_par' dir='ltr' id='par_1_90' title="bbox 262 5630 1833 5705">
     <span class='ocr_line' id='line_1_90' title="bbox 262 5630 1833 5705; baseline -0.004 -17"><span class='ocrx_word' id='word_1_617' title='bbox 262 5647 435 5704; x_wconf 74' lang='lat' dir='ltr'><strong>ceptus</strong></span> <span class='ocrx_word' id='word_1_618' title='bbox 476 5630 658 5705; x_wconf 66' lang='lat' dir='ltr'><strong>fuerit,</strong></span> <span class='ocrx_word' id='word_1_619' title='bbox 684 5636 922 5692; x_wconf 79' lang='lat' dir='ltr'><strong>volumus</strong></span> <span class='ocrx_word' id='word_1_620' title='bbox 948 5646 1003 5690; x_wconf 84' lang='lat' dir='ltr'><strong>ut</strong></span> <span class='ocrx_word' id='word_1_621' title='bbox 1032 5652 1120 5705; x_wconf 76' lang='lat' dir='ltr'><strong>vos</strong></span> <span class='ocrx_word' id='word_1_622' title='bbox 1164 5633 1313 5688; x_wconf 80' lang='lat' dir='ltr'><strong>illum</strong></span> <span class='ocrx_word' id='word_1_623' title='bbox 1350 5632 1418 5687; x_wconf 85' lang='lat' dir='ltr'><strong>ad</strong></span> <span class='ocrx_word' id='word_1_624' title='bbox 1447 5634 1544 5686; x_wconf 85' lang='lat' dir='ltr'><strong>hoc</strong></span> <span class='ocrx_word' id='word_1_625' title='bbox 1572 5630 1833 5698; x_wconf 79' lang='lat' dir='ltr'><strong>adjuvctis</strong></span> 
     </span>
    </p>
   </div>
   <div class='ocr_carea' id='block_1_91' title="bbox 267 5704 1142 5779">
    <p class='ocr_par' dir='ltr' id='par_1_91' title="bbox 267 5704 1142 5779">
     <span class='ocr_line' id='line_1_91' title="bbox 267 5704 1142 5779; baseline 0.003 -23"><span class='ocrx_word' id='word_1_626' title='bbox 267 5715 316 5757; x_wconf 79' lang='grc' dir='ltr'><strong>ιιι</strong></span> <span class='ocrx_word' id='word_1_627' title='bbox 342 5722 462 5760; x_wconf 76' lang='lat' dir='ltr'><strong>eum</strong></span> <span class='ocrx_word' id='word_1_628' title='bbox 478 5704 559 5761; x_wconf 79' lang='lat' dir='ltr'><strong>ad</strong></span> <span class='ocrx_word' id='word_1_629' title='bbox 580 5724 675 5762; x_wconf 73' lang='lat' dir='ltr'><strong>nos</strong></span> <span class='ocrx_word' id='word_1_630' title='bbox 700 5708 933 5779; x_wconf 82' lang='lat' dir='ltr'><strong>perferre</strong></span> <span class='ocrx_word' id='word_1_631' title='bbox 952 5704 1142 5761; x_wconf 79' lang='lat' dir='ltr'><strong>valeat.</strong></span> 
     </span>
    </p>
   </div>
   <div class='ocr_carea' id='block_1_92' title="bbox 1953 3176 3529 3251">
    <p class='ocr_par' dir='ltr' id='par_1_92' title="bbox 1953 3176 3529 3251">
     <span class='ocr_line' id='line_1_92' title="bbox 1953 3176 3529 3251; baseline 0.003 -21"><span class='ocrx_word' id='word_1_632' title='bbox 1953 3187 2116 3246; x_wconf 80' lang='lat' dir='ltr'><strong>atque</strong></span> <span class='ocrx_word' id='word_1_633' title='bbox 2144 3176 2344 3232; x_wconf 65' lang='lat' dir='ltr'><strong>olnixe</strong></span> <span class='ocrx_word' id='word_1_634' title='bbox 2390 3177 2653 3248; x_wconf 86' lang='lat' dir='ltr'><strong>deprecor</strong></span> <span class='ocrx_word' id='word_1_635' title='bbox 2680 3187 2742 3233; x_wconf 83' lang='grc' dir='ltr'><strong>ιιι</strong></span> <span class='ocrx_word' id='word_1_636' title='bbox 2761 3180 3022 3249; x_wconf 88' lang='lat' dir='ltr'><strong>scriptum</strong></span> <span class='ocrx_word' id='word_1_637' title='bbox 3048 3222 3061 3243; x_wconf 91' lang='lat'><strong>,</strong></span> <span class='ocrx_word' id='word_1_638' title='bbox 3093 3182 3235 3251; x_wconf 87' lang='lat' dir='ltr'><strong>quod</strong></span> <span class='ocrx_word' id='word_1_639' title='bbox 3262 3181 3359 3235; x_wconf 86' lang='lat' dir='ltr'><strong>tibi</strong></span> <span class='ocrx_word' id='word_1_640' title='bbox 3387 3182 3529 3245; x_wconf 88' lang='lat' dir='ltr'><strong>misi,</strong></span> 
     </span>
    </p>
   </div>
   <div class='ocr_carea' id='block_1_93' title="bbox 1950 3269 3539 3344">
    <p class='ocr_par' dir='ltr' id='par_1_93' title="bbox 1950 3269 3539 3344">
     <span class='ocr_line' id='line_1_93' title="bbox 1950 3269 3539 3344; baseline 0.003 -20"><span class='ocrx_word' id='word_1_641' title='bbox 1950 3269 2146 3324; x_wconf 79' lang='lat' dir='ltr'><strong>iterum</strong></span> <span class='ocrx_word' id='word_1_642' title='bbox 2190 3269 2430 3340; x_wconf 83' lang='lat' dir='ltr'><strong>relegere</strong></span> <span class='ocrx_word' id='word_1_643' title='bbox 2472 3279 2635 3340; x_wconf 89' lang='lat' dir='ltr'><strong>atque</strong></span> <span class='ocrx_word' id='word_1_644' title='bbox 2683 3271 2983 3343; x_wconf 85' lang='lat' dir='ltr'><strong>intelligere</strong></span> <span class='ocrx_word' id='word_1_645' title='bbox 3035 3274 3082 3338; x_wconf 73' lang='grc' dir='ltr'><em>ε,</em></span> <span class='ocrx_word' id='word_1_646' title='bbox 3128 3273 3391 3344; x_wconf 88' lang='lat' dir='ltr'><strong>mihique,</strong></span> <span class='ocrx_word' id='word_1_647' title='bbox 3424 3273 3539 3328; x_wconf 79' lang='lat' dir='ltr'><strong>sic-</strong></span> 
     </span>
    </p>
   </div>
   <div class='ocr_carea' id='block_1_94' title="bbox 1947 3358 3527 3436">
    <p class='ocr_par' dir='ltr' id='par_1_94' title="bbox 1947 3358 3527 3436">
     <span class='ocr_line' id='line_1_94' title="bbox 1947 3358 3527 3436; baseline 0.004 -23"><span class='ocrx_word' id='word_1_648' title='bbox 1947 3367 2003 3413; x_wconf 91' lang='lat' dir='ltr'><strong>ut</strong></span> <span class='ocrx_word' id='word_1_649' title='bbox 2052 3370 2104 3414; x_wconf 89' lang='lat' dir='ltr'><strong>te</strong></span> <span class='ocrx_word' id='word_1_650' title='bbox 2146 3358 2262 3429; x_wconf 89' lang='lat' dir='ltr'><strong>jam</strong></span> <span class='ocrx_word' id='word_1_651' title='bbox 2291 3362 2491 3417; x_wconf 90' lang='lat' dir='ltr'><strong>dudum</strong></span> <span class='ocrx_word' id='word_1_652' title='bbox 2538 3377 2636 3432; x_wconf 90' lang='lat' dir='ltr'><strong>per</strong></span> <span class='ocrx_word' id='word_1_653' title='bbox 2663 3362 2874 3418; x_wconf 88' lang='lat' dir='ltr'><strong>litteras</strong></span> <span class='ocrx_word' id='word_1_654' title='bbox 2925 3379 3078 3419; x_wconf 91' lang='lat' dir='ltr'><strong>meas</strong></span> <span class='ocrx_word' id='word_1_655' title='bbox 3120 3378 3304 3436; x_wconf 82' lang='lat' dir='ltr'><strong>regth</strong></span> <span class='ocrx_word' id='word_1_656' title='bbox 3338 3406 3352 3430; x_wconf 95' lang='lat'><strong>,</strong></span> <span class='ocrx_word' id='word_1_657' title='bbox 3397 3366 3527 3434; x_wconf 86' lang='lat' dir='ltr'><strong>quid</strong></span> 
     </span>
    </p>
   </div>
   <div class='ocr_carea' id='block_1_95' title="bbox 1946 3450 3524 3527">
    <p class='ocr_par' dir='ltr' id='par_1_95' title="bbox 1946 3450 3524 3527">
     <span class='ocr_line' id='line_1_95' title="bbox 1946 3450 3524 3527; baseline 0.003 -22"><span class='ocrx_word' id='word_1_658' title='bbox 1946 3450 2043 3505; x_wconf 90' lang='lat' dir='ltr'><strong>tibi</strong></span> <span class='ocrx_word' id='word_1_659' title='bbox 2074 3452 2140 3506; x_wconf 92' lang='lat' dir='ltr'><strong>de</strong></span> <span class='ocrx_word' id='word_1_660' title='bbox 2164 3452 2253 3505; x_wconf 90' lang='lat' dir='ltr'><strong>illa</strong></span> <span class='ocrx_word' id='word_1_661' title='bbox 2286 3453 2619 3508; x_wconf 87' lang='lat' dir='ltr'><strong>revelatione</strong></span> <span class='ocrx_word' id='word_1_662' title='bbox 2647 3463 2813 3526; x_wconf 82' lang='lat' dir='ltr'><strong>atque</strong></span> <span class='ocrx_word' id='word_1_663' title='bbox 2860 3456 3150 3519; x_wconf 87' lang='lat' dir='ltr'><strong>mandatis,</strong></span> <span class='ocrx_word' id='word_1_664' title='bbox 3205 3457 3403 3527; x_wconf 90' lang='lat' dir='ltr'><strong>quibus</strong></span> <span class='ocrx_word' id='word_1_665' title='bbox 3424 3458 3524 3510; x_wconf 90' lang='lat' dir='ltr'><strong>ob-</strong></span> 
     </span>
    </p>
   </div>
   <div class='ocr_carea' id='block_1_96' title="bbox 1946 3541 3527 3616">
    <p class='ocr_par' dir='ltr' id='par_1_96' title="bbox 1946 3541 3527 3616">
     <span class='ocr_line' id='line_1_96' title="bbox 1946 3541 3527 3616; baseline 0.004 -21"><span class='ocrx_word' id='word_1_666' title='bbox 1946 3541 2168 3596; x_wconf 89' lang='lat' dir='ltr'><strong>strictus</strong></span> <span class='ocrx_word' id='word_1_667' title='bbox 2194 3557 2336 3607; x_wconf 90' lang='lat' dir='ltr'><strong>sum,</strong></span> <span class='ocrx_word' id='word_1_668' title='bbox 2369 3543 2638 3609; x_wconf 77' lang='lat' dir='ltr'><strong>videatur,</strong></span> <span class='ocrx_word' id='word_1_669' title='bbox 2665 3545 2968 3600; x_wconf 84' lang='lat' dir='ltr'><strong>rescribere</strong></span> <span class='ocrx_word' id='word_1_670' title='bbox 2989 3560 3097 3600; x_wconf 88' lang='lat' dir='ltr'><strong>non</strong></span> <span class='ocrx_word' id='word_1_671' title='bbox 3119 3546 3382 3616; x_wconf 82' lang='lat' dir='ltr'><strong>graveris.</strong></span> <span class='ocrx_word' id='word_1_672' title='bbox 3408 3545 3527 3601; x_wconf 88' lang='lat' dir='ltr'><strong>Non</strong></span> 
     </span>
    </p>
   </div>
   <div class='ocr_carea' id='block_1_97' title="bbox 1944 3631 3519 3708">
    <p class='ocr_par' dir='ltr' id='par_1_97' title="bbox 1944 3631 3519 3708">
     <span class='ocr_line' id='line_1_97' title="bbox 1944 3631 3519 3708; baseline -0.001 -21"><span class='ocrx_word' id='word_1_673' title='bbox 1944 3631 2173 3687; x_wconf 84' lang='lat' dir='ltr'><strong>deerunt</strong></span> <span class='ocrx_word' id='word_1_674' title='bbox 2207 3633 2528 3702; x_wconf 86' lang='lat' dir='ltr'><strong>perlatores,</strong></span> <span class='ocrx_word' id='word_1_675' title='bbox 2559 3635 2606 3691; x_wconf 81' lang='lat' dir='ltr'><strong>si</strong></span> <span class='ocrx_word' id='word_1_676' title='bbox 2652 3635 2757 3693; x_wconf 88' lang='lat' dir='ltr'><strong>hoc</strong></span> <span class='ocrx_word' id='word_1_677' title='bbox 2784 3636 2928 3705; x_wconf 88' lang='lat' dir='ltr'><strong>quod</strong></span> <span class='ocrx_word' id='word_1_678' title='bbox 2950 3635 3238 3708; x_wconf 88' lang='lat' dir='ltr'><strong>scripseris</strong></span> <span class='ocrx_word' id='word_1_679' title='bbox 3267 3635 3519 3696; x_wconf 79' lang='lat' dir='ltr'><strong>Bonotto,</strong></span> 
     </span>
    </p>
   </div>
   <div class='ocr_carea' id='block_1_98' title="bbox 1945 3722 3529 3795">
    <p class='ocr_par' dir='ltr' id='par_1_98' title="bbox 1945 3722 3529 3795">
     <span class='ocr_line' id='line_1_98' title="bbox 1945 3722 3529 3795; baseline 0.004 -22"><span class='ocrx_word' id='word_1_680' title='bbox 1945 3722 2282 3781; x_wconf 86' lang='lat' dir='ltr'><strong>vieedomino</strong></span> <span class='ocrx_word' id='word_1_681' title='bbox 2320 3732 2548 3790; x_wconf 83' lang='lat' dir='ltr'><strong>nostro,</strong></span> <span class='ocrx_word' id='word_1_682' title='bbox 2578 3724 2796 3782; x_wconf 88' lang='lat' dir='ltr'><strong>mittere</strong></span> <span class='ocrx_word' id='word_1_683' title='bbox 2830 3724 3083 3781; x_wconf 88' lang='lat' dir='ltr'><strong>volueris.</strong></span> <span class='ocrx_word' id='word_1_684' title='bbox 3114 3722 3253 3795; x_wconf 87' lang='lat' dir='ltr'><strong>Opto</strong></span> <span class='ocrx_word' id='word_1_685' title='bbox 3279 3740 3377 3781; x_wconf 91' lang='lat' dir='ltr'><strong>vos</strong></span> <span class='ocrx_word' id='word_1_686' title='bbox 3393 3739 3529 3779; x_wconf 86' lang='lat' dir='ltr'><strong>sem-</strong></span> 
     </span>
    </p>
   </div>
   <div class='ocr_carea' id='block_1_99' title="bbox 1943 3812 3529 3885">
    <p class='ocr_par' dir='ltr' id='par_1_99' title="bbox 1943 3812 3529 3885">
     <span class='ocr_line' id='line_1_99' title="bbox 1943 3812 3529 3885; baseline 0.001 -18"><span class='ocrx_word' id='word_1_687' title='bbox 1943 3827 2041 3883; x_wconf 88' lang='lat' dir='ltr'><strong>per</strong></span> <span class='ocrx_word' id='word_1_688' title='bbox 2067 3813 2205 3868; x_wconf 89' lang='lat' dir='ltr'><strong>bene</strong></span> <span class='ocrx_word' id='word_1_689' title='bbox 2234 3814 2289 3873; x_wconf 85' lang='lat' dir='ltr'><strong>in</strong></span> <span class='ocrx_word' id='word_1_690' title='bbox 2304 3814 2535 3869; x_wconf 83' lang='lat' dir='ltr'><strong>Domino</strong></span> <span class='ocrx_word' id='word_1_691' title='bbox 2557 3814 2738 3868; x_wconf 80' lang='lat' dir='ltr'><strong>valere</strong></span> <span class='ocrx_word' id='word_1_692' title='bbox 2751 3812 2802 3879; x_wconf 74' lang='grc' dir='ltr'>ιι,</span> <span class='ocrx_word' id='word_1_693' title='bbox 2828 3814 3148 3869; x_wconf 87' lang='lat' dir='ltr'><strong>charissime</strong></span> <span class='ocrx_word' id='word_1_694' title='bbox 3161 3822 3323 3885; x_wconf 81' lang='lat' dir='ltr'><strong>atque</strong></span> <span class='ocrx_word' id='word_1_695' title='bbox 3340 3829 3529 3868; x_wconf 73' lang='lat' dir='ltr'><strong>antan-</strong></span> 
     </span>
    </p>
   </div>
   <div class='ocr_carea' id='block_1_100' title="bbox 1945 3896 2708 3961">
    <p class='ocr_par' dir='ltr' id='par_1_100' title="bbox 1945 3896 2708 3961">
     <span class='ocr_line' id='line_1_100' title="bbox 1945 3896 2708 3961; baseline 0.003 -7"><span class='ocrx_word' id='word_1_696' title='bbox 1945 3896 2360 3961; x_wconf 55' lang='lat' dir='ltr'><strong>tissime&#39;frater</strong></span> <span class='ocrx_word' id='word_1_697' title='bbox 2384 3910 2442 3957; x_wconf 92' lang='lat' dir='ltr'><strong>et</strong></span> <span class='ocrx_word' id='word_1_698' title='bbox 2466 3903 2708 3958; x_wconf 78' lang='lat' dir='ltr'><strong>domine.</strong></span> 
     </span>
    </p>
   </div>
   <div class='ocr_carea' id='block_1_101' title="bbox 2489 4011 2978 4069">
    <p class='ocr_par' dir='ltr' id='par_1_101' title="bbox 2489 4011 2978 4069">
     <span class='ocr_line' id='line_1_101' title="bbox 2489 4011 2978 4069; baseline -0.002 -1"><span class='ocrx_word' id='word_1_699' title='bbox 2489 4011 2826 4069; x_wconf 54' lang='lat' dir='ltr'><strong>EPESTOLA</strong></span> <span class='ocrx_word' id='word_1_700' title='bbox 2865 4013 2978 4068; x_wconf 73' lang='lat' dir='ltr'><strong>XV.</strong></span> 
     </span>
    </p>
   </div>
   <div class='ocr_carea' id='block_1_102' title="bbox 2262 4138 3199 4182">
    <p class='ocr_par' dir='ltr' id='par_1_102' title="bbox 2262 4138 3199 4182">
     <span class='ocr_line' id='line_1_102' title="bbox 2262 4138 3199 4182; baseline 0.005 -5"><span class='ocrx_word' id='word_1_701' title='bbox 2262 4139 2316 4177; x_wconf 74' lang='lat' dir='ltr'><strong>IN</strong></span> <span class='ocrx_word' id='word_1_702' title='bbox 2338 4138 2569 4180; x_wconf 73' lang='lat' dir='ltr'><strong>PERSONA</strong></span> <span class='ocrx_word' id='word_1_703' title='bbox 2598 4139 2754 4180; x_wconf 66' lang='grc' dir='ltr'><strong>ΒΟῊΕ</strong></span> <span class='ocrx_word' id='word_1_704' title='bbox 2785 4139 2851 4179; x_wconf 75' lang='lat' dir='ltr'><strong>AD</strong></span> <span class='ocrx_word' id='word_1_705' title='bbox 2873 4140 3199 4182; x_wconf 74' lang='grc' dir='ltr'>ιιιιιιτιιιιυτ.</span> 
     </span>
    </p>
   </div>
   <div class='ocr_carea' id='block_1_103' title="bbox 2013 4236 3523 4305">
    <p class='ocr_par' dir='ltr' id='par_1_103' title="bbox 2013 4236 3523 4305">
     <span class='ocr_line' id='line_1_103' title="bbox 2013 4236 3523 4305; baseline 0.003 -12"><span class='ocrx_word' id='word_1_706' title='bbox 2013 4236 2389 4295; x_wconf 74' lang='lat' dir='ltr'><strong>Dilectissimm</strong></span> <span class='ocrx_word' id='word_1_707' title='bbox 2438 4239 2610 4294; x_wconf 90' lang='lat' dir='ltr'><strong>sorori</strong></span> <span class='ocrx_word' id='word_1_708' title='bbox 2656 4238 2962 4305; x_wconf 89' lang='lat' dir='ltr'><strong>Blidthrut,</strong></span> <span class='ocrx_word' id='word_1_709' title='bbox 2988 4238 3151 4293; x_wconf 88' lang='lat' dir='ltr'><strong>Boma</strong></span> <span class='ocrx_word' id='word_1_710' title='bbox 3190 4241 3203 4281; x_wconf 79' lang='grc' dir='ltr'><strong>ί</strong></span> <span class='ocrx_word' id='word_1_711' title='bbox 3240 4240 3411 4296; x_wconf 89' lang='lat' dir='ltr'><strong>amica</strong></span> <span class='ocrx_word' id='word_1_712' title='bbox 3468 4252 3523 4297; x_wconf 83' lang='lat' dir='ltr'><strong>ct</strong></span> 
     </span>
    </p>
   </div>
   <div class='ocr_carea' id='block_1_104' title="bbox 1943 4331 3382 4401">
    <p class='ocr_par' dir='ltr' id='par_1_104' title="bbox 1943 4331 3382 4401">
     <span class='ocr_line' id='line_1_104' title="bbox 1943 4331 3382 4401; baseline -0.001 -15"><span class='ocrx_word' id='word_1_713' title='bbox 1943 4331 2081 4388; x_wconf 90' lang='lat' dir='ltr'><strong>bene</strong></span> <span class='ocrx_word' id='word_1_714' title='bbox 2106 4331 2327 4401; x_wconf 88' lang='lat' dir='ltr'><strong>cupiens</strong></span> <span class='ocrx_word' id='word_1_715' title='bbox 2353 4338 2467 4396; x_wconf 90' lang='lat' dir='ltr'><strong>tua,</strong></span> <span class='ocrx_word' id='word_1_716' title='bbox 2498 4339 2756 4384; x_wconf 84' lang='lat' dir='ltr'><strong>aeternam</strong></span> <span class='ocrx_word' id='word_1_717' title='bbox 2786 4331 2838 4384; x_wconf 93' lang='lat' dir='ltr'><strong>in</strong></span> <span class='ocrx_word' id='word_1_718' title='bbox 2867 4331 3094 4386; x_wconf 88' lang='lat' dir='ltr'><strong>Domino</strong></span> <span class='ocrx_word' id='word_1_719' title='bbox 3134 4331 3382 4386; x_wconf 85' lang='lat' dir='ltr'><strong>salutem.</strong></span> 
     </span>
    </p>
   </div>
   <div class='ocr_carea' id='block_1_105' title="bbox 1862 4420 3521 4513">
    <p class='ocr_par' dir='ltr' id='par_1_105' title="bbox 1862 4420 3521 4513">
     <span class='ocr_line' id='line_1_105' title="bbox 1862 4420 3521 4513; baseline 0.001 -37"><span class='ocrx_word' id='word_1_720' title='bbox 1862 4453 1915 4513; x_wconf 71' lang='grc' dir='ltr'><strong><em>Β</em></strong></span> <span class='ocrx_word' id='word_1_721' title='bbox 2013 4420 2242 4488; x_wconf 84' lang='lat' dir='ltr'><strong>Quidam</strong></span> <span class='ocrx_word' id='word_1_722' title='bbox 2271 4436 2460 4476; x_wconf 90' lang='lat' dir='ltr'><strong>servus</strong></span> <span class='ocrx_word' id='word_1_723' title='bbox 2488 4430 2671 4476; x_wconf 85' lang='lat' dir='ltr'><strong>vester</strong></span> <span class='ocrx_word' id='word_1_724' title='bbox 2710 4422 2776 4477; x_wconf 86' lang='lat' dir='ltr'><strong>de</strong></span> <span class='ocrx_word' id='word_1_725' title='bbox 2806 4421 3116 4484; x_wconf 74' lang='lat' dir='ltr'><strong>Makcsbah,</strong></span> <span class='ocrx_word' id='word_1_726' title='bbox 3150 4423 3366 4478; x_wconf 78' lang='lat' dir='ltr'><strong>nomine</strong></span> <span class='ocrx_word' id='word_1_727' title='bbox 3393 4423 3521 4477; x_wconf 81' lang='lat' dir='ltr'><strong>We-</strong></span> 
     </span>
    </p>
   </div>
   <div class='ocr_carea' id='block_1_106' title="bbox 1943 4511 3524 4582">
    <p class='ocr_par' dir='ltr' id='par_1_106' title="bbox 1943 4511 3524 4582">
     <span class='ocr_line' id='line_1_106' title="bbox 1943 4511 3524 4582; baseline -0.002 -14"><span class='ocrx_word' id='word_1_728' title='bbox 1943 4514 2075 4579; x_wconf 86' lang='lat' dir='ltr'><strong>nilo,</strong></span> <span class='ocrx_word' id='word_1_729' title='bbox 2100 4512 2390 4582; x_wconf 90' lang='lat' dir='ltr'><strong>quamdam</strong></span> <span class='ocrx_word' id='word_1_730' title='bbox 2431 4512 2658 4566; x_wconf 91' lang='lat' dir='ltr'><strong>liberam</strong></span> <span class='ocrx_word' id='word_1_731' title='bbox 2684 4511 2939 4565; x_wconf 88' lang='lat' dir='ltr'><strong>feminam</strong></span> <span class='ocrx_word' id='word_1_732' title='bbox 2962 4512 3169 4579; x_wconf 85' lang='lat' dir='ltr'><strong>accepit</strong></span> <span class='ocrx_word' id='word_1_733' title='bbox 3187 4512 3286 4565; x_wconf 91' lang='lat' dir='ltr'><strong>sibi</strong></span> <span class='ocrx_word' id='word_1_734' title='bbox 3318 4513 3368 4564; x_wconf 92' lang='lat' dir='ltr'><strong>in</strong></span> <span class='ocrx_word' id='word_1_735' title='bbox 3397 4528 3524 4566; x_wconf 84' lang='lat' dir='ltr'><strong>con-</strong></span> 
     </span>
    </p>
   </div>
   <div class='ocr_carea' id='block_1_107' title="bbox 1936 4598 3525 4674">
    <p class='ocr_par' dir='ltr' id='par_1_107' title="bbox 1936 4598 3525 4674">
     <span class='ocr_line' id='line_1_107' title="bbox 1936 4598 3525 4674; baseline -0.003 -17"><span class='ocrx_word' id='word_1_736' title='bbox 1936 4603 2165 4674; x_wconf 85' lang='lat' dir='ltr'><strong>jugium,</strong></span> <span class='ocrx_word' id='word_1_737' title='bbox 2216 4609 2272 4655; x_wconf 87' lang='lat' dir='ltr'><strong>et</strong></span> <span class='ocrx_word' id='word_1_738' title='bbox 2319 4600 2478 4656; x_wconf 88' lang='lat' dir='ltr'><strong>modo</strong></span> <span class='ocrx_word' id='word_1_739' title='bbox 2523 4600 2760 4654; x_wconf 83' lang='lat' dir='ltr'><strong>timendo</strong></span> <span class='ocrx_word' id='word_1_740' title='bbox 2800 4599 2934 4653; x_wconf 89' lang='lat' dir='ltr'><strong>iram</strong></span> <span class='ocrx_word' id='word_1_741' title='bbox 2965 4607 3223 4665; x_wconf 87' lang='lat' dir='ltr'><strong>vestram,</strong></span> <span class='ocrx_word' id='word_1_742' title='bbox 3278 4598 3436 4652; x_wconf 90' lang='lat' dir='ltr'><strong>simul</strong></span> <span class='ocrx_word' id='word_1_743' title='bbox 3469 4608 3525 4652; x_wconf 88' lang='lat' dir='ltr'><strong>et</strong></span> 
     </span>
    </p>
   </div>
   <div class='ocr_carea' id='block_1_108' title="bbox 1941 4688 3522 4760">
    <p class='ocr_par' dir='ltr' id='par_1_108' title="bbox 1941 4688 3522 4760">
     <span class='ocr_line' id='line_1_108' title="bbox 1941 4688 3522 4760; baseline -0.004 -12"><span class='ocrx_word' id='word_1_744' title='bbox 1941 4693 2143 4748; x_wconf 90' lang='lat' dir='ltr'><strong>domini</strong></span> <span class='ocrx_word' id='word_1_745' title='bbox 2173 4692 2257 4746; x_wconf 90' lang='lat' dir='ltr'><strong>sui</strong></span> <span class='ocrx_word' id='word_1_746' title='bbox 2306 4689 2528 4755; x_wconf 82' lang='lat' dir='ltr'><strong>Albini,</strong></span> <span class='ocrx_word' id='word_1_747' title='bbox 2562 4689 2802 4760; x_wconf 87' lang='lat' dir='ltr'><strong>confugit</strong></span> <span class='ocrx_word' id='word_1_748' title='bbox 2851 4689 2921 4742; x_wconf 90' lang='lat' dir='ltr'><strong>ad</strong></span> <span class='ocrx_word' id='word_1_749' title='bbox 2970 4688 3153 4741; x_wconf 91' lang='lat' dir='ltr'><strong>limina</strong></span> <span class='ocrx_word' id='word_1_750' title='bbox 3204 4697 3522 4743; x_wconf 87' lang='lat' dir='ltr'><strong>sanctorum</strong></span> 
     </span>
    </p>
   </div>
   <div class='ocr_carea' id='block_1_109' title="bbox 1945 4778 3522 4850">
    <p class='ocr_par' dir='ltr' id='par_1_109' title="bbox 1945 4778 3522 4850">
     <span class='ocr_line' id='line_1_109' title="bbox 1945 4778 3522 4850; baseline -0.004 -13"><span class='ocrx_word' id='word_1_751' title='bbox 1945 4783 2236 4838; x_wconf 74' lang='lat' dir='ltr'><strong>Marcellini</strong></span> <span class='ocrx_word' id='word_1_752' title='bbox 2255 4791 2311 4837; x_wconf 85' lang='lat' dir='ltr'><strong>et</strong></span> <span class='ocrx_word' id='word_1_753' title='bbox 2334 4781 2501 4835; x_wconf 88' lang='lat' dir='ltr'><strong>Petri.</strong></span> <span class='ocrx_word' id='word_1_754' title='bbox 2520 4780 2636 4838; x_wconf 75' lang='lat' dir='ltr'><strong>Pro</strong></span> <span class='ocrx_word' id='word_1_755' title='bbox 2658 4796 2766 4850; x_wconf 86' lang='lat' dir='ltr'><strong>quo</strong></span> <span class='ocrx_word' id='word_1_756' title='bbox 2794 4795 2924 4850; x_wconf 89' lang='lat' dir='ltr'><strong>rogo</strong></span> <span class='ocrx_word' id='word_1_757' title='bbox 2939 4778 3265 4835; x_wconf 82' lang='lat' dir='ltr'><strong>charitatem</strong></span> <span class='ocrx_word' id='word_1_758' title='bbox 3291 4787 3435 4831; x_wconf 88' lang='lat' dir='ltr'><strong>tuam</strong></span> <span class='ocrx_word' id='word_1_759' title='bbox 3462 4786 3522 4831; x_wconf 92' lang='lat' dir='ltr'><strong>ut</strong></span> 
     </span>
    </p>
   </div>
   <div class='ocr_carea' id='block_1_110' title="bbox 1944 4870 3522 4943">
    <p class='ocr_par' dir='ltr' id='par_1_110' title="bbox 1944 4870 3522 4943">
     <span class='ocr_line' id='line_1_110' title="bbox 1944 4870 3522 4943; baseline -0.004 -15"><span class='ocrx_word' id='word_1_760' title='bbox 1944 4889 2061 4929; x_wconf 90' lang='lat' dir='ltr'><strong>mea</strong></span> <span class='ocrx_word' id='word_1_761' title='bbox 2091 4874 2208 4929; x_wconf 87' lang='lat' dir='ltr'><strong>vice</strong></span> <span class='ocrx_word' id='word_1_762' title='bbox 2236 4873 2377 4943; x_wconf 88' lang='lat' dir='ltr'><strong>apud</strong></span> <span class='ocrx_word' id='word_1_763' title='bbox 2407 4872 2558 4927; x_wconf 90' lang='lat' dir='ltr'><strong>illum</strong></span> <span class='ocrx_word' id='word_1_764' title='bbox 2588 4872 2930 4926; x_wconf 79' lang='lat' dir='ltr'><strong>intercedere</strong></span> <span class='ocrx_word' id='word_1_765' title='bbox 2956 4870 3219 4942; x_wconf 86' lang='lat' dir='ltr'><strong>digneris,</strong></span> <span class='ocrx_word' id='word_1_766' title='bbox 3251 4877 3522 4938; x_wconf 81' lang='lat' dir='ltr'><strong>quatenus</strong></span> 
     </span>
    </p>
   </div>
   <div class='ocr_carea' id='block_1_111' title="bbox 1943 4960 3522 5034">
    <p class='ocr_par' dir='ltr' id='par_1_111' title="bbox 1943 4960 3522 5034">
     <span class='ocr_line' id='line_1_111' title="bbox 1943 4960 3522 5034; baseline -0.004 -14"><span class='ocrx_word' id='word_1_767' title='bbox 1943 4966 1992 5020; x_wconf 89' lang='lat' dir='ltr'><strong>ei</strong></span> <span class='ocrx_word' id='word_1_768' title='bbox 2021 4965 2203 5027; x_wconf 88' lang='lat' dir='ltr'><strong>liceat,</strong></span> <span class='ocrx_word' id='word_1_769' title='bbox 2230 4980 2355 5019; x_wconf 83' lang='lat' dir='ltr'><strong>cum</strong></span> <span class='ocrx_word' id='word_1_770' title='bbox 2374 4980 2471 5019; x_wconf 87' lang='lat' dir='ltr'><strong>sua</strong></span> <span class='ocrx_word' id='word_1_771' title='bbox 2494 4973 2653 5018; x_wconf 88' lang='lat' dir='ltr'><strong>ettua</strong></span> <span class='ocrx_word' id='word_1_772' title='bbox 2674 4965 2870 5034; x_wconf 82' lang='lat' dir='ltr'><strong>gratia,</strong></span> <span class='ocrx_word' id='word_1_773' title='bbox 2897 4962 3152 5019; x_wconf 81' lang='lat' dir='ltr'><strong>feminam</strong></span> <span class='ocrx_word' id='word_1_774' title='bbox 3180 4960 3329 5015; x_wconf 80' lang='lat' dir='ltr'><strong>illam</strong></span> <span class='ocrx_word' id='word_1_775' title='bbox 3358 4974 3522 5028; x_wconf 87' lang='lat' dir='ltr'><strong>quam</strong></span> 
     </span>
    </p>
   </div>
   <div class='ocr_carea' id='block_1_112' title="bbox 1944 5048 3382 5124">
    <p class='ocr_par' dir='ltr' id='par_1_112' title="bbox 1944 5048 3382 5124">
     <span class='ocr_line' id='line_1_112' title="bbox 1944 5048 3382 5124; baseline -0.007 -13"><span class='ocrx_word' id='word_1_776' title='bbox 1944 5055 2173 5123; x_wconf 85' lang='lat' dir='ltr'><strong>accepit,</strong></span> <span class='ocrx_word' id='word_1_777' title='bbox 2202 5054 2423 5111; x_wconf 87' lang='lat' dir='ltr'><strong>habere.</strong></span> <span class='ocrx_word' id='word_1_778' title='bbox 2447 5053 2588 5124; x_wconf 86' lang='lat' dir='ltr'><strong>Opto</strong></span> <span class='ocrx_word' id='word_1_779' title='bbox 2608 5063 2669 5108; x_wconf 88' lang='lat' dir='ltr'><strong>ut</strong></span> <span class='ocrx_word' id='word_1_780' title='bbox 2689 5068 2902 5123; x_wconf 84' lang='lat' dir='ltr'><strong>semper</strong></span> <span class='ocrx_word' id='word_1_781' title='bbox 2926 5052 3066 5108; x_wconf 87' lang='lat' dir='ltr'><strong>bene</strong></span> <span class='ocrx_word' id='word_1_782' title='bbox 3088 5050 3312 5105; x_wconf 80' lang='lat' dir='ltr'><strong>valeatis</strong></span> <span class='ocrx_word' id='word_1_783' title='bbox 3335 5048 3382 5101; x_wconf 80' lang='grc' dir='ltr'>ι.</span> 
     </span>
    </p>
   </div>
   <div class='ocr_carea' id='block_1_113' title="bbox 2033 5198 3386 5269">
    <p class='ocr_par' dir='ltr' id='par_1_113' title="bbox 2033 5198 3386 5269">
     <span class='ocr_line' id='line_1_113' title="bbox 2033 5198 3386 5269; baseline -0.007 -8"><span class='ocrx_word' id='word_1_784' title='bbox 2033 5205 2398 5261; x_wconf 79' lang='lat' dir='ltr'><strong>°Gerwardus</strong></span> <span class='ocrx_word' id='word_1_785' title='bbox 2436 5205 2540 5260; x_wconf 88' lang='lat' dir='ltr'><strong>iste</strong></span> <span class='ocrx_word' id='word_1_786' title='bbox 2568 5204 3013 5261; x_wconf 88' lang='lat' dir='ltr'><strong>bibliotheearius</strong></span> <span class='ocrx_word' id='word_1_787' title='bbox 3042 5209 3162 5256; x_wconf 91' lang='lat' dir='ltr'><strong>erat</strong></span> <span class='ocrx_word' id='word_1_788' title='bbox 3180 5198 3386 5269; x_wconf 87' lang='lat' dir='ltr'><strong>palatii.</strong></span> 
     </span>
    </p>
   </div>
   <div class='ocr_carea' id='block_1_114' title="bbox 2018 5275 2558 5339">
    <p class='ocr_par' dir='ltr' id='par_1_114' title="bbox 2018 5275 2558 5339">
     <span class='ocr_line' id='line_1_114' title="bbox 2018 5275 2558 5339; baseline -0.007 -7"><span class='ocrx_word' id='word_1_789' title='bbox 2018 5278 2039 5316; x_wconf 66' lang='grc' dir='ltr'>ί</span> <span class='ocrx_word' id='word_1_790' title='bbox 2069 5276 2274 5339; x_wconf 82' lang='lat' dir='ltr'><strong>Codex,</strong></span> <span class='ocrx_word' id='word_1_791' title='bbox 2298 5275 2558 5329; x_wconf 81' lang='lat' dir='ltr'><strong>adducor.</strong></span> 
     </span>
    </p>
   </div>
   <div class='ocr_carea' id='block_1_115' title="bbox 2017 5343 2713 5400">
    <p class='ocr_par' dir='ltr' id='par_1_115' title="bbox 2017 5343 2713 5400">
     <span class='ocr_line' id='line_1_115' title="bbox 2017 5343 2713 5400; baseline -0.001 -2"><span class='ocrx_word' id='word_1_792' title='bbox 2017 5349 2042 5388; x_wconf 72' lang='grc' dir='ltr'><strong>Β</strong></span> <span class='ocrx_word' id='word_1_793' title='bbox 2070 5345 2132 5398; x_wconf 88' lang='lat' dir='ltr'><strong>l).</strong></span> <span class='ocrx_word' id='word_1_794' title='bbox 2161 5345 2372 5400; x_wconf 83' lang='lat' dir='ltr'><strong>Teulet.</strong></span> <span class='ocrx_word' id='word_1_795' title='bbox 2398 5345 2547 5400; x_wconf 89' lang='lat' dir='ltr'><strong>addit</strong></span> <span class='ocrx_word' id='word_1_796' title='bbox 2565 5343 2713 5398; x_wconf 75' lang='lat' dir='ltr'><strong>velis.</strong></span> 
     </span>
    </p>
   </div>
   <div class='ocr_carea' id='block_1_116' title="bbox 2012 5408 3492 5481">
    <p class='ocr_par' dir='ltr' id='par_1_116' title="bbox 2012 5408 3492 5481">
     <span class='ocr_line' id='line_1_116' title="bbox 2012 5408 3492 5481; baseline -0.003 -14"><span class='ocrx_word' id='word_1_797' title='bbox 2012 5416 2039 5455; x_wconf 72' lang='grc' dir='ltr'><strong>ιι</strong></span> <span class='ocrx_word' id='word_1_798' title='bbox 2066 5413 2255 5469; x_wconf 88' lang='lat' dir='ltr'><strong>Teulet</strong></span> <span class='ocrx_word' id='word_1_799' title='bbox 2285 5415 2447 5468; x_wconf 82' lang='lat' dir='ltr'><strong>habet</strong></span> <span class='ocrx_word' id='word_1_800' title='bbox 2473 5428 2539 5467; x_wconf 78' lang='lat' dir='ltr'><strong>ex</strong></span> <span class='ocrx_word' id='word_1_801' title='bbox 2569 5413 2773 5475; x_wconf 90' lang='lat' dir='ltr'><strong>codice,</strong></span> <span class='ocrx_word' id='word_1_802' title='bbox 2813 5418 2933 5481; x_wconf 85' lang='lat' dir='ltr'><strong>opto</strong></span> <span class='ocrx_word' id='word_1_803' title='bbox 2959 5418 3014 5463; x_wconf 86' lang='lat' dir='ltr'><strong>ut</strong></span> <span class='ocrx_word' id='word_1_804' title='bbox 3041 5423 3243 5478; x_wconf 75' lang='lat' dir='ltr'><strong>semper</strong></span> <span class='ocrx_word' id='word_1_805' title='bbox 3281 5408 3408 5461; x_wconf 80' lang='lat' dir='ltr'><strong>bene</strong></span> <span class='ocrx_word' id='word_1_806' title='bbox 3429 5424 3492 5462; x_wconf 82' lang='lat' dir='ltr'><strong>va</strong></span> 
     </span>
    </p>
   </div>
   <div class='ocr_carea' id='block_1_117' title="bbox 1940 5485 3516 5619">
    <p class='ocr_par' dir='ltr' id='par_1_117' title="bbox 1940 5485 3516 5619">
     <span class='ocr_line' id='line_1_117' title="bbox 1940 5485 3516 5619; baseline -0.001 -14"><span class='ocrx_word' id='word_1_807' title='bbox 1940 5485 2312 5609; x_wconf 43' lang='lat' dir='ltr'><strong>“distentus.</strong></span> <span class='ocrx_word' id='word_1_808' title='bbox 2330 5550 2418 5604; x_wconf 87' lang='lat' dir='ltr'><strong>hic</strong></span> <span class='ocrx_word' id='word_1_809' title='bbox 2445 5563 2543 5617; x_wconf 91' lang='lat' dir='ltr'><strong>pro</strong></span> <span class='ocrx_word' id='word_1_810' title='bbox 2570 5542 2973 5615; x_wconf 68' lang='lat' dir='ltr'><strong>BomaJmma,</strong></span> <span class='ocrx_word' id='word_1_811' title='bbox 3000 5558 3197 5605; x_wconf 79' lang='lat' dir='ltr'><strong>nomen</strong></span> <span class='ocrx_word' id='word_1_812' title='bbox 3223 5545 3516 5619; x_wconf 76' lang='lat' dir='ltr'><strong>Eginhardl</strong></span> 
     </span>
    </p>
   </div>
   <div class='ocr_carea' id='block_1_118' title="bbox 1936 5619 2649 5690">
    <p class='ocr_par' dir='ltr' id='par_1_118' title="bbox 1936 5619 2649 5690">
     <span class='ocr_line' id='line_1_118' title="bbox 1936 5619 2649 5690; baseline -0.013 -12"><span class='ocrx_word' id='word_1_813' title='bbox 1936 5623 2142 5682; x_wconf 77' lang='lat' dir='ltr'><strong>uxoris,</strong></span> <span class='ocrx_word' id='word_1_814' title='bbox 2168 5619 2448 5690; x_wconf 84' lang='lat' dir='ltr'><strong>legendum</strong></span> <span class='ocrx_word' id='word_1_815' title='bbox 2477 5625 2649 5690; x_wconf 61' lang='lat' dir='ltr'><strong>putat.</strong></span> 
     </span>
    </p>
   </div>
   <div class='ocr_carea' id='block_1_119' title="bbox 2011 5686 2827 5753">
    <p class='ocr_par' dir='ltr' id='par_1_119' title="bbox 2011 5686 2827 5753">
     <span class='ocr_line' id='line_1_119' title="bbox 2011 5686 2827 5753; baseline -0.001 -12"><span class='ocrx_word' id='word_1_816' title='bbox 2011 5691 2024 5741; x_wconf 82' lang='lat' dir='ltr'><strong>i</strong></span> <span class='ocrx_word' id='word_1_817' title='bbox 2077 5686 2266 5745; x_wconf 74' lang='lat' dir='ltr'><strong>Teulét</strong></span> <span class='ocrx_word' id='word_1_818' title='bbox 2300 5688 2469 5753; x_wconf 89' lang='lat' dir='ltr'><strong>addit,</strong></span> <span class='ocrx_word' id='word_1_819' title='bbox 2490 5686 2558 5741; x_wconf 70' lang='lat' dir='ltr'><strong>in</strong></span> <span class='ocrx_word' id='word_1_820' title='bbox 2585 5686 2827 5742; x_wconf 77' lang='lat' dir='ltr'><strong>Domino.</strong></span> 
     </span>
    </p>
   </div>
  </div>
