3988 6178
399 291 501 347 515

938 387 1273 447 EPISTOLA
1309 383 1446 437 XVI.

846 499 912 536 ΑΙ)
941 491 1228 534 ΒΑΤΤΟΝΕΙ
1265 487 1522 529 COMITEM.

474 581 837 638 Dilectissimo
867 573 1041 628 amico
1078 577 1267 624 nostro
1310 564 1531 619 Hattoni
1554 603 1567 628 ,
1595 562 1829 631 glorioso
1877 576 1970 614 co-

403 675 564 736 miti,
601 664 942 738 Eginhardus
979 670 1237 714 aeternam
1269 658 1322 710 in
1367 654 1594 708 Domino
1623 651 1875 705 salutem.

472 762 702 830 Quidam
749 759 914 812 homo
938 762 1142 817 vester,
1178 749 1397 804 nomine
1440 745 1666 807 Hunno,
1719 742 1867 798 venit
1910 739 1977 793 ad

383 855 604 908 'limina'
621 855 935 905 sanctorum
961 839 1259 896 Marcellini
1281 845 1335 891 et
1361 835 1534 898 Petri,
1557 832 1771 886 veniam
1794 835 1979 898 postu-

406 943 528 995 lans
543 953 644 1010 pro
657 953 722 992 eo
740 934 888 1005 quod
898 942 1226 990 conservam
1246 940 1419 987 suam,
1449 921 1703 1010 ancillam
1717 925 1978 1010 vestram,

408 1030 512 1086 sibi
536 1003 594 1081 in
615 1003 928 1093 coniugium
945 1018 1207 1073 sociasset
1227 1015 1344 1066 sine
1372 1019 1552 1064 vestra
1569 1007 1831 1078 iussione.
1849 1003 1982 1057 Pro-

411 1131 532 1192 pter
553 1121 655 1172 hoc
684 1126 973 1184 precamur
1001 1105 1388 1175 benignitatem
1416 1106 1653 1153 vestram
1682 1104 1792 1149 uta
1827 1093 1982 1192 vobis

415 1181 802 1278 indulgent—iam
826 1203 892 1256 de
917 1188 1020 1253 hoc
1037 1196 1183 1249 facto
1199 1191 1479 1261 percipere
1501 1194 1797 1278 mereatur:
1821 1183 1866 1236 si
1891 1181 1984 1237 de-

413 1270 601 1353 lictum
629 1295 746 1363 eius
777 1290 934 1344 venia
967 1287 1187 1355 dignum
1219 1280 1384 1334 fuerit
1408 1278 1710 1331 inventum.
1754 1270 1894 1340 Opto
1925 1277 1986 1323 ut

414 1407 626 1461 semper
647 1389 783 1443 bene
808 1380 1035 1438 valeatis
1063 1379 1116 1432 in
1144 1374 1389 1429 Domino.

937 1485 1273 1545 EPISTOLA
1307 1481 1448 1536 XVII

843 1605 910 1643 AD
939 1597 1223 1640 BRABANUII
1247 1593 1271 1620 ⁸³
1298 1591 1561 1633 ABBATEM.

489 1681 945 1744 Reverentissimo
959 1675 1158 1734 Christi
1182 1673 1383 1728 famulo
1401 1669 1674 1733 I-Irabano,
1691 1663 1986 1720 venerabili
2016 1699 2064 1757 Β

419 1781 618 1843 abbati,
650 1771 988 1846 Eginhardus
1012 1773 1280 1837 peccator.

493 1845 724 1937 Quidam
746 1865 906 1919 homo
927 1866 1126 1920 vester,
1156 1854 1372 1910 nomine
1385 1851 1753 1912 Gundhartus,
1783 1845 1992 1937 rogavit

427 1936 532 2016 nos,
562 1973 665 2029 pro
708 1969 767 2009 se
806 1950 946 2022 apud
975 1955 1211 2002 vestram
1252 1943 1595 1998 sanctitatem
1634 1936 1990 1999 intercedere,

428 2060 511 2115 ut,
548 2049 666 2104 sine
691 2040 987 2100 offensione
1011 2046 1216 2100 vestra,
1246 2036 1411 2088 immo
1437 2047 1558 2086 cum
1589 2029 1761 2101 gratia
1788 2035 1990 2090 vestra,

427 2139 532 2194 sibi
585 2137 745 2190 liceat
803 2132 905 2184 iter
939 2125 1252 2189 exercitale,
1284 2122 1426 2192 quod
1472 2118 1724 2191 praesenti
1753 2126 1996 2186 tempore

429 2227 691 2298 agendum
721 2231 824 2287 est,
851 2220 1118 2278 omittere,
1145 2229 1209 2268 ac
1237 2213 1381 2268 domi
1407 2224 1627 2265 manere
1658 2211 1720 2273 b;
1749 2221 1997 2263 asserens

431 2337 490 2375 se
513 2320 580 2373 ad
602 2320 741 2372 hanc
764 2313 1159 2369 remansionem
1175 2321 1368 2376 magna
1393 2304 1510 2373 cogi
1533 2303 1875 2365 necessitate,
1899 2314 1998 2369 pro

430 2425 495 2465 eo
529 2409 671 2477 quod
704 2405 943 2459 faidosus
973 2402 1061 2462 sit,
1115 2406 1170 2453 et
1218 2411 1340 2450 cum
1379 2393 1614 2448 inimicis
1665 2391 1778 2446 suis
1805 2397 1860 2444 et
1889 2389 1996 2454 his,

430 2501 522 2570 qui
555 2498 680 2551 vita:
711 2495 828 2564 eius
876 2491 1234 2550 insidiantur,
1275 2487 1377 2539 hoc
1416 2484 1518 2537 iter
1569 2495 1732 2552 agere
1765 2494 1873 2533 non
1903 2494 1998 2532 au-

431 2568 586 2654 deat,
617 2585 917 2657 praesertim
945 2595 1068 2636 cum
1101 2579 1192 2633 illo
1209 2575 1415 2632 comite
1432 2615 1446 2637 ,
1473 2589 1596 2630 cum
1619 2586 1724 2641 quo
1751 2571 1829 2624 ire
1847 2568 2002 2638 jube-

433 2693 542 2745 tur,
575 2694 735 2750 quem
759 2677 860 2730 sibi
892 2673 1024 2728 dicit
1051 2685 1170 2726 esse
1207 2667 1660 2722 inimicissimum.
1694 2663 1818 2717 ldeo
1849 2668 2002 2731 rogat

433 2782 495 2826 ut
519 2787 640 2826 eum
671 2771 726 2822 in
755 2774 962 2821 tantum
988 2760 1286 2834 periculum
1313 2768 1509 2813 vestra:
1524 2755 1784 2827 iussionis
1817 2760 2004 2807 aucto-

435 2861 567 2914 ritas
609 2873 717 2912 non
761 2853 998 2923 impellat
1045 2870 1058 2906 :
1094 2849 1195 2905 sibi
1249 2863 1393 2902 cura:
1421 2861 1576 2908 esse,
1635 2860 1800 2914 seque
1824 2842 2004 2913 provi-

435 2951 563 3004 dere
595 2956 653 3000 ut
674 2961 795 3000 cum
822 2951 1074 2997 exactore
1117 2937 1427 3001 heribanni,
1459 2937 1504 2990 si
1528 2935 1760 2999 venerit,
1792 2942 1847 2987 et
1874 2946 2000 2986 eum

1668 260 2043 320 EGINIIARDI
2079 258 2369 314 ABBA'I'IS

1997 372 2044 431 Α
2138 368 2335 422 Νοιυιιι
2362 370 2432 421 sit
2467 368 2560 421 tibi
2592 367 2716 436 quia
2747 366 2996 420 volumus
3019 374 3099 428 ut,
3131 366 3345 434 quando
3377 366 3494 420 hzec
3534 368 3650 436 epi-

3542 252 3652 307 5l6

2074 458 2206 513 stola
2237 468 2420 513 nostra
2448 457 2514 510 ad
2543 467 2594 509 te
2623 457 2851 519 venerit,
2881 461 3067 509 statim
3087 453 3205 508 sine
3229 451 3334 508 ulla
3365 455 3647 518 dilatione,

2074 561 2344 616 prmpares
2375 555 2429 600 te
2458 546 2525 599 ad
2556 547 2659 599 hoc
2688 553 2767 608 ut,
2819 560 2885 597 xv
2915 542 3029 598 kal.
3070 541 3307 612 ianuarii
3331 585 3346 608 ,
3379 544 3433 598 id
3475 553 3560 598 est
3600 560 3653 597 vi

2075 631 2266 692 diebus
2297 642 2422 690 ante
2452 631 2641 689 Natale
2673 634 2908 698 Domini,
2941 635 3154 688 obviam
3181 635 3346 688 misso
3369 643 3555 688 nostro
3585 633 3654 688 Il.

2076 729 2262 783 venias
2293 729 2346 782 in
2376 727 2499 781 villa
2531 735 2718 780 nostra
2735 741 2853 794 qua:
2889 725 3086 780 dicitur
3106 725 3556 780 Heilambrunno:
3601 735 3660 779 et

2077 818 2336 886 quidquid
2372 817 2457 872 ille
2488 815 2584 870 tibi
2607 819 2673 872 de
2700 812 2866 871 verbo
2892 824 3079 871 nostro
3101 857 3117 881 ,
3165 815 3324 870 simul
3377 832 3504 870 cum
3535 817 3662 870 aliis

2078 907 2363 962 comitibus
2390 915 2443 962 et
2478 907 2723 962 ﬁdelibus
2752 907 2975 971 nostris,
3032 908 3099 962 ad
3131 905 3436 962 faciendum
3477 907 3658 976 iniun-

2079 999 2238 1061 xerit,
2287 997 2464 1052 facere
2512 998 2752 1062 studeas,
2806 1006 2861 1051 et
2890 993 3069 1051 taliter
3089 991 3284 1052 exinde
3324 1013 3474 1068 agas,
3529 1016 3661 1069 qua-

2079 1085 2204 1141 liter
2224 1086 2278 1139 in
2310 1095 2401 1140 tua
2423 1085 2682 1142 ﬁdelitate
2706 1087 2902 1141 bonam
2927 1086 3188 1141 habemus
3217 1085 3486 1141 ﬁduciam.
3519 1085 3663 1145 Bene

2081 1177 2221 1231 vale.

2645 1267 2977 1324 EPISTOLA
3007 1265 3127 1323 XX.

2158 1380 2210 1419 ιιι
2237 1378 2465 1418 ransom
2515 1376 2815 1416 HLUDOWICI
2865 1372 3240 1425 ιιιιιειιλτοιιιε,
3278 1377 3346 1414 an
3383 1377 3437 1416 ιι.
3476 1379 3592 1419 stus

2763 1445 2988 1483 FIDELEI
2997 1471 3010 1484 .

2159 1524 2215 1578 In
2243 1524 2462 1578 nomine
2507 1521 2718 1575 Domini
2759 1520 2851 1573 Dei
2883 1529 2938 1574 et
2970 1520 3267 1578 Salvatoris
3323 1525 3498 1578 nostri
3538 1523 3665 1580 Iesu

2088 1614 2316 1678 Christi,
2346 1610 2712 1673 Hludowicus,
2748 1609 3034 1663 ordinante
3078 1610 3261 1666 divina
3305 1615 3665 1683 providentia,

2091 1703 2384 1772 imperator
2413 1707 2693 1769 angustus,
2724 1696 2790 1750 ﬂ.
2816 1696 2956 1752 ﬁdeli
2987 1709 3191 1755 nostro.

2167 1793 2364 1848 Notum
2389 1793 2462 1846 sit
2509 1789 2608 1844 tibi
2660 1788 2805 1857 quod
2849 1788 3096 1846 volumus
3119 1801 3180 1846 ut
3234 1808 3401 1847 unum
3429 1795 3496 1850 de
3546 1795 3672 1850 ﬁliis

2096 1888 2221 1951 tuis,
2259 1885 2474 1940 vasallis
2501 1887 2720 1944 nostris,
2757 1898 2918 1956 quem
2942 1894 2999 1939 tu
3021 1885 3237 1940 noveris
3263 1888 3408 1955 quod
3432 1889 3534 1943 hoc
3559 1905 3672 1944 me-

2093 1979 2196 2034 lius
2218 1977 2397 2034 facere
2414 1979 2605 2048 possit,
2626 1987 2986 2049 praeparatum
3005 1993 3126 2032 esse
3132 1976 3346 2046 iubeas,
3363 1987 3441 2042 ut,
3457 1983 3675 2048 quando

2098 2069 2161 2121 R.
2190 2083 2371 2122 comes
2390 2077 2446 2122 et
2481 2069 2545 2122 II.
2571 2069 2768 2124 missus
2788 2077 2973 2123 noster
2990 2083 3088 2138 per
3113 2067 3262 2122 illum
3285 2068 3442 2122 nobis
3470 2069 3675 2139 aliquid

2096 2159 2353 2214 mandare
2380 2161 2669 2225 voluerint,
2725 2161 2844 2216 sine
2871 2175 3022 2214 mora
3048 2159 3134 2214 vel
3161 2160 3438 2226 tarditate,
3468 2163 3534 2215 ad
3561 2162 3676 2216 'I‘u-

2099 2266 2258 2306 rones
2292 2266 2518 2322 pergere
2544 2253 2749 2322 possit;
2795 2253 2922 2322 quia
2951 2252 3022 2306 ibi
3037 2261 3130 2306 aut
3157 2267 3256 2307 nos
3279 2253 3444 2322 ipsos,
3473 2263 3565 2307 aut
3589 2254 3678 2308 di—

2099 2341 2290 2395 lectam
2318 2341 2596 2412 coniugem
2623 2351 2885 2406 nostram,
2911 2343 3136 2398 Domino
3159 2342 3388 2408 volente,
3421 2345 3676 2398 inventu-

2099 2447 2194 2486 rus
2221 2440 2323 2485 est.
2370 2430 2503 2486 Vide
2529 2440 2588 2485 ut
2614 2431 2815 2487 nullam
2840 2435 3035 2488 exinde
3055 2433 3256 2489 habeas
3269 2435 3677 2505 negligentiam,

2101 2519 2144 2574 si
2189 2521 2417 2589 gratiam
2451 2531 2694 2576 nostram
2729 2523 2864 2578 velis
2898 2525 3116 2579 habere.
3191 2523 3330 2594 Opto
3366 2533 3428 2579 ιιι
3463 2540 3680 2595 semper

2103 2611 2236 2666 bene
2260 2611 2440 2667 valeas
2465 2613 2516 2666 in
2547 2613 2792 2669 Domino.

2625 2728 2958 2786 EPISTOLA
2991 2728 3132 2784 XXI.

2105 2812 2157 2850 IN
2197 2810 2428 2852 PERSONA
2462 2813 2762 2854 "LUDOWICI
2817 2815 3193 2864 IMPEMTOBIS,
3237 2815 3305 2854 AD
3345 2817 3399 2854 τ.
3441 2816 3562 2856 £108
3599 2818 3679 2856 Fl-

2789 2883 2983 2923 υειειι.

2181 2962 2242 3016 lu
2269 2962 2486 3017 nomine
2512 2963 2723 3017 Domini
2750 2963 2845 3018 Dei
2888 2971 2943 3018 et
2979 2961 3276 3018 Salvatoris
3313 2964 3485 3019 nostri
3513 2962 3682 3018 Jeshu

435 3038 870 3110 compellaverit,
903 3035 1020 3088 sine
1053 3039 1234 3086 vestro
1269 3030 1452 3084 labore
1497 3043 1555 3082 se
1584 3027 1852 3122 paciﬁcet.
1885 3025 2002 3081 Non
2029 3030 2073 3092 C
2105 3052 2329 3119 Christi,
2383 3052 2748 3119 mudowicus’
2803 3055 2984 3108 divin.
3015 3053 3298 3108 ordinm
3317 3054 3680 3122 Provida“.

437 3147 536 3186 vos
564 3144 811 3199 rogarem
847 3128 914 3181 de
942 3127 1045 3179 hac
1071 3139 1268 3188 causa,
1308 3122 1411 3175 nisi
1453 3120 1731 3190 angustias
1758 3119 1876 3188 eius
1920 3125 2005 3171 at—

438 3237 545 3290 que
562 3219 797 3288 pericula
815 3223 1090 3285 comperta
1111 3215 1387 3268 haberem.
1402 3210 1542 3282 Opto
1563 3217 1624 3266 ut
1637 3223 1851 3280 semper
1869 3210 2004 3264 bene

441 3311 689 3367 valeatis.

943 3415 1275 3472 EPISTOLA
1301 3414 1485 3470 XVIII.

789 3525 857 3564 AD
888 3520 1243 3561 MARCIIBADUI
1271 3515 1654 3558 γιοευοιιιιιυιι.

515 3624 718 3678 Dilecto
776 3621 950 3675 amico
1009 3627 1196 3673 nostro
1257 3615 1610 3678 Marcbrado,
1654 3625 1677 3653 ο
1719 3612 2009 3668 vicedomi—

443 3733 533 3776 no,
567 3712 906 3785 Eginhardus
927 3718 1187 3764 aeternam
1211 3708 1264 3762 in
1291 3706 1517 3761 Domino
1539 3703 1786 3758 salutem.

517 3807 628 3858 Duo
657 3802 796 3858 servi
826 3800 886 3854 S.
917 3799 1129 3853 Martini
1155 3837 1170 3862 ,
1203 3798 1268 3852 de
1295 3796 1422 3849 villa
1451 3794 1760 3856 iledabach,
1795 3791 2012 3846 nomine

445 3897 799 3950 Willirannus
835 3903 893 3946 et
923 3892 1178 3946 Othertus
1197 3928 1211 3953 ,
1240 3885 1491 3956 fugerunt
1515 3884 1543 3924 ἀ
1574 3883 1641 3938 ad
1669 3883 1852 3937 limina
1881 3883 2011 3936 bea-

446 4001 624 4041 torum
659 3985 858 4039 Christi
898 3991 1197 4050 martyrum
1224 3975 1520 4030 Mareellini
1541 3983 1596 4028 et
1625 3973 1794 4037 Petri,
1825 3988 1924 4042 pro
1949 3985 2016 4025 eo

445 4075 590 4144 quod
611 4073 779 4126 frater
813 4084 1000 4125 eorum
1031 4066 1315 4137 quemdam
1347 4064 1554 4119 socium
1583 4078 1738 4118 suum
1787 4062 2016 4116 occidis-

446 4171 571 4217 set:
611 4169 862 4229 rogautes
892 4165 950 4211 ut
995 4157 1076 4210 eis
1129 4155 1290 4209 liceat
1325 4153 1534 4208 solvere
1561 4153 1709 4206 illum
1752 4152 2014 4223 weregel-

449 4253 576 4306 dum
602 4267 700 4320 pro
723 4248 892 4302 fratre
921 4262 1038 4308 suo,
1088 4254 1144 4299 et
1170 4253 1231 4298 ut
1256 4246 1305 4298 ei
1352 4245 1595 4299 membra
1624 4245 2012 4312 perdonentur.

450 4341 678 4394 Proinde
715 4351 962 4408 rogamus
988 4333 1338 4390 dilectionem
1358 4343 1505 4387 tuam
1547 4340 1635 4395 ut,
1667 4332 1721 4386 in
1753 4339 2011 4400 quantum
2037 4362 2092 4420 Β

449 4429 703 4500 possibile
723 4435 830 4492 est,
846 4425 894 4481 ei
921 4437 1144 4494 parcere
1168 4421 1406 4493 digneris
1425 4431 1644 4492 propter
1664 4437 1900 4476 amorem
1918 4421 2014 4475 Dei

449 4530 502 4575 et
527 4527 835 4575 sanctorum
864 4515 1002 4585 ejus,
1029 4515 1096 4569 ad
1141 4529 1371 4582 quorum
1418 4513 1601 4566 limina
1637 4512 2013 4581 confugerunt.

447 4611 588 4680 Opto
615 4616 674 4662 ut
703 4621 914 4676 semper
936 4607 1073 4660 bene
1101 4605 1284 4659 valeas
1313 4604 1364 4656 in
1394 4603 1639 4657 Domino.

977 4713 1311 4768 EPISTULA
1350 4713 1491 4765 XIX.

452 4845 504 4884 IN
542 4842 774 4883 νειιεοῖιλ
810 4837 1112 4878 ιιιυυοπιοι
1153 4834 1527 4882 IMPERATORIS,
1570 4834 1636 4872 Αἰ)
1674 4831 1728 4870 G.
1755 4832 2015 4872 οοιιιτειι.

518 4942 578 4996 1η
604 4938 820 4995 nomine
862 4936 1074 4990 Domini
1110 4933 1206 4988 Dei
1250 4944 1306 4986 et
1350 4931 1646 4986 Salvatoris
1684 4932 1851 4985 nostri
1890 4930 2017 4986 .Iesn

451 5031 673 5094 Christi,
704 5028 1049 5088 liludovicns,
1097 5025 1278 5078 divina
1327 5024 1612 5078 ordinante
1657 5023 2015 5093 providentia,

455 5123 746 5192 imperator
769 5122 1048 5186 augustas,
1078 5114 1144 5168 G.
1168 5113 1377 5168 comiti.

523 5272 549 5300 ι
588 5258 840 5311 Babanus
878 5254 1044 5308 abbas
1071 5249 1352 5306 Fuldensis
1382 5251 1556 5306 factus
1583 5264 1726 5304 anno
1761 5250 1885 5314 822,
1933 5250 2026 5306 0t-

523 5329 603 5382 rio
638 5329 692 5380 in
731 5327 1042 5396 episcopatu
1092 5320 1513 5391 Moguntiacensi
1573 5322 1831 5375 successit
1879 5338 2020 5376 anno

493 5398 795 5528 43,ΤιΞιιιιξμ
821 5483 1105 5524 remanere.

525 5547 546 5574 ε
590 5536 779 5589 Teulet
799 5537 945 5589 addit
967 5538 1211 5605 glorioso.

524 5604 548 5644 ιι
591 5605 794 5670 Teulct,
834 5604 1194 5676 confugerunt.
1239 5681 1242 5684 λ

2105 3146 2399 3214 imperator
2426 3153 2704 3214 angustus,
2738 3145 2802 3199 Τ.
2828 3144 2971 3199 ﬁdeli
2996 3152 3202 3199 nostro.

2174 3233 2370 3288 Notum
2400 3235 2471 3288 sit
2493 3235 2588 3289 tibi
2611 3235 2753 3304 quod
2772 3234 3019 3289 volumus
3040 3241 3099 3288 ut
3116 3234 3184 3288 ad
3212 3235 3314 3289 hoc
3337 3241 3388 3288 te
3410 3249 3685 3304 przepares

2105 3331 2186 3389 ut,
2225 3323 2673 3394 quandocumque
2699 3322 2862 3377 IIRT.
2900 3334 2923 3362 ε
2951 3339 3134 3378 eomes
3161 3331 3218 3377 et
3247 3323 3313 3377 II.
3344 3325 3541 3379 missus
3583 3341 3685 3379 no-

2107 3421 2221 3468 ster
2245 3427 2342 3482 per
2371 3424 2425 3469 te
2454 3415 2608 3468 nobis
2633 3413 2834 3482 aliquid
2855 3414 3113 3468 mandare
3137 3413 3426 3476 voluerint,
3475 3416 3682 3479 statim,

2107 3503 2226 3556 sine
2254 3519 2404 3557 mora
2430 3503 2512 3557 vel
2537 3503 2714 3572 aliqua
2738 3503 3012 3568 tarditate,
3037 3517 3158 3556 cum
3179 3503 3296 3572 ipso
3319 3504 3590 3568 mandato,
3615 3506 3688 3559 ad

2109 3593 2356 3648 Turonos
2389 3593 2408 3632 τ
2441 3609 2664 3664 pergere
2683 3595 2890 3664 possis:
2921 3595 3046 3662 quia
3072 3593 3144 3648 ibi
3165 3587 3260 3648 aut
3285 3609 3384 3648 nos
3407 3594 3568 3663 ipsos,
3592 3605 3688 3649 aut

2111 3683 2363 3738 dilectam
2389 3684 2670 3753 coniugem
2699 3692 2963 3749 nostram,
2993 3685 3219 3738 Domino
3244 3683 3474 3746 volente,
3495 3684 3685 3737 invest-

2113 3781 2266 3826 turus
2285 3786 2364 3825 es.
2390 3773 2523 3826 Vide
2543 3781 2601 3826 ιιι
2617 3773 2817 3826 nullam
2839 3774 3035 3828 exinde
3060 3773 3262 3829 habeas
3283 3773 3683 3844 negligentiam,

2113 3862 2159 3916 si
2187 3862 2418 3929 gratiam
2440 3871 2682 3918 nostram
2713 3864 2842 3918 velis
2861 3865 3080 3918 habere.

2629 3973 2961 4030 EPISTOLA
2997 3976 3160 4032 XXII.

2539 4061 2607 4099 AD
2641 4063 2694 4098 Δ.
2733 4061 2922 4100 IISSUM
2953 4062 3268 4102 DOIINICUI.

2187 4133 2394 4189 Dilecto
2418 4134 2572 4189 fratri
2601 4145 2657 4190 et
2683 4137 2857 4190 amico
2880 4137 2944 4190 Α.
2977 4137 3141 4192 misso
3172 4139 3440 4193 dominico
3461 4180 3474 4204 ,
3529 4139 3686 4210 Egi-

2117 4223 2319 4279 bardus
2346 4227 2725 4296 sempiternam
2749 4227 2802 4281 in
2825 4227 3052 4282 Domino
3080 4230 3329 4284 salutem.

2186 4315 2446 4372 Putabam
2498 4319 2594 4373 tibi
2639 4320 2776 4374 bene
2802 4322 3076 4390 cognitum
3105 4337 3225 4377 esse
3273 4324 3418 4396 quod
3445 4325 3690 4382 homines

2122 4409 2317 4473 nostri,
2368 4425 2505 4478 quos
2553 4411 2609 4464 in
2639 4411 2754 4465 istis
2783 4412 3026 4479 partibus
3067 4414 3349 4480 habemus,
3394 4417 3688 4471 secundum

2121 4499 2518 4554 ordinationem
2571 4508 2625 4553 et
2657 4499 2955 4567 iussionem
2979 4501 3164 4557 domni
3205 4503 3566 4574 imperatoris,
3624 4507 3690 4559 ad

2122 4587 2420 4645 custodiam
2470 4589 2796 4642 maritimam
2827 4589 3043 4644 fuerunt
3086 4608 3192 4647 non
3239 4593 3410 4648 solum
3441 4610 3506 4649 eo
3559 4604 3683 4650 tem-

2122 4691 2274 4745 pore,
2303 4678 2516 4745 quando
2546 4677 2635 4732 ille
2656 4718 2669 4731 .
2703 4720 2715 4730 .
2746 4716 2758 4732 .
2791 4719 2805 4732 .
2856 4681 3027 4734 oriam
3063 4683 3087 4720 ε
3133 4681 3409 4751 profectus
3435 4693 3540 4746 est,
3597 4686 3692 4737 sed

2124 4767 2285 4820 etiam
2311 4768 2526 4835 quando
2542 4767 2862 4823 Aurelianos
2880 4772 3138 4839 perrexit.
3179 4772 3244 4825 Et
3269 4772 3387 4826 ideo
3408 4785 3516 4828 non
3550 4774 3694 4826 vide-

2124 4867 2212 4911 tur
2240 4859 2370 4912 mihi
2388 4858 2595 4926 iustum
2621 4875 2740 4914 esse
2765 4869 2820 4914 ut
2840 4861 3193 4916 heribannum
3217 4863 3426 4916 solvere
3439 4864 3689 4924 debeant,

2123 4953 2214 5020 qui
2240 4967 2347 5005 non
2370 4952 2533 5006 aliubi
2561 4951 2797 5018 fuerunt,
2849 4955 2952 5008 nisi
2976 4956 3066 5008 ubi
3102 4955 3216 5024 ipse
3241 4955 3537 5023 imperator
3557 4969 3694 5024 prae.

2121 5043 2284 5109 cepit.
2327 5043 2390 5095 Et
2416 5043 2534 5096 ideo
2563 5057 2758 5111 precor
2794 5045 3132 5099 dilectionem
3153 5055 3295 5098 tuam
3319 5053 3377 5099 ut
3393 5046 3549 5100 nobis
3572 5062 3695 5116 spa-

2125 5132 2253 5184 tium
2283 5131 2403 5186 inde
2426 5132 2613 5196 dones,
2628 5133 2800 5189 donec
2821 5133 3051 5188 domnus
3075 5135 3367 5202 imperator
3390 5134 3622 5198 venerit,
3645 5142 3696 5186 et

2199 5276 2221 5302 θ
2262 5264 2353 5318 Sic
2375 5266 2573 5330 codex;
2599 5275 2655 5318 at
2679 5263 2866 5320 Teulct
2892 5266 3054 5319 habet
3074 5265 3407 5321 Hrotbemu.

2203 5334 2220 5372 τ
2265 5335 2473 5396 Melius,
2505 5334 2714 5399 'I'eulet,
2748 5334 3002 5388 Turones.

2199 5404 2629 5474 57Teuletpntat
2654 5405 2752 5457 bas
2791 5405 2999 5458 litteras
3044 5405 3211 5458 ariam
3240 5419 3361 5459 esse
3403 5406 3563 5459 ﬁnem
3593 5421 3695 5460 no-

2122 5473 2298 5545 minis_
2319 5473 2546 5545 alicuius
2573 5474 2817 5545 civitatis
2838 5473 2921 5526 vel
2957 5474 3204 5545 regionis
3233 5485 3287 5528 et
3337 5475 3690 5545 suppl-mlum

2119 5557 2238 5596 esse
2262 5542 2417 5610 Bajo,
2454 5551 2509 5595 et
2535 5544 2606 5596 ita
2634 5539 2918 5613 legendum
2947 5539 3087 5598 foret
3112 5539 3443 5612 Baioaritmi.

3986 2325 3988 2358 !

3986 2365 3988 2402 i
