3988 6178
288 291 388 346 517

289 423 390 460 nos
414 405 561 458 illum
589 401 996 458 admonebimus
1021 405 1087 459 dc
1111 402 1352 472 iussione
1380 421 1496 469 sua,
1529 414 1582 458 et
1620 406 1708 458 ille
1733 415 1860 459 tunc
1888 409 1938 465 Α

287 495 607 565 przcceperit
645 493 878 562 qualiter
921 493 996 547 illi
1027 495 1311 564 placuerit.
1373 496 1510 564 Opto
1550 505 1608 549 ut
1648 509 1862 565 semper

289 587 429 642 bene
455 585 678 640 valeatis
705 584 757 637 in
799 584 1044 638 Domino.

810 698 1141 754 EPISTOLA
1174 701 1353 754 XXIII.

755 827 821 864 AD
853 826 1213 867 VICEDOMINL‘!
1245 830 1401 868 ευιῖυ.

365 922 421 976 In
458 919 661 976 Christi
686 922 920 986 nomine,
957 922 1124 977 abbas
1155 923 1497 992 Eginbardus
1535 925 1868 979 vicedomiuo

291 1020 350 1066 et
381 1011 523 1065 ﬁdeli
551 1019 733 1064 nostro
759 1011 1007 1065 salutem.

368 1103 564 1156 Notum
586 1103 657 1156 sit
675 1103 803 1170 quia
823 1103 1066 1157 volumus
1089 1112 1148 1157 ut
1170 1106 1414 1160 homines
1455 1107 1663 1176 aliquos
1689 1109 1873 1162 mittas

295 1191 365 1246 ad
389 1193 592 1262 Aquas,
649 1192 740 1260 qui
792 1193 1096 1248 mansiones
1142 1203 1355 1249 nostras
1381 1199 1670 1251 emendent
1713 1208 1872 1266 atque

295 1289 630 1345 restaurent,
669 1290 724 1335 et
754 1295 837 1345 ea,
880 1297 1000 1350 qua:
1022 1283 1178 1338 nobis
1210 1284 1282 1338 ibi
1319 1287 1623 1340 necessaria
1655 1296 1778 1340 sunt
1804 1287 1872 1340 ad

296 1373 632 1437 habendum,
667 1373 720 1425 id
745 1379 827 1425 est
852 1371 1102 1438 farinam,
1148 1375 1384 1440 bracem,
1414 1377 1614 1438 vinum,
1667 1377 1871 1430 forma-

296 1475 436 1527 tem,
467 1472 522 1517 et
541 1471 758 1527 caetera,
784 1464 1078 1517 secundum
1115 1467 1579 1530 consuetudinem,
1633 1475 1875 1536 tempore

293 1564 603 1625 opportuno
626 1554 754 1608 illuc
780 1555 964 1610 venire
990 1555 1175 1609 facias.
1225 1556 1395 1611 Boves
1417 1574 1563 1620 vero,
1609 1559 1699 1626 qui
1724 1561 1872 1613 occi-

294 1645 467 1699 dendi
492 1651 638 1709 sunt,
668 1644 912 1698 volumus
945 1657 1004 1698 ut
1026 1646 1194 1700 facias
1222 1647 1286 1699 ad
1312 1647 1641 1702 Ludinacam
1667 1650 1875 1714 venire,

1726 293 2081 349 EPISTOI..F.
2095 340 2104 349 .

3441 294 3542 348 uta

2471 405 2801 463 EPISTOIA
2838 405 3028 460 XXVI.

2427 513 2492 551 AD
2556 511 2759 552 Αιιιςυιι
2818 512 2954 550 SUO!
3018 512 3068 549 υ.

2038 584 2133 636 Ev.
2176 584 2274 638 SS.
2312 586 2358 637 1³.

2038 676 2360 731 Frumoldus
2399 677 2540 731 ﬁlius
2586 676 2651 730 N.
2703 679 2956 741 comitis,
2999 676 3154 744 cujus
3200 675 3262 730 Ν.
3302 689 3546 732 sororem

1967 765 2158 828 habet,
2203 766 2378 834 magis
2413 765 2726 819 inﬁrmitate
2754 781 2916 834 quam
2959 775 3234 820 senectute
3270 765 3548 820 confectus

1975 886 2036 894 —
2062 871 2182 908 nam
2211 857 2468 910 continuo
2509 870 2571 910 ac
2597 856 2745 924 gravi
2775 856 2970 924 pedum
3008 855 3192 909 dolore
3221 863 3450 909 vexatur
3476 884 3548 896 —
3579 870 3600 894 ι

1971 947 2133 1000 habet
2162 945 2483 1000 beneﬁcium
2510 962 2615 999 non
2647 945 2848 1014 grande
2880 947 2933 999 in
2964 945 3292 1015 Burgundia,
3327 946 3380 998 in
3413 959 3550 1014 pago

1971 1037 2325 1097 Gcnawense,
2351 1037 2440 1089 ubi
2467 1044 2620 1106 pater
2647 1037 2764 1105 ejus
2788 1051 2971 1090 comes
3000 1035 3122 1099 fuit,
3153 1044 3208 1088 et
3241 1035 3394 1088 timet
3421 1035 3551 1088 illud

1971 1127 2214 1194 perdere,
2270 1126 2369 1178 nisi
2418 1134 2597 1178 vestra
2655 1126 2957 1194 benignitas
3001 1125 3074 1178 illi
3124 1123 3441 1193 opituletur,
3483 1140 3551 1179 eo

1973 1215 2115 1284 quod
2156 1230 2265 1282 pne
2317 1214 2629 1268 inﬁrmitate
2665 1226 2686 1251 ο
2720 1230 2825 1284 qua
2866 1215 3150 1284 premitur,
3186 1215 3251 1268 ad
3291 1215 3548 1283 palatium

1974 1307 2162 1359 venire
2190 1322 2294 1359 non
2325 1315 2520 1374 potest.
2546 1307 2749 1359 Idcirco
2775 1313 3028 1375 precatur
3051 1314 3130 1369 ut,
3155 1307 3208 1360 in
3236 1307 3334 1360 ista
3361 1321 3549 1360 neces-

1975 1396 2156 1456 sitate,
2192 1396 2444 1448 domuum
2487 1397 2870 1464 imperatorem
2920 1411 3111 1464 rogare
3143 1397 3458 1466 dignemini,
3494 1404 3554 1449 ut

1976 1488 2252 1556 permittat
2288 1501 2345 1540 se
2374 1486 2573 1539 habere
2601 1485 2946 1548 beneﬁcium,
2987 1487 3130 1553 quod
3157 1500 3290 1540 avus
3318 1485 3435 1552 ejus
3472 1485 3550 1538 illi

1978 1575 2275 1640 concessit,
2316 1581 2371 1628 et
2404 1584 2558 1643 pater
2587 1575 2785 1627 habere
2822 1574 3090 1641 permisit,
3127 1589 3440 1643 quousque,
3473 1574 3552 1627 vi-

1981 1670 2130 1724 ribus
2169 1668 2420 1737 receptis,
2467 1667 2534 1720 ad
2583 1665 2698 1732 ejus
2743 1666 3087 1735 praesentiam
3134 1665 3340 1719 venerit
3386 1679 3450 1718 ac
3494 1679 3554 1718 se

295 1746 354 1792 et
382 1738 456 1792 ibi
481 1737 757 1792 occidere:
811 1754 974 1794 unum
996 1754 1061 1793 ex
1084 1739 1170 1793 bis
1194 1739 1440 1794 volumus
1489 1749 1548 1794 ut
1569 1742 1683 1794 dari
1709 1740 1876 1796 facias

1993 1761 2206 1814 solemni
2265 1774 2415 1812 more
2455 1758 2939 1812 commendaverit.
2988 1757 3133 1811 Bene
3178 1757 3333 1820 vale,
3384 1756 3554 1826 igulo—

298 1827 653 1897 Hruotlouge,
707 1836 761 1881 et
788 1827 874 1881 illa
905 1830 1183 1884 minutalia
1205 1838 1366 1898 atque
1403 1831 1713 1895 interanea,
1756 1847 1877 1901 qua:

300 1920 371 1973 ad
398 1928 641 1973 nostrum
686 1933 817 1988 opus
867 1919 1069 1974 servari
1123 1936 1229 1975 non
1261 1932 1502 1990 possunt,
1550 1923 1795 1976 volumus
1818 1931 1879 1976 ut

301 2012 504 2065 dentur
532 2010 598 2064 ad
620 2009 765 2063 illam
797 2008 1053 2065 familiam
1075 2027 1194 2081 quae
1223 2012 1417 2067 ibidem
1440 2021 1543 2068 est.
1586 2013 1694 2067 Nos
1724 2029 1876 2078 vero,

301 2101 538 2154 Domino
587 2099 890 2167 adjuvante,
938 2103 982 2155 si
1022 2102 1134 2156 vita
1160 2117 1341 2157 comes
1387 2103 1569 2167 fuerit,
1611 2104 1877 2167 volumus,

299 2192 456 2245 circa
484 2192 702 2246 missam
729 2193 900 2245 sancti
926 2192 1158 2254 Martini,
1192 2194 1258 2247 ad
1296 2194 1551 2263 palatium
1579 2195 1795 2248 venire:
1826 2202 1882 2249 et

303 2283 433 2336 ideo
459 2283 705 2335 volumus
727 2289 786 2335 ut
809 2283 924 2336 haec
948 2284 1129 2337 omnia
1155 2283 1457 2351 junioribus
1477 2284 1641 2338 etiam
1661 2293 1788 2338 nota
1803 2284 1883 2338 fa-

300 2375 447 2436 cias,
473 2373 658 2441 eisque
684 2388 751 2427 ex
772 2373 939 2426 verbo
951 2382 1139 2427 nostro
1160 2375 1442 2443 praecipias
1467 2383 1528 2428 ut
1556 2360 1804 2429 similiter
1819 2377 1884 2430 de

303 2479 552 2532 expensa
576 2471 759 2517 nostra
786 2463 1009 2528 faciant,
1059 2463 1199 2518 sicut
1221 2472 1272 2517 te
1300 2464 1477 2518 facere
1521 2464 1882 2533 precipimus.

302 2553 466 2608 Bene
487 2551 624 2607 vale.

826 2642 1156 2699 EPISTOLA
1183 2644 1369 2700 XXIV.

673 2772 740 2811 AD
768 2772 1017 2819 ουειιωιιι
1049 2773 1342 2812 MINISTRUM
1376 2773 1532 2812 SUUI.

384 2867 446 2922 In
478 2865 677 2921 Christi
694 2868 928 2933 nomine,
955 2867 1311 2938 Eginhardus,
1335 2869 1508 2924 dictus
1529 2869 1714 2932 abbas,
1742 2867 1806 2922 Ν.
1833 2869 1887 2923 in

308 2957 550 3012 Domino
581 2957 826 3011 salutem.

385 3042 584 3098 Notum
608 3042 701 3097 tibi
727 3040 956 3097 facimus
984 3044 1126 3112 quod
1152 3059 1277 3099 cera
1303 3045 1603 3116 indigemus
1622 3046 1688 3102 ad
1717 3046 1889 3100 servi-

310 3135 452 3188 tium
493 3142 755 3197 nostrum,
809 3143 864 3187 et
893 3135 995 3190 hoc
1023 3135 1076 3189 in
1109 3135 1226 3190 istis
1266 3135 1397 3190 locis
1433 3150 1753 3204 recuperare
1783 3152 1887 3191 non

308 3239 624 3297 possumus,
671 3223 798 3292 quia
839 3239 1035 3293 parvus
1090 3234 1384 3294 proventus
1432 3225 1604 3279 mellis
1653 3226 1756 3279 fuit
1794 3240 1890 3295 per

313 3317 422 3369 bos
456 3314 590 3368 duos
619 3329 787 3367 annos
817 3315 868 3368 in
892 3315 1010 3368 istis
1047 3316 1370 3386 regionibus.
1419 3316 1543 3370 ldeo
1563 3315 1808 3370 volumus
1831 3323 1890 3368 ut

312 3414 522 3459 tractes
568 3414 729 3474 atque
778 3406 1084 3460 consideres
1115 3421 1235 3458 eum
1282 3405 1347 3460 N.
1377 3405 1627 3475 qualiter,
1681 3407 1725 3459 si
1773 3405 1889 3459 ﬁeri

312 3505 520 3567 potest,
554 3513 712 3551 unam
737 3507 1034 3552 saumatam
1065 3509 1090 3537 α
1135 3497 1343 3551 faciatis
1373 3497 1532 3552 simul
1559 3513 1680 3551 cum
1708 3496 1889 3550 vasal-

313 3590 387 3644 lis
416 3589 636 3653 nostris,
679 3589 851 3657 quiad
880 3604 978 3643 nos
1001 3589 1066 3643 de
1087 3588 1204 3643 istis
1231 3590 1492 3659 partibus,
1519 3598 1640 3658 post
1669 3588 1890 3642 missam

315 3680 497 3735 sancti
543 3679 796 3743 Bavonis,
843 3688 1205 3734 revertuntur.
1275 3680 1417 3734 Bene
1451 3681 1566 3734 vale
1589 3688 1642 3734 et
1670 3694 1764 3733 ora
1793 3694 1891 3748 pro

317 3769 498 3825 nobis.

837 3860 1168 3919 EPISTOLA
1205 3862 1368 3917 XXV.

853 3989 922 4027 AD
959 3989 1010 4026 N.
1050 3987 1358 4027 εριεεοιτωι.

400 4086 625 4141 1)οωίηο
641 4096 828 4142 sancto
854 4097 910 4141 et
935 4087 1126 4140 merito
1151 4085 1445 4141 venerabili
1481 4085 1566 4150 Ν.,
1600 4086 1921 4152 reverenda,

324 4178 669 4248 Eginhardus
695 4187 966 4248 peccator.

397 4269 626 4336 Quidam
652 4285 840 4325 servus
874 4269 1084 4325 Sancta:
1110 4271 1311 4334 Mariae,
1351 4272 1567 4326 nomine
1585 4269 1672 4336 N.,
1714 4271 1780 4326 ad
1806 4287 1896 4326 ve-

324 4369 456 4417 strze
481 4364 781 4417 sanctitatis
801 4363 1073 4432 pertinens
1098 4371 1438 4432 potestatem,
1458 4366 1602 4418 venit
1626 4365 1693 4417 ad
1713 4363 1894 4417 limina

1979 1866 2096 1904 rum
2126 1849 2495 1903 amantissime
2514 1888 2530 1912 ,
2562 1849 2641 1901 sic
2666 1855 2816 1915 optet
2843 1847 2867 1885 ἀ
2910 1846 3083 1910 igulus
3110 1854 3231 1900 tuus
3266 1846 3476 1900 vetulus
3499 1853 3554 1901 et

1978 1939 2246 1994 inﬁrmus.

2466 2026 2802 2082 EPISTOLA
2840 2027 3051 2080 XXVII.

2547 2135 2614 2172 AD
2653 2134 2704 2171 Ν.
2743 2133 3004 2173 COIITEI.

2050 2209 2331 2280 Magniﬁce
2363 2219 2418 2264 et
2449 2209 2748 2263 honorabili
2779 2218 2941 2278 atque
2969 2208 3162 2263 illustri
3190 2209 3306 2264 viro
3336 2209 3398 2263 N.
3432 2210 3547 2280 glo-

1981 2301 2127 2354 rioso
2157 2300 2336 2354 comiti
2365 2340 2379 2360 ,
2417 2299 2760 2368 Eginhardus
2796 2299 3179 2368 sempiternam
3223 2302 3275 2353 in
3326 2300 3556 2354 Domino

1984 2390 2234 2445 salutem.

2057 2479 2121 2532 Ν.
2169 2494 2364 2534 vassus
2392 2479 2716 2544 dominicus,
2764 2479 2933 2534 frater
2975 2481 3162 2536 uxoris
3211 2481 3276 2535 N.
3320 2483 3556 2546 comitis,

1985 2570 2175 2624 morbo
2221 2571 2414 2638 pedum
2459 2578 2514 2624 et
2552 2578 2828 2626 senectute
2862 2572 3040 2640 gravis
3059 2612 3072 2634 ,
3118 2572 3331 2626 volebat
3372 2574 3560 2627 venire

1987 2662 2053 2716 ad
2084 2661 2337 2715 domuum
2378 2662 2760 2731 imperatorem
2807 2679 2820 2715 :
2867 2662 2962 2716 sed
2991 2677 3095 2716 non
3137 2663 3314 2731 potuit
3337 2672 3558 2732 propter

1988 2749 2358 2804 inﬁrmitatem
2389 2765 2562 2804 suam.
2594 2750 2727 2803 Cmn
2753 2751 2982 2818 primum
3007 2751 3262 2820 potuerit,
3289 2753 3466 2806 veniet
3493 2751 3560 2805 ad

1987 2838 2266 2892 servitium
2301 2837 2435 2906 ejus.
2471 2839 2687 2892 Interim
2727 2840 2963 2908 postulat
2990 2849 3050 2893 ut
3077 2841 3178 2896 sibi
3216 2842 3372 2897 liceat
3399 2843 3558 2897 bene-

1991 2927 2170 2982 ﬁcium
2195 2943 2348 2981 suum
2379 2930 2600 2993 habere,
2626 2930 2767 2997 quod
2804 2931 2852 2983 ei
2882 2931 3110 2986 domnus
3139 2932 3366 2988 Kal-olus
3396 2933 3562 3004 impe-

1991 3027 2140 3072 rator
2169 3019 2318 3073 dedit
2349 3019 2399 3072 in
2429 3018 2760 3088 Burgundia,
2786 3021 2838 3072 in
2860 3035 2996 3090 pago
3015 3021 3366 3088 Genawense,
3393 3041 3562 3093 usque

1916 3096 1960 3156 C
1993 3107 2119 3161 dum
2146 3107 2231 3162 ille
2257 3107 2322 3161 ad
2342 3109 2683 3177 praesentiam
2711 3109 2829 3177 ejus
2851 3113 3080 3178 venerit,
3113 3129 3177 3167 ac
3201 3129 3259 3167 se
3286 3115 3340 3168 in
3373 3130 3564 3168 manus

1993 3196 2109 3264 ejus
2150 3198 2625 3253 commendaverit.
2675 3199 2800 3254 Mihi
2830 3217 3043 3271 quoque
3084 3212 3292 3259 rectqu
3337 3213 3393 3259 et
3433 3205 3565 3259 utile

1993 3289 2205 3342 videtur
2245 3298 2304 3342 ut
2344 3290 2417 3343 ita
2464 3291 2589 3355 ﬁat,
2627 3293 2765 3346 sicut
2806 3293 2918 3363 ipse
2966 3295 3271 3359 desiderat,
3313 3296 3437 3365 quia
3483 3297 3566 3350 vir

1991 3380 2165 3433 bonus
2204 3395 2266 3434 ac
2305 3381 2539 3449 prudens
2581 3391 2684 3447 est,
2729 3391 2783 3436 et
2809 3385 2961 3440 bona:
3005 3385 3158 3442 fama;
3199 3387 3340 3441 inter
3361 3387 3567 3442 vicinos

1993 3486 2142 3535 suos,
2177 3482 2229 3525 et
2258 3487 2354 3526 vos
2380 3473 2518 3528 bene
2545 3473 2775 3538 facietis,
2806 3477 2852 3530 si
2895 3493 3019 3532 eum
3068 3479 3121 3532 in
3168 3479 3270 3533 hac
3314 3495 3374 3534 re
3411 3479 3590 3548 adju-.

1993 3577 2120 3616 vare
2167 3564 2478 3634 dignemini.
2526 3565 2664 3636 Opto
2707 3577 2766 3621 ut
2809 3583 3022 3638 semper
3063 3568 3203 3625 bene
3252 3570 3475 3625 valeatis
3514 3572 3565 3625 in

1995 3651 2240 3706 Domino.

2477 3763 2810 3819 EPISTOLA
2836 3766 3070 3821 XXVIII.

2556 3893 2625 3931 ΔΙ)
2661 3892 2713 3930 Ν.
2754 3893 3013 3932 εοιιιτει.

2066 3983 2348 4055 Magnifice
2380 3993 2436 4041 et
2473 3986 2775 4040 honorabili
2809 3997 2971 4056 atque
3003 3989 3196 4044 illustri
3230 3989 3292 4044 Ν.
3333 3991 3570 4062 glorioso

1997 4078 2204 4143 comiti,
2235 4079 2576 4150 Eginhardus
2602 4087 2857 4134 reternam
2890 4082 2942 4135 in
2981 4083 3208 4137 Domino
3233 4084 3481 4139 saiutcm.

2067 4167 2216 4239 Rogo
2243 4170 2628 4240 benignitatem
2668 4181 2902 4226 vestram
2939 4181 2996 4226 ut
3040 4173 3183 4228 hunc
3212 4173 3468 4243 juvenem
3503 4173 3566 4229 N.

1997 4257 2136 4327 apud
2170 4259 2426 4313 domuum
2466 4260 2842 4329 imperatorem
2875 4262 3129 4332 adjuvare
3168 4265 3481 4334 dignemini,
3510 4277 3568 4322 ut

1996 4347 2350 4412 beneﬁcium,
2405 4352 2547 4418 quod
2588 4351 2702 4419 ipse
2741 4361 2794 4405 et
2828 4351 2995 4406 frater
3019 4369 3149 4408 suus
3184 4355 3416 4419 habent,
3460 4373 3566 4410 non

325 4454 607 4508 beatorum
634 4453 832 4507 Christi
856 4462 1153 4523 martyrum
1180 4453 1474 4507 Marcellini
1519 4462 1574 4508 et
1599 4453 1766 4517 Petri,
1795 4469 1887 4522 pro

1998 4437 2242 4504 perdant.
2279 4438 2486 4492 Habent
2520 4441 2663 4494 enim
2709 4441 2762 4494 in
2807 4457 2942 4510 pago
2972 4443 3318 4498 Turnacense
3358 4457 3380 4482 ε
3417 4461 3567 4498 man-

326 4544 536 4598 scelere
579 4543 720 4612 quod
757 4544 1026 4597 commisit
1078 4543 1444 4598 interﬁciendo
1482 4544 1687 4596 socium
1743 4558 1898 4596 suum

329 4638 553 4702 propter
599 4633 909 4687 scandalum
957 4633 1099 4700 quod
1153 4633 1297 4686 inter
1350 4648 1444 4686 eos
1487 4633 1585 4686 fuit
1626 4642 1895 4686 exortum.

329 4720 562 4775 Proinde
586 4723 1221 4790 precamursanctitatem
1251 4731 1487 4776 vestram
1518 4731 1597 4787 ut,
1628 4724 1697 4778 ob
1743 4739 1899 4778 reve-

332 4812 562 4866 rentiam
606 4815 915 4868 eorumdem
954 4823 1272 4882 martyrum,
1319 4815 1384 4866 ad
1441 4830 1667 4882 quorum
1717 4815 1899 4868 limina

331 4901 648 4970 confugit,ei
675 4918 895 4970 parcere
923 4904 1238 4972 dignemini,
1280 4914 1358 4966 ut,
1391 4905 1599 4958 indulta
1632 4907 1902 4960 membro-

328 5008 451 5046 rum
479 4993 808 5064 integritate,
838 4997 1226 5064 verberumque
1253 5009 1434 5064 ρωιιει,
1472 4996 1630 5050 liccat
1656 4997 1726 5049 illi
1757 4997 1900 5050 solu-

331 5083 478 5136 tione
500 5084 738 5150 pecunia:
761 5098 1080 5151 compoucre
1110 5093 1269 5153 atque
1288 5086 1575 5139 emendare
1595 5085 1736 5154 quod
1759 5085 1897 5138 mala

330 5174 604 5228 voluntate
653 5175 940 5229 commisit.
1013 5174 1270 5244 Optamus
1291 5177 1629 5230 sanctitatem
1663 5186 1897 5231 vestram

329 5278 543 5332 semper
569 5265 621 5317 in
647 5263 862 5319 Christo
888 5266 1024 5319 bene
1049 5265 1245 5330 valere,
1299 5267 1635 5321 sanctissime
1659 5282 1720 5321 ac
1747 5281 1899 5321 reve-

330 5353 636 5410 rentissime
665 5365 839 5426 pater.

399 5561 424 5589 ⁸
459 5554 648 5614 'I'ettlet
671 5558 837 5623 addit,
870 5560 1016 5614 nobis
1043 5575 1232 5612 ventre.

328 5625 428 5750 Imb
467 5625 558 5681 Sic
608 5628 668 5683 D.
709 5629 915 5698 Bouq.;
958 5637 1012 5683 at
1052 5627 1238 5684 Teulet
1266 5628 1564 5683 Eia/tardus
1593 5627 1656 5681 Η.
1689 5646 1782 5681 suo
1812 5646 1895 5683 sa-

411 5713 511 5750 cm.

411 5713 511 5752 cm.

1993 4543 2083 4582 sos
2125 4545 2226 4591 xv,
2263 4539 2317 4583 et
2351 4531 2491 4584 ultra
2533 4531 2773 4584 Hrenum
2803 4547 3018 4586 mansos
3059 4548 3109 4584 v.
3153 4532 3268 4599 Ipse
3308 4535 3419 4586 vult
3444 4550 3566 4587 cum

1995 4618 2257 4673 beneﬁcio
2297 4621 2440 4687 quod
2484 4621 2537 4674 in
2587 4620 2930 4674 Tornacense
2967 4628 3071 4682 est,
3115 4622 3320 4676 servire
3368 4623 3566 4676 domno

1997 4708 2328 4777 imperatori,
2362 4717 2414 4763 et
2459 4716 2518 4762 ut
2551 4709 2716 4762 lraler
2750 4724 2900 4773 suus,
2944 4724 3068 4763 cum
3118 4709 3208 4763 illo
3246 4711 3388 4778 quod
3429 4710 3566 4765 ultra

1997 4797 2233 4852 Hrenum
2263 4809 2367 4863 est,
2395 4813 2454 4853 se
2493 4799 2559 4852 ad
2604 4797 2667 4852 Ν.
2713 4798 3071 4861 commendet,
3106 4806 3160 4853 et
3205 4807 3380 4853 tamen
3418 4815 3570 4854 com-

1998 4887 2232 4940 muniter
2269 4889 2397 4943 illud
2439 4886 2757 4943 beneﬁcium
2813 4896 2982 4942 totum
3024 4889 3294 4943 habeant:
3341 4889 3433 4943 sed
3481 4889 3568 4942 ille

2003 4991 2107 5028 non
2131 4976 2244 5028 vult
2266 4977 2313 5030 ei
2339 4979 2404 5030 ad
2440 4980 2541 5032 hoc
2571 4978 2900 5042 consentire,
2935 4979 3037 5031 nisi
3074 4979 3302 5032 domnus
3331 4979 3564 5048 impera-

2004 5072 2087 5117 tor
2113 5066 2185 5118 illi
2214 5067 2508 5136 przecipiat.
2542 5068 2680 5122 Nam
2709 5069 2808 5122 nisi
2841 5068 2942 5122 hoc
2981 5067 3180 5124 factum
3226 5068 3405 5132 fuerit,
3442 5085 3565 5138 per.

2000 5157 2136 5210 dunt
2183 5157 2312 5209 illud
2352 5156 2668 5212 beneﬁcium
2713 5157 2853 5228 quod
2888 5159 3028 5211 ultra
3064 5157 3301 5210 Hrenum
3347 5159 3564 5211 habent.

1998 5246 2122 5300 Ideo
2167 5254 2422 5315 precatur
2454 5245 2744 5300 bonitatem
2795 5254 3027 5300 vestram
3068 5253 3128 5298 ut
3163 5246 3286 5298 inde
3312 5245 3567 5299 domuum

2001 5336 2378 5404 imperatorem
2407 5350 2600 5404 rogare
2627 5335 2943 5405 dignemini,
2991 5342 3052 5388 ut
3094 5333 3316 5389 fratrem
3346 5334 3462 5405 ejus
3490 5337 3570 5390 sic

2004 5426 2180 5480 facere
2201 5425 2422 5492 jnbcat:
2453 5439 2506 5478 et
2537 5426 2649 5493 ipse
2676 5433 2897 5494 paratus
2921 5433 3003 5478 est
3031 5424 3207 5479 facere
3235 5423 3566 5489 ﬁrmitatem,

2075 5570 2098 5598 α
2139 5559 2316 5613 Codex
2341 5558 2624 5627 eti'l‘eulet,
2652 5567 2860 5627 propter
2886 5557 3239 5624 inﬁmitatem
3262 5593 3276 5606 .

2071 5628 2095 5668 δ
2139 5628 2344 5690 Teulct,
2380 5626 2554 5696 Optat.

2076 5709 2100 5738 ⁸
2141 5698 2230 5754 Sic
2258 5695 2453 5763 codex;
2484 5696 2692 5764 Teulet,
2723 5695 3060 5756 Tornacemc.
