3988 6178
404 273 515 329 M9

1699 272 2073 331 EGINIIARDI
2105 271 2397 329 ABBATIS

3549 271 3674 328 59.0

412 386 629 458 qualem
672 388 869 445 domno
907 388 1221 459 imperatori
1255 387 1543 457 placuerit,
1595 388 1739 457 quod
1786 388 1985 442 benefi-
2011 392 2061 448 Α
2086 401 2278 442 noctva
2321 385 2492 440 servis
2537 384 2654 448 Dei,
2686 384 2790 439 nisi
2818 385 2924 453 'pcr
2966 384 3196 453 gratiam
3242 384 3479 439 divinam
3505 386 3674 442 bonis

413 480 559 535 cium
581 495 738 535 suum
763 479 1122 535 communiter
1143 494 1267 535 cum
1309 478 1478 535 fratre
1502 494 1602 533 suo
1642 479 1841 534 habere
1878 495 1985 533 non

413 569 529 623 vult
571 583 784 637 semper
831 580 880 621 ι.
931 567 1070 638 Opto
1105 578 1167 623 ut
1210 583 1425 639 semper
1475 571 1613 625 bene
1661 568 1887 624 valeatis
1932 568 1987 621 in

414 658 657 715 Domino.

924 747 1260 805 EPISTOLA
1295 746 1487 803 XXIX.

912 854 981 893 AD
1036 855 1091 893 Ν.
1149 853 1555 896 ειεειυοτειι..

483 928 710 989 Domino
734 935 923 985 sancto
954 938 1013 984 et
1038 930 1233 985 merito
1256 929 1549 985 venerabili
1578 928 1641 982 N.
1668 930 1864 984 summi
1892 929 1987 984 Dei

412 1013 698 1079 sacerdoti,
732 1015 1068 1082 Eginhardus
1090 1026 1364 1085 peccator.

485 1100 801 1159 Venientem
822 1104 891 1158 ad
916 1120 1017 1161 nos
1038 1105 1366 1171 Eburoncm,
1393 1106 1751 1175 propinquum
1776 1116 1832 1161 et
1858 1106 1990 1162 iide-

412 1191 519 1247 lem
542 1202 779 1247 vestrum
810 1197 1046 1263 gratanti
1075 1197 1257 1250 animo
1284 1198 1647 1267 suscepimus,
1676 1199 1990 1254 existiman-

412 1290 643 1339 teseum
669 1284 868 1339 diutius
895 1286 1035 1355 apud
1062 1302 1162 1341 nos
1190 1302 1309 1343 esse
1341 1302 1680 1343 mansurum.
1722 1288 1829 1343 Sed
1861 1290 1987 1358 quia

410 1372 498 1429 ille
525 1373 594 1427 ad
615 1389 713 1429 vos
737 1375 915 1430 redire
944 1375 1185 1441 festinat,
1222 1377 1491 1432 noluimus
1513 1378 1661 1432 illum
1691 1379 1811 1433 sine
1839 1380 1988 1433 litte-

410 1462 486 1517 ris
528 1463 729 1518 nostris
754 1463 1048 1528 dimittere,
1080 1479 1148 1519 ne
1188 1466 1233 1519 si
1269 1467 1456 1520 vacuis
1488 1467 1737 1522 manibus
1765 1469 1986 1534 rediret,

411 1552 479 1607 ad
502 1567 602 1607 nos
627 1567 735 1607 non
774 1554 988 1610 venisse
1011 1564 1315 1624 putaretur.
1352 1558 1427 1611 De
1462 1558 1550 1612 bis
1576 1566 1754 1612 tamen
1785 1559 1986 1625 causis,

408 1643 553 1699 unde
577 1658 636 1701 se
663 1644 797 1699 certi
842 1645 1041 1715 aliquid
1085 1647 1156 1701 ad
1187 1662 1283 1702 vos
1318 1648 1609 1702 allaturum
1635 1649 1986 1714 existimavit,

2093 477 2335 532 moribus
2354 476 2573 531 subesse
2594 483 2916 528 noscantur:
2937 473 3063 541 quia
3091 473 3315 528 scientia
3339 470 3511 537 inﬂat,
3534 474 3671 528 cita-

2090 566 2226 620 ritas
2270 579 2400 619 vero
2440 564 2693 618 aediﬁcat.
2759 561 2946 615 Melius
2986 561 3116 615 mihi
3165 562 3383 630 quidem
3415 572 3503 617 est
3528 572 3672 617 utte

2088 665 2362 710 mortuum
2408 652 2593 707 videre
2640 653 2936 721 contingat,
2983 666 3144 720 quam
3186 650 3427 705 inﬂatum
3459 660 3515 705 et
3548 667 3671 705 sea-

2089 751 2294 797 tentem
2317 742 2485 797 vitiis.
2510 742 2626 796 Non
2666 741 2808 796 enim
2851 741 3099 794 Salvator
3125 754 3154 792 a
3184 754 3242 793 se
3270 740 3671 795 miraculorum

2089 833 2250 895 facta,
2285 833 2378 886 sed
2413 830 2879 886 mansuetudinem
2901 822 2955 883 et
2986 830 3165 883 cordis
3194 830 3556 884 humilitatem
3582 831 3675 883 di-

2088 936 2243 976 scere
2263 920 2538 990 prmcepit.
2569 919 2707 986 Quid
2734 919 2924 987 plura?
2950 917 3104 987 Saepe
3136 918 3252 972 hmc
3276 927 3333 971 et
3352 918 3457 971 alia
3488 918 3677 989 hujus-

2090 1010 2233 1064 modi
2258 1025 2287 1062 a
2320 1023 2406 1063 me
2433 1008 2648 1062 audisti.
2683 1008 2897 1062 Utinam
2920 1007 3205 1075 aliquando
3234 1006 3516 1076 contingat
3549 1009 3673 1089 istis

2086 1098 2367 1163 delectari,
2383 1097 2579 1166 quibus
2592 1096 2853 1150 munditia
2864 1095 3044 1149 cordis
3057 1095 3430 1163 corporisque,
3451 1110 3549 1163 per
3566 1094 3664 1150 Dei

2089 1189 2370 1254 auxilium,
2399 1188 2725 1255 assequitur.
2756 1185 2875 1239 Misi
2892 1186 3056 1256 igitur
3071 1185 3163 1239 tibi
3185 1185 3348 1237 verba
3373 1194 3429 1237 et
3446 1186 3667 1238 nomina

2089 1279 2319 1334 obscura
2362 1292 2429 1332 cx
2477 1277 2630 1331 libris
2673 1275 2925 1339 Vitruvii,
2960 1289 3080 1342 quae
3110 1276 3176 1329 ad
3196 1288 3438 1342 praesens
3472 1291 3671 1329 occur-

2091 1384 2214 1425 rere
2258 1377 2530 1438 poterant,
2572 1375 2632 1423 ut
2665 1382 2852 1422 eorum
2885 1367 3132 1421 notitiam
3160 1366 3356 1420 ibidem
3380 1369 3670 1435 perquire-

2092 1474 2200 1513 res.
2241 1459 2308 1513 Et
2344 1459 2506 1512 credo
2552 1457 2696 1526 quod
2737 1470 2924 1510 eorum
2973 1454 3204 1515 maxima
3241 1470 3375 1523 pars
3423 1457 3518 1508 tibi
3564 1458 3665 1509 tie-

2091 1548 2380 1603 monstrari
2431 1547 2603 1615 possit
2649 1546 2703 1599 in
2747 1543 3002 1613 capsella,
3031 1560 3193 1613 quam
3223 1545 3455 1598 domnus
3481 1545 3540 1597 Ε.
3569 1561 3669 1600 co-

2090 1640 2290 1694 lumnis
2317 1640 2591 1703 eburneis,
2622 1637 2690 1692 ad
2716 1637 2892 1692 instar
2911 1637 3255 1705 antiquorum
3292 1652 3537 1706 operum,
3583 1638 3665 1692 fa-

409 1734 545 1789 nihil
583 1735 737 1789 vobis
763 1736 898 1791 certi
926 1736 1253 1807 signiﬁcare,
1296 1747 1393 1792 aut
1429 1753 1526 1808 per
1554 1738 1703 1793 illum
1746 1738 1987 1794 indicare
2015 1727 2062 1786 Β
2089 1733 2338 1788 bricavit.
2384 1732 2452 1786 Et
2496 1738 2717 1800 propter
2756 1729 2887 1784 illud
2928 1731 3073 1798 quod
3115 1729 3391 1784 Vitruvius
3420 1731 3669 1784 nominat

406 1837 648 1891 possum,
700 1825 827 1894 quia
870 1826 1099 1881 mutatio
1139 1842 1342 1890 rerum,
1391 1843 1513 1897 quae
1554 1843 1726 1898 nuper
1776 1828 1830 1882 in
1884 1829 1989 1884 hoc
2089 1820 2536 1890 scenographiam
2564 1860 2598 1884 ,.
2642 1820 2917 1888 interroga
2972 1817 3104 1887 quid
3160 1817 3232 1871 sit
3284 1819 3425 1886 quod
3481 1818 3663 1886 Virgi-

413 1928 580 1981 regno
606 1912 744 1968 facta
771 1922 875 1980 est,
915 1915 970 1968 in
996 1924 1201 1969 tantum
1233 1932 1329 1970 nes
1355 1918 1714 1983 conturbavit,
1750 1928 1812 1973 ut
1831 1920 1989 1988 peni-
2090 1910 2194 1964 lius
2237 1910 2291 1964 in
2322 1909 2387 1963 ω
2435 1909 2825 1979 θεονείοοηιῐη
2875 1907 3014 1962 libro
3052 1922 3268 1962 scenam
3303 1917 3480 1961 V001“-
3522 1907 3668 1962 me“

411 2014 499 2059 tus
525 2006 835 2075 ignoremus
865 2006 993 2075 quid
1026 2022 1187 2079 agere
1217 2008 1526 2073 debeamus,
1556 2010 1657 2063 nisi
1688 2017 1765 2075 ut,
1793 2025 1988 2065 secun—

411 2096 538 2148 dum
590 2095 752 2149 verba
798 2094 1076 2164 Josaphat,
1121 2096 1306 2155 oculos
1346 2106 1560 2153 nostros
1597 2100 1663 2153 ad
1703 2099 1988 2155 Dominum

413 2185 742 2254 dirigamus;
770 2194 845 2251 et,
864 2183 1022 2254 juxta
1051 2188 1215 2241 verba
1245 2186 1514 2253 Philonis,
1557 2189 1876 2257 impleretur
1902 2188 1988 2242 di-

412 2279 627 2342 vinum,
673 2278 888 2346 quando
937 2279 1231 2335 humanum
1265 2289 1442 2335 cessat
1484 2281 1764 2335 auxilium.
1807 2280 1989 2352 Ipsum

412 2376 591 2422 autem
641 2367 864 2421 latorem
928 2370 1276 2437 prmsentium
1335 2369 1679 2433 Eburonem,
1742 2365 1993 2440 quamvis

414 2458 567 2514 nobis
594 2458 621 2498 δ
658 2458 991 2528 propinquus
1027 2460 1119 2524 sit,
1164 2458 1562 2527 charissimam,
1608 2468 1803 2516 vestra:
1854 2460 1993 2515 dile-

413 2548 577 2603 ctioni
628 2559 650 2585 π
697 2548 1524 2609 commendamus.,Conﬁdimus
1570 2552 1716 2607 enim
1762 2552 1816 2606 in
1862 2551 1989 2619 Deo,

410 2637 538 2693 licet
564 2654 707 2697 nunc
747 2638 863 2695 fieri
907 2655 1013 2694 non
1041 2649 1248 2711 posset,
1276 2641 1422 2711 quod
1464 2657 1587 2700 eum
1631 2643 1851 2709 iterum,
1882 2642 1996 2714 opi-

411 2728 616 2791 tulante
650 2727 831 2783 divina
872 2729 1174 2793 clementia,
1206 2729 1383 2784 laetum
1411 2739 1468 2786 et
1502 2731 1765 2798 hilarem,
1793 2747 1993 2803 oppor-

416 2827 545 2873 tuno
572 2825 814 2888 tempore
833 2859 848 2883 ,
888 2819 956 2873 ad
984 2834 1079 2875 vos
1104 2821 1381 2877 remittere
1418 2820 1697 2877 debemus.
1726 2820 1993 2892 Optamus

413 2923 473 2968 ut
518 2912 865 2968 sanctitatem
900 2920 1136 2967 vestram
1159 2952 1176 2975 ,
1216 2911 1354 2967 bene
1403 2912 1670 2969 valentem
1710 2922 1767 2969 et
1817 2914 1993 2970 nostri

415 3017 747 3067 memorem,
797 3001 978 3057 divina
1042 3001 1218 3072 gratia
1270 3017 1489 3075 semper
1537 3012 1595 3060 et
1638 3005 1839 3075 ubique
1888 3022 1990 3062 eu-

413 3090 633 3149 stndiat.

933 3205 1265 3263 EPISTOLA
1301 3205 1447 3261 XXX
1458 3245 1471 3260 .

812 3333 879 3371 AD
927 3332 1183 3372 VUSSINUII
1221 3332 1407 3372 ῖιιιωι
1444 3331 1603 3371 SUUII.

489 3423 822 3483 Charissimo
858 3424 966 3481 filio
997 3424 1025 3465 ἀ
1056 3426 1288 3481 Vussino
1319 3425 1375 3479 in
1407 3426 1917 3492 Dominopsalutem.

492 3516 699 3570 Vereor
723 3531 975 3587 namque,
1000 3514 1094 3579 fili,
1128 3524 1183 3569 et
1202 3514 1359 3570 valde
1386 3523 1567 3569 metuo
1596 3516 1762 3583 quod,
1800 3515 1991 3571 relicto

416 3607 570 3673 ovili,
603 3623 702 3666 nec
726 3607 802 3663 tui
832 3622 931 3661 nec
956 3607 1061 3660 mei
1097 3621 1304 3660 memor
1336 3620 1458 3661 esse
1492 3607 1690 3661 debeas
1716 3623 1729 3659 :
1755 3606 1879 3685 quia
1899 3608 1989 3676 ju-

421 3708 612 3754 ventus
664 3701 986 3762 immatura,
1034 3698 1136 3752 nisi
1184 3696 1350 3752 frenis
1385 3697 1684 3768 disciplinae
1734 3699 1991 3764 coercita,

424 3790 565 3843 haud
610 3790 765 3846 facile
807 3806 902 3861 per
939 3782 1162 3859 justitiae
1196 3784 1395 3843 incedit
1430 3789 1568 3843 vias.
1607 3789 1988 3857 Quamobrem,

426 3879 496 3932 mi
531 3887 675 3942 nate,
709 3880 863 3934 stude
904 3879 1105 3949 probos
1146 3876 1388 3932 aemulari
1420 3892 1623 3943 mores,
1661 3885 1719 3932 et
1745 3893 1906 3947 quem
1942 3886 1994 3934 te

422 3985 636 4041 semper
666 3971 817 4041 sequi
849 3971 1123 4033 hortabar,
1173 3984 1243 4025 ne
1280 3969 1388 4025 ullo
1417 3977 1579 4040 pacto
1607 3970 1871 4027 offensum
1900 3972 1995 4025 ha-

423 4061 553 4115 bere
607 4060 778 4114 velis:
826 4060 920 4115 sed
962 4060 1316 4128 professionis
1345 4070 1369 4098 ε
1395 4066 1499 4115 tua:
1543 4074 1773 4125 memor,
1819 4076 1995 4129 quan—

424 4161 538 4206 tum
584 4153 701 4219 ipse
742 4152 1013 4216 annuerit,
1060 4152 1149 4205 cui
1192 4163 1244 4206 te
1292 4160 1464 4208 totum
1499 4152 1840 4216 commisisti,
1875 4152 1995 4222 ejus

425 4239 692 4294 mandatis
724 4239 912 4294 insiste
936 4240 1224 4295 discendis.
1265 4241 1360 4297 His
1387 4243 1632 4309 edoctus,
1667 4243 1801 4297 etin
1830 4258 1994 4311 opere

423 4343 611 4383 eorum
651 4336 917 4393 assuetus,
949 4329 1097 4384 nullo
1123 4330 1301 4386 vitalis
1325 4333 1567 4387 scientia:
1597 4334 1880 4389 commodo
1902 4349 1993 4388 ca-

2089 2017 2236 2059 enim
2266 2019 2279 2053 ἔ

2218 2088 2239 2129 ί
2267 2088 2338 2139 Ad
2356 2088 2560 2139 delubra
2584 2088 2735 2149 juvat,
2764 2100 3016 2150 caesosque
3037 2087 3207 2138 videre
3221 2089 3370 2147 juren
3386 2101 3474 2146 ‘os,

2214 2149 2305 2213 Yel
2327 2163 2473 2200 scena
2492 2160 2545 2199 ut
2571 2148 2728 2200 versis
2740 2148 2961 2213 discedat
2985 2148 3228 2213 frontibus
3243 2187 3257 2211 ,
3274 2162 3436 2213 utque

2213 2212 2470 2274 Purpurea
2488 2213 2663 2262 intexti
2685 2210 2857 2261 tollant
2881 2212 3037 2259 sules
3062 2210 3302 2260 Britanni.

2091 2293 2247 2350 me'
2584 2361 2917 2418 EPISTOLA
2973 2360 3164 2417 xxxr.

2624 2468 2695 2507 AD
2729 2467 2784 2507 κ.
2821 2465 3128 2508 ενιεεοιιωι.

2164 2541 2392 2597 Domino
2435 2550 2625 2597 sancto
2652 2548 2708 2595 et
2730 2542 2924 2596 merito
2949 2540 3244 2595 venerabili
3279 2539 3345 2595 N.
3378 2542 3661 2611 episcopo,

2093 2632 2434 2704 Eginhardus
2457 2631 2843 2701 sempiternam
2865 2631 2920 2687 in
2948 2630 3176 2689 Domino
3197 2632 3443 2687 salutem.

2163 2722 2420 2790 Quamvis
2441 2738 2527 2778 me
2559 2722 2787 2778 multum
2810 2723 3095 2778 contristet
3113 2723 3255 2793 quod
3285 2732 3359 2789 te,
3389 2725 3659 2779 amantis-

2092 2813 2230 2871 sime
2294 2812 2539 2877 domine,
2591 2827 2692 2883 per
2717 2852 2730 2865 .
2758 2852 2771 2864 .
2800 2852 2812 2865 .
2842 2851 2855 2865 .
2884 2850 2898 2864 .
2937 2814 2987 2879 ε,
3023 2812 3079 2865 in
3126 2812 3230 2867 hoc
3278 2812 3666 2869 molestissimo

2093 2904 2339 2975 corporis
2388 2905 2558 2959 vestri
2599 2904 2785 2960 labore
2822 2904 3056 2974 positum
3090 2905 3282 2969 audio;
3322 2912 3504 2959 tamen
3552 2921 3662 2963 non

2094 2995 2377 3051 minimam
2422 2994 2579 3064 capio
2603 2995 3048 3060 consolationem,
3081 2994 3224 3064 quod
3250 2996 3393 3050 hunc
3420 2995 3665 3052 laborem

2018 3065 2063 3126 (ἶ
2097 3085 2197 3141 tibi
2226 3084 2511 3155 proficere,
2556 3091 2611 3139 et
2651 3085 2719 3140 ad
2764 3083 3136 3153 purgationem
3167 3085 3361 3139 anima:
3390 3086 3665 3155 pertinere

2093 3190 2203 3232 non
2228 3176 2441 3248 ignoro.
2472 3174 2646 3230 Credo
2669 3173 2813 3229 enim
2840 3174 2982 3244 quod
3013 3174 3132 3230 ideo
3160 3182 3213 3229 te
3238 3175 3421 3229 divina
3451 3177 3667 3231 miseri-

2093 3268 2276 3324 cordia
2323 3266 2530 3322 tamdiu
2576 3266 2632 3320 in
2673 3264 2778 3321 hoc
2827 3267 3015 3321 morbo
3064 3266 3332 3336 corporali
3389 3270 3661 3322 macerari

2091 3363 2388 3433 permittat,
2435 3361 2579 3431 quod
2623 3369 2697 3426 te,
2732 3360 2836 3415 hoc
2861 3376 3085 3432 corpore
3115 3360 3452 3431 migrantem,
3483 3377 3665 3417 emen-

2094 3453 2278 3507 datum
2300 3451 2544 3521 recipiat.
2573 3451 2649 3505 De
2671 3450 3007 3505 orationibus
3026 3466 3155 3506 vero
3177 3466 3277 3521 pro
3299 3459 3351 3505 te
3377 3450 3661 3513 faciendis,

2094 3551 2301 3598 certam
2347 3543 2486 3597 facio
2531 3542 2851 3598 charitatem
2894 3551 3042 3596 tuam
3084 3543 3247 3611 quod,
3296 3543 3349 3597 in
3399 3552 3663 3613 quantum

2093 3635 2225 3690 mihi
2266 3635 2409 3690 Deus
2443 3635 2585 3689 vires
2612 3642 2671 3688 et
2690 3633 3098 3703 possibilitatem
3140 3635 3435 3688 concedere
3477 3633 3663 3703 digna-

2093 3734 2179 3780 tus
2206 3725 2371 3781 fuerit
2397 3740 2496 3795 per
2520 3740 2638 3790 eos,
2670 3739 2807 3793 quos
2847 3723 3118 3777 auditione
3158 3724 3347 3792 dignos
3389 3724 3663 3777 aestimare

2091 3832 2331 3887 possum,
2375 3824 2589 3877 certare
2623 3814 2844 3881 curabo,
2887 3814 3335 3884 quemadmodum
3364 3821 3419 3868 et
3457 3822 3509 3868 te
3536 3828 3663 3884 erga

2091 3927 2267 3967 meam
2310 3911 2810 3981 pusillanimitatem
2860 3909 3106 3964 fiduciam
3144 3908 3343 3963 habere
3375 3923 3657 3978 cognosco.

2093 4003 2170 4058 De
2211 4000 2576 4071 recuperanda
2626 4000 2869 4071 corporis
2917 4000 3087 4055 salute
3128 4000 3252 4055 licet
3284 4015 3561 4069 nunquam
3590 4000 3665 4053 sit

2093 4091 2514 4160 desperandum,
2540 4091 2665 4159 quia
2693 4097 2887 4160 potens
2914 4099 2998 4143 est
3026 4090 3171 4143 Deus
3197 4088 3266 4141 de
3286 4097 3539 4143 creatura
3566 4103 3660 4141 sua

2093 4179 2277 4236 facere
2302 4180 2565 4249 quidquid
2600 4179 2849 4243 voluerit,
2888 4189 3069 4234 tamen
3105 4178 3297 4234 melius
3332 4185 3419 4233 est
3448 4177 3660 4232 unicui-

2094 4285 2201 4337 que
2226 4277 2473 4323 nostrum
2504 4269 2573 4323 ad
2599 4276 2749 4323 certa
2775 4282 2833 4322 se
2858 4283 3185 4338 prieparare,
3215 4283 3399 4337 quam,
3435 4275 3661 4336 propter

2095 4356 2325 4422 incerta,
2350 4358 2492 4427 quod
2528 4358 2891 4413 necessarium
2941 4364 3045 4421 est,
3094 4357 3238 4412 velut
3283 4357 3504 4411 meliora
3544 4370 3665 4424 spe-

425 4419 586 4473 rebis.
617 4419 769 4473 Sicut
797 4421 1430 4517 te-prmsens‘monui,-in
1464 4423 1643 4517 studio
1672 4422 1911 4517 discendi
1940 4434 1992 4479 te
2014 4416 2068 4474 D
2096 4446 2264 4500 ωηάο
2295 4416 2347 4509 ιζ,
2366 4416 2646 4517 lnguae",
2711 4447 2851 4516 οριο
2877 4454 2938 4500 ιιι
2964 4416 3179 4515 δείπνει.
3215 4446 3353 4501 bene
3394 4416 3589 4501 vate“-
3609 4445 3663 4499 ίη

423 4523 636 4575 exerce,
664 4520 720 4565 et
743 4510 1000 4582 quidquid
1034 4526 1096 4566 ex
1127 4510 1243 4582 ipso
1268 4510 1599 4569 lucidissime
1628 4524 1682 4568 et
1710 4514 1988 4568 abundan—

426 4602 633 4658 tissimo
658 4602 838 4673 magni
862 4602 1095 4658 oratoris
1121 4603 1336 4674 ingenio
1356 4604 1571 4673 assequi
1602 4604 1796 4658 nobilis
1816 4604 1992 4658 scien-

424 4697 511 4748 tizc
534 4694 796 4763 potueris,
841 4693 974 4749 nihil
1015 4694 1276 4749 intactum
1299 4695 1585 4761 relinque:
1621 4694 1856 4747 maxime
1889 4708 1987 4747 au-

425 4793 534 4838 tem
558 4785 756 4853 probos
777 4798 954 4838 mores
980 4782 1147 4846 illius,
1172 4783 1368 4850 quibus
1392 4780 1630 4845 excellit,
1655 4781 1856 4836 imitari
1880 4797 1989 4839 me-

425 4882 641 4937 mento;
670 4871 926 4940 quoniam
967 4870 1316 4941 grammatica
1350 4876 1407 4924 et
1444 4870 1732 4934 rhetorica,
1768 4879 1992 4929 caetera-

424 4978 531 5032 que
564 4960 866 5017 liberalium
907 4960 1105 5015 artium
1140 4959 1345 5023 studia,
1392 4974 1531 5015 vana
1579 4969 1724 5027 sunt,
1758 4970 1815 5018 et
1840 4962 1995 5018 valde

496 5103 522 5131 ει
564 5088 752 5145 Teulet
773 5088 961 5144 habere
986 5088 1093 5142 vult
1112 5104 1344 5159 semper;
1501 5091 1759 5162 expungit
1808 5107 1994 5148 vocem
2024 5152 2033 5161 ,

428 5176 769 5295 “0:.Teulet,
798 5226 958 5282 vobis.

501 5308 523 5333 "-
550 5297 715 5363 Idem,
739 5295 983 5351 electioni

497 5389 526 5428 τι
558 5390 847 5446 Vussinum
891 5390 1234 5463 Eginhardus
1257 5405 1325 5446 ex
1355 5390 1520 5446 Imma
1554 5394 1781 5466 conjuge
1814 5409 1998 5452 susce-

434 5467 606 5527 perat.

511 5548 641 5623 °_Ex
665 5550 761 5623 his
778 5551 958 5623 verbis
983 5551 1189 5623 colligit
1214 5550 1549 5623 Mabiilonius
1569 5551 1856 5623 Yussinum
1885 5568 1999 5606 mo-

436 5617 667 5671 nachum
689 5617 871 5684 fuisse,
901 5620 1037 5676 forte
1070 5617 1137 5676 in'
1152 5622 1478 5676 monasterio
1503 5620 1995 5692 Selingestadiensi,

2092 4538 2343 4593 Domino.

2586 4605 2915 4661 EPISTOLA
2956 4606 3169 4662 XXXII.

2718 4712 2786 4752 AD
2821 4714 3042 4753 AHICUI.

2160 4786 2491 4843 Charissimo
2536 4801 2656 4842 meo
2714 4788 3057 4858 Eginhardus
3107 4794 3392 4858 peccator,
3434 4788 3553 4857 jam
3608 4788 3663 4840 in

2095 4887 2337 4934 extremo
2392 4878 2599 4949 positus
2623 4919 2638 4944 ,
2684 4887 2811 4934 tuus
2867 4887 3046 4934 tamen
3104 4887 3445 4948 tuorumque,
3493 4878 3665 4933 donec

2098 4979 2342 5037 superest
2365 4966 2544 5032 ﬂatus,
2571 4966 2681 5023 Deo
2709 4975 2871 5033 teste,
2902 4967 3094 5022 fidelis.

2099 5111 2164 5152 ex
2190 5112 2318 5166 quo,
2340 5097 2526 5174 relicto
2548 5096 2701 5174 ovili,
2714 5096 2939 5174 Fuldam
2957 5096 3249 5151 accesserit
3266 5094 3664 5174 ad_Ralanu_m;

2100 5165 2703 5247 magnumjlium‘haud
2736 5165 2897 5220 dubie
2925 5175 3217 5247 oratorem,
3265 5165 3426 5234 cujus
3470 5165 3669 5234 punitos

2101 5234 2282 5290 mores
2302 5234 2412 5288 ﬁlio
2435 5235 2721 5289 imitandos
2746 5235 3019 5305 proponit.

2178 5303 2199 5343 ί
2228 5301 2393 5357 Addit
2418 5303 2605 5357 Teulet
2633 5317 2847 5358 versum
2872 5310 3182 5372 sequentem
3213 5322 3225 5356 :

2126 5420 2129 5425 -
2230 5437 2241 5448 .
2272 5435 2285 5449 .
2308 5433 2322 5448 .
2353 5434 2369 5449 .
2392 5400 2499 5448 Jsm
2522 5411 2652 5449 nunc
2674 5400 2921 5450 solemnes
2944 5400 3131 5450 ducere
3162 5412 3377 5463 pompas.

2180 5486 2207 5525 8
2247 5483 2486 5557 δυρριεειΔ
2516 5482 2718 5537 litteras
2765 5483 2826 5536 D.
2872 5482 3082 5557 'I‘eulet,
3132 5482 3358 5554 ejusque
3408 5493 3676 5557 punctua-

2107 5555 2308 5609 tionem
2337 5552 2617 5620 sequimur
2635 5562 2695 5605 ut
2725 5552 2909 5608 sensui
2937 5553 3219 5622 aptiorem.

2176 5625 2202 5664 ιι
2234 5622 2438 5687 Teulet,
2465 5623 2741 5681 speranda.
