1988 3085
128 137 170 166 521

842 136 1032 165 EI‘IS'I‘OLIE.

1692 136 1746 168 δι’

155 191 330 223 Commendo,
355 190 530 220 dilectissime
552 192 600 225 mi,
623 197 676 220 tum
699 193 825 224 charitati
848 192 906 219 ani-
919 195 943 224 Α
957 199 1052 227 gruam
1068 191 1147 218 Iactis
1163 191 1260 219 vestris
1279 191 1432 220 mercedem
1445 191 1595 220 retribuere
1609 190 1744 227 dignetur.

126 245 200 269 mam,
213 244 227 264 e
244 243 356 274 corpore
371 236 479 264 subdito
491 237 611 272 peccatis
623 245 761 274 egressam
771 258 779 270 ,
798 243 828 265 ut
844 244 904 264 eam

125 284 150 311 in
159 289 201 310 tuo
217 287 375 317 tuorumque
389 282 509 310 fidelium
523 283 661 311 consortio
680 283 799 311 adscribi
812 283 904 318 digne-

124 331 159 359 ris
176 338 181 356 :
196 333 342 364 quatenus,
358 333 514 357 sanctarum
536 329 633 357 studiis
653 330 824 362 orationum,
846 329 904 364 pio—

125 382 227 409 rumque
241 374 369 409 precibus
391 374 519 408 fratrum,
544 375 643 403 misera
659 375 786 410 adjuvata
801 375 903 409 anima,

125 420 203 447 locum
225 420 352 453 quiddam
371 426 383 439 δ
407 420 541 455 refrigerii
557 421 680 456 accipere
695 425 840 447 mereatur.
856 421 903 448 IIis

124 467 218 499 itaque.
234 469 344 499 propter
361 466 471 492 nimiam
488 474 664 501 magnamque
679 468 831 502 angustiam
843 476 903 495 car-

123 511 160 538 nis
174 510 213 537 vel
226 511 346 545 spiritus,
365 511 483 537 breviter
496 511 659 546 prielibatis,
673 512 819 546 deprecor,
836 512 903 540 dile-

122 555 231 583 ctissime
247 555 304 586 mi,
328 559 357 581 ut
370 562 519 587 summam,
537 564 585 590 pro
608 564 699 583 amore
718 556 764 583 Dei
784 565 816 584 ac
837 564 903 584 mete

122 600 222 627 vilitatis
243 600 373 632 amicitia,
395 600 587 633 ecclesiarum,
611 610 677 628 mete
691 602 816 636 parvitati
830 610 903 629 coni-

122 646 272 679 missarum,
296 647 424 673 adhibeas
439 654 547 679 curam,
563 655 595 673 ne
619 652 680 682 post
697 648 798 674 obitum
813 656 902 675 meum

121 692 168 727 lupi
186 693 272 719 locum
289 692 443 719 sanctitatis
461 692 589 719 invadant
604 701 726 726 rapaces,
740 701 903 727 gregemque

120 738 289 765 humillimum
307 739 461 774 dispergant
478 746 484 765 :
502 739 548 766 sed
570 740 657 773 potius
670 740 709 766 eis
732 739 792 766 talis
807 747 903 767 conce—

119 784 191 810 datur
206 789 312 815 rector,
334 785 378 818 qui
401 785 484 811 Deum
501 793 592 812 amare
613 786 717 812 noverit
736 786 776 813 vel
796 786 901 818 timere,

119 834 142 857 et
161 830 208 862 his,
229 830 274 864 qui
294 830 392 857 subditi
413 835 486 863 sunt,
511 831 724 858 misericorditer
746 832 899 858 subvenire.

956 236 1142 265 Promittimus
1160 238 1242 265 etiam
1263 238 1335 273 quod
1351 241 1378 265 et
1391 241 1510 265 nostram
1531 238 1692 273 parvitatem
1711 237 1746 265 ad

954 282 1119 310 voluntatem
1134 287 1251 310 vestram
1266 283 1416 310 faciendam
1436 287 1558 320 paratam
1580 282 1684 314 habere
1701 282 1748 311 de-

954 328 1051 356 beatis.
1070 328 1142 355 Bene
1152 328 1250 356 valete.

1203 373 1366 401 EPISTOLA
1385 372 1504 401 XXXIV.

1098 428 1131 447 ΔΙ)
1147 427 1302 447 ιοτιιιηιιυιι
1320 427 1422 447 IMPERII
1436 427 1602 450 CONSOR'I‘EI.
1754 438 1759 445 .

990 464 1068 493 Vivat
1085 465 1216 493 Dominus
1230 472 1318 503 meus,
1330 465 1468 503 piissimus
1481 466 1630 501 Augustus,
1645 465 1674 493 in
1685 472 1748 500 ρει·-
1767 471 1769 475 ·

952 514 1074 544 petuum.

989 555 1122 588 Quantam
1138 563 1231 583 curam
1242 559 1269 583 et
1290 555 1496 583 sollicitudinem
1508 562 1574 591 erga
1586 555 1748 593 magnitudi-

953 608 1015 627 nem
1029 604 1147 627 vestram
1169 607 1229 628 mea
1251 600 1385 635 pusillitas
1398 603 1483 639 gerat,
1495 607 1550 628 non
1566 599 1645 628 facile
1657 600 1749 628 verbis

953 646 1092 681 explicare
1101 645 1187 674 valeo.
1204 645 1337 680 Quoniam
1350 654 1426 681 teque
1440 654 1489 675 vos
1501 652 1583 682 atque
1593 647 1748 682 piissimum

953 694 1091 721 dominum
1108 701 1208 726 meum,
1222 698 1328 729 patrem
1341 701 1471 726 vestrum,
1491 702 1599 729 semper
1614 694 1707 728 dilexi,
1719 698 1749 723 et

952 739 1094 773 :equaliter
1106 739 1200 766 ambos
1222 738 1310 766 salvos
1326 746 1386 766 esse
1401 739 1484 771 volui,
1502 743 1644 775 postquam
1657 748 1704 768 vos
1718 740 1746 767 in

953 784 1110 811 societatem
1129 783 1246 812 nominis
1258 789 1286 812 et
1301 785 1388 820 regni,
1404 792 1539 812 consensu
1561 785 1644 813 totius
1657 785 1747 821 populi

955 830 1005 861 sui,
1021 830 1178 864 assumpsit,
1202 837 1322 864 meaeque
1335 830 1463 864 parvitati
1478 830 1607 865 praecepit
1618 834 1648 857 ut
1664 831 1748 858 vestri

119 873 221 901 Fratres
236 882 299 901 vero
315 875 399 901 nOstri
415 875 507 909 tuique
522 875 668 902 ﬁdelissimi
684 883 717 902 ex
737 876 902 902 monasterio
918 874 939 903 B
955 882 1047 901 curam
1072 882 1205 910 gererem,
1221 882 1252 902 ac
1270 883 1318 902 vos
1340 876 1373 902 de
1389 874 1510 902 moribus
1525 875 1705 910 corrigendis.
1720 880 1748 902 ct

119 918 146 945 N.
168 918 249 946 frater
266 920 375 954 quidam
388 920 401 939 ιι
416 920 487 947 inter
502 928 564 952 cos,
587 921 738 956 proximum
754 921 834 953 mihi,
851 922 902 948 sibi

118 970 226 997 prmesse
250 969 422 999 optaverunt,
447 965 573 999 juvenem
605 966 713 1000 quidem
742 971 831 998 (etate,
856 967 903 993 sed

118 1011 246 1042 moribus,
273 1017 301 1038 ut
323 1017 404 1046 puto,
427 1021 537 1043 senem;
562 1013 639 1047 cujus
662 1014 817 1048 progeniem
835 1014 904 1041 bene

119 1057 194 1088 nosti,
211 1063 221 1076 ο
241 1058 311 1085 illius
334 1057 365 1084 N.
391 1058 476 1085 frater
502 1058 533 1084 Ν.
554 1064 581 1085 ct
602 1059 746 1086 multorum
773 1059 903 1086 nobilium

116 1103 260 1135 proximus.
276 1103 360 1136 Quem
382 1103 582 1130 Wormatiamd
598 1105 756 1131 dircxerunt
766 1110 803 1136 et,
816 1106 904 1132 adhuc

115 1147 215 1174 vivente
229 1156 281 1180 me,
301 1149 363 1174 dum
381 1148 411 1174 N.
430 1157 472 1175 me
493 1149 603 1175 visitare
619 1149 744 1183 dignatus
763 1154 814 1180 est,
835 1157 904 1184 prac-

113 1196 214 1219 sentcm
237 1194 504 1220 commendavcrunt.
525 1193 575 1226 Qui
597 1194 672 1220 valde
687 1199 714 1221 et
733 1202 794 1221 cum
814 1195 906 1221 multis

111 1235 239 1270 lacrymis
250 1257 257 1267 ,
274 1237 339 1263 mihi
354 1237 394 1263 vel
412 1237 571 1271 propinquis
588 1238 665 1269 meis,
680 1238 803 1265 adstante
814 1238 846 1264 N.
860 1247 906 1265 co-

110 1282 192 1313 mite,
219 1282 401 1315 promisit.....
421 1288 432 1300 ε
449 1281 480 1309 Ν.
502 1283 629 1317 precibus
644 1284 797 1318 compulsus
812 1285 907 1311 annuit

109 1327 191 1361 quod,
217 1327 239 1353 si
258 1328 327 1362 apud
352 1328 435 1354 Deum
460 1327 560 1354 factum
580 1328 625 1360 sit,
653 1329 738 1362 ipsum
764 1329 823 1356 loco
846 1336 906 1356 meo

108 1375 259 1406 optassent.
282 1372 357 1399 Unde
372 1376 522 1403 memento,
546 1372 710 1405 dulcissime,
728 1378 756 1400 ut
776 1374 828 1401 hoc
850 1381 904 1400 non

112 1417 268 1450 differatur,
293 1419 340 1445 sed
361 1423 392 1445 ut
416 1418 461 1444 fiat
480 1419 598 1446 maxime
626 1420 723 1447 adhibe
751 1425 901 1447 certamen.

112 1463 185 1491 Mitto
207 1464 318 1497 pallium
333 1472 427 1496 unum,
453 1472 531 1499 quem
552 1464 561 1483 ί
586 1473 650 1500 rogo
673 1466 802 1493 fratribus
823 1467 856 1494 ad
873 1466 902 1494 S.

113 1508 265 1535 Servatium
282 1509 341 1536 dari
360 1509 468 1543 jubeas,
489 1514 519 1536 ut
538 1511 589 1536 mei
610 1511 773 1538 mentionem
790 1512 900 1539 faciant.

114 1552 174 1580 Tua:
196 1553 326 1580 charitati
347 1554 449 1581 mulum
472 1563 561 1581 meum
580 1555 637 1582 dari
659 1556 785 1591 praecepi.
807 1556 901 1590 Imma,

113 1605 186 1625 soror
196 1600 383 1631 dilectissima.
398 1601 439 1628 his
455 1605 513 1628 esto
526 1600 654 1635 adjutrix,
671 1602 772 1636 tibique
783 1603 902 1630 animam

113 1644 285 1671 commendo!
301 1644 359 1671 Jam
372 1646 450 1679 plura
463 1645 534 1680 loqui
551 1647 674 1681 angustia
690 1655 741 1674 non
758 1648 900 1682 permittit,

113 1692 225 1715 attamen
238 1690 358 1717 animam
374 1698 461 1718 meam
474 1692 572 1719 iterum
585 1692 710 1727 precibus
717 1693 815 1720 vestris
827 1701 902 1721 com—

114 1734 217 1762 tut-ndo.

355 1781 523 1811 EPISTOLA
538 1783 657 1811 XXXIII.

145 1833 176 1852 AD
190 1834 216 1853 Ν.
237 1834 362 1855 εοιίιτεκ
375 1835 410 1855 ET
425 1836 452 1856 Νι
467 1836 588 1861 ιυοιοειι,
606 1837 698 1858 IISSOS
713 1837 865 1859 DOIINICOS-

143 1870 250 1900 Dilectis
267 1873 296 1900 in
318 1873 427 1902 Christo
448 1874 577 1904 fratribus
591 1880 619 1904 et
629 1876 736 1910 amicis,
750 1876 783 1904 Ν.
797 1878 900 1911 comiti,

112 1913 142 1942 N.
165 1915 250 1951 judici
265 1938 275 1951 ,
306 1918 431 1954 gloriosis
459 1920 551 1948 missis
582 1921 674 1949 domui
705 1922 899 1957 imperatoris,

113 1960 283 1996 Eginhardus
297 1965 324 1991 in
336 1964 450 1992 Domino
462 1966 585 1993 salutem.

145 2006 276 2037 Homines
298 2009 384 2037 nostri
395 2030 402 2043 ,
418 2010 463 2045 qui
478 2010 512 2038 de
532 2010 592 2038 istis
611 2009 733 2045 partibus
746 2011 779 2038 ad
792 2019 843 2040 nos
858 2019 903 2039 vc—

113 2051 195 2085 niuut,
210 2054 304 2082 solent
318 2055 396 2082 nobis
413 2063 525 2083 narrare
539 2056 572 2083 de
589 2056 660 2084 bona
681 2056 817 2084 voluntate
830 2061 857 2085 et
870 2057 903 2084 de

113 2095 278 2132 benignitate
302 2104 392 2126 vestra
409 2107 472 2135 erga
497 2107 566 2132 nos,
585 2100 613 2127 in
628 2108 661 2128 eo
685 2101 757 2135 quod
780 2101 903 2129 hom’nes

112 2148 212 2171 nosrros
225 2144 362 2176 servatis,
378 2150 406 2172 et
420 2146 459 2172 eis
472 2145 584 2181 parcitis
604 2146 632 2174 in
646 2147 827 2183 qualicunque
842 2147 901 2175 loco

112 2185 160 2214 illis
184 2196 300 2223 parcere
321 2190 443 2225 potestis,
466 2195 520 2218 tam
544 2191 571 2218 in
594 2192 752 2220 heribannis
774 2200 856 2228 quam
873 2194 899 2221 in

112 2231 167 2259 aliis
191 2236 284 2263 causis
306 2236 340 2263 ad
362 2240 483 2264 vestrum
504 2237 670 2266 missaticum
692 2239 900 2274 pertinentibus.

113 2276 183 2306 Unde
195 2280 275 2309 vobis
284 2301 292 2313 ,
312 2285 343 2308 ut
357 2281 467 2317 dignum
479 2287 532 2315 est,
546 2290 659 2319 magnas
672 2285 778 2321 agimus
790 2286 901 2320 gratias,

114 2322 245 2360 Dumque
264 2334 397 2363 rogamus
411 2331 439 2355 et
451 2333 561 2357 sanctos
574 2328 633 2363 ejus
646 2334 676 2357 ut
693 2330 771 2358 vobis
789 2338 842 2358 non
859 2339 903 2360 so-

112 2367 163 2398 lum
173 2371 226 2406 hic,
244 2373 275 2401 in
288 2374 414 2409 praesenti
429 2373 495 2406 vita,
517 2373 564 2402 sed
578 2374 659 2403 etiam
675 2374 701 2403 in
722 2374 824 2408 futura,
838 2384 903 2404 con-

145 2451 158 2467 ⁶
170 2446 215 2476 Sic
228 2449 315 2477 habet
327 2449 427 2482 codex;
442 2453 470 2477 at
482 2449 576 2478 Teulet
586 2449 710 2482 mendam
720 2449 822 2478 codicis
834 2458 898 2479 cor-

114 2481 308 2520 fqitcdendo,
318 2484 468 2520 quemdam.

146 2512 333 2554 {mendosum
344 2519 464 2548 codicem
477 2527 530 2546 non
543 2524 651 2551 secutus
662 2523 704 2547 est
716 2519 748 2546 D.
761 2520 856 2548 'I‘eulct
871 2525 899 2548 et

113 2550 313 2614 esdid'ictlfratrém
323 2554 464 2590 quemdam
477 2558 538 2590 post
547 2554 740 2588 Mabiilonium,
753 2554 823 2582 Anu.
836 2556 896 2583 ord.

136 2605 143 2611 .
158 2595 221 2614 DCI].

147 2625 159 2664 ξ
174 2621 255 2664 addit
267 2623 453 2664 Teule_t__modo
467 2623 647 2664 paraphrasis,
666 2630 703 2652 est
718 2625 798 2664 enim:

144 2655 159 2675 ⁸
178 2656 329 2695 Idem_post
346 2655 542 2691 Womatiant;
552 2659 623 2686 inter
637 2655 721 2687 uncos
733 2660 819 2693 addit,
841 2661 898 2695 fra-

112 2693 162 2717 tres
175 2693 259 2728 nostri
270 2694 368 2728 tuique.

149 2730 161 2744 '
175 2725 240 2764 Post
254 2725 352 2762 puncta
363 2737 463 2764 quoque
480 2727 564 2755 edidit
580 2728 673 2762 Tculet
684 2749 691 2761 ,
705 2728 798 2764 dicens
809 2730 837 2759 in
850 2738 898 2764 no-

112 2759 166 2799 titia
178 2759 355 2799 hancva
369 2759 397 2799 iu
408 2759 499 2799 codice
508 2759 637 2799 distincth
646 2759 794 2798 legendam,
804 2759 899 2799 quam—

113 2796 152 2820 vis
174 2796 213 2832 ab
231 2797 312 2825 editis
330 2797 467 2826 amissam.
483 2798 536 2825 Sed
550 2796 681 2831 'vcrbum—
691 2806 744 2832 quo
755 2800 760 2825 l
773 2796 897 2832 proxime

112 2831 238 2862 praeteriit
250 2833 478 2871 pcrspicaciorum
502 2833 641 2865 oculorum
663 2831 747 2869 aciem
761 2831 893 2869 pr:ct,erit.

291 2879 429 2910 Ριτιιοι.
454 2875 531 2908 CIV-

956 920 1077 947 houestis
1092 924 1172 955 atque
1184 920 1293 947 utilibus
1316 920 1462 953 sectandis,
1485 920 1579 948 sedqu
1592 927 1749 947 commone-

955 972 1022 992 rem.
1041 963 1094 992 Sed
1116 965 1179 992 licet
1199 965 1226 992 in
1248 964 1292 992 his
1309 972 1397 992 meam
1417 973 1539 1003 operam,
1563 966 1653 994 minus
1664 973 1746 1001 quam

955 1009 1056 1043 debuit,
1076 1010 1169 1037 utilem
1188 1010 1265 1038 vobis
1287 1010 1348 1038 sitis
1370 1011 1488 1047 experti,
1514 1015 1604 1039 tamen
1625 1011 1750 1040 voluntas

956 1055 1042 1084 ﬁdelis
1055 1064 1108 1084 non
1121 1055 1216 1088 defuit,
1232 1063 1283 1083 nec
1303 1056 1393 1084 adhuc
1405 1056 1514 1092 quidem
1532 1057 1617 1091 deest,
1631 1065 1692 1094 qua:
1705 1065 1750 1086 me

956 1106 1046 1129 tacere
1061 1110 1116 1129 non
1139 1101 1292 1136 permittit;
1317 1102 1384 1137 quin
1403 1102 1493 1137 potius
1514 1102 1588 1138 cogit
1606 1105 1637 1131 ut
1653 1110 1701 1130 vos
1715 1102 1750 1131 de

955 1150 1045 1174 vestra
1145 1150 1300 1182 cognoscat,
1316 1147 1387 1182 quod
1411 1147 1521 1184 quidam
1544 1147 1678 1181 homines,
1700 1155 1749 1176 sua

956 1192 1046 1226 potius
1058 1199 1138 1228 quam
1154 1196 1245 1220 vestra
1259 1193 1400 1221 commoda
1414 1198 1577 1228 quzereutes,
1592 1198 1748 1223 mansuetu-

957 1236 1047 1263 dinem
1068 1241 1186 1265 vestram
1207 1236 1364 1270 sollicitent,
1382 1237 1512 1272 vobisque
1525 1238 1690 1273 persuadere
1703 1246 1750 1267 co-

957 1284 1056 1306 nentur
1068 1284 1107 1313 ut,
1121 1281 1273 1315 postposito
1292 1285 1404 1315 paterno
1417 1281 1541 1314 consilio,
1556 1286 1583 1311 et
1595 1282 1748 1317 obedientia

957 1324 1047 1353 debita
1067 1325 1205 1359 derelicta,
1226 1325 1325 1359 locum,
1348 1326 1425 1354 vobis
1448 1326 1482 1354 ad
1502 1327 1647 1362 regendum
1668 1332 1751 1363 atque

957 1369 1167 1398 custodiendum
1183 1378 1199 1398 a
1224 1370 1347 1406 piissimo
1369 1371 1490 1406 genitore
1512 1376 1602 1400 vestro
1623 1374 1752 1403 commis-

957 1423 1028 1448 sum,
1044 1415 1196 1448 dimittatis,
1216 1420 1244 1444 et
1258 1415 1292 1443 ad
1316 1416 1403 1449 illum,
1422 1417 1480 1452 ipso
1500 1417 1594 1451 invito,
1619 1422 1647 1447 et
1662 1426 1750 1454 neque

957 1460 1064 1488 volente
1078 1468 1166 1496 neque
1177 1459 1300 1495 iubente,
1314 1461 1440 1494 veniatis,
1453 1465 1481 1489 et
1491 1462 1562 1498 apud
1573 1470 1645 1497 eum,
1658 1472 1751 1500 quam-

957 1505 999 1534 vis
1013 1506 1050 1533 illi
1072 1514 1125 1534 non
1140 1506 1256 1541 placeat,
1279 1507 1472 1542 permaneatis.
1489 1507 1549 1542 Quo
1563 1509 1627 1544 quid
1639 1517 1751 1547 perver-

918 1541 939 1571 C
956 1552 1013 1579 sius
1024 1552 1066 1580 vel
1083 1552 1251 1584 indecentius
1269 1541 1416 1589 excogitari
1432 1554 1538 1588 potest!
1556 1541 1650 1583 Videte
1661 1556 1750 1592 qualis

955 1598 1000 1631 sit,
1014 1602 1041 1625 et
1054 1602 1184 1633 quantum
1201 1598 1262 1625 mali
1279 1599 1375 1626 habeat
1400 1599 1451 1627 ista
1474 1601 1626 1635 persuasio.
1648 1601 1678 1630 In
1691 1603 1749 1640 pri-

956 1642 1008 1670 mis
1030 1642 1174 1677 siquidem,
1190 1647 1220 1670 ut
1244 1650 1311 1671 meae
1325 1643 1466 1680 pusillitai
1487 1644 1605 1678 videtur,
1621 1646 1748 1675 hortatur

955 1696 1002 1716 vos
1020 1691 1049 1717 ut
1062 1688 1109 1715 Dei
1125 1692 1300 1724 pncccptum,
1314 1697 1368 1725 quo
1391 1691 1548 1725 parentibus
1571 1691 1658 1721 honor
1671 1693 1748 1722 exhi-

954 1734 1012 1762 beri
1034 1733 1152 1769 jubetur,
1166 1735 1243 1770 parvi
1263 1736 1398 1771 pendatis,
1419 1742 1447 1763 et
1461 1736 1669 1773 longmvitatem,
1685 1746 1746 1775 quas

953 1787 1003 1814 pro
1015 1780 1234 1809 remuneratione
1258 1782 1412 1809 conservati
1434 1782 1553 1810 mandati
1567 1784 1748 1818 promittitur.

953 1833 1003 1861 pro
1018 1826 1103 1853 nihilo
1120 1826 1244 1854 habeatis
1269 1836 1275 1853 :
1298 1826 1396 1855 deinde
1408 1831 1446 1858 ut,
1463 1827 1567 1861 abjecta
1581 1828 1746 1862 obedientia,

954 1871 1163 1898 inobedientiam
1184 1879 1235 1906 pro
1259 1872 1303 1899 illa
1326 1872 1482 1905 assumatis,
1503 1877 1532 1900 et
1553 1877 1647 1901 contra
1672 1882 1747 1908 eum,

954 1917 1004 1943 sub
1031 1924 1084 1951 quo
1101 1916 1296 1951 subjectionem
1318 1917 1457 1945 humiliter
1478 1926 1525 1946 vos
1545 1926 1626 1953 agere
1646 1919 1748 1948 dcbuc-

954 1961 1031 1993 ratis,
1053 1968 1102 1995 per
1119 1961 1264 1989 elationem
1279 1961 1477 1989 contumaciter
1493 1962 1623 1996 erigatis:
1647 1968 1704 1992 tum
1719 1969 1749 1992 ut

953 2014 1002 2041 per
1023 2010 1207 2041 contemptum
1224 2011 1251 2034 et
1271 2006 1481 2035 inobedientiam
1502 2009 1636 2038 charitate
1654 2011 1749 2046 depul-
1772 2032 1773 2035 η

949 2059 994 2085 'sa,
1009 2051 1153 2084 discordia,
1172 2060 1233 2087 qua:
1245 2060 1383 2089 nunquam
1396 2053 1468 2082 inter
1486 2063 1536 2083 vos
1549 2055 1592 2084 vel
1606 2057 1745 2086 nominari

953 2097 1053 2129 debuit,
1077 2098 1104 2125 in
1129 2103 1232 2127 tantum
1257 2104 1408 2133 excrescat,
1434 2105 1473 2133 ut,
1490 2101 1562 2133 inter
1579 2111 1648 2138 quos
1671 2111 1749 2138 amor

952 2150 1013 2171 esse
1026 2143 1129 2176 debuit,
1141 2144 1233 2175 odium
1247 2149 1392 2173 enascatur
1405 2154 1412 2172 :
1428 2146 1501 2180 quod
1513 2154 1548 2175 ne
1567 2148 1660 2177 veniat
1673 2156 1748 2179 sunt-

954 2198 1063 2226 mopere
1079 2190 1227 2218 cavendum
1246 2195 1297 2219 est.
1323 2191 1409 2224 Credo
1424 2192 1497 2231 enim
1517 2193 1690 2228 prudentiam
1702 2203 1749 2224 ve-

951 2240 1037 2263 stram
1064 2236 1153 2264 minus
1175 2235 1270 2270 latere,
1299 2241 1399 2272 quanta
1421 2238 1587 2266 abominatio
1610 2239 1648 2267 sit
1674 2241 1745 2275 apud

955 2281 1040 2309 Deum
1053 2281 1123 2308 ﬁlius
1136 2285 1280 2315 contumax
1291 2286 1318 2308 et
1330 2282 1490 2317 parentibus
1503 2283 1669 2316 inobediens,
1682 2292 1745 2313 cum

953 2334 1016 2355 eum
1038 2326 1120 2359 Deus,
1144 2326 1216 2354 sicut
1230 2327 1257 2354 in
1280 2327 1490 2355 Deuterouomio
1511 2327 1599 2363 legere
1620 2330 1746 2364 potestis.

953 2379 1002 2406 per
1015 2371 1125 2407 Moysen
1137 2372 1173 2399 ab
1189 2371 1262 2399 omni
1274 2372 1372 2407 populo
1392 2371 1504 2406 lapidari
1522 2373 1660 2409 praecepit.
1675 2373 1746 2407 Qua-

990 2448 1000 2486 ξ
1011 2448 1060 2486 _Sic
1073 2449 1177 2486 codex;
1195 2452 1224 2486 at
1233 2448 1329 2476 'l'eutet
1340 2448 1417 2486 quod
1431 2453 1492 2484 post
1510 2450 1542 2477 D.
1553 2449 1745 2486 quuetium.

952 2484 998 2519 qui
1011 2483 1038 2510 in
1052 2487 1129 2511 textu
1141 2483 1284 2517 lationem
1297 2483 1399 2511 codicis
1418 2483 1545 2512 servavit.
1619 2483 1628 2486 “
1737 2483 1743 2485 ⁷

989 2520 1001 2542 β
1024 2518 1089 2545 Post
1108 2519 1191 2547 verba
1215 2523 1243 2545 ut
1267 2527 1310 2546 vos
1331 2519 1364 2546 dc
1385 2524 1481 2550 mira.
1504 2520 1629 2548 donius
1650 2522 1743 2550 Teulet

934 2561 985 2583 ,εκ
999 2554 1092 2581 codice
1116 2553 1259 2581 recentiori
1274 2554 1377 2581 addidit
1400 2554 1456 2582 fere
1480 2559 1535 2582 tres
1557 2555 1644 2583 tineas
1663 2557 1744 2585 editis
1777 2569 1779 2571 ι

951 2589 1005 2616 huc
1016 2596 1101 2625 usque
1113 2588 1264 2625 incognitas
1278 2592 1306 2615 et
1319 2596 1380 2625 qua:
1391 2597 1500 2625 sensum
1512 2590 1669 2625 adimplent.
1684 2591 1743 2620 Non

950 2631 1020 2659 τρεῖς
1044 2624 1113 2654 feret
1133 2623 1307 2659 doctissimus
1329 2624 1475 2659 Eginhardi
1499 2623 1595 2652 editor‘
1609 2626 1630 2653 si
1642 2626 1669 2654 in
1680 2632 1742 2655 nota

948 2658 1020 2692 hunc
1033 2659 1121 2686 locum
1135 2663 1216 2695 prout
1228 2659 1262 2692 ab
1276 2658 1322 2695 illo
1335 2658 1477 2695 restiwtus
1489 2663 1540 2695 est,
1560 2660 1722 2690 exhibemus
1734 2671 1741 2695 :

948 2702 1012 2729 ergo
1037 2694 1075 2722 ita
1100 2692 1355 2733 ωΊηΜειχΜι
1375 2697 1404 2733 ις
1420 2701 1463 2733 ινφ
1485 2694 1517 2720 de
1540 2699 1624 2723 uestra
1646 2692 1744 2733 [κιωά

947 2727 1126 2770 commoneri»:
1142 2733 1167 2770 et
1181 2728 1209 2756 in
1230 2727 1325 2770 quibus
1346 2727 1492 2770 periculus
1515 2734 1628 2770 vestrum
1647 2727 1744 2770 ὶᾳυετσ

947 2763 1197 2801 debeaiirhmn'ter
1219 2761 1350 2801 inigenium;
1376 2761 1527 2801 Pervenisse
1546 2764 1582 2791 ad
1602 2767 1741 2801 parvitatis

947 2807 1011 2830 mea:
1023 2798 1143 2826 notitiam
1159 2796 1313 2833 magnitudo
1327 2796 1425 2833 vestra]
1439 2804 1588 2833 cognoscat,
1601 2796 1655 2830 etc.

1505 2880 1542 2909 ιῖ
