1988 3085
855 149 1047 179 Εριετοιιιε.

168 212 325 241 Andivlmus
344 212 542 240 tribulationem
563 217 695 245 vestram,
711 216 739 238 et
751 204 922 238 multimodas
935 212 961 243 Α
973 208 1109 244 gnabitur.
1132 208 1199 236 Nam
1221 215 1283 236 cum
1299 209 1416 243 primum
1437 209 1561 243 equitare
1582 213 1707 245 potuero,
1721 210 1764 238 vel

133 259 279 295 angustias,
312 266 381 293 quas
409 258 532 294 patimidl
557 257 609 293 per'
632 258 822 286 crudelitatem
848 250 922 290 regis

134 306 326 337 Abdirliaman,
343 305 391 339 qui
418 312 466 332 vos
491 312 540 340 per
561 305 672 332 nimiam
686 304 860 338 cupiditatem
880 309 923 329 re

134 360 190 381 mm
214 357 378 384 vestrarum,
399 359 467 386 quas
494 352 571 379 vobis
598 350 706 378 auferre
733 353 846 378 conatus
869 352 921 381 est,

133 399 276 434 sapissime
291 398 424 425 violenter
442 398 586 432 oppressit.
604 397 680 423 Sicut
706 400 733 422 et
748 400 852 430 patrem
864 394 922 427 ejus

132 444 228 472 Abolaz
247 443 345 471 fecisse
356 443 548 477 comperimus,
570 442 615 476 qui
635 441 744 475 injustis
763 440 920 474 superposi-

132 490 248 518 tionibus
269 496 392 519 censum,
420 487 494 521 cujus
519 488 656 514 debitores
681 494 734 513 non
759 486 853 516 eratis,
871 485 921 511 sibi

131 535 234 563 solvere
247 534 371 569 cogebat,
389 538 416 559 et
426 538 536 568 propter
550 533 601 559 hoc
615 532 647 558 de
671 532 765 558 amicis
785 531 921 562 inimicos,

130 584 158 606 et
168 579 200 606 de
221 578 409 606 obedientibus
424 578 477 605 sibi
494 577 647 605 contrarios
660 581 739 611 atque
764 575 920 602 iuobedien-

131 630 179 656 tes,
205 623 351 654 eiecerat;
371 623 433 657 quia
458 627 485 650 et
508 623 660 658 libertatem
685 622 761 648 vobis
779 621 883 651 tollere,
896 624 923 646 et

131 670 238 704 injustis
255 668 382 696 censibus
395 676 427 695 ac
443 669 553 695 tributis
568 675 616 694 vos
639 675 753 694 onerare
778 670 858 700 atque
873 666 922 692 101-

131 716 235 743 miliarc
245 715 354 742 molitus
373 719 423 741 est.
440 714 503 746 Sed,
519 719 549 741 ut
562 714 723 744 audivimus,
741 720 789 739 vos
805 719 920 746 semper,

129 762 198 788 sicut
214 760 265 787 viri
280 760 374 791 forles,
402 759 524 793 injurias,
554 760 587 785 ab
608 759 707 792 iniquis
726 758 833 792 regibus
847 757 923 783 vobis

129 806 229 837 illatas,
245 806 352 832 fortiter
364 805 511 839 repulistis,
527 809 554 831 et
566 804 720 831 crudelitati
734 809 814 837 atque
839 803 922 829 avidi-

129 851 178 878 tati
196 858 292 877 ecrum
311 850 424 876 viriliter
445 849 592 876 restitistis.
618 848 696 882 Quod
719 854 746 875 et
770 856 816 875 vos
842 847 921 878 modo

129 895 220 924 facere
249 895 394 922 multorum
421 895 551 921 relatione
579 894 731 921 didicimus.
753 893 923 928 Quapropter

129 941 291 976 complacuit
304 941 381 967 nobis
395 941 428 967 ad
438 948 486 967 vos
500 940 549 966 has
563 940 666 966 litteras
680 939 806 973 dirigere,
821 945 922 972 vosque

129 986 262 1014 consolari
277 990 357 1020 atque
371 985 507 1011 exhortari
528 989 555 1010 ut
567 985 593 1011 in
607 991 637 1010 ea
647 1004 654 1016 ,
672 991 724 1018 qtta
747 983 878 1016 empistis,
891 982 923 1009 11-

129 1031 245 1058 bertatis
256 1037 353 1058 vestrae
366 1030 521 1057 defensione
536 1033 630 1056 contra
647 1029 865 1056 crudelissimum
879 1036 922 1055 re—

128 1085 189 1112 gem
220 1076 410 1111 perseveretis,
436 1080 464 1103 et
495 1075 580 1102 furori
612 1079 692 1109 atque
715 1075 825 1102 s:eviti:c
841 1074 921 1106 illius,

128 1121 226 1157 [sicut]
243 1122 374 1148 hactenus
401 1121 514 1151 fecistis,
541 1120 637 1146 cedere
650 1127 703 1145 non
719 1119 875 1153 dignemini.
891 1119 923 1145 Et

127 1168 192 1201 quia
209 1168 280 1194 idem
305 1174 353 1193 rex
371 1166 539 1192 certissimus
562 1164 733 1191 adversarius
747 1168 775 1190 et
797 1164 924 1190 inimicus

128 1218 184 1239 tam
208 1216 301 1239 noster
329 1218 409 1245 quam
424 1214 451 1237 et
473 1214 564 1236 vester
577 1213 627 1240 est,
648 1208 783 1235 communi
810 1208 923 1235 consilio

126 1262 225 1285 contra
259 1255 390 1282 smvitiam
418 1254 476 1288 ejus
502 1253 669 1280 dimicemus.
699 1252 828 1279 Volumus
840 1253 923 1285 enim,

126 1310 193 1330 cum
224 1301 272 1328 Dei
297 1300 488 1335 omnipotentis
517 1300 661 1335 adjutorio,
683 1299 805 1333 proxima
831 1303 924 1325 mstate

125 1348 282 1377 exercitum
304 1351 425 1373 110511·υηῖ
439 1346 472 1373 ad
497 1353 618 1373 marcum
645 1350 762 1372 vestram
776 1351 788 1364 ³
806 1345 923 1376 mittere,

126 1397 159 1421 ut
171 1393 211 1420 ibi
226 1397 393 1427 przeparatus
408 1392 499 1418 sedeat
513 1394 540 1418 et
549 1394 687 1425 exspectet
696 1390 780 1417 donec
793 1397 840 1416 vos
852 1397 925 1416 man-

127 1441 201 1469 detis
219 1439 326 1474 quando
338 1445 498 1473 promovere
516 1437 622 1469 debeat,
637 1437 658 1463 si
674 1437 709 1463 ita
730 1436 805 1463 vobis
823 1436 922 1463 bonum

128 1487 217 1514 visum
244 1483 333 1515 fuerit.
364 1487 394 1511 ut
417 1487 528 1518 propter
550 1490 598 1510 vos
610 1479 774 1516 adjuvandus
798 1481 922 1507 emndem

126 1533 281 1561 exercitum
304 1536 398 1558 contra
414 1537 572 1557 communes
594 1529 718 1556 inimicos
746 1531 862 1559 nostros,
877 1527 921 1561 qui

972 255 1007 282 ad
1026 262 1084 287 vos,
1100 254 1142 282 vel
1156 254 1190 282 ad
1211 255 1340 282 domuum
1361 254 1552 288 imperatorem
1573 256 1666 283 venire
1688 255 1764 284 festi-

973 299 1065 327 nabo:
1081 304 1172 327 utrum
1187 300 1265 327 vobis
1284 299 1417 334 placuerit
1437 304 1468 326 ut
1486 299 1596 327 faciam.
1617 300 1696 329 Nunc
1714 301 1764 329 hu-

972 344 1072 371 militer
1090 344 1223 379 deprecor
1236 344 1369 378 pietatem
1380 348 1498 372 vestram
1511 348 1543 371 ut
1560 353 1604 373 me
1624 346 1694 380 apud
1714 347 1765 374 1ιί-

972 392 1216 419 50110011115511110111
1241 392 1381 419 dominum
1408 399 1518 423 meum,
1546 399 1608 419 cum
1632 392 1665 419 ad
1691 391 1765 418 illum

972 437 1111 470 veneritis,
1123 445 1255 464 excusare
1268 437 1415 472 dignemini
1427 436 1461 463 de
1475 444 1507 463 eo
1518 437 1590 472 quod
1604 437 1639 464 ad
1651 444 1699 464 vos
1710 444 1765 463 non

973 484 1044 510 veni.
1064 484 1136 511 Deus
1150 484 1227 510 testis
1238 487 1279 510 est
1292 483 1363 518 quod
1377 483 1409 510 de
1422 482 1576 510 valetudine
1588 489 1649 509 mea
1664 482 1765 509 mtllam

973 529 1119 556 falsitatem
1130 530 1206 557 vobis
1218 530 1314 564 scripsi
1326 537 1334 556 :
1346 534 1374 556 et
1386 537 1440 556 non
1451 529 1538 556 solum
1551 529 1614 561 hoc,
1623 529 1672 556 sed
1683 529 1765 556 etiam

972 573 1043 607 quod
1059 573 1144 601 multo
1156 574 1281 609 graviora
1300 577 1364 601 sunt
1376 573 1429 600 alia
1443 574 1566 608 quaedam
1581 574 1764 605 incommoda,

973 626 1033 652 qua:
1048 619 1138 653 patior
1155 619 1181 645 in
1197 619 1367 654 memetipso,
1383 619 1416 646 de
1430 619 1537 654 quibus,
1554 619 1605 646 nisi
1625 626 1685 646 cum
1699 619 1766 647 lide-
1797 640 1811 648 μ,

972 663 1085 694 11551100,
1102 663 1202 689 nullam
1218 664 1326 698 possunt
1344 664 1387 690 11111
1398 671 1445 690 ere
1459 664 1633 691 locutionem.
1650 664 1707 691 Hoc
1722 668 1764 691 ta-

973 715 1034 734 men
1050 709 1147 735 scitote
1161 709 1232 743 quod
1248 707 1378 744 majorem
1389 698 1467 736 vobis
1482 718 1572 737 coram
1589 710 1643 737 Deo
1659 718 1765 738 merce-

972 754 1032 780 dem
1058 754 1083 780 in
1106 755 1232 788 presenti
1256 755 1397 788 acquirere
1417 763 1470 782 non
1490 756 1617 789 potestis,
1638 764 1720 791 quam
1742 757 1765 784 si

972 799 1117 826 ell'ecerilis
1139 804 1169 826 ut
1193 800 1259 827 mihi
1285 800 1365 827 liceat
1390 801 1423 827 ad
1445 801 1584 827 servilium
1610 807 1765 829 sanctorum

973 844 1072 871 Christi
1089 849 1250 879 martyrum,
1270 853 1331 871 cum
1354 845 1470 880 primunt
1488 845 1608 878 valuero,
1625 846 1764 873 festinare.

938 884 960 912 Β
974 891 1086 918 Possum
1101 891 1170 918 enim
1186 892 1247 918 illuc
1264 892 1290 918 in
1304 892 1457 926 quindecim
1471 892 1566 919 diebus
1578 893 1611 919 de
1625 898 1720 920 sancto
1732 893 1764 920 N.

974 938 1124 971 navigando
1148 937 1300 972 pervenire.
1326 936 1357 963 Si
1383 945 1427 964 me
1449 937 1620 964 imbecillitas
1644 938 1767 973 corporis

974 989 1026 1008 non
1041 981 1191 1015 impediret,
1207 990 1259 1008 non
1272 982 1321 1008 has
1334 981 1444 1011 litteras,
1453 982 1600 1014 mitterem,
1616 983 1663 1010 sed
1675 983 1766 1017 potius

974 1026 1030 1060 ipse
1046 1027 1175 1057 venirem,
1192 1030 1218 1053 et
1235 1027 1260 1052 in
1277 1026 1317 1053 his
1333 1034 1392 1060 qua:
1409 1026 1479 1060 apud
1493 1034 1542 1053 vos
1553 1031 1670 1061 aguntur
1685 1027 1765 1055 simul

975 1071 1111 1097 vobiscum
1125 1078 1222 1097 essent.

1243 1116 1409 1144 ΕΡΙὸΤΟΙΛ
1430 1117 1497 1144 XLl.

1288 1172 1321 1189 ΑΙ)
1341 1171 1452 1190 AMICC'J.

1011 1207 1096 1238 Nunc,
1111 1207 1137 1234 in
1153 1208 1257 1242 magnis
1277 1208 1409 1242 angustiis
1421 1209 1534 1242 positus,
1550 1215 1598 1236 oro
1615 1209 1766 1244 benignita-

976 1257 1029 1279 tem
1044 1257 1171 1284 vestram,
1186 1257 1216 1279 ut
1231 1253 1300 1287 apud
1318 1253 1466 1288 piissimum
1485 1253 1622 1281 dominum
1637 1260 1664 1282 et
1682 1256 1767 1291 impe-

977 1302 1094 1324 ratorem
1121 1302 1243 1324 nostrum
1270 1305 1318 1332 pro
1344 1306 1386 1325 me
1415 1298 1584 1326 intercedere
1609 1299 1764 1335 dignemini.

976 1342 1043 1369 Nam
1056 1341 1139 1376 jussit
1163 1342 1228 1369 mihi
1251 1343 1354 1377 regina,
1376 1343 1483 1377 quando
1506 1343 1538 1370 de
1560 1343 1644 1378 Aquis
1659 1352 1766 1380 egressa

974 1393 1030 1419 est,
1048 1389 1093 1423 qui
1110 1388 1188 1415 simul
1203 1396 1263 1415 cum
1278 1396 1309 1415 ea
1326 1389 1364 1415 ire
1380 1396 1432 1415 non
1452 1393 1590 1423 poteram,
1608 1395 1669 1425 post
1690 1399 1719 1418 se
1733 1392 1766 1418 ad

974 1434 1169 1469 Compendium
1182 1435 1284 1461 venire.
1307 1434 1390 1469 Cujus
1412 1436 1552 1470 prtcceptis
1566 1436 1765 1471 obtemperans.

974 1487 1035 1506 eum
1050 1487 1146 1514 magna
1158 1479 1322 1511 dillicultate,
1335 1480 1379 1506 vix
1391 1480 1418 1506 in
1433 1480 1525 1507 decem
1539 1481 1644 1514 diebus,
1659 1483 1719 1509 veni
1732 1484 1766 1510 ad

977 1525 1157 1552 Valentianas.
1180 1526 1259 1558 lude,
1279 1526 1342 1560 quia
1363 1526 1375 1545 (Ι
1397 1526 1453 1560 jam
1471 1527 1593 1561 equitare
1615 1536 1667 1555 11011
1683 1529 1764 1559 valui,

129 1578 155 1604 in
168 1583 263 1603 marca
278 1580 370 1602 nostra
387 1574 516 1607 resident,
545 1573 692 1608 dirigamus
708 1582 714 1599 :
732 1573 765 1599 ad
779 1572 829 1598 1100
844 1576 882 1602 ut,
898 1571 921 1598 si
935 1566 957 1596 C
971 1578 1058 1605 usque
1069 1570 1102 1597 ad
1117 1575 1239 1597 sanctum
1255 1570 1286 1598 N.
1301 1571 1433 1605 navigavi.
1448 1571 1515 1598 Nam
1529 1577 1556 1598 et
1569 1573 1650 1599 nimia
1663 1575 1766 1601 ventris

128 1621 325 1652 Abdirhaman,
344 1619 385 1647 vel
404 1619 542 1646 exercitus
565 1618 632 1653 ejus,
647 1622 744 1645 contra
768 1625 816 1644 vos
830 1617 921 1644 venire

130 1665 260 1697 voluerit,
280 1665 325 1691 isti
340 1671 387 1699 per
397 1669 519 1691 nostrum
535 1663 684 1690 exercitum
698 1662 881 1696 impediantur
893 1666 920 1688 ut

129 1711 165 1738 illi
179 1715 207 1738 et
223 1710 360 1738 exercitus
375 1710 387 1729 ιι
405 1708 462 1742 ejus
475 1709 503 1735 in
517 1709 679 1743 adiutorium
703 1712 797 1734 contra
811 1715 857 1734 vos
878 1715 922 1734 ve-

129 1757 186 1785 nire
200 1763 257 1783 non
276 1755 389 1781 valeant.
407 1754 473 1781 Nam
491 1758 579 1781 certos
593 1761 640 1780 vos
661 1753 775 1780 facimus
801 1753 881 1787 quod,
899 1752 922 1779 si

129 1800 163 1829 ab
177 1800 226 1828 illo
239 1807 286 1826 vos
302 1803 434 1831 avertere,
446 1803 474 1825 et
487 1799 519 1825 ad
535 1806 583 1825 nos
597 1803 754 1825 convertere
772 1797 920 1830 volueritis,

129 1846 242 1881 antiqua
255 1845 379 1872 libertate
394 1849 493 1875 vestra,
513 1843 668 1878 plenissime
683 1848 711 1870 et
736 1843 794 1870 sine
815 1843 867 1870 ulla
881 1843 921 1870 di-

130 1892 292 1922 minutione,
308 1889 383 1917 vobis
408 1889 447 1916 uti
475 1888 658 1920 concedimus,
674 1892 701 1914 et
715 1889 815 1922 absque
841 1896 923 1915 censu

130 1937 170 1963 vel
190 1936 307 1967 tributo,
324 1935 457 1962 immtmes
474 1941 522 1961 vos
537 1941 597 1960 esse
623 1934 815 1968 permittimus,
831 1939 922 1960 etnon

130 1981 209 2008 aliam
223 1981 323 2015 legem,
338 1981 388 2007 nisi
412 1988 464 2015 qua
476 1979 526 2015 ipsi
542 1979 630 2005 vivere
646 1979 794 2010 volueritis,
824 1985 870 2005 vos
886 1981 923 2004 tc—

131 2035 195 2054 nere
209 2026 347 2061 jubemus,
362 2033 413 2052 nec
436 2025 515 2052 aliter
532 2032 595 2059 erga
615 2031 663 2050 vos
688 2031 768 2057 agere
791 2023 923 2053 volumus,

132 2072 181 2098 nisi
198 2076 231 2098 ut
244 2079 290 2098 vos
304 2072 405 2098 amicos
420 2076 447 2098 et
462 2070 560 2100 socios,
574 2070 601 2096 in
616 2069 771 2096 defensione
788 2070 862 2103 regni
877 2078 925 2096 no—

132 2117 191 2150 stri,
205 2116 356 2144 honoriﬁce
377 2116 532 2144 habeamus.
547 2115 678 2150 Optamus
695 2123 750 2143 .vos
769 2115 794 2142 in
809 2115 924 2143 Domino

132 2168 242 2197 semper
253 2161 320 2189 bene
339 2162 436 2188 valere.

408 2206 574 2235 EI’ISTOLA
592 2205 649 2234 XL.

369 2259 408 2279 ID
427 2258 687 2279 ιιιιῑκλτιιιεειι.

166 2297 338 2333 Cognoscere
351 2297 477 2331 dignetur
488 2297 609 2332 piissima
622 2296 730 2323 domina
747 2301 839 2324 nostra
852 2297 924 2331 quod

133 2349 184 2378 ego
200 2348 297 2370 servus
309 2345 409 2374 vester,
426 2346 570 2376 postquam
584 2341 617 2368 de
631 2341 715 2376 Aquis
731 2342 819 2374 exivi,
841 2342 924 2369 tantis

133 2387 257 2423 corporis
267 2386 445 2414 incommodis
455 2386 567 2414 affectus
576 2393 646 2418 sum,
658 2390 689 2412 ut
699 2385 732 2413 de
743 2385 868 2421 Trajecto
880 2387 922 2413 vix

134 2434 240 2461 decimo
255 2433 299 2460 die
310 2433 453 2468 pervenire
464 2439 572 2468 possem
585 2432 620 2459 ad
631 2431 813 2460 Valcntianas.
830 2433 867 2460 lbi
882 2441 924 2461 tne

135 2482 189 2505 tam
208 2482 323 2514 magnus
335 2478 441 2505 remum
456 2476 537 2505 simul
551 2484 584 2504 ac
602 2477 703 2512 splenis
718 2477 795 2504 dolor
815 2477 922 2509 invasit,

135 2526 167 2549 ut
177 2529 214 2550 ne
224 2528 308 2550 unum
320 2522 429 2557 quidem
439 2522 584 2550 miliarium
596 2522 622 2549 in
637 2522 742 2558 integro
752 2522 795 2550 die
806 2523 924 2550 valerem
937 2528 939 2530 ‘

135 2567 282 2601 equitando
293 2566 437 2595 unﬁeere.
455 2567 627 2602 Quapropter
636 2566 758 2602 supplico
771 2568 863 2603 pietati
879 2575 935 2595 ve-‘

135 2614 200 2639 stne
216 2616 249 2639 ut
271 2612 338 2640 mihi
359 2612 448 2644 liceat,
469 2619 531 2640 cum
553 2612 637 2648 gratia
652 2617 753 2645 vestra,
774 2613 925 2649 navigando

137 2656 178 2685 in
196 2657 229 2685 ad
251 2662 376 2687 0110011101
399 2657 431 2685 N.
448 2662 460 2677 ε
478 2658 570 2693 ibique
588 2657 681 2692 jacere
700 2666 841 2694 quousque
858 2658 924 2686 mihi

136 2701 209 2731 Duo
226 2704 400 2739 enim:
415 2704 487 2732 vires
504 2704 542 2732 ‘ad
561 2704 615 2732 iter
634 2703 785 2732 facie-natm
805 2705 871 2733 dare
885 2703 937 2732 dl-‘

173 2786 187 2802 ⁸
206 2781 312 2813 Teulet.
325 2788 450 2810 nostram.

174 2815 189 2835 ³
208 2817 300 2846 Melius
311 2817 415 2850 Tculet,
430 2819 566 2846 exercitui.
890 2845 893 2849 ,

174 2856 185 2870 ε
206 2851 234 2880 ld
249 2858 291 2881 est
307 2853 341 2881 ad
360 2858 482 2881 sanctum
503 2853 648 2888 Bavoncm,
669 2861 716 2881 seu
729 2853 762 2883 ad
775 2854 861 2882 sancti
874 2853 925 2881 Ba-

973 1616 1072 1643 solutio
1087 1620 1114 1643 et
1133 1617 1235 1644 reuium
1260 1617 1338 1644 dolor
1355 1617 1394 1644 sic
1414 1617 1441 1644 in
1467 1626 1508 1645 me
1531 1618 1691 1647 alternando
1712 1621 1764 1647 siti

972 1662 1135 1693 succedunt,
1153 1666 1181 1689 ut
1195 1662 1268 1689 nulla
1283 1663 1340 1689 dies
1356 1663 1453 1695 luerit,
1472 1668 1615 1698 postquam
1629 1665 1662 1692 de
1678 1665 1766 1700 Aquis

973 1707 1105 1740 promovi,
1130 1707 1194 1741 quin
1215 1707 1266 1734 liae
1289 1707 1329 1734 vel
1353 1707 1395 1734 illa
1421 1707 1577 1736 inﬁrmitate
1600 1709 1762 1738 laborarem.

974 1751 1042 1779 Sunt
1057 1753 1159 1787 pariter
1173 1752 1229 1780 11100
1247 1757 1273 1780 et
1288 1753 1340 1779 alia
1353 1761 1412 1787 qua:
1428 1754 1494 1780 mihi
1511 1762 1543 1781 ex
1557 1754 1603 1781 illo
1616 1756 1720 1787 morbo,
1737 1757 1765 1782 in
1811 1781 1821 1790 ,

972 1806 1026 1833 quo
1045 1806 1116 1825 anno
1135 1799 1274 1833 praeterito
1288 1798 1373 1833 jacui,
1388 1799 1573 1834 contigerant,
1591 1800 1678 1827 dextri
1694 1801 1764 1828 vide-

974 1843 1036 1871 licet
1056 1843 1165 1870 femoris
1182 1844 1326 1871 continuus
1340 1849 1431 1878 torpor
1446 1851 1479 1870 ae
1501 1843 1601 1878 splenis
1613 1844 1763 1877 1100011110-

974 1888 1093 1916 lerabilis
1103 1888 1187 1915 dolor.
1200 1888 1248 1915 llis
1259 1889 1429 1922 passionibus
1441 1888 1562 1920 allectus,
1573 1889 1648 1915 valde
1660 1889 1762 1916 tristem

975 1941 1006 1959 ac
1020 1940 1088 1966 pene
1102 1933 1175 1959 omni
1192 1932 1362 1965 jucunditate
1381 1938 1519 1959 carentem
1534 1932 1604 1959 duco
1619 1935 1717 1965 vitam;
1736 1934 1763 1962 in

974 1986 1007 2004 eo
1027 1979 1142 2004 maxime
1161 1978 1233 2012 quod
1256 1978 1337 2004 timeo
1354 1985 1398 2004 me
1421 1977 1502 2004 aliubi
1526 1985 1607 2012 quam
1627 1978 1719 2012 velim,
1738 1985 1763 2006 et

976 2022 1048 2049 aliud
1063 2028 1186 2058 agentem
1204 2031 1284 2056 quant
1301 2023 1403 2050 sanctis
1416 2022 1517 2050 Christi
1532 2024 1696 2059 martyribus
1708 2033 1764 2052 ser—

975 2068 1103 2100 vientetn,
1120 2075 1182 2095 esse
1198 2068 1369 2095 moriturum.
1385 2068 1553 2104 Quapropter
1567 2068 1661 2103 adjuro
1677 2078 1724 2098 vos
1738 2077 1763 2097 et

974 2113 1095 2140 obtestor
1109 2121 1157 2147 per
1171 2114 1264 2140 beatos
1279 2113 1380 2141 Christi
1395 2118 1528 2149 martyres
1543 2115 1764 2144 1111100111000101

976 2158 1096 2191 Petrum,
1109 2163 1136 2185 ut
1150 2166 1199 2194 pro
1213 2167 1272 2185 mea
1287 2159 1419 2193 parvitate
1435 2160 1504 2194 apud
1517 2161 1668 2195 piissimum
1681 2162 1764 2197 impe-

975 2208 1092 2231 ratorem
1106 2203 1273 2231 intercedere
1283 2204 1442 2239 dignemini,
1459 2209 1489 2231 ut
1505 2211 1559 2232 non
1573 2206 1639 2235 mihi
1653 2214 1766 2234 succen‘

937 2240 964 2270 Ῑ)
976 2257 1036 2277 sere
1047 2249 1112 2277 velit
1123 2256 1172 2284 pro
1184 2257 1217 2277 eo
1231 2249 1301 2284 quod
1315 2249 1364 2282 illi,
1380 2249 1450 2277 sicut
1462 2250 1488 2276 hi
1502 2250 1549 2285 qui
1563 2254 1717 2285 potuerunt,
1736 2252 1763 2279 in

974 2303 1117 2323 occursum
1133 2303 1186 2323 non
1200 2295 1344 2325 venissem.
1358 2301 1370 2315 ο
1382 2294 1521 2331 Vertissem
1532 2296 1766 2330 si_potuissem,.et

974 2339 1081 2370 veniam
1097 2346 1159 2367 cum
1177 2339 1292 2375 primum
1311 2343 1440 2374 potuero;
1460 2343 1489 2366 et
1506 2338 1563 2366 sive
1582 2339 1695 2372 absens,
1708 2339 1764 2370 sive

974 2377 1104 2424 111-1115005,
1117 2384 1203 2412 ﬁdelis
1213 2384 1238 2412 ei
1250 2384 1422 2419 permanebo.
1437 2384 1537 2415 Precor
1551 2384 1633 2419 igitur
1641 2385 1763 2421 011011111-

974 2438 1030 2463 tem
1043 2438 1161 2462 vestram
1172 2437 1214 2466 ut.
1223 2436 1280 2460 tam
1291 2433 1326 2460 de
1335 2433 1403 2461 actis
1415 2440 1496 2468 quam
1508 2432 1621 2468 agendis
1634 2432 1705 2467 apud
1717 2439 1775 2462 1115

975 2480 1066 2520 rebus,
1087 2487 1135 2514 per
1149 2479 1256 2512 litteras
1270 2483 1375 2512 vestras
1393 2487 1452 2513 me,
1468 2478 1700 2514 quamcelerius
1713 2486 1763 2513 po-

975 2524 1092 2554 tueritis.
1111 2529 1216 2551 eertum
1235 2523 1323 2551 facere
1342 2523 1506 2559 dignemini»
1611 2527 1642 2551 ut
1657 2530 1765 2558 senuper

973 2568 1043 2596 bene
1057 2568 1169 2597 valeatis
1182 2568 1208 2595 in
1224 2568 1345 2595 Domino.
1359 2592 1361 2596 ,
1507 2589 1510 2594 .

1009 2613 1105 2642 Omnia
1120 2620 1181 2648 qua:
1195 2620 1265 2640 nunc
1279 2612 1307 2639 in
1324 2612 1376 2640 hoc
1390 2620 1472 2648 regno
1484 2606 1624 2648 geruntur.
1641 2612 1764 2641 revelan-

975 2659 1048 2686 tibus
1057 2658 1159 2686 Christi
1175 2657 1338 2693 martyribus
1349 2662 1413 2685 ante
1426 2658 1576 2691 biennium,
1589 2657 1680 2686 futura
1691 2666 1763 2695 prr-

974 2706 1047 2735 dicta
1059 2711 1134 2735 sunt.
1345 2713 1347 2715 '
1359 2709 1362 2715 λ
1512 2704 1513 2707 “

975 2782 1052 2811 venis
1066 2790 1144 2810 mana
1149 2782 1269 2815 swrium.
1325 2811 1328 2814 ,

1010 2817 1023 2837 ⁸
1042 2817 1131 2845 Codex
1145 2823 1172 2844 ct
1185 2815 1291 2849 Teulet,
1305 2817 1357 2849 qui.
1427 2846 1430 2848 _

1013 2859 1025 2872 ·
1044 2854 1113 2882 Ante
1126 2853 1249 2881 venissem
1264 2850 1323 2881 add.
1340 2850 1442 2887 Teulet,
1459 2854 1544 2889 utique
1557 2859 1638 2883 rem.
