1988 3085
196 133 247 162 5ἱ7

463 189 627 219 ΕΡιδτοιΑ
647 189 725 217 XLII.

367 246 400 266 AD
420 243 594 263 IILUDOWICIJI
615 242 818 262 ικνιςιιλτοιει.

233 284 330 318 Magno
342 281 453 309 domino
466 287 563 307 servus
578 280 708 307 modicus.

232 330 376 357 Memorem
414 334 474 354 esse
502 332 515 346 ι
548 326 686 354 dominum
716 333 806 353 meum
837 325 989 360 piissimum

196 373 332 410 quamde
351 371 418 399 mihi
440 371 577 398 licentiam
601 370 714 398 dedistis
737 374 783 403 ut,
805 370 913 404 quando
940 370 988 398 do-

197 419 268 447 mina
291 424 350 446 mea
372 416 406 443 ad
430 423 478 444 vos
494 419 631 451 pergeret,
649 419 714 442 tunc
726 422 776 450 ego
793 415 828 442 ad
846 415 990 442 beatorum

195 463 298 492 Christi
320 466 471 497 martyrum
493 461 634 489 servitium
657 460 812 488 faciendum
834 460 990 495 proﬁcisce-

195 516 263 537 rer:
279 509 320 536 sic
341 507 430 535 facere
444 506 526 534 volui.
552 506 608 533 Sed
630 505 740 533 domina
764 512 824 532 mea
843 504 926 540 jussit
947 512 990 533 me

196 558 258 588 post
272 560 301 580 se
315 552 349 580 ad
362 550 559 585 Compendium
577 550 679 581 venire,
701 553 729 577 et
747 557 809 585 ego,
826 549 912 584 jussis
931 550 991 585 ejus

195 599 334 631 obetb‘eas,
351 605 416 625 eam
429 597 545 632 primum
560 596 680 624 caballos
701 603 776 624 meoa
789 596 889 624 habere
903 596 989 631 potui,

195 648 257 680 post
274 643 352 670 illam
373 641 406 669 ad
430 641 625 675 Compendium
648 648 761 676 pergere
783 641 863 676 coepi.
888 640 917 668 ln
937 648 990 675 qua

196 687 362 724 profectione
385 686 487 721 splenis
511 685 590 713 simul
604 693 637 713 ac
659 686 764 713 renium
784 685 878 713 dolore
898 692 990 713 corre-

198 738 268 766 ctus,
287 733 314 760 in
334 736 438 758 tantun.
453 730 564 757 affectus
583 738 658 762 sum,
677 734 709 757 ut
722 731 766 756 vix
782 730 810 757 in
827 730 920 757 decem
933 730 991 757 die-

196 779 247 806 bus
268 778 301 805 de
321 776 447 810 Trajecto
465 776 497 801 ad
521 775 694 802 V’alcutianas
715 777 858 803 venissem.
874 775 913 802 lbi
928 783 991 803 cum

195 831 240 851 me
250 823 307 857 jam
325 823 446 856 equitare
460 829 512 847 non
526 828 603 855 posse
626 822 766 852 sentirem,
787 821 848 849 veni
863 829 942 848 mane
956 822 990 848 ad

828 132 1019 161 EGINHARDI
1038 131 1184 160 ABBATIS

1003 207 1028 235 Α
1071 187 1205 235 Quamvis
1229 187 1355 223 perplura
1380 187 1436 235 sint
1458 187 1490 214 de
1516 186 1615 221 quibus
1635 188 1824 222 cognoscendis

1774 132 1821 161 528

1042 232 1108 260 mihi
1127 240 1192 260 cura
1209 240 1269 260 esse
1285 236 1385 267 potest,
1405 232 1459 261 duo
1474 236 1563 259 tamen
1579 236 1642 259 sunt
1656 239 1772 266 quorum
1787 240 1826 260 me

1041 279 1204 314 inpmsenti
1229 278 1317 313 major
1340 279 1484 307 curiositas
1508 283 1590 307 tenet.
1616 278 1715 310 Unum,
1740 278 1827 307 ubiet

1040 325 1147 359 quando
1161 325 1295 359 generalis
1310 325 1354 351 ille
1365 329 1515 351 conventus
1528 324 1668 351 habendus
1683 324 1735 356 sit;
1760 323 1827 352 alte-

1040 377 1110 402 rum,
1125 370 1147 397 si
1160 370 1274 397 domnus
1283 370 1454 397 lllotariusin
1469 370 1572 396 ltaliam
1588 370 1696 401 reverti,
1710 374 1756 397 aut
1767 377 1828 397 cum

1040 419 1117 450 patre
1132 423 1242 443 manere
1253 416 1366 443 debeat?
1388 416 1426 443 De
1440 416 1483 443 his
1501 415 1605 442 duobus
1616 419 1723 442 certum
1734 423 1778 442 me
1789 415 1830 442 [a-

1040 468 1102 487 cere
1113 460 1234 488 charitas
1251 465 1343 488 vestra
1355 468 1408 487 non
1426 452 1650 496 graveturfNam
1673 460 1771 487 horum
1782 467 1830 487 no-

1041 506 1111 538 titia,
1135 506 1195 541 plus
1217 513 1299 540 quam
1315 510 1476 533 ceterarum
1504 512 1606 536 rerum,
1622 512 1683 539 qua:
1697 504 1770 540 apud
1783 512 1830 533 vos

1041 556 1170 586 aguntur,
1185 551 1306 586 indigeo;
1322 551 1451 586 quoniam
1471 558 1505 577 ex
1520 550 1562 577 his
1576 550 1675 585 pendet
1697 550 1762 584 quid
1778 557 1830 586 ego

1042 596 1132 624 facere
1149 597 1274 630 debeam,
1289 597 1311 624 si
1324 597 1414 624 divina
1429 597 1515 632 pietas
1529 597 1595 623 mihi
1606 596 1696 623 favere
1709 596 1829 632 dignabi-

1041 645 1085 670 tur
1096 645 1125 667 ut
1134 641 1236 676 aliquid
1247 640 1372 669 utilitatis
1379 640 1470 668 facere
1479 641 1591 669 valeam.
1598 641 1667 675 Opto
1674 646 1705 668 ut
1713 645 1751 674 te,
1763 642 1830 668 ami-

1041 694 1134 713 corum
1147 693 1268 714 meorum
1282 686 1479 719 amantissime,
1491 686 1560 713 bene
1571 685 1704 713 valentem
1719 686 1774 714 cito
1788 686 1829 714 vi-

1041 731 1105 758 dere
1117 739 1230 759 merear.
1486 766 1493 772 '

1300 777 1468 806 EPISTOLA
1483 777 1564 804 XLV.

1325 831 1359 850 AD
1372 831 1398 851 (ἱ.
1409 830 1540 851 (ΞΟΙΙΤΕΙ.

196 873 321 896 sanctum
334 867 366 894 N.
382 866 531 899 navigando
546 870 626 899 atque
642 866 678 892 ibi
694 874 764 891 nunc
785 866 811 892 in
824 865 928 900 magnis
943 873 990 892 an-
1004 877 1027 907 Β
1077 866 1256 895 Dilectissimo
1272 867 1360 900 fratri,
1375 868 1408 895 (ἱ.
1425 868 1543 903 glorioso
1566 868 1659 895 comiti
1674 871 1757 902 atque
1780 875 1830 902 op-

197 914 293 950 gustiis
305 921 337 941 ac
352 912 490 939 doloribus
504 911 616 946 positus,
631 919 722 945 quu‘so
735 916 816 944 atque
828 918 877 938 oro
891 915 921 937 ut
934 911 990 946 pic-

197 964 239 986 tas
252 962 340 985 vestra
356 958 420 984 mihi
438 957 573 983 licentiam
590 956 653 982 dare
670 956 796 990 dignetur
813 956 939 991 pergendi
956 956 990 983 ad

199 1004 297 1035 locum,
311 1003 338 1029 in
351 1010 404 1038 quo
416 1003 521 1037 piorum
534 1006 709 1036 patronorum
723 1005 874 1027 vestrorum
884 1004 991 1027 sacrata

198 1054 310 1082 corpora
327 1046 509 1081 requiescunt.
534 1044 646 1072 Possum
662 1044 734 1071 enim
757 1044 819 1071 illuc
839 1044 945 1079 navigio
963 1044 991 1071 in

198 1092 352 1127 quindecim
368 1091 463 1118 diebus
477 1090 510 1117 de
525 1093 619 1121 sancto
636 1089 668 1116 N.
688 1089 789 1116 venire.
809 1089 931 1124 Magnam
946 1097 992 1116 vo-

198 1138 240 1164 bis
252 1144 344 1164 coram
360 1136 415 1163 Deo
429 1135 581 1162 mercedem
594 1141 754 1169 comparare
769 1134 891 1169 potestis,
911 1133 933 1161 si
948 1141 991 1160 mc.

199 1182 234 1209 ad
255 1181 395 1209 servitium
417 1184 574 1208 sanctorum
595 1187 705 1206 suorum
723 1179 763 1206 ire
781 1178 949 1213 permittitis,
968 1178 991 1205 si

199 1232 289 1255 tamen
309 1227 354 1254 illo
372 1227 448 1254 vivus
467 1226 608 1262 pervenire
627 1231 750 1260 potuero.
768 1226 854 1253 Credo
867 1226 938 1260 quod
954 1226 990 1253 illi

198 1272 285 1300 sancti
308 1276 441 1307 martyres
462 1279 511 1306 pro
531 1271 608 1298 vobis
628 1271 698 1306 apud
717 1271 799 1298 Dcnm
824 1271 991 1298 intercedere

198 1316 331 1347 debeant,
347 1316 369 1342 si
390 1323 484 1343 eorum
500 1314 639 1342 servitium
653 1318 745 1342 vestro
758 1315 869 1342 servitio
882 1320 992 1350 antepo-

199 1369 265 1389 nere
284 1361 433 1388 volueritis.
456 1359 524 1388 Nam
540 1368 591 1396 ego
613 1361 640 1387 in
664 1360 737 1387 nullo
758 1360 811 1387 alio
834 1360 893 1388 loco
917 1361 990 1396 regni

200 1407 283 1437 vestri
312 1406 442 1441 majorem
472 1405 622 1441 profectum
646 1406 722 1433 vobis
750 1404 838 1432 facere
863 1413 990 1440 possum,

200 1461 281 1488 quam
296 1452 342 1483 ibi.
359 1452 382 1480 si
399 1459 442 1480 me
454 1452 487 1479 ad
502 1451 553 1479 hoc
566 1450 693 1485 adjuvare
708 1451 857 1478 volueritis.

461 1515 628 1543 EPISTOIA
649 1515 739 1543 XLlll.

476 1570 510 1589 AD
520 1569 548 1589 1.
559 1569 713 1589 ιηδεορωι.

237 1619 352 1647 Domino
365 1622 460 1646 sancto
475 1623 503 1646 et
525 1618 625 1646 merito
647 1617 794 1645 venerabili
814 1617 847 1644 N.
866 1625 990 1645 reveren-

201 1665 307 1693 tissimo
321 1665 457 1699 episeOpo.
474 1663 645 1699 Eginhardus
662 1667 799 1697 peccator.

238 1712 421 1746 Omnipotenti
441 1711 497 1739 Deo
515 1715 544 1738 et
564 1710 679 1738 Domino
692 1715 785 1737 nostro
803 1708 866 1737 Jesu
883 1709 991 1737 Christo

161 1774 171 1784 .
200 1762 319 1794 quantas
329 1757 405 1785 valeo
422 1757 523 1792 gratias
536 1763 617 1791 agere
637 1762 691 1782 non
706 1762 795 1787 cesso,
808 1755 871 1789 quia
892 1754 992 1789 glorio-

201 1804 340 1831 sissimum
359 1807 388 1830 et
399 1810 414 1829 a
428 1802 484 1829 Deo
495 1805 698 1833 conservatum,
709 1807 869 1835 semperque
881 1807 988 1828 conser-

205 1848 322 1876 vandum
334 1847 471 1875 dominum
486 1853 577 1874 meum
594 1845 744 1873 Hlotarium
766 1845 917 1880 Augustum
934 1845 989 1872 sal-

205 1901 267 1921 vum
279 1898 307 1920 et
326 1893 500 1925 incolumem,
517 1899 549 1919 ac
562 1895 599 1924 te,
621 1890 687 1918 milii
713 1891 914 1923 charissimam,
939 1899 993 1918 una

203 1947 267 1966 cum
282 1937 343 1970 illo,
361 1937 395 1965 de
405 1938 481 1965 Italia
497 1937 603 1965 venisse
629 1936 746 1971 cognovi
766 1945 773 1963 :
791 1940 819 1963 et
832 1939 897 1971 opto
912 1940 993 1971 angue

205 1991 254 2011 oro
265 1987 296 2011 ut
308 1983 353 2010 ille
363 1990 407 2010 me
418 1983 474 2010 cito
487 1983 627 2017 permittat
648 1981 693 2009 illo
711 1981 814 2013 venire,
833 1981 877 2008 ubi
902 1986 993 2008 vestra

203 2028 339 2064 corporali
350 2028 494 2064 praesentia
505 2027 606 2063 perfrui
620 2034 739 2055 merear.
765 2027 866 2054 Tamen
883 2027 993 2053 interim

203 2074 366 2108 parvitatem
379 2080 466 2099 meam
478 2077 531 2099 tuae
546 2072 683 2105 charitati,
699 2080 732 2100 ac
746 2079 796 2107 per
814 2075 841 2099 te
859 2072 995 2106 illiuspie—

206 2118 266 2149 tati,
279 2116 441 2145 commendo
451 2136 458 2147 ,
476 2124 508 2143 ac
530 2117 662 2151 deprecor
673 2121 703 2144 ut
717 2125 749 2145 ex
765 2116 865 2144 nullius
882 2124 995 2151 persua-

206 2164 283 2192 sione
310 2162 415 2189 sinistrl
440 2161 542 2197 aliquid
556 2163 590 2190 de
612 2170 672 2190 mea
698 2163 846 2197 pusillitate
861 2162 993 2197 suspicari

1043 913 1149 946 timati,
1179 913 1349 948 Eginltardus
1374 914 1567 948 sempiternam
1595 913 1621 940 in
1649 913 1765 940 Domino
1789 921 1832 941 sa-

1043 957 1136 985 lutem.

1078 1002 1192 1038 Semper
1202 1002 1361 1030 benevolam
1375 1010 1440 1038 erga
1455 1010 1498 1030 me
1511 1003 1584 1031 sensi
1595 1003 1768 1031 dilectionem
1786 1010 1833 1030 ve-

1042 1053 1137 1080 stram,
1153 1048 1201 1075 sed
1215 1055 1353 1083 nunquam
1369 1047 1428 1082 plus
1441 1055 1522 1082 quam
1535 1047 1625 1080 modo,
1639 1049 1748 1082 quando
1764 1048 1834 1075 mihi

1042 1093 1179 1120 licentiam
1202 1093 1368 1127 impetrastis
1381 1093 1510 1128 pergendi
1523 1093 1557 1119 ad
1568 1094 1708 1120 servitium
1720 1097 1832 1121 sancto-

1043 1145 1102 1165 rum
1120 1137 1267 1164 Marcellini
1286 1142 1314 1164 et
1329 1137 1417 1170 Petri,
1442 1138 1488 1172 qui
1504 1137 1547 1164 «011
1562 1137 1613 1164 hoc
1634 1137 1735 1164 factum
1760 1138 1834 1172 apud

1042 1181 1124 1208 Deum
1147 1181 1321 1209 intercessori
1345 1186 1418 1208 1111111.
1445 1181 1478 1207 Et
1498 1181 1557 1208 ideo
1591 1181 1750 1216 benignitati
1783 1188 1832 1209 ve-

1041 1231 1105 1253 strm
1120 1230 1237 1261 quantas
1250 1226 1327 1253 valeo
1340 1226 1441 1261 gratias
1465 1234 1516 1261 ago
1535 1231 1562 1254 et
1579 1226 1678 1253 obnixe
1701 1226 1835 1261 deprecor

1041 1276 1071 1298 ut
1084 1271 1232 1299 secundum
1248 1271 1345 1298 bonam
1360 1270 1584 1298 consuetudinem
1598 1275 1718 1298 vestram
1728 1278 1777 1305 pro
1787 1279 1834 1298 me

1041 1324 1149 1351 semper
1162 1324 1223 1344 esse
1236 1316 1383 1351 dignemini
1403 1321 1457 1342 tam
1478 1316 1549 1350 apud
1562 1316 1701 1342 dominum
1716 1316 1835 1351 impera-

1042 1366 1139 1394 torem,
1154 1369 1234 1396 quam
1246 1361 1317 1396 apud
1330 1360 1399 1388 ﬁlios
1413 1360 1483 1395 ejus,
1493 1360 1665 1395 maximeque
1677 1361 1749 1394 apud
1758 1361 1835 1388 dom-

1042 1415 1104 1434 num
1119 1406 1270 1434 Hlotarinm
1284 1411 1308 1438 ε,
1319 1405 1485 1440 Augustum,
1500 1405 1526 1432 in
1543 1405 1620 1439 cujus
1634 1405 1750 1440 pietate,
1770 1405 1836 1433 licet

1041 1452 1202 1484 immeritus,
1217 1459 1341 1487 magnam
1357 1451 1443 1478 habeo
1457 1450 1592 1478 fiduciam.
1614 1450 1747 1478 Cmterum
1766 1459 1835 1486 rogo

1040 1506 1088 1525 vos
1105 1502 1135 1525 ut
1148 1506 1197 1533 pro
1213 1497 1244 1524 N.
1265 1498 1379 1534 pictore,
1395 1497 1492 1524 devoto
1505 1496 1614 1531 juniore
1640 1501 1742 1529 vestro,
1757 1505 1833 1524 mer—

1004 1548 1026 1579 C
1042 1543 1134 1570 cedem
1148 1543 1248 1571 habere
1261 1543 1360 1576 velitis,
1370 1547 1398 1570 et
1412 1550 1473 1570 eum
1486 1542 1622 1576 adjuvare,
1634 1546 1662 1569 et
1673 1543 1743 1576 apud
1756 1542 1835 1569 dom-

1043 1596 1106 1615 num
1122 1589 1313 1624 imperatorem
1330 1596 1379 1624 pro
1393 1588 1437 1615 illo
1454 1587 1622 1619 intercedere
1632 1588 1778 1621 dignemini
1788 1608 1797 1620 ,
1811 1581 1842 1615 si.

1042 1640 1193 1667 congruum
1223 1633 1310 1661 locum
1338 1633 1460 1660 videritis
1477 1652 1485 1665 ,
1512 1640 1545 1660 ne
1573 1641 1622 1668 per
1648 1633 1838 1668 cujuscunque

1042 1679 1171 1706 invidiam
1187 1679 1347 1706 beneﬁcium
1363 1687 1440 1706 suum
1466 1679 1591 1711 amittat,
1618 1680 1690 1714 quod
1717 1680 1838 1708 dominis

1042 1723 1099 1750 suis
1122 1724 1190 1751 bene
1214 1724 1358 1751 serviendo
1377 1724 1530 1758 acquisivit.
1551 1724 1615 1752 111111
1641 1732 1694 1752 11011
1722 1729 1764 1763 est
1786 1733 1837 1753 nc—

1042 1776 1118 1796 cesse
1133 1769 1210 1797 vobis
1222 1769 1373 1801 nominare,
1386 1770 1431 1805 qui
1442 1770 1497 1797 sint
1512 1769 1550 1797 illi
1566 1777 1634 1805 quos
1647 1770 1673 1796 in
1688 1770 1739 1797 hac
1749 1778 1836 1801 causa

1043 1814 1157 1846 timeat;
1173 1814 1300 1848 quoniam
1330 1822 1406 1849 reque
1430 1814 1496 1842 mihi
1519 1822 1550 1842 ac
1573 1814 1650 1842 vobis
1676 1814 1731 1842 noti
1758 1820 1836 1842 sunt.

1044 1858 1160 1886 Tantum
1179 1867 1244 1895 rogo
1268 1864 1314 1891 ut.
1341 1860 1368 1887 in
1386 1865 1517 1894 quantum
1537 1861 1669 1895 potestis,
1693 1867 1755 1888 etim
1787 1861 1837 1888 ad-

1041 1904 1138 1940 juvare
1159 1905 1317 1940 dignemini.
1342 1905 1412 1940 Opto
1425 1910 1454 1933 ut
1474 1914 1583 1941 semper
1600 1907 1668 1934 bene
1681 1906 1794 1935 valeatis
1807 1907 1838 1937 in

1045 1951 1169 1979 Domino.

1302 1996 1468 2025 EPISTOLA
1485 1996 1577 2024 XLVI.

1332 2051 1366 2070 AD
1380 2050 1501 2071 ΔΒΒΔΤΕΙ
1514 2051 1540 2070 Ν.

1081 2086 1191 2114 Summa
1203 2087 1379 2116 veneratione
1386 2088 1544 2123 dignissimo
1552 2087 1600 2119 Δ111..
1613 2087 1836 2116 reverentissimo

1044 2132 1146 2164 abbati,
1158 2133 1327 2168 Eginbardus
1338 2138 1475 2168 peccator.

1082 2177 1158 2205 Sicut
1170 2186 1213 2206 me
1222 2179 1361 2213 petitionis
1372 2186 1438 2206 mea:
1446 2186 1593 2206 memorem
1601 2186 1673 2210 esse,
1684 2178 1724 2206 sic
1735 2183 1761 2205 te
1771 2186 1835 2214 pro—

208 2207 366 2256 di5_'_'emi"i‘
379 2206 477 2256 Iesu"
491 2207 576 2235 Deum
599 2211 627 2256 Ῡί
652 2212 761 2235 saneto“
776 2213 909 2256 mam”?
924 2208 994 2235 Ma"
1008 2220 1034 2250 D
1047 2224 1182 2251 missionis
1191 2206 1242 2251 tua:
1252 2224 1365 2252 oblitum
1376 2231 1436 2252 esse
1445 2232 1498 2252 non
1509 2224 1637 2256 arbitror,
1661 2206 1724 2251 licet
1747 2206 1834 2251 multa

207 2254 333 2282 cellinum
345 2260 377 2281 ac
394 2253 516 2285 Petrum.
536 2253 606 2288 quod
621 2260 741 2281 amorem
764 2258 792 2281 et
813 2254 994 2286 devotionem,

206 2307 259 2335 qua
275 2307 338 2335 erga
351 2307 399 2327 vos
413 2298 541 2326 alfectum
554 2303 598 2326 me
611 2307 671 2327 esse
698 2299 754 2327 scio
763 2319 771 2332 ,
791 2299 869 2326 vobis
882 2299 896 2319 ιι
911 2299 996 2334 expli-

206 2353 270 2374 care
288 2353 341 2373 non
360 2345 447 2373 valeo.
461 2345 496 2372 Et
515 2345 576 2373 ideo
591 2344 754 2372 llducialiter
779 2348 841 2378 peto
861 2348 907 2376 ut,
933 2351 994 2371 eum

206 2397 321 2422 venero,
337 2390 404 2418 tales
418 2397 465 2417 vos
478 2397 541 2424 erga
556 2397 599 2416 me
616 2388 736 2415 invenire
749 2395 865 2419 merear,
878 2388 996 2423 qualiter

206 2442 251 2463 me
264 2435 298 2462 dc
310 2435 388 2462 vobis
402 2434 529 2461 meritum
541 2439 603 2461 esse
620 2439 673 2460 non
688 2432 792 2460 dubito.
809 2432 879 2467 Opto
893 2434 995 2461 sancti-

207 2485 291 2508 tatem
304 2483 433 2511 vestram,
447 2482 548 2507 nostra
574 2478 768 2506 imbecillitatis
783 2486 931 2507 memorem
945 2500 952 2513 ,
968 2480 995 2507 in

208 2524 319 2553 Christo
333 2531 440 2560 semper
452 2523 522 2551 bene
531 2523 633 2551 valere.

473 2577 639 2607 EPISTOLA
655 2577 747 2608 XLIV.

456 2643 491 2664 Δυ
505 2643 531 2663 ι.
548 2642 648 2665 ΔΙΙΕυΙ
668 2641 748 2662 ΒυυΙ.

245 2682 359 2711 Domino
383 2687 478 2711 sancto
510 2689 542 2710 ac
577 2681 675 2710 merito
713 2680 861 2721 venerabili
879 2680 929 2713 Ε..
962 2681 994 2709 Ε.

210 2726 241 2756 8.
268 2728 297 2756 S.

247 2801 258 2814 ι
279 2793 453 2825 Addendum,
474 2802 526 2820 11011
546 2794 636 2821 dubito
657 2793 698 2821 vel
716 2791 780 2828 quid
795 2791 892 2826 simile,
908 2791 946 2820 ait
965 2791 996 2821 D.

212 2829 349 2864 Bouquet;
363 2827 434 2856 dom.
450 2828 543 2857 Tculet
555 2837 645 2863 precor
658 2827 784 2864 repoéuit.

1046 2273 1073 2296 et
1083 2270 1157 2296 varia
1171 2277 1261 2297 rerum
1273 2270 1464 2305 impedimenta
1473 2274 1567 2305 postea
1581 2270 1759 2302 accidissent.
1773 2277 1835 2305 qua

1047 2314 1110 2340 illud
1122 2314 1286 2349 colloquium
1301 2319 1434 2348 imstrum,
1450 2322 1503 2342 non
1518 2315 1605 2343 solum
1620 2315 1653 2342 ad
1668 2318 1777 2349 tempus
1789 2322 1835 2346 so-

1046 2360 1114 2394 pire,
1125 2360 1172 2387 sed
1187 2361 1269 2388 etiam
1276 2360 1403 2388 oblivioni
1412 2365 1548 2396 perpetua:
1556 2361 1833 2396 traderepotuissent.

1046 2405 1113 2433 Illud
1126 2406 1187 2433 dico
1197 2406 1372 2441 colloquium,
1394 2406 1516 2440 quando.
1539 2406 1567 2436 in
1579 2405 1679 2441 palatio
1692 2405 1773 2434 simul
1786 2412 1835 2440 po-

1045 2451 1101 2484 siti,
1111 2451 1144 2479 de
1153 2455 1225 2479 tecto
1232 2451 1350 2480 basin
1356 2452 1498 2482 beatorum
1504 2450 1604 2479 Christi
1610 2455 1760 2486 martyrum
1768 2450 1831 2480 Mar-

1044 2499 1135 2527 cellini
1143 2503 1171 2526 et
1179 2499 1263 2531 Petri,
1271 2507 1353 2534 quam
1364 2506 1414 2534 ego
1424 2506 1506 2531 nunc,
1515 2498 1579 2527 licet
1587 2505 1649 2527 cum
1658 2505 1758 2532 magna
1768 2497 1830 2525 ditii-

1046 2544 1158 2577 cultate,
1170 2549 1328 2575 construere
1341 2544 1448 2579 molior,
1462 2544 1544 2575 locuti
1566 2551 1671 2575 sumas.
1686 2548 1715 2570 et
1734 2543 1835 2576 couti-

1047 2590 1079 2617 tit
1091 2590 1160 2618 inter
1175 2597 1226 2616 nos
1239 2590 1272 2617 de
1286 2589 1394 2625 plumbo
1402 2590 1516 2618 emendo
1526 2594 1620 2617 contra
1629 2588 1746 2623 pretium
1757 2588 1833 2623 quia-

1049 2635 1175 2670 quaginta
1191 2635 1332 2664 librarum.
1349 2634 1401 2664 Sed
1419 2634 1543 2669 quamvis
1553 2642 1621 2669 opim
1768 2641 1828 2665 me

1047 2680 1111 2711 dum
1124 2680 1159 2707 ad
1173 2681 1225 2709 hoc
1241 2680 1402 2715 perductum
1417 2680 1460 2712 sit,
1477 2684 1507 2711 ut
1518 2680 1626 2715 legem“
1633 2680 1834 2712 ,κοσμίων
1890 2673 1892 2677 ’

1049 2725 1195 2753 admonere
1207 2725 1364 2760 compellat,
1380 2730 1470 2753 tamen
1479 2746 1487 2758 ,
1501 2730 1612 2761 propter
1626 2725 1761 2753 incertum
1776 2725 1832 2752 vita

1086 2791 1100 2811 δ
1115 2791 1219 2824 Teulet,
1234 2791 1328 2818 verbis.

1089 2831 1100 2846 α
1117 2825 1211 2854 Tculet
1221 2826 1281 2854 add.
1289 2826 1422 2862 juvenem.
