3976 6170
307 307 413 363 5‘29

1770 293 2157 353 EPISTGLE.

3464 296 3571 355 5'50

306 422 550 480 mortalis
575 419 866 476 terminum
887 433 1100 488 semper
1125 419 1337 474 videtur
1356 431 1478 473 esse
1497 414 1880 479 festinandum,
1910 413 1961 474 Α
1986 411 2130 468 rieso
2163 411 2432 482 optimati,
2481 411 2824 484 Bginbardus
2856 418 3114 469 aeternam
3148 411 3202 468 in
3225 411 3455 470 Domino
3480 430 3568 472 sa-

307 515 608 578 lit-bonum,
638 515 782 582 quod
813 511 889 585 [τι]
917 512 1077 567 nobis
1102 511 1414 564 inchoatum
1459 507 1608 580 [est],
1658 507 1888 561 Domino

303 605 597 660 auxiliante
620 603 953 673 perﬁciatur.
1003 602 1236 656 Proinde
1276 615 1469 670 precor
1497 597 1886 667 benignitatem

305 710 451 755 tuam
490 707 550 753 ut
578 714 664 753 me
689 699 756 753 de
781 698 970 753 eodem
1013 697 1233 766 plumbo
1273 695 1502 750 emendo
1552 708 1651 763 per
1677 692 1886 746 litteras

302 801 424 845 tuas
456 788 697 858 digneris
748 787 926 843 facere
955 787 1247 842 certiorem
1278 802 1294 851 ;
1345 793 1406 839 ut
1434 785 1574 838 scire
1605 782 1810 836 valeam
1839 781 1883 836 si

300 880 505 949 aliquid
537 879 663 933 inde
682 879 859 933 adhuc
879 878 1191 933 inchoatum
1229 877 1321 941 sit,
1348 883 1423 942 et,
1465 875 1510 930 si
1535 875 1775 929 nondum
1804 873 1885 928 in-

298 970 554 1024 choatum
574 977 686 1032 est,
710 968 928 1037 quando
942 967 1185 1023 inchoari
1211 975 1287 1032 et,
1319 966 1550 1021 Domino
1573 963 1882 1033 adiuvante,

297 1057 485 1128 perﬁci
507 1057 564 1112 id
588 1058 763 1126 ipsum
789 1058 1062 1127 negotium
1086 1058 1303 1113 debeat.
1359 1057 1568 1112 Idcirco
1604 1072 1703 1114 oro
1733 1064 1884 1112 tuam

296 1163 648 1220 permagnam
670 1149 994 1204 charitatem
1017 1158 1077 1202 ut
1097 1163 1204 1214 me,
1228 1149 1295 1203 de
1325 1149 1429 1203 hac
1445 1163 1523 1211 re,
1547 1162 1645 1216 per
1673 1147 1885 1202 litteras

295 1246 438 1304 tuas,
464 1239 756 1294 certiorem
777 1237 958 1294 facere
1005 1254 1111 1293 non
1143 1239 1406 1308 graveris.
1463 1237 1604 1308 Opto
1643 1245 1722 1304 ut,
1774 1236 1881 1294 mei

293 1343 528 1396 memor.
545 1344 762 1399 semper
797 1329 938 1383 bene
959 1328 1144 1384 valeas
1169 1327 1226 1382 in
1255 1328 1504 1382 Domino.

791 1437 1125 1494 EPISTOLA
1173 1438 1375 1494 XLVII.

918 1526 988 1564 ΔΙ)
1025 1525 1247 1566 Ακιεωι.

361 1602 606 1658 Destatu
629 1617 810 1658 rerum
856 1601 1238 1673 palatinarum,
1287 1602 1422 1657 nihil
1471 1603 1605 1657 mihi
1643 1603 1882 1658 scribere

288 1702 435 1761 pcto,
492 1693 618 1763 quia
659 1693 880 1747 nihilex
905 1693 1007 1756 his,
1060 1707 1182 1762 qua:
1209 1691 1365 1764 [illic]
1393 1701 1646 1762 aguntur,
1691 1693 1880 1749 audire

285 1781 546 1838 delectat.
604 1783 681 1838 De
704 1783 916 1839 caeteris
944 1784 1134 1839 amicis
1171 1783 1327 1849 meis,
1375 1784 1422 1838 si
1453 1792 1506 1838 te
1533 1791 1762 1853 excepto
1788 1783 1878 1838 ali-
1907 1764 1955 1824 Β

285 1873 411 1940 quis
435 1872 720 1937 remansit,
767 1886 958 1944 magna
986 1879 1072 1927 est
1099 1873 1230 1927 mihi
1257 1889 1388 1928 cura
1424 1889 1753 1944 cognoscere
1783 1873 1874 1928 ubi

283 1964 405 2019 sitis
456 1972 511 2018 et
535 1964 666 2034 quid
701 1965 894 2036 agatis.
938 1963 1064 2019 ideo
1101 1965 1354 2020 charitati
1379 1973 1483 2020 tute
1525 1965 1626 2020 has
1667 1964 1877 2020 litteras

282 2057 507 2110 mittere
530 2055 736 2120 curavi,
759 2063 818 2109 ut
845 2063 896 2110 te
923 2056 1448 2111 commonefacerem
1476 2054 1716 2112 scribere
1742 2056 1876 2110 mibi

281 2147 352 2204 de
379 2149 468 2204 his
491 2163 612 2218 qua:
631 2155 864 2218 aguntur
884 2161 1015 2219 erga
1040 2155 1115 2214 te,
1144 2149 1197 2202 id
1224 2156 1330 2214 est,
1363 2148 1511 2219 quali
1547 2149 1718 2204 uteris
1745 2147 1878 2202 vali-

281 2239 498 2304 tudine,
528 2246 583 2293 et
607 2237 693 2291 vel
721 2237 938 2306 quando
959 2238 1178 2292 evenire
1203 2239 1374 2306 possit
1402 2246 1480 2301 ut,
1518 2239 1629 2292 vita
1655 2239 1876 2304 comite,

281 2327 353 2382 ad
395 2328 630 2384 invicem
654 2341 754 2381 nos
780 2325 1080 2381 videamus.
1135 2326 1290 2396 Szepe
1316 2327 1462 2381 enim
1496 2335 1550 2381 te
1584 2327 1766 2381 videre
1810 2342 1875 2382 ac

281 2424 475 2472 tecum
523 2415 670 2484 loqui
723 2415 1068 2470 desideravi:
1126 2415 1221 2470 sed
1274 2431 1552 2485 nunquam
1600 2418 1880 2472 ardentius

277 2522 454 2578 quam
479 2507 660 2570 modo,
697 2505 822 2575 quia
845 2521 1121 2576 nunquam
1151 2507 1281 2561 mihi
1313 2506 1486 2576 major
1517 2508 1762 2562 incubuit
1788 2522 1880 2564 ne-

277 2597 523 2652 cessitas
537 2603 595 2649 ut
611 2596 678 2652 de
699 2597 908 2666 agenda
927 2597 1035 2651 vita
1066 2611 1190 2651 cum
1207 2599 1383 2653 amico
1397 2598 1702 2653 conferrem
1715 2607 1879 2668 atque

280 2693 604 2750 tractarem,
636 2690 779 2754 quod
809 2701 934 2741 cum
971 2686 1188 2743 nemine
1235 2687 1491 2744 libentius
1520 2689 1663 2744 facio
1709 2703 1876 2760 quam

279 2783 490 2842 tecum,
512 2778 655 2848 quod
682 2778 736 2833 in
759 2778 958 2835 nullius
988 2779 1092 2834 ﬁde
1113 2779 1371 2850 majorem
1401 2783 1576 2839 habeo
1598 2783 1872 2839 ﬁduciam.

279 2868 409 2923 Misi
446 2882 546 2937 per
571 2867 712 2923 hunc
735 2884 963 2938 puerum
992 2869 1202 2926 litteras
1231 2873 1296 2927 ad
1324 2873 1390 2927 N.
1414 2874 1690 2941 abbatem,
1711 2891 1876 2946 quem

277 2973 437 3030 rogo,
467 2958 513 3012 si
547 2958 628 3012 ire
650 2960 911 3028 potuerit,
941 2975 1037 3030 per
1067 2961 1300 3030 aliquem
1355 2971 1568 3019 tuorum
1603 2981 1774 3036 usque
1808 2967 1877 3023 ad

278 3049 437 3104 illum
487 3048 681 3104 deduci
707 3049 902 3114 facias,
934 3059 1048 3117 aut,
1084 3052 1130 3106 si
1160 3051 1318 3117 forte,
1352 3061 1574 3124 propter
1598 3055 1875 3111 lassitudi-

276 3154 412 3194 nem
429 3137 824 3206 jumcntorum,
849 3150 910 3194 ut
957 3141 1142 3196 venire
1169 3142 1326 3207 solet,
1381 3143 1722 3214 longius.ire
1765 3161 1875 3201 non

276 3228 506 3298 poterit,
545 3242 740 3298 precor
775 3237 837 3282 ut
877 3229 1086 3285 litteras
1112 3272 1128 3296 ,
1167 3245 1304 3300 quas
1342 3231 1759 3300 Folc‘onimltto,
1806 3235 1876 3291 ab

276 3335 343 3374 eo
381 3319 640 3389 accipias,
671 3327 727 3372 et
772 3321 824 3374 ei
852 3333 950 3390 per
971 3321 1202 3390 aliquem
1231 3323 1456 3393 dirigas,
1501 3339 1735 3394 eumque
1754 3339 1878 3395 pre-

277 3410 427 3465 ceris
451 3417 510 3463 ut
538 3411 669 3464 mihi
706 3411 1050 3482 respondeat,
1083 3409 1244 3482 a‘tque
1278 3429 1617 3484 responsum,
1649 3417 1795 3485 quod
1823 3417 1875 3474 el

279 3504 417 3559 dare
442 3504 733 3573 placuerit,
761 3505 856 3560 tibi
889 3509 1163 3574 remittat;
1216 3516 1270 3563 et
1295 3518 1350 3563 tu
1370 3511 1436 3563 ad
1465 3527 1570 3577 me,
1610 3527 1734 3567 cum
1765 3513 1878 3583 pri-

276 3609 432 3649 mum
471 3594 724 3650 idoneum
750 3595 1075 3666 perlatorem
1114 3599 1408 3664 inveneris,
1442 3600 1617 3669 ipsum
1646 3615 1876 3671 respon-

276 3699 406 3740 sum
432 3682 602 3739 facias
627 3685 933 3754 pervenire.
993 3686 1134 3757 Opto
1175 3697 1247 3752 te,
1281 3689 1578 3744 amicorum
1617 3693 1878 3747 amantis-

278 3777 443 3840 sime,
467 3791 682 3847 semper
709 3778 763 3833 in
807 3777 1026 3835 Christo
1051 3781 1190 3836 bene
1215 3781 1394 3836 valere
1430 3789 1485 3838 et
1522 3783 1630 3838 mei
1662 3797 1869 3838 memo-

281 3885 406 3927 rem
443 3882 586 3925 esse.

787 3940 1122 3998 EPISTOLA
1149 3939 1377 3995 XLVIII.

822 4051 892 4090 ΑΙ)
930 4051 982 4089 Ν.
1025 4044 1337 4089 EPISCOPUI.

359 4123 590 4178 Domino
619 4134 808 4182 sancto
828 4133 886 4180 et
897 4126 1092 4180 merito
1115 4122 1411 4180 venerabili
1431 4121 1521 4189 N.,
1551 4125 1876 4182 reverentis-

285 4215 428 4270 simo
455 4215 793 4287 Eginhardus
820 4226 1094 4289 peccator.

357 4305 465 4360 Iste
492 4306 778 4379 presbyter
803 4309 1018 4364 nomine
1049 4307 1112 4362 N.
1140 4308 1350 4378 rogavit
1389 4323 1476 4363 me
1497 4307 1786 4379 plurimum
1816 4318 1876 4364 ut

283 4412 386 4466 pro
415 4396 507 4450 illo
535 4399 677 4468 apud
712 4414 807 4453 vos
829 4398 1243 4466 intercederem,
1277 4409 1336 4454 ut
1361 4415 1491 4469 erga
1523 4399 1674 4454 illum
1715 4398 1872 4454 mise~

288 4485 576 4541 ricorditer
602 4502 760 4560 agere
782 4487 1172 4559 diguaremini;
1211 4490 1303 4559 qui
1346 4490 1486 4545 sicut
1514 4489 1629 4560 ipse
1655 4490 1871 4556 asserit,

285 4575 340 4629 in
367 4589 564 4647 magna
579 4586 896 4646 paupertate
929 4579 1256 4635 constitutus
1268 4587 1373 4644 est,
1403 4588 1457 4634 et
1479 4593 1622 4635 nunc
1637 4579 1874 4634 maxime

284 4667 504 4735 quando
532 4667 708 4736 ipsum
735 4684 963 4739 parvum
991 4670 1390 4736 beneﬁcioluut,
1440 4671 1582 4740 quod
1608 4671 1795 4727 habuit
1818 4671 1872 4726 in

286 4753 558 4824 Bajoaria,
576 4755 814 4811 ablatum
827 4767 914 4813 est
936 4758 1131 4823 abillo,
1157 4767 1212 4814 et
1233 4757 1388 4814 alteri
1405 4761 1610 4814 datum.
1644 4757 1711 4814 Et
1726 4771 1872 4815 nunc

289 4847 461 4902 nescit
498 4847 628 4916 quid
653 4863 835 4917 agere,
878 4847 964 4904 vel
1013 4850 1248 4920 qualiter
1285 4851 1484 4906 seniori
1533 4867 1630 4907 suo
1669 4853 1873 4908 servire

287 4936 504 5004 debeat,
529 4936 654 5002 nisi,
676 4955 775 5008 per
795 4948 1032 4996 vestram
1057 4942 1522 5008 intercessionem,
1540 4943 1768 4999 domnus
1780 4943 1867 4999 ill.

287 5023 337 5079 ei
367 5026 587 5095 aliquod
610 5026 862 5082 solatium
898 5029 964 5082 ad
989 5030 1159 5084 vitam
1199 5040 1521 5099 praesentem
1571 5039 1874 5087 sustentan-

287 5113 410 5170 dam
434 5117 564 5172 dare
590 5117 920 5186 dignabitur.
960 5116 1100 5190 Opto
1129 5126 1206 5185 ut,
1244 5121 1350 5176 mei
1383 5135 1608 5187 memor,
1657 5135 1874 5194 semper

289 5201 426 5261 bene
453 5205 634 5262 valeas
655 5208 707 5262 in
723 5207 969 5275 Domino,
998 5217 1052 5264 et
1072 5211 1392 5279 parvitatem
1423 5227 1596 5267 meam
1627 5213 1872 5286 piissimo

292 5295 602 5367 imperatori
629 5301 1012 5356 commendare
1043 5301 1300 5373 digneris.

806 5409 1140 5468 EPISTULA
1178 5413 1362 5470 XLIX.

597 5500 665 5539 AD
703 5501 754 5540 Ν.
798 5497 1133 5549 ορτιιιλτιῑιι,
1173 5501 1374 5542 ΔΙΙΟυΙ
1415 5500 1571 5542 ευωι.

365 5573 728 5631 Dilectissimo
778 5575 933 5630 fratri
993 5589 1055 5628 ac
1093 5577 1353 5630 ﬁdissimo
1397 5578 1571 5632 amico
1619 5576 1713 5641 N.,
1757 5579 1873 5649 glo-

367 5699 392 5728 ι
433 5688 669 5745 Verbum
707 5689 960 5757 basilica;
993 5688 1140 5744 nullo
1169 5704 1338 5744 vacuo
1368 5691 1562 5760 spatio,
1603 5691 1657 5744 in
1689 5681 1876 5754 ωδε
1913 5687 2270 5746 desideratur.

1986 500 2172 556 lutem.

2055 592 2190 660 Quia
2222 594 2383 650 ﬁdem
2407 604 2647 651 vestram
2668 604 2778 650 tam
2806 596 2946 651 bene
2969 595 3253 665 probatam
3281 595 3477 661 habeo,
3508 602 3571 651 ut

1984 683 2290 740 nullatenus
2316 685 2562 740 dubitem
2612 701 2816 756 possm
2843 687 2998 757 quin,
3046 685 3102 741 in
3145 686 3397 742 omnibus
3429 687 3570 743 meis

1986 790 2339 846 meorumque
2362 777 2776 833 necessitatibus
2805 777 2874 832 ad
2894 786 3092 833 vestra:
3115 776 3398 832 charitatis
3413 778 3568 832 auxi-

1978 863 2116 920 lium
2146 865 2472 936 confugiant.
2529 867 2738 923 idcirco
2765 876 2824 923 et
2850 881 2995 923 nunc
3020 874 3317 938 praesentes
3360 880 3564 938 pagen-

1982 972 2073 1013 ses
2091 966 2148 1012 et
2171 957 2467 1015 familiares
2490 975 2662 1025 meos,
2689 960 2910 1015 Am.....
2949 968 3007 1015 et
3029 958 3396 1024 Theothoum,
3441 975 3568 1016 cum

1982 1051 2068 1106 his
2093 1051 2311 1118 litteris,
2342 1053 2410 1107 ad
2431 1068 2528 1108 vos
2553 1052 2751 1119 direxi,
2777 1067 3006 1123 precans
3037 1061 3095 1108 ut
3116 1066 3210 1107 eos
3231 1065 3382 1107 more
3407 1051 3567 1108 solito

1981 1156 2228 1202 amanter
2246 1148 2544 1218 suscipere,
2571 1156 2626 1202 et
2656 1147 2709 1202 in
2745 1145 3171 1203 necessitatibus
3191 1161 3402 1210 eorum,
3427 1158 3566 1214 quas

1981 1238 2136 1294 vobis
2163 1239 2581 1303 insinuaverint,
2619 1238 2760 1310 apud
2787 1238 3043 1293 domuum
3061 1237 3146 1292 ill.
3178 1243 3485 1308 augustum,
3512 1243 3568 1290 et

1981 1329 2282 1400 piissimum
2311 1337 2522 1400 patrem
2544 1328 2662 1399 ejus
2688 1327 2948 1396 adjuvare
2978 1325 3295 1397 dignemini,
3318 1325 3398 1382 sic
3417 1322 3563 1379 utili

1981 1419 2230 1476 similiter
2253 1419 2304 1473 iu
2331 1419 2660 1485 vobis,sieut
2689 1427 3140 1488 etego,magnam
3167 1416 3402 1471 habeant
3432 1411 3566 1470 ﬁdu-

1980 1508 2141 1562 ciam.
2165 1507 2305 1576 Opto
2330 1515 2612 1578 utsemper
2625 1507 2766 1562 bene
2782 1507 3031 1571 valeatis,
3051 1506 3350 1561 amicorum
3362 1503 3565 1576 optime

1982 1606 2141 1668 atque
2157 1598 2498 1654 charissitue.

2556 1688 2890 1746 EPISTOLA
2932 1689 2993 1742 L.

2551 1801 2618 1840 AD
2659 1799 2992 1840 HLOTARIUM.

2051 1871 2312 1928 Dominus
2337 1887 2513 1940 meus,
2543 1874 2822 1944 piissimus
2843 1872 3054 1941 genitor
3081 1880 3281 1936 vester,
3307 1869 3472 1941 jussit
3498 1869 3564 1925 de

1979 1964 2310 2020 monasterio
2334 1963 2422 2031 N.,
2483 1973 2545 2020 ut
2585 1965 2741 2020 nobis
2785 1962 3061 2032 adjutores
3085 1969 3140 2017 et
3184 1971 3566 2032 cooperatores

1977 2062 2162 2112 essent
2206 2055 2261 2110 in
2293 2056 2702 2112 constructione
2730 2055 2968 2111 basilicae
2988 2067 3015 2094 ι
3043 2054 3327 2109 beatorum
3361 2050 3564 2108 Christi

1977 2151 2300 2215 martyrum,
2340 2144 2634 2206 Marcellini
2673 2153 2729 2201 et
2769 2144 2934 2211 Petri,
2967 2153 3321 2214 patronorum
3356 2147 3564 2199 vestro-

1979 2248 2122 2286 rum.
2185 2232 2294 2288 Sed
2322 2234 2416 2300 illi,
2474 2243 2535 2290 ut
2573 2235 2705 2290 mihi
2732 2234 2963 2300 videtur,
3002 2233 3138 2288 nihil
3163 2232 3230 2288 de
3273 2230 3369 2286 illo
3399 2243 3565 2302 opere

1979 2321 2174 2378 facturi
2219 2333 2368 2390 sunt,
2413 2325 2519 2382 nisi
2557 2325 2732 2394 iussio
2781 2325 3082 2382 clementiae
3121 2332 3319 2380 vestra:
3375 2321 3441 2377 ad
3469 2336 3566 2377 eos

1978 2415 2180 2480 veniat,
2211 2426 2272 2470 ut
2297 2416 2379 2471 eis
2414 2415 2594 2472 denuo
2615 2418 2888 2486 praecipiat
2907 2427 2987 2482 ut,
3015 2417 3314 2472 secundant
3335 2413 3565 2484 disposi-

1980 2505 2182 2559 tionem
2220 2505 2421 2560 domini
2467 2514 2522 2560 ct
2558 2507 2820 2576 genitoris
2862 2505 3049 2570 vestri,
3093 2519 3193 2560 nos
3224 2502 3476 2572 adjuvent
3509 2502 3562 2556 in

1977 2610 2143 2665 opere
2170 2597 2448 2665 pnedicto.
2496 2597 2838 2669 Quapropter
2863 2607 2923 2652 ut
2941 2596 3092 2652 vobis
3111 2610 3328 2651 causam
3357 2609 3563 2648 memo-

1979 2686 2084 2765 rati
2111 2687 2294 2756 operis
2321 2695 2502 2741 notam
2530 2683 2796 2750 facerem,
2825 2687 2924 2741 has
2963 2699 3096 2740 mea:
3123 2683 3412 2755 parvitatis
3438 2698 3564 2752 sup-

1978 2777 2289 2848 plicatorias
2309 2777 2518 2834 litteras
2532 2788 2725 2834 vestra:
2748 2777 3104 2850 magnitudini
3130 2776 3344 2831 mittere
3355 2773 3562 2842 curavi,

1977 2884 2076 2940 per
2096 2884 2232 2939 quas
2261 2886 2390 2942 rogo
2416 2880 2470 2926 et
2491 2870 2768 2926 humiliter
2786 2879 2915 2941 pcto
2936 2877 3014 2932 ut,
3059 2875 3277 2940 propter
3321 2880 3562 2920 amorem

1977 2966 2034 3014 et
2063 2960 2324 3016 honorem
2353 2959 2556 3016 Christi
2602 2968 2920 3032 martyrum,
2975 2967 3327 3030 patronorum
3357 2965 3563 3012 vestro-

1982 3069 2119 3116 rum,
2145 3067 2334 3108 curam
2365 3053 2567 3108 habere
2618 3051 2912 3122 dignemini
2942 3053 3009 3106 dc
3027 3050 3431 3107 constructione
3464 3049 3563 3102 ba-

1980 3146 2146 3203 silica:
2173 3145 2411 3211 illorum,
2437 3152 2515 3210 ut,
2543 3160 2641 3216 per
2672 3151 2912 3200 vestrum
2935 3143 3284 3217 adiutorium,
3309 3141 3412 3196 hoc
3441 3155 3565 3210 per-

1980 3237 2215 3303 ﬁciatur,
2270 3245 2326 3291 et
2353 3236 2495 3292 detis
2524 3237 2680 3292 nobis
2706 3235 2774 3290 ad
2791 3242 3140 3306 _memoratos
3167 3234 3451 3304 episcopos
3477 3247 3565 3288 sa-

1977 3343 2128 3384 cram
2165 3326 2466 3397 jussionem
2503 3333 2740 3382 vestram
2770 3340 2867 3398 per
2908 3325 3116 3380 litteras
3163 3323 3566 3396 gloriosissima:

1978 3419 2322 3474 auctoritatis
2350 3424 2570 3483 vestras,
2603 3431 2742 3486 quas
2763 3424 3110 3470 contemnere
3139 3429 3246 3468 non
3285 3413 3520 3468 audeant
3548 3429 3560 3466 :

1975 3519 2033 3566 et
2060 3511 2184 3566 inde
2217 3510 2371 3564 vobis
2397 3525 2582 3564 coram
2610 3508 2722 3563 Deo
2769 3521 2981 3562 merces
3015 3513 3314 3568 accrescat,
3337 3513 3393 3558 et
3416 3503 3562 3562 beati

1977 3598 2245 3670 Martyres
2266 3613 2365 3668 pre
2387 3596 2540 3651 vobis
2573 3595 2932 3659 intercedant,
2989 3601 3050 3646 ut
3075 3606 3298 3662 regnum
3322 3599 3562 3646 vestrum

1976 3702 2194 3758 semper
2209 3694 2478 3757 augeatur
2517 3693 2682 3754 atque
2720 3681 2984 3745 ﬁrmetur,
3003 3688 3058 3734 et
3084 3683 3257 3732 tutum
3289 3692 3354 3731 ac
3380 3675 3563 3730 defen-

1976 3793 2095 3832 sum
2120 3783 2340 3832 maneat
2367 3773 2437 3828 ab
2463 3773 2675 3828 insidiis
2703 3781 2864 3840 atque
2917 3768 3264 3824 infestatione
3301 3764 3562 3834 maligno-

1977 3881 2098 3920 rum
2127 3863 2412 3934 spirituum
2441 3870 2497 3916 et
2523 3858 2914 3914 malevolorum
2958 3856 3259 3910 hominum.
3316 3854 3456 3925 Opto
3505 3859 3563 3906 et

1974 3971 2075 4013 oro
2119 3962 2178 4008 ut
2209 3951 2346 4008 bene
2385 3951 2562 4006 valeat
2606 3947 2859 4004 dominus
2883 3959 3036 4003 meus
3082 3961 3203 4012 rex,
3238 3951 3295 4002 et
3334 3944 3480 3999 vivat
3507 3942 3560 3996 in

1975 4054 2258 4102 mrum
2532 4106 2870 4165 EPlSTOLA
2916 4106 3000 4163 LI.

2609 4215 2676 4254 AD
2702 4213 2940 4254 εωιυει.

2046 4295 2152 4350 Pro
2172 4293 2406 4365 quodam
2442 4289 2620 4346 amico
2647 4301 2704 4346 et
2741 4289 3011 4345 familiare
3040 4301 3162 4343 meo
3190 4285 3254 4342 Ν.
3285 4284 3559 4348 videlicet.

1977 4383 2136 4442 ﬁdele
2163 4395 2367 4451 vestro,
2395 4385 2586 4456 pietati
2623 4393 2821 4438 vestra:
2866 4381 3173 4452 supplicare
3198 4381 3320 4436 volo
3346 4387 3408 4434 ut
3433 4391 3561 4432 eum

1979 4479 2256 4550 suscipere
2315 4474 2650 4545 dignemini,
2704 4483 2795 4539 et,
2835 4471 3051 4542 quando
3095 4472 3150 4524 in
3188 4479 3399 4524 vestras
3444 4483 3563 4522 ma-

1981 4586 2083 4624 nus
2122 4584 2181 4623 se
2211 4565 2708 4629 commendaverit,
2769 4563 3006 4631 aliquam
3053 4561 3475 4617 consolationem
3509 4558 3560 4614 ei

1980 4662 2195 4717 faciatis
2235 4659 2302 4714 de
2347 4655 2628 4713 beneﬂciis
2656 4671 2775 4725 qua:
2808 4654 2928 4718 hic,
2976 4654 3029 4708 in
3079 4662 3265 4708 nostra
3317 4651 3515 4706 vicinia
3544 4691 3559 4716 ,

1979 4753 2226 4808 absoluta
2267 4759 2322 4805 et
2351 4756 2539 4821 aperta
2591 4761 2714 4802 esse
2759 4755 3078 4801 noscuntur.
3107 4743 3204 4799 Est
3223 4743 3368 4798 enim
3396 4743 3561 4798 homo

1980 4845 2178 4899 nobilis
2203 4852 2260 4897 et
2286 4843 2440 4896 bona:
2469 4839 2596 4896 tldei
2621 4879 2636 4904 ,
2687 4839 2824 4893 bene
2855 4851 3070 4909 quoque
3101 4838 3290 4892 doctus
3341 4835 3408 4890 ad
3441 4850 3556 4891 ser-

1977 4935 2230 5004 viendum
2273 4932 2458 4988 utilius
2517 4932 2574 4985 in
2630 4929 2991 5000 qualicunque
3046 4928 3261 5000 negotio
3306 4926 3450 4996 quod
3507 4926 3558 4982 ei

1978 5023 2142 5080 fuerit
2194 5021 2519 5091 injunctum.
2575 5019 2816 5076 Servivit
2849 5021 2995 5075 enim
3044 5035 3146 5074 avo
3196 5027 3251 5074 et
3281 5018 3424 5088 patri
3465 5033 3557 5073 ve—

1977 5125 2094 5172 stro
2138 5113 2370 5168 ﬁdeliter
2417 5122 2472 5167 et
2517 5121 2739 5168 strenue
2776 5129 2790 5167 :
2837 5111 2917 5167 sic
2962 5120 3016 5165 et
3065 5110 3217 5165 vobis
3253 5109 3436 5166 facere
3461 5123 3558 5180 pa-

1977 5215 2130 5262 ratus
2175 5213 2260 5260 est
2291 5243 2307 5270 ,
2350 5205 2398 5259 si
2443 5201 2587 5259 Deus
2637 5203 2712 5258 illi
2769 5204 2938 5259 vitam
2984 5211 3041 5258 et
3091 5203 3379 5273 sanitatem
3431 5215 3558 5259 con-

1977 5300 2175 5356 cedere
2224 5295 2475 5352 voluerit.
2531 5295 2664 5349 Nam
2705 5295 2884 5349 adhuc
2933 5293 3090 5350 valde
3131 5293 3382 5352 inﬁrmus
3434 5303 3555 5360 est,

1979 5397 2032 5446 et
2072 5390 2194 5444 ideo
2228 5403 2332 5444 non
2357 5387 2538 5457 potest
2582 5385 2651 5440 ad
2680 5391 2916 5439 vestram
2947 5383 3294 5455 praesentiam
3323 5386 3511 5441 venire
3541 5405 3555 5442 :

1978 5481 2162 5538 veniet
2202 5496 2325 5537 cum
2358 5479 2590 5548 primum
2636 5477 2886 5547 potuerit.
2937 5475 3172 5534 Proinde
3212 5491 3408 5550 precor
3444 5479 3560 5550 pie?-

1980 5582 2146 5630 tatem
2196 5579 2434 5626 vestram
2485 5575 2543 5622 ut
2598 5581 2683 5622 me
2736 5567 2874 5622 scire
2921 5571 3247 5640 permittatis
3301 5571 3429 5643 quid
3484 5569 3560 5626 illi

3021 5743 3066 5775 κ
