3988 6178
305 319 404 376 331

1584 295 1956 359 EGINHARDI
1999 287 2290 357 ABBATIS

3476 286 3578 343 53'!

307 435 376 493 de
419 441 616 491 vestra!
661 427 919 487 bonitatis
965 431 1120 494 parte
1173 403 1496 492 promittere
1538 418 1775 490 possim;
1827 422 1887 468 ut
1915 405 1972 475 Α
1991 411 2085 466 sed
2111 407 2472 480 quodcunque
2497 416 2748 473 qtemre.
2778 418 2799 450 ι
2823 400 2942 494 llis
2971 399 3046 454 ita
3074 398 3400 494 praemissis,
3426 414 3584 471 roga-

308 488 372 582 ἐξ
397 488 539 584 bona
590 537 685 592 spe
723 520 903 581 vivat,
960 488 1132 571 donec
1175 488 1248 568 ad
1293 488 1556 569 vestram
1580 505 1892 578 pervenerit
1993 515 2116 555 mus
2161 505 2240 563 ut,
2293 506 2402 552 tam
2446 509 2544 566 per
2591 495 2736 548 hunc
2763 491 2990 546 missum
3029 504 3192 558 quam
3240 503 3341 557 per
3372 488 3590 544 litteras

848 699 1183 759 EPISTOLA
1225 698 1333 754 LII.

519 815 588 852 AI)
618 813 670 852 Il.
704 807 1084 850 ηεςηττειιωι
1121 807 1192 846 ET
1218 806 1270 844 Ν.
1297 799 1678 842 νισευοιιιιιυκ.

376 888 438 943 In
463 886 668 944 Christi
698 886 941 949 nomine,
985 881 1328 953 Eginhardus
1365 879 1553 938 abbas,
1577 873 1641 928 N.
1674 874 1900 944 presby—

313 981 523 1036 tero'et
548 977 616 1034 Ν.
649 977 1011 1040 vicedomino,
1045 973 1295 1029 ﬁdelibus
1326 970 1547 1034 nostris,
1578 967 1632 1021 in
1670 965 1902 1021 Domino

313 1077 566 1132 salutem.

383 1165 581 1221 Notum
609 1165 682 1220 sit
705 1165 856 1218 vnlxis
885 1163 1010 1232 quia
1059 1159 1308 1214 volumus
1340 1165 1400 1212 ut
1420 1157 1665 1229 eulogias
1691 1170 1902 1226 prmpa-

315 1259 424 1314 rari
475 1255 686 1311 faciatis
731 1253 1024 1308 secundum
1060 1249 1541 1314 consuetudinem,
1583 1248 1729 1304 sicut
1768 1247 1908 1302 solet

314 1353 477 1405 homo
506 1345 572 1401 ad
599 1361 736 1416 opus
777 1343 980 1397 domini
1024 1341 1105 1396 sui
1154 1339 1358 1406 facere,
1407 1347 1518 1394 tam
1551 1340 1618 1394 ad
1645 1355 1785 1411 _opus
1811 1339 1909 1393 do-

316 1443 448 1499 mini
474 1442 560 1496 Ill.
612 1457 774 1512 quam
820 1448 874 1495 et
900 1438 963 1493 Ν.
1006 1436 1249 1509 conjugis
1281 1437 1419 1506 ejus.
1471 1437 1537 1492 Et
1578 1436 1793 1506 quando
1819 1436 1909 1491 ille

319 1537 386 1591 de
421 1534 688 1590 Audriaea
722 1531 848 1586 villa
892 1531 959 1585 ad
987 1529 1380 1600 Compendium
1424 1543 1676 1583 reversus
1721 1526 1909 1594 fuerit,

320 1638 449 1684 tunc
473 1627 724 1683 volumus
763 1634 821 1680 ut
845 1624 918 1679 ibi
950 1623 1082 1678 ﬁant
1108 1628 1449 1693 praesentatte
1476 1638 1489 1674 :
1525 1627 1580 1675 et
1601 1626 1789 1690 postea
1817 1633 1912 1674 vo-

319 1719 500 1773 lumus
519 1725 576 1772 ut
602 1732 703 1787 per
725 1715 945 1772 brevem
975 1713 1129 1768 nobis
1158 1712 1428 1777 indicetis,
1457 1709 1692 1780 qualiter
1719 1709 1908 1765 illas...

322 1802 408 1865 vel
437 1809 504 1863 ab
531 1807 622 1861 illa
652 1806 880 1862 fuissent
908 1812 1159 1875 receptae.
1191 1802 1339 1858 Bene
1365 1802 1560 1858 valete.

877 1914 1210 1973 EPISTOLA
1250 1914 1382 1970 LIII.

734 2005 800 2042 AD
827 2002 1079 2052 QCESIDSSI
1105 2000 1331 2041 FIDELEI
1358 2000 1513 2040 SUUII.

394 2083 451 2138 In
491 2081 693 2136 Christi
731 2080 971 2143 nomine,
1006 2075 1372 2150 Eginbardus,
1417 2076 1616 2140 abbas,
1659 2074 1730 2128 illi
1772 2072 1912 2128 fideli

325 2179 516 2228 nostro
551 2170 797 2229 salutem.

396 2261 478 2318 Tu
525 2263 668 2317 nosti
717 2261 860 2332 quod
894 2259 1047 2329 juxta
1072 2260 1216 2329 quod
1243 2258 1535 2328 potuimus,
1587 2257 1914 2311 voluntatem

329 2365 476 2410 tuam
501 2354 794 2425 adimplere
823 2352 1168 2415 curavimus,
1215 2350 1269 2404 in
1309 2365 1374 2404 eo
1400 2349 1544 2418 quod
1571 2347 1735 2401 ﬁliam
1767 2356 1915 2401 tuam

329 2447 426 2528 tibi
457 2447 684 2502 reddere
733 2445 979 2500 facimus.
1030 2443 1095 2498 Et
1131 2443 1251 2498 ideo
1286 2456 1538 2512 rogamus
1583 2449 1636 2496 te
1663 2449 1741 2504 ut,
1791 2453 1918 2509 pro-

329 2547 452 2608 pter
475 2539 738 2594 honorem
777 2546 832 2593 et
853 2553 1094 2592 amorem
1125 2536 1301 2590 sancti
1334 2534 1401 2589 N.
1427 2543 1483 2588 et
1517 2543 1781 2598 nostrum,
1822 2549 1920 2587 no-

333 2629 414 2685 bis
450 2626 762 2684 consentias
801 2627 868 2681 ad
899 2626 1004 2682 hoc
1037 2632 1127 2692 ut,
1171 2625 1216 2681 si
1252 2625 1400 2679 illum
1443 2623 1718 2677 hominem
1764 2622 1830 2675 ad
1860 2621 1921 2674 li-

333 2724 594 2778 bertatem
617 2723 802 2777 venire
833 2721 1118 2786 faciamus,
1164 2720 1409 2776 eamdem
1438 2718 1603 2773 ﬁliam
1627 2727 1770 2772 tuam
1799 2733 1922 2787 per-

332 2813 522 2869 mittas
563 2813 618 2868 in
668 2811 975 2883 coniugium
1023 2811 1304 2880 accipere,
1349 2809 1474 2879 quia
1516 2808 1711 2862 melius
1768 2805 1923 2860 nobis

332 2905 549 2962 videtur
566 2921 706 2970 esse,
755 2913 814 2958 ut
859 2905 1054 2960 iterum
1099 2903 1175 2958 illi
1207 2901 1452 2968 homini,
1487 2901 1533 2956 si
1576 2899 1715 2954 liber
1748 2897 1923 2953 factus

335 2995 517 3074 fuerit,
550 2992 884 3068 conjugetur,
921 3007 1084 3063 quam
1119 2999 1181 3046 ut
1221 2991 1290 3060 ab
1309 2988 1560 3044 omnibus
1591 2986 1920 3057 repudietur.

337 3086 481 3141 Bene
512 3084 708 3143 valete.

351 3167 360 3172 ”
884 3171 1219 3229 EPISTOLA
1261 3171 1394 3227 Liv.

905 3283 972 3321 ΑΙ)
1002 3281 1056 3319 N.
1089 3279 1356 3319 ABBATEII.

408 3358 466 3412 In
490 3355 688 3412 Christi
718 3354 958 3418 nomine,
993 3353 1366 3425 Eginhardus,
1397 3350 1564 3404 abbas
1585 3347 1648 3402 N.
1687 3347 1925 3416 humilis,

339 3446 548 3514 abbati,
579 3445 723 3502 ﬁdeli
746 3454 908 3518 atque
934 3444 1154 3509 dilecto,
1179 3450 1439 3497 :cternam
1468 3438 1521 3495 in
1542 3439 1758 3495 Christo
1787 3439 1931 3494 salu-

341 3543 474 3594 tom.

349 3632 352 3635 ’
411 3628 706 3686 Memorem
749 3635 802 3685 te
845 3643 965 3685 esse
1009 3644 1116 3683 non
1163 3625 1348 3682 dubito
1395 3623 1633 3695 qualiter
1658 3632 1769 3678 tam
1797 3630 1853 3677 te
1877 3629 1934 3678 et

343 3735 466 3780 tuos
508 3723 640 3780 mihi
687 3719 1027 3779 commisisti.
1077 3720 1148 3775 Et
1185 3718 1440 3789 quoniam
1487 3717 1562 3772 ita
1601 3732 1660 3772 se
1684 3715 1851 3771 habet
1875 3723 1935 3771 ut

344 3826 435 3874 tua
463 3812 684 3889 propria
730 3814 971 3870 decrevit
1000 3813 1276 3878 voluntas,
1322 3827 1502 3867 meum
1550 3809 1739 3881 utique
1783 3808 1936 3864 dein-

342 3922 472 3978 ceps
503 3916 591 3964 est
617 3914 696 3970 ut,
727 3907 1036 3975 ubicunque
1062 3911 1424 3975 Opportunum
1451 3901 1652 3967 fuerit,
1683 3898 1780 3956 tibi
1804 3900 1937 3955 tuis-

342 4013 453 4070 que
495 3997 822 4069 eondignum
864 3995 1213 4066 suifragium,
1264 3994 1316 4048 in
1369 4000 1633 4063 quantum
1674 4005 1836 4046 nosse
1882 3995 1938 4045 et

342 4102 507 4161 posse
545 4087 860 4148 accesserit,
911 4087 1166 4141 manibus
1204 4083 1379 4140 modis
1423 4081 1750 4150 impendam.
1798 4078 1938 4148 Ergo

347 4185 536 4232 notum
577 4175 650 4231 sit
679 4173 950 4229 dilectioni
997 4181 1194 4227 vestra:
1235 4172 1491 4242 quoniam
1543 4169 1631 4224 ille
1675 4166 1942 4222 vassallus

348 4273 561 4330 noster,
582 4277 799 4320 necnon
821 4271 878 4318 et
903 4260 1011 4316 ﬁlia
1038 4271 1156 4324 tua,
1190 4276 1376 4318 amore
1407 4258 1666 4330 coniugii,
1702 4257 1841 4312 alter
1862 4256 1940 4310 al-

351 4365 538 4413 terum
555 4353 804 4426 adipisci,
845 4351 1074 4408 Domino
1113 4349 1326 4420 favente
1353 4358 1412 4405 et
1430 4359 1612 4406 vestra
1640 4345 1939 4410 voluntate,

349 4444 596 4517 eripiunt.
636 4442 1002 4513 Quamobrem
1038 4441 1105 4497 ad
1132 4454 1230 4495 vos
1255 4440 1469 4496 mittere
1498 4439 1734 4504 decrevi,
1783 4437 1937 4492 inno-

353 4542 628 4594 tescentes
645 4535 792 4608 quod
835 4543 948 4590 tam
979 4533 1140 4589 matri
1169 4541 1225 4586 et
1263 4530 1441 4597 fratri,
1487 4545 1650 4602 quam
1677 4538 1735 4585 et
1759 4528 1934 4584 omni-

351 4632 456 4688 bus
480 4629 830 4703 propinquis,
877 4629 926 4684 si
951 4627 1106 4682 vobis
1153 4624 1332 4696 placet
1373 4633 1435 4679 ut
1473 4622 1585 4684 ﬁat,
1637 4633 1936 4690 congruum

350 4735 475 4786 esse
498 4719 738 4776 videtur.
782 4716 1010 4790 Insuper
1035 4715 1200 4770 etiam
1239 4727 1340 4784 ego
1369 4727 1478 4768 non
1520 4709 1693 4765 solum
1724 4719 1784 4762 ut
1812 4721 1939 4762 con-

353 4814 603 4871 ﬁrmetur
626 4808 774 4873 volo,
823 4806 920 4862 sed
949 4812 1011 4859 ut
1055 4803 1375 4878 honoriﬁce,
1402 4808 1566 4872 prout
1607 4799 1768 4854 citius
1817 4811 1939 4852 esse

353 4902 576 4978 poterit,
619 4899 668 4956 si
702 4898 837 4953 mihi
871 4896 938 4951 ad
966 4879 1708 4967 perﬁciendumpotestatem
1735 4889 1942 4946 dederi-

354 4995 448 5061 tis,
479 5003 591 5066 tam
617 4990 678 5047 in
710 4985 1014 5052 beneﬁciis,
1045 4999 1209 5056 quam
1237 4983 1290 5038 in
1313 4983 1432 5038 aliis
1458 4982 1637 5045 rebus,
1670 4979 1938 5049 condigne

355 5085 607 5156 supplere
630 5080 812 5151 cupio.
853 5077 1080 5146 Insuper
1126 5075 1272 5132 idem
1298 5075 1416 5145 ipse
1452 5071 1709 5144 praefatus
1739 5067 1941 5125 vassal-

355 5179 442 5232 lus
464 5177 646 5232 dotem
676 5171 865 5229 dahit:
911 5175 1074 5241 auget
1104 5181 1327 5248 munera
1357 5183 1370 5219 :
1417 5161 1794 5218 tantummodo
1814 5162 1941 5228 huic

357 5272 438 5327 rei
463 5276 712 5343 superest
734 5273 910 5323 utaut
935 5277 1034 5320 vos
1057 5262 1156 5334 ipsi
1179 5261 1246 5318 ad
1269 5261 1376 5318 hoc
1396 5272 1532 5327 opus
1554 5255 1940 5327 perliciendum

358 5377 458 5431 per
498 5374 742 5433 prmus
784 5357 973 5420 venire
1023 5369 1136 5410 non
1163 5350 1450 5415 ditferatis,
1479 5357 1596 5414 aut,
1630 5355 1692 5402 ut
1724 5361 1754 5401 a
1787 5346 1944 5401 nobis

357 5455 704 5527 perﬁciatur,
742 5452 1016 5529 licentiam
1039 5446 1369 5508 concedatis.
1403 5443 1619 5500 Scimus
1638 5441 1784 5498 enim
1814 5439 1943 5511 quid

359 5559 460 5616 per
493 5557 755 5614 praesens,
805 5540 1032 5597 Domino
1075 5538 1290 5594 favente
1311 5577 1326 5602 ,
1364 5534 1585 5605 explere
1616 5545 1942 5603 possumus;

365 5636 461 5692 sed
486 5635 614 5704 quid
638 5632 817 5688 futura
844 5632 1022 5702 pariat
1038 5629 1155 5686 dies
1179 5630 1510 5699 ignoramus.
1543 5625 1668 5680 Ideo
1684 5623 1944 5692 scriptum

367 5734 488 5784 est:
547 5744 566 5774 ‹
599 5723 716 5780 Non
743 5731 915 5780 cesset
957 5737 1148 5777 manus
1181 5729 1293 5780 tua,
1337 5733 1440 5773 non
1469 5725 1646 5772 cesset
1675 5730 1772 5785 pes
1799 5723 1941 5778 tuus.

1993 601 2227 655 vestras,
2264 605 2364 645 nos
2387 589 2454 643 de
2481 589 2587 642 hac
2621 599 2684 639 re
2709 595 2889 640 certes
2917 582 3146 638 reddere
3167 582 3412 637 studeas.
3442 581 3594 637 Bene

1901 689 1904 696 '
1995 684 2193 738 valete.

2562 768 2892 827 EPISTOLA
2935 767 3048 822 LV.

2545 878 2612 914 Αἰ)
2643 877 2695 914 N.
2722 874 3014 914 EPISCOI’IJI
3023 898 3036 910 .

2070 959 2263 1013 Merito
2291 954 2585 1011 venerabili
2607 953 2828 1008 domino
2846 950 2911 1004 Ν.
2930 951 2994 1005 Ε.
3012 949 3240 1020 Propter
3260 951 3596 1020 paucitatem

2003 1052 2376 1106 ministrorum
2407 1047 2615 1110 altaris,
2659 1044 2806 1115 cogit
2839 1058 2928 1097 me
2968 1042 3270 1098 necessitas
3290 1042 3600 1112 supplicare

2002 1141 2279 1198 sanctitati
2307 1146 2507 1194 vestrae
2536 1145 2597 1191 ut
2641 1137 2788 1190 hunc
2811 1134 3090 1196 clericum,
3139 1133 3360 1189 nomine
3397 1132 3492 1199 Ν..
3519 1134 3598 1187 ad

2004 1235 2236 1305 gradum
2279 1232 2596 1287 diaconatus
2641 1229 2897 1284 ordinare
2945 1228 3256 1299 dignemini.
3305 1228 3403 1282 Est
3446 1229 3598 1282 enim

2005 1341 2113 1381 non
2141 1325 2316 1380 solum
2358 1331 2553 1388 aetate,
2585 1322 2679 1377 sed
2714 1322 2880 1376 etiam
2905 1322 3214 1378 eruditione
3257 1322 3325 1376 ad
3352 1322 3458 1376 hoc
3481 1322 3598 1376 ido-

2009 1431 2164 1471 neus.
2212 1415 2279 1470 Et
2304 1415 2424 1469 ideo
2450 1413 2700 1468 misimus
2737 1412 2888 1466 illum
2929 1412 2996 1466 ad
3023 1420 3217 1468 vestrae
3243 1411 3601 1482 benignitatis

2008 1506 2377 1578 prazsentiam,
2413 1513 2475 1559 ut
2501 1520 2649 1569 eum,
2697 1519 2730 1558 a
2760 1503 2914 1558 vobis
2935 1503 3137 1558 iterum
3179 1505 3245 1558 ad
3280 1503 3598 1574 praedictum

2011 1597 2240 1669 gradum
2268 1603 2669 1658 consecratum,
2697 1594 2946 1663 recipere
2978 1607 3305 1648 mereamur.
3335 1592 3481 1662 Opto
3505 1609 3603 1650 vos

2015 1689 2070 1744 in
2091 1687 2314 1743 Christo
2335 1699 2551 1755 semper
2575 1686 2714 1738 bene
2739 1682 2944 1737 valere.

2578 1812 2918 1869 EPISTOLA
2958 1811 3092 1868 LVI.

2550 1925 2615 1963 ιι)
2667 1922 3070 1962 ΠΙΡΕΒΛΤΟΒΕΙ.

2085 2029 2238 2083 Novo
2262 2034 2319 2082 et
2356 2023 2574 2080 insolito
2604 2022 2844 2077 siderum
2868 2028 2991 2074 ortu
3021 2017 3254 2074 infausta
3279 2017 3528 2088 quaedam
3553 2026 3606 2074 et

2015 2121 2215 2183 tristia,
2243 2117 2426 2188 potius
2462 2130 2623 2185 quam
2650 2113 2772 2166 latta
2797 2111 2880 2168 vel
2925 2125 3214 2182 prospera,
3243 2109 3459 2166 miseris
3478 2125 3607 2166 ven-

2016 2219 2136 2265 tura
2159 2206 2453 2279 signiﬁcari
2492 2203 2837 2269 mortalibus,
2879 2217 3017 2272 pene
3071 2201 3326 2256 omnibus
3364 2209 3610 2256 veterum

2016 2294 2309 2352 aestimavit
2335 2291 2657 2347 auctoritas.
2692 2289 2987 2358 Solapsacri
3017 2288 3295 2358 Evangelii
3327 2288 3608 2357 Scriptura

2017 2388 2313 2446 salutarem
2341 2399 2494 2440 novae
2521 2381 2688 2438 stellae
2724 2381 3121 2452 apparitionem
3163 2377 3329 2434 fuisse
3360 2387 3612 2442 testatur,

2017 2492 2182 2547 quam
2209 2473 2585 2532 Chaldzeorum
2631 2472 2835 2528 vidisse
2875 2471 3184 2540 sapientes,
3235 2477 3293 2524 et
3334 2479 3611 2530 recentem

2019 2571 2211 2628 aeterni
2245 2569 2394 2640 regis
2414 2575 2592 2623 ortum
2617 2565 2688 2620 de
2719 2564 2863 2620 illius
2891 2562 3195 2618 clarissimo
3223 2560 3431 2632 fulgore
3451 2559 3610 2628 conjio

2020 2664 2254 2725 cientes,
2283 2674 2534 2724 munera,
2574 2664 2738 2712 tantae
2774 2654 3048 2725 maiestati
3079 2653 3480 2718 convenientia,
3527 2667 3610 2706 ve-

2023 2753 2338 2811 nerabiliter
2361 2749 2624 2806 obtulisse
2651 2755 2967 2801 narrantur.
3011 2742 3116 2799 Sed
3137 2741 3255 2810 eius
3283 2741 3473 2804 stelL’e,
3498 2756 3617 2811 qua

2024 2861 2196 2914 nuper
2221 2843 2472 2913 apparuit
2498 2839 2718 2894 horrida
2743 2848 2798 2892 et
2824 2851 3017 2906 parum
3051 2836 3172 2888 lznta
3207 2834 3377 2890 facies
3399 2832 3468 2888 ab
3496 2848 3614 2888 ont-

2024 2939 2206 3002 nibus,
2233 2936 2323 3005 qui
2359 2949 2482 2990 eam
2504 2949 2563 2988 se
2604 2931 2810 2985 vidisse
2839 2929 3023 2983 testati
3047 2935 3193 2990 sunt,
3225 2925 3397 2980 fuisse
3416 2940 3482 2979 ac
3515 2925 3615 2980 mi-

2028 3028 2235 3085 naciter
2260 3025 2517 3100 ﬂagrasse
2561 3021 2859 3076 nuntiatur.
2903 3019 3060 3086 Quae.
3095 3027 3154 3072 ut
3183 3032 3330 3080 reor,
3378 3031 3616 3087 congrua

1953 3137 1999 3200 ς
2029 3116 2241 3172 meritis
2277 3113 2480 3168 nostris
2505 3111 2771 3182 praesagia
2801 3108 2954 3174 fecit,
2987 3116 3047 3166 et
3077 3107 3311 3171 cladem,
3339 3121 3444 3175 qua
3471 3107 3618 3177 digni

2029 3221 2236 3272 sumus,
2250 3201 2826 3261 venturamindicavit.
2853 3197 2998 3264 Quid
3014 3197 3158 3252 enim
3185 3196 3415 3253 interest
3439 3203 3620 3249 utrum

2029 3297 2274 3362 homine,
2323 3294 2408 3350 vel
2438 3293 2591 3349 stella
2637 3291 2941 3354 nuntiante,
2992 3288 3284 3343 imminens
3324 3286 3406 3340 ira
3437 3286 3624 3354 generi

2029 3388 2354 3460 praedicetur
2395 3382 2680 3439 humano?
2731 3380 2845 3434 Hoc
2889 3387 3100 3433 tantum
3143 3386 3229 3432 est
3255 3373 3622 3430 necessarium

2028 3486 2093 3539 nt
2115 3477 2447 3546 intelligatur
2494 3485 2887 3542 supervacuam
2930 3485 3038 3524 non
3069 3467 3237 3522 fuisse
3286 3465 3485 3521 sideris
3525 3478 3620 3532 ap-

2031 3568 2375 3638 paritionem,
2400 3564 2494 3620 sed
2521 3563 2868 3618 admonuisse
2897 3559 3156 3615 mortales
3182 3567 3268 3623 ut,
3287 3555 3623 3628 pmnitendo,

2031 3670 2087 3718 et
2117 3659 2332 3716 Domini
2360 3656 2790 3713 misericordiam
2819 3652 3107 3717 ﬂectendo,
3149 3650 3392 3706 futurum
3415 3654 3622 3704 certent

2034 3751 2305 3812 declinare
2330 3746 2649 3819 periculu.
2696 3743 2789 3800 Sic
2819 3744 2871 3798 in
2903 3740 3287 3813 praedicatione
3311 3736 3482 3802 Jonzn,
3533 3735 3636 3789 Ni‘

2033 3843 2173 3898 niva:
2199 3840 2480 3896 subversio
2506 3836 2762 3901 civitatis,
2809 3849 2929 3905 qua:
2971 3848 3070 3904 per
3095 3831 3242 3886 illum
3285 3828 3460 3904 fuerat
3489 3843 3633 3897 ιιι-εε-

2037 3934 2283 3988 nuntiata
2336 3929 2677 3993 hominibus,
2720 3927 2902 3982 divina
2938 3923 3290 3980 miseratione
3328 3920 3496 3975 dilata
3521 3927 3624 3973 est.

2037 4023 2295 4093 Fecitque
2337 4021 2481 4077 Deus
2510 4059 2578 4074 ...
2607 4027 2788 4088 turum
2829 4032 2928 4086 per
2972 4013 3264 4070 Jeremiam
3304 4009 3626 4082 prophetam

2037 4114 2301 4186 permisit,
2327 4128 2453 4169 cum
2489 4125 2613 4166 eum
2637 4111 2693 4165 in
2715 4108 2936 4164 domum
2961 4105 3225 4178 ﬁguli.....
3399 4113 3402 4115 λ

2594 4241 2929 4300 EPISTOLA
2979 4237 3135 4294 LVII.

2600 4354 2668 4393 AD
2705 4353 2758 4391 Ν.
2789 4347 3052 4390 COIITEI.

2113 4453 2394 4528 Magniﬁeo
2429 4459 2483 4506 et
2511 4446 2810 4505 honorabili
2840 4453 3000 4515 atque
3022 4441 3216 4497 illustri
3245 4440 3384 4500 viro,
3417 4436 3482 4492 Ν.
3517 4435 3626 4508 glo-

2037 4549 2184 4604 rioso
2207 4542 2428 4607 comiti,
2465 4537 2812 4620 Eginhardus
2837 4543 3097 4590 mternam
3133 4531 3188 4586 in
3223 4529 3454 4585 Domino
3487 4533 3628 4584 salu-

2097 4653 2172 4691 ω.

2040 4644 2172 4692 tem.

2114 4727 2354 4782 Domnus
2382 4721 2675 4792 imperator
2704 4713 2983 4770 mandavit
3020 4725 3119 4782 per
3160 4705 3442 4781 Dagolfum
3467 4719 3626 4761 vena-

2044 4830 2217 4877 torem
2253 4813 2359 4888 [ut]
2397 4813 2460 4868 N.
2490 4825 2674 4867 eomes
2709 4807 2914 4862 faceret
2943 4803 3236 4864 convenire
3260 4801 3328 4856 ad
3351 4815 3519 4855 unum
3546 4797 3624 4852 lo-

2045 4927 2166 4969 cum
2195 4910 2314 4966 illos
2341 4906 2569 4963 comites
2596 4902 2689 4973 qui
2715 4899 2916 4956 suntin
2945 4896 3166 4953 Austria
3185 4935 3201 4960 ,
3245 4893 3298 4947 id
3324 4902 3408 4948 est
3441 4891 3627 4945 Hauo—

2040 5018 2166 5065 nem
2189 5009 2243 5056 et
2271 4998 2580 5068 Pepponem
2608 5001 2666 5050 et
2686 4989 3087 5052 Gebebardum,
3118 4995 3178 5042 et
3201 4989 3427 5040 caeteros
3453 4983 3628 5038 socios

2039 5107 2251 5156 eorum,
2296 5098 2358 5144 ut
2386 5090 2530 5143 inter
2555 5099 2614 5141 se
2647 5082 3056 5139 considerarent
3082 5078 3212 5149 quid
3245 5077 3513 5147 agendum
3542 5089 3626 5128 es-

2042 5194 2160 5250 set,
2207 5183 2254 5239 si
2309 5179 2511 5250 aliquid
2559 5175 2688 5232 novi
2738 5174 2804 5229 de
2849 5172 3096 5242 partibus
3136 5166 3397 5237 Bajoariat.
3438 5164 3630 5219 fuisset

2044 5283 2314 5332 exortum.
2346 5271 2498 5326 Tunc
2525 5270 2702 5324 visum
2729 5275 2814 5322 est
2843 5265 2953 5321 illis
2979 5264 3120 5319 bene
3149 5276 3271 5318 esse
3298 5267 3377 5324 ut,
3411 5266 3468 5314 et
3497 5265 3550 5312 tu
3574 5265 3628 5310 et

2045 5367 2190 5428 Atto,
2224 5364 2278 5418 in
2316 5359 2506 5416 eodem
2535 5357 2735 5428 placito
2763 5353 3023 5409 fuissetis.
3069 5350 3195 5405 Ideo
3221 5355 3414 5418 rogant
3448 5360 3542 5399 vos
3571 5351 3626 5396 ut

2045 5451 2426 5512 consideratis,
2470 5457 2632 5517 atque
2674 5444 2779 5522 illis
2821 5439 3092 5500 mandetis
3122 5439 3178 5493 in
3214 5436 3360 5506 quali
3407 5435 3527 5489 loco
3551 5431 3625 5484 vi-

2046 5549 2238 5621 deatur
2257 5539 2594 5612 aptissimum
2617 5521 2738 5591 esse
2767 5533 2873 5588 illis
2895 5530 3238 5601 colloquium.
3283 5526 3421 5582 Nam
3450 5522 3517 5580 Il.
3552 5521 3624 5575 vi-

2050 5637 2206 5746 Ἢιι*
2232 5640 2292 5686 ιιι
2316 5631 2413 5684 hoc
2433 5627 2572 5682 bene
2599 5640 2719 5681 esse
2747 5623 2934 5696 possit.
