1988 3085
151 137 207 178 tes

422 190 589 223 EPISTOIA
608 189 694 227 LVIII.

425 245 457 263 AD
471 244 497 263 Ν.
514 244 667 264 EI'ISCOI‘L‘M.

187 282 329 310 Obtutibus
339 282 556 317 pra‘stantissitni
569 281 698 308 antistitis
709 280 849 308 humillimi
865 280 944 307 clien-

127 330 130 333 ’
151 329 198 357 tuli
217 328 297 356 vestri
313 328 405 363 apices
425 328 566 363 prmcipute
582 328 721 355 servitutis
735 327 851 361 dirigere
873 331 945 353 sata-

150 379 238 411 gunt;
256 374 413 403 intimantes
430 373 610 405 devotionem,
630 372 708 411 juxta
726 373 835 401 modum
851 379 944 399 eorum

149 420 352 456 possibilitatis,
376 428 491 454 pronam
507 419 573 451 ﬁeri,
599 419 621 446 si
637 419 743 446 almitas
757 423 854 445 vestra:
868 417 946 445 celsi-

149 466 251 494 tudinis
264 465 393 494 mandare
405 473 458 492 non
474 464 669 498 dedignaverit.
688 464 717 492 In
729 464 801 491 omni
815 462 946 497 obsequio

149 516 240 539 vestro
248 516 467 545 vestrorumque,
482 514 510 537 et
517 510 654 544 deinceps.
671 510 727 537 sive
740 509 818 544 juxta
831 509 946 538 clemen-

148 558 216 584 tiam
233 556 387 592 pncsentia:
411 560 508 583 vestra:
522 556 603 591 positi
616 576 623 588 ,
650 564 697 583 seu
716 556 869 590 ubicunque
886 563 947 582 ver-

149 604 205 631 sari
217 604 356 635 videntur,
372 602 487 630 libenter
499 601 613 636 professi
625 606 687 629 sunt
699 602 796 629 vestris
812 601 946 629 mellilluis

148 651 341 685 obtemperare
363 649 507 677 mandatis.
527 648 604 676 Nunc
617 656 696 683 vero,
718 648 843 683 quamvis
865 648 946 675 nullis

148 696 322 731 exigentibus
335 695 451 727 meritis,
479 699 568 722 tamen
582 694 700 729 alloquio
722 698 818 722 vestrae
834 694 947 729 promis—

147 743 234 771 sionis
249 741 356 774 cantisi,
374 749 484 770 monere
506 749 559 768 non
577 741 693 768 titubant
708 740 835 775 pietatem
850 744 946 767 vestrae

154 789 310 817 eharitatis.
331 788 424 815 Valeat
439 787 578 815 beatitudo
593 791 694 814 vestra.

420 842 586 871 EPISTOLA
611 842 678 869 LIX.

234 888 269 906 ΔΙ)
290 887 447 906 ιιιιιεειιιυωι
468 885 659 906 ιιιιιῑκιτιὶιειε
676 884 859 905 εΔῐδειιΛΝυυ.

183 925 348 953 Ηυιιοι-ειιιᾱο
371 929 453 961 atque
473 924 618 951 sublimato
641 927 669 950 et
693 922 790 957 spiritu
806 920 946 957 sapientia:

147 970 361 1005 repleto.........
387 969 516 1004 magistro
541 973 623 1003 atque
646 968 782 1002 praecipuo
807 966 946 1001 capellano

147 1015 257 1043 domum
271 1014 461 1050 imperatricis,
471 1014 554 1041 vestri
568 1013 661 1041 fideles
674 1013 806 1045 clientuli,
818 1020 867 1047 per
877 1012 946 1039 hanc

147 1060 280 1088 schedam
293 1060 435 1094 parvitatis
450 1063 562 1091 nostrte,
580 1058 741 1085 beatitudini
758 1061 854 1086 vestrae
869 1062 946 1092 opta-

146 1113 210 1133 mus
225 1105 342 1133 salutem
356 1112 514 1140 perennem.

184 1150 355 1178 Recordetur
370 1149 479 1176 bonitas
493 1152 584 1175 vestra
604 1148 637 1175 de
657 1155 739 1180 causa
760 1155 842 1182 quam
861 1155 947 1181 quon-

146 1196 213 1223 dam
232 1195 313 1223 locuti
329 1194 439 1226 fuimus,
455 1198 495 1225 ut,
513 1194 584 1221 sicut
598 1201 648 1220 nos
661 1193 827 1221 exltortastis
848 1198 875 1220 et
895 1193 948 1220 lar-

145 1241 224 1277 giter
248 1239 430 1274 promisistis,
458 1239 495 1265 ita
521 1238 637 1266 feliciter
660 1238 772 1273 implere
797 1239 948 1273 procuratis

147 1286 225 1321 apud
240 1286 315 1313 illum
332 1293 413 1320 quem
428 1293 476 1312 vos
491 1285 586 1312 scitis:
607 1289 635 1311 et
649 1284 778 1319 inquirite
792 1287 882 1312 utrum
898 1292 947 1313 nos

146 1331 184 1359 ad
200 1331 287 1364 illum,
301 1339 335 1358 an
351 1335 426 1366 parte
441 1331 468 1358 in
486 1331 539 1358 alia
555 1331 665 1358 tendere
678 1330 836 1363 debeamus,
854 1335 882 1358 et
899 1338 947 1357 no-

147 1379 193 1406 bis
206 1398 215 1410 ,
239 1385 288 1412 per
303 1378 410 1405 fidelem
427 1377 550 1413 gerulum
563 1397 571 1409 ,
597 1380 644 1403 aut
659 1384 708 1411 per
723 1380 828 1403 vestros
844 1377 946 1410 apices,

147 1424 207 1452 cito
232 1423 392 1451 remandare
416 1422 572 1458 dignemini.
609 1421 661 1449 Pro
686 1421 846 1448 confidentia
872 1422 945 1448 enim

148 1477 260 1504 magna,
273 1476 354 1504 quam
370 1469 397 1495 in
411 1468 488 1496 vobis
501 1467 642 1500 habemus,
657 1471 711 1494 tant
726 1467 855 1494 audacter
868 1467 945 1494 vobis

148 1516 312 1551 scripsimus
335 1515 525 1542 necessitatem
548 1518 679 1542 nostram.
706 1510 745 1540 De
767 1517 857 1540 vestra
880 1520 944 1540 vero

149 1562 286 1597 wspitate
299 1561 377 1590 nobis
391 1560 517 1588 intitnare
529 1558 695 1595 dignemini,
711 1558 776 1593 quia
790 1563 879 1585 vestra
899 1566 944 1586 sa-

149 1607 223 1634 nitas
248 1610 341 1633 nostra
366 1609 408 1632 est
432 1605 525 1632 betitia
537 1625 544 1636 ,
569 1608 597 1631 ct
610 1609 699 1631 vestra
716 1603 808 1639 betitia
824 1608 945 1632 nostrum

149 1657 192 1679 est
205 1651 347 1687 gaudium.
373 1651 431 1678 Hoc
444 1654 583 1684 optamus,
604 1649 656 1676 hoc
671 1649 871 1682 desideramus,
894 1649 946 1677 hoc

149 1698 280 1732 cupimus
294 1697 398 1729 audire,
410 1700 440 1723 ut
455 1696 501 1723 fiat
515 1695 607 1723 multis
622 1694 737 1722 feliciter
751 1696 840 1722 annis.
854 1695 946 1723 Valete

149 1750 225 1770 nunc
239 1747 266 1770 et
280 1750 396 1778 semper,
411 1742 452 1769 vir
464 1741 667 1776 gloriosissime,
680 1740 706 1767 in
719 1741 827 1770 Christo
839 1742 903 1769 Jesu
919 1747 946 1770 et

148 1788 177 1817 In
192 1788 321 1817 omnibus
336 1788 438 1815 sanctis
450 1786 519 1821 ejus.
535 1787 631 1814 Amen.

431 1846 596 1875 EPISTOLA
616 1848 671 1875 LX.

349 1899 383 1918 ΑΙ)
403 1899 431 1919 Il.
451 1900 602 1920 ιιιυετιιειί
622 1900 752 1920 υοιιικωι.

184 1936 305 1964 lilnstris
320 1937 460 1972 dignitatis
473 1938 561 1965 virum
579 1942 660 1972 atque
675 1938 850 1966 nobilissima:
865 1938 947 1966 subito

151 1982 259 2010 luitatis
280 1982 418 2010 dominum
441 1984 487 2015 M.,
504 1985 535 2011 V.
559 1989 587 2011 et
601 1985 748 2020 gloriosum
761 2005 768 2017 ,
796 1985 948 2013 fidelissimi

150 2035 182 2054 ae
195 2028 366 2055 devotissimi
379 2050 386 2060 ,
411 2033 562 2064 vestneque
584 2030 611 2056 in
634 2030 760 2058 omnibus
782 2031 948 2060 excellentiae

150 2075 320 2108 paratissimi
347 2075 459 2109 famuli,
487 2077 558 2104 ﬁdeli
583 2081 611 2105 et
637 2078 747 2113 optabili
775 2079 948 2114 aggredimur

151 2121 278 2148 servitio.

186 2166 322 2195 Maximus
337 2171 364 2194 et
376 2188 382 2199 ,
407 2169 429 2196 si
450 2168 507 2196 ﬁeri
522 2174 634 2205 posset,
661 2170 836 2199 sublimitatis
850 2175 947 2199 vestras

151 2212 308 2240 celsitudiui
325 2215 467 2244 referimus
485 2221 585 2252 grates,
605 2218 688 2253 quod,
705 2223 805 2246 nostra:
818 2218 944 2253 petitioni

151 2265 296 2286 assensum
321 2261 493 2295 praebentes,
519 2263 552 2290 ad
578 2263 704 2291 effectum
726 2264 891 2299 perduxistis
912 2264 945 2291 de

152 2303 257 2338 capella
270 2304 297 2331 in
313 2305 374 2332 villa
390 2305 470 2334 Lensi
484 2308 641 2335 constituta.
658 2309 760 2339 Tamen
775 2309 943 2336 misistis.....

153 2347 197 2381 qui
222 2355 273 2375 nos
284 2349 383 2378 exinde
400 2351 501 2379 vestire
513 2352 603 2385 venit,
627 2353 653 2380 id
674 2354 778 2388 ipsum,
799 2354 871 2381 sicut
887 2354 945 2387 jus—

152 2392 239 2424 sistis.
254 2393 377 2427 fecisset,
393 2396 444 2423 nisi
458 2397 583 2424 homines
597 2398 665 2430 VV.,
680 2398 771 2425 fratris
786 2399 879 2430 vestri,
894 2400 945 2427 hoc

152 2438 394 2468 mtrndixissent.
417 2441 544 2469 Attamen
562 2443 620 2477 ipse
639 2443 713 2470 locus
731 2443 810 2471 valde
823 2449 947 2471 vastatus

153 2487 212 2515 est,
237 2484 274 2511 ita
295 2490 326 2512 ut
346 2486 447 2514 nnlltun
462 2488 575 2515 omnino
588 2492 713 2523 tegumen
729 2492 862 2516 tectorum
880 2489 945 2515 inibi

154 2531 331 2564 remanserit,
346 2532 417 2566 quod
436 2540 488 2560 non
501 2533 655 2565 venditum,
671 2533 835 2565 alienatum,
854 2537 945 2560 vasta~

155 2578 266 2609 tumque
280 2576 332 2607 sit,
350 2581 461 2611 excepta
481 2578 610 2610 basilica,
635 2586 693 2613 qua!
713 2579 795 2605 etiam
817 2587 850 2606 ex
870 2583 947 2614 parte

155 2620 268 2647 corruit.
298 2620 352 2649 Nos
374 2626 483 2654 autem,
506 2630 589 2650 causa
610 2628 709 2651 vestra:
730 2624 873 2656 mercedis,
896 2623 946 2652 hoc

156 2663 238 2691 fixum
255 2665 282 2692 in
301 2667 392 2693 animo
410 2668 571 2698 habuimus,
595 2672 625 2695 ut
646 2676 707 2702 qtue
727 2668 853 2703 praesenti
876 2676 947 2696 anno

157 2708 300 2743 adquirere
313 2718 465 2746 possemus,
488 2712 520 2739 ad
541 2713 765 2741 restaurationem
781 2713 832 2740 loci
847 2720 947 2748 expen-

157 2754 282 2783 deremns
291 2764 298 2783 :
307 2758 377 2791 quod
389 2762 414 2784 et
423 2757 512 2786 facere
527 2759 659 2793 cupimus,
668 2759 690 2785 si
704 2759 741 2785 ita
753 2766 800 2794 per
812 2766 941 2786 manse...

157 2801 252 2827 statuit
272 2807 353 2836 atque
376 2803 505 2830 decrevit.
531 2803 629 2830 Vester
651 2804 743 2839 itaque
766 2803 944 2831 missus.......

158 2843 287 2875 laboratis
303 2847 368 2876 nihil
384 2848 418 2875 ibi
433 2848 548 2881 invenit,
564 2849 629 2883 quia
644 2849 734 2876 omnia
748 2854 853 2876 vastata
868 2854 945 2876 erant

876 134 968 163 εΡιδλι
976 134 1065 163 Oidi-

957 192 983 221 Α
996 196 1106 226 excepta
1126 192 1290 220 dontinicala
1312 192 1431 224 decima,
1453 199 1533 227 quam
1549 200 1581 220 ex
1597 197 1689 221 vestro
1704 194 1786 222 verbo

1733 138 1785 167 854

996 236 1093 263 salvari
1118 237 1256 272 pneccpit,
1287 237 1383 267 debeat
1398 245 1431 264 an
1448 245 1519 269 non,
1543 245 1558 264 a
1579 237 1656 266 nobis
1678 238 1786 274 penitus

996 283 1144 318 ignoratur.
1163 284 1225 312 Iliae
1240 285 1300 311 ideo
1314 288 1411 311 vestrm
1425 283 1584 312 sublimitati
1599 285 1786 321 exposuimus,

996 333 1024 355 ut
1039 333 1128 356 vestra
1143 329 1274 356 celsitudo
1293 330 1392 364 cogitet
1412 334 1439 357 et
1458 333 1574 363 statuat,
1591 329 1726 365 quomodo
1744 338 1787 358 re-

996 376 1114 403 staurari
1138 377 1247 411 possit:
1271 380 1297 403 et
1323 384 1356 402 ne
1380 376 1530 411 periculum
1554 375 1668 411 alicujus
1692 384 1786 412 prove-

996 422 1069 453 niat,
1091 421 1113 449 si
1127 422 1223 449 domus
1238 421 1293 449 Deo
1309 421 1397 448 dicata
1413 422 1564 457 negligatur
1581 426 1608 450 et
1624 421 1786 450 adnulletur.

997 467 1130 502 Quidquid
1154 474 1219 501 ergo
1242 472 1337 494 vestra:
1359 467 1525 495 CXCCIICIllIﬂ)
1543 468 1640 496 exinde
1658 468 1787 501 libuerit,

996 520 1044 548 per
1068 517 1188 541 vestrum
1212 513 1324 540 missum
1351 518 1450 540 nostra:
1475 513 1626 540 modicitati
1651 513 1789 549 insinuare

998 558 1133 592 dignetur.
1161 557 1288 598 lustrant
1313 558 1507 585 sublimitatem
1536 559 1641 586 diutino
1668 563 1788 595 tempore

997 604 1122 631 Christus
1135 608 1269 647 protegat,
1279 605 1438 645 pariterque
1449 605 1482 632 ad
1496 605 1577 631 \itam
1590 610 1718 633 aeternam
1731 613 1789 641 pcr-

997 650 1087 678 ducat.
1103 650 1202 677 Amen.
1211 644 1415 694 .Zﬁ‘xggs'mﬂ
1424 685 1437 689 υ

1248 686 1441 723 ἙίιῒὲῗόῙΪᾹΖ
1453 695 1520 723 th.

1286 739 1290 742 ’
1306 749 1339 768 AD
1358 747 1477 768 EUMDEM.

1033 785 1148 818 Prasvio,
1168 785 1266 819 insigni
1282 790 1363 819 atque
1378 786 1492 821 egregiae
1510 786 1658 813 nobilitatis
1672 787 1730 815 viro
1744 787 1788 821 Νη

1000 831 1042 857 W.
1063 836 1087 858 et
1107 830 1151 862 G.,
1175 835 1272 857 vestra:
1294 830 1452 859 sublimitati
1475 838 1523 866 per
1541 832 1632 858 omnia
1653 831 1742 859 devoti
1764 837 1791 860 et

961 865 983 894 Β
998 876 1091 909 dediti,
1105 875 1183 903 fidele
1199 876 1227 903 in
1238 876 1364 903 omnibus
1384 865 1544 910 obsequium
1557 880 1642 912 atque
1649 877 1790 906 servitium

995 925 1130 956 optamus.
1386 920 1390 926 ’
1427 937 1431 943 -

1032 966 1165 1000 Quoniam
1194 959 1363 1011 sublitnitas‘
1374 969 1475 993 nostra:
1502 961 1652 994 modicitati
1678 960 1790 1010 aliquod

995 1012 1137 1040 servitium
1151 1011 1291 1047 injungere
1305 1006 1406 1047 voluit,
1426 1012 1490 1047 quia
1511 1012 1582 1040 idem
1606 1012 1639 1040 ad
1663 1006 1791 1048 etfectuni

995 1059 1114 1086 nondum
1136 1058 1232 1091 venit,
1255 1050 1486 1086 causamﬂvestrze
1506 1050 1660 1092 celsitudini
1683 1051 1791 1100 innote-L

996 1105 1106 1133 scimus.
1124 1103 1245 1132 Clericus
1257 1104 1350 1132 fratris
1361 1105 1447 1143 vestri
1458 1105 1503 1139 A.,
1516 1113 1596 1140 quem
1610 1109 1701 1133 vestro
1711 1105 1790 1144 jussu

996 1149 1161 1180 conservitio
1177 1149 1261 1184 ipsius
1275 1149 1307 1176 A.
1325 1149 1505 1188 suscepimus,
1519 1149 1684 1191 indiculum,
1706 1142 1788 1185 quem

996 1199 1097 1222 nostra:
1110 1194 1237 1229 parvitati
1253 1194 1383 1227 misistis,
1403 1201 1495 1222 secum
1510 1195 1638 1227 abstulit,
1658 1198 1687 1221 ut
1707 1203 1789 1225 cxcu:

997 1241 1129 1269 sationem
1145 1245 1236 1268 vestro
1249 1239 1329 1268 fratri
1343 1248 1375 1267 ex
1392 1244 1484 1267 nostra
1499 1244 1577 1274 parte
1590 1239 1691 1267 faceret
1705 1241 1789 1276 quod,

996 1293 1046 1321 pro
1060 1289 1151 1313 vestro
1165 1285 1293 1317 servitio,-
1309 1293 1378 1321 opus
1397 1284 1518 1320 ejusdem
1538 1285 1725 1320 imperfectum
1746 1293 1789 1312 rc-

997 1335 1121 1359 maneret
1135 1340 1142 1358 :
1163 1335 1192 1358 et
1212 1331 1239 1358 in
1259 1331 1319 1366 ipso
1334 1330 1454 1358 indicqu
1468 1323 1613 1363 mensum,
1629 1338 1696 1365 qttas
1711 1330 1789 1359 nobis

997 1375 1204 1408 transmisistis,
1229 1376 1332 1411 pariter
1357 1375 1455 1402 ablata:
1479 1367 1563 1416 sunt,
1589 1382 1648 1409 qua:
1673 1383 1689 1402 a
1711 1375 1790 1416 nobis

997 1422 1130 1450 hactenus
1149 1409 1324 1450 nulloﬁmodo
1343 1422 1455 1457 reperiri
1474 1411 1596 1457 possunt.
1621 1409 1790 1457 Quaproptet1

997 1467 1071 1502 ipsas
1093 1475 1234 1495 mensuras
1259 1467 1337 1495 nobis
1357 1467 1555 1500 transmittitc,
1585 1459 1637 1500 et
1657 1471 1787 1503 quantum

997 1514 1133 1547 valemus,
1158 1514 1192 1542 de
1213 1517 1303 1542 vestro
1326 1513 1437 1542 servitio
1459 1513 1604 1550 elaborare.
1620 1503 1790 1551 curabimus;

1000 1561 1097 1589 Valere
1124 1562 1152 1589 in
1181 1561 1296 1589 Domino
1319 1565 1438 1589 vestram
1467 1561 1664 1595 sublimitatem
1685 1554 1790 1599 iugiter

996 1610 1164 1640 exoptamus.

1230 1651 1432 1680 EPISTOLA
1456 1651 1567 1690 LXII._
1596 1688 1599 1692 '

1272 1716 1306 1735 AD
1325 1716 1510 1736 πιοτιιΑιιιωί.
1785 1723 1791 1735 l

997 1768 1005 1774 ι
1031 1756 1160 1789 Quamvis
1178 1757 1330 1785 certissime
1348 1756 1457 1783 credam
1479 1755 1632 1790 piissimum
1645 1755 1792 1792 Dominum

996 1812 1086 1831 meum
1105 1811 1211 1838 semper
1229 1810 1378 1830 memorem
1394 1809 1455 1828 0.550
1469 1805 1645 1835 patronorum
1664 1807 1790 1832 ωοιωιιι

996 1850 1214 1877 beatissimorum
1228 1849 1330 1876 Christi
1345 1852 1494 1882 martyrum
1506 1867 1512 1878 ,
1529 1845 1677 1873 Marcellini
1697 1849 1724 1872 ct
1741 1844 1789 1871 l‘e-

998 1896 1044 1926 tri,
1060 1895 1115 1929 qui,
1131 1894 1238 1922 occulto
1252 1893 1300 1920 Dei
1314 1892 1425 1927 judicio,
1443 1892 1528 1918 Roma
1544 1890 1648 1921 relicta,
1666 1890 1699 1916 ad
1716 1889 1789 1916 exal-

998 1940 1126 1966 tationctn
1141 1943 1168 1965 et
1183 1937 1380 1973 protectionem
1396 1936 1474 1971 regni,
1483 1935 1566 1964 vestri
1577 1956 1584 1967 ,
1603 1935 1631 1962 in
1645 1934 1788 1962 anciam

998 1987 1146 2015 venerunt,
1165 1987 1208 2014 et,
1226 1982 1340 2016 pro'qua
1356 1980 1449 2008 nescio
1463 1988 1561 2013 causa,
1580 1979 1651 2015 apud
1668 1987 1711 2007 me
1726 1986 1790 2014 pec—

996 2034 1118 2057 eatorem
1132 2028 1263 2063 hospitari
1278 2026 1381 2062 dignati
1395 2030 1475 2059 sunt,
1497 2026 1563 2053 mihi
1585 2029 1675 2053 tamen
1689 2031 1790 2060 magna

997 2073 1130 2102 incumbit
1147 2071 1296 2100 necessitas
1310 2075 1340 2098 ut
1353 2079 1400 2099 vos
1415 2071 1448 2099 de
1463 2070 1554 2099 causis
1574 2070 1608 2098 ad
1628 2077 1722 2098 eorum
1741 2069 1789 2109 ho;

998 2127 1091 2147 norem
1110 2117 1307 2154 pertinentibus
1326 2118 1423 2145 crebro
1441 2124 1645 2150 commoncam,
1666 2123 1699 2144 ne
1719 2114 1790 2158 forte

997 2165 1147 2201 periculum
1171 2172 1203 2192 ac
1226 2163 1418 2191 detrimentum
1432 2164 1531 2191 animus
1547 2171 1615 2191 mete
1631 2163 1788 2202 incurram,

998 2213 1021 2239 si
1032 2213 1067 2240 de
1081 2211 1128 2238 illa
1141 2210 1326 2238 admonitione
1338 2210 1518 2245 negligentior
1528 2217 1609 2243 quam
1624 2212 1731 2244 oportet
1743 2215 1790 2235 cx-

997 2257 1103 2288 stitero,
1119 2261 1148 2283 ct
1161 2256 1225 2283 licet
1238 2255 1275 2282 illi
1290 2255 1346 2283 sint
1364 2253 1609 2282 misericordissimi
1620 2273 1627 2284 ,
1643 2253 1689 2288 qui
1704 2252 1789 2290 etiam

997 2302 1152 2338 percussori
1174 2309 1224 2330 suo
1244 2303 1440 2336 pepercerunt,
1462 2305 1554 2334 regem
1570 2302 1658 2333 tamen
1676 2305 1789 2334 eorum,

998 2347 1144 2377 Dominum
1153 2349 1277 2374 nostrum
1287 2344 1379 2372 Jesuut
1389 2344 1538 2379 Christum,
1548 2350 1598 2378 pro
1608 2341 1685 2377 cujus
1696 2349 1790 2370 amore

998 2393 1067 2420 mori
1083 2400 1137 2420 non
1151 2391 1356 2423 dubitaverunt.
1373 2389 1510 2418 offendere
1523 2389 1616 2426 timeo,
1630 2388 1653 2416 si
1669 2386 1788 2425 inlexbi:

997 2438 1094 2466 bendis
1109 2445 1203 2465 eorum
1224 2436 1308 2470 cultui
1330 2435 1458 2471 congruis
1479 2433 1627 2461 honoribus
1641 2439 1683 2460 tne
1698 2431 1788 2467 segni-

998 2487 1040 2511 ter
1058 2488 1183 2518 agentetn
1204 2482 1346 2513 invenerit.
1373 2481 1501 2513 Proinde,
1526 2479 1647 2515 piissime
1668 2477 1788 2509 domine.

997 2529 1186 2557 excellentiam
1209 2532 1326 2556 vestram
1351 2526 1488 2554 bumiliter
1520 2525 1653 2552 admoneo
1677 2527 1704 2550 et
1726 2527 1789 2557 peto

997 2578 1027 2602 ut
1049 2574 1188 2602 recordari
1202 2572 1350 2608 dignctnini
1365 2571 1398 2599 de
1413 2570 1457 2598 illa
1480 2573 1691 2597 commutatione
1715 2567 1765 2595 loci
1780 2587 1788 2600 .

997 2621 1025 2648 in
1045 2628 1100 2656 quo
1119 2620 1272 2648 veneranda
1288 2619 1434 2654 Martyrum
1456 2624 1571 2652 corpora
1594 2616 1786 2651 requiescunt,

997 2674 1057 2701 qua;
1077 2674 1139 2694 eum
1159 2665 1270 2700 Otgario
1288 2664 1415 2699 episeopo
1430 2661 1501 2689 facta
1517 2665 1576 2692 cst,
1601 2665 1628 2688 ct
1648 2668 1710 2689 eum
1734 2659 1788 2689 illis

997 2712 1136 2747 propritnn
1161 2710 1303 2741 ediciatis,
1334 2716 1382 2743 pro
1408 2714 1461 2741 quo
1484 2706 1624 2735 liberandn
1648 2706 1787 2742 proprium

997 2762 1118 2785 vestrum
1131 2761 1226 2784 sancto
1241 2755 1355 2782 Martino
1370 2753 1527 2781 tradidistis.
1554 2753 1619 2780 Item
1641 2753 1785 2782 admonere

997 2809 1131 2837 pra‘sumo
1152 2800 1364 2828 misericordiam
1380 2803 1496 2826 vestram
1511 2799 1542 2826 de
1558 2798 1609 2826 illis
1630 2798 1697 2827 meis
1718 2790 1787 2837 pett:

997 2848 1116 2876 tionibus
1132 2846 1244 2882 quibus,
1267 2849 1330 2872 tunc
1351 2843 1456 2881 quando
1479 2843 1643 2873 imminentis
1658 2842 1786 2887 viciniatq
