1988 3085
184 140 239 174 επ

824 135 1013 165 EGINHARDI
1032 132 1179 163 ABBATIS

1763 134 1814 164 538

182 202 280 232 mortis
295 200 432 231 exhorrui,
447 190 522 226 Vobis
535 194 656 231 suggessi
672 198 702 221 ut
716 193 817 228 aliquid
829 193 863 222 de
876 191 975 219 nostris
988 192 1013 222 Α
1026 190 1160 218 infelicem
1171 199 1204 219 ac
1216 191 1397 219 miserrimum
1411 195 1466 218 non
1486 189 1591 225 iudicet
1601 210 1608 223 ι
1629 198 1690 218 cum
1715 191 1743 218 in
1756 191 1817 220 adli-

182 245 323 276 beneilclis
336 244 370 272 ad
385 241 609 271 sustentationem
621 237 784 273 cortinam
796 238 873 273 juxta
887 243 975 264 sacra-

183 292 289 321 tissima
298 289 455 318 sanctorum
467 286 615 322 Martyrum
627 290 739 320 corpora
748 284 803 311 Deo
811 281 974 310 deservituri

183 341 258 368 sunt,
269 333 371 363 eisdem
387 329 538 361 mitissimis
552 336 595 366 pat
601 331 675 358 mnis
688 329 787 357 vestris
801 328 866 356 dare
881 327 975 362 digna-

184 380 281 410 remiui
290 400 299 413 ,
320 378 437 415 qualiter
449 381 514 405 tunc
527 376 625 404 vestris
639 373 842 410 benignissimis
859 371 975 407 promis—

183 427 305 455 sionibus
329 429 403 461 spem
433 423 499 451 mihi
527 421 629 450 fecistis
654 420 726 456 quod
755 418 891 447 desiderio
914 424 976 445 meo

183 471 303 500 fraudari
319 478 371 499 non
386 469 525 500 deberem,
541 471 585 500 et,
601 474 653 494 non
668 465 754 493 solum
769 464 796 491 in
811 464 863 491 hac
875 470 974 495 causa,

183 519 232 548 sed
246 518 329 546 etiam
344 517 372 544 in
386 524 419 544 eo
438 520 468 543 ut
486 515 539 547 his,
560 520 628 549 quos
647 513 681 539 ad
699 510 840 539 servitium
855 513 976 537 vestrum

184 564 319 595 enutrivi,
333 561 546 591 misericordiam
563 562 682 587 vestram
697 556 871 592 impendere,
888 558 915 582 et
928 561 976 581 eos

184 610 219 638 de
239 608 308 644 ipsis
328 606 469 635 beneﬁciis
492 604 620 639 adjuvare
643 600 789 630 deberetis.
817 599 976 628 Certissima

183 653 291 683 conﬁdo
304 651 377 688 quod
392 652 418 679 in
432 651 484 678 hoc
496 654 524 678 et
536 650 621 677 Deum
635 652 663 676 et
675 651 784 677 sanctos
797 646 855 682 ejus
868 652 977 680 prome-

183 699 239 728 reri
249 698 381 730 debeatis,
395 697 418 724 si
433 703 476 723 me
489 695 544 723 voti
558 694 610 722 mei
623 698 775 729 compotem
791 692 818 720 in
830 692 882 720 hac
894 697 976 719 causa

184 744 291 772 edicere
303 742 461 778 dignamini.
477 740 544 768 Item
560 745 625 775 rogo
640 743 668 766 ut
682 738 803 774 cogitare
816 741 897 772 atque
911 743 977 771 peu-

184 796 247 818 sare
259 787 405 825 dignemini
420 794 480 822 quzc
494 793 600 814 merces
612 793 661 814 vos
674 784 744 820 apud
758 784 842 811 Deum
858 786 974 814 maneat,

184 837 211 863 et
225 834 284 861 laus
299 840 389 861 coram
405 831 504 859 s-eculo
518 830 594 857 vobis
610 829 751 856 adcrescat
764 829 805 860 si,
824 834 872 863 per
885 833 933 855 vos
950 831 978 854 ct

1025 237 1114 264 ctione
1124 237 1238 272 positus,
1255 244 1328 269 eum,
1343 243 1423 270 quem
1438 236 1508 263 votis
1519 235 1576 262 suis
1602 234 1738 263 fauturum
1762 236 1818 264 fore

1025 282 1187 315 crediderat,
1206 289 1331 309 aversum
1352 285 1432 315 atque
1448 280 1643 308 inexorabilem
1663 281 1819 316 experitur?

1025 326 1149 355 Haeccine
1161 326 1225 354 talia
1244 326 1292 354 tibi
1309 326 1442 358 videntur,
1458 331 1489 352 ιιι
1507 326 1633 361 suspiria,
1646 332 1675 354 ut
1687 327 1820 364 lacrymas

1025 372 1198 400 homuncioni
1215 372 1319 400 tantillo
1333 380 1514 405 commovere,
1530 377 1560 399 ut
1573 373 1661 408 ipsum
1681 374 1715 401 ad
1733 375 1818 410 gemi-

1025 422 1081 445 tum
1095 422 1123 446 et
1132 417 1268 453 planctum
1281 417 1429 450 concitam,
1440 421 1471 445 ut
1484 417 1567 444 etiam
1583 417 1611 444 in
1625 418 1820 453 desperationis

1025 464 1165 491 baratrum
1177 463 1293 498 dejicere
1308 463 1478 497 potuissent?
1490 463 1524 490 Et
1538 463 1631 497 utique
1645 463 1819 498 dejecissent,

1025 508 1077 536 nisi
1096 508 1193 535 divina:
1207 507 1389 535 miserationis
1410 512 1461 542 ope
1482 506 1618 540 suffultus,
1634 508 1698 543 quid
1718 508 1745 536 in
1772 510 1820 536 hu-

1024 552 1142 588 iusmodi
1156 552 1245 580 causis
1260 556 1307 579 aut
1320 552 1427 579 casibus
1446 550 1565 586 majores
1577 559 1611 579 ac
1623 552 1749 580 meliores
1770 561 1820 581 no—

1026 598 1076 625 stri
1091 597 1237 625 tenendum
1251 596 1469 632 servandumque
1489 597 1656 630 sanxissent,
1671 598 1705 625 ad
1731 599 1819 634 inqui—

1026 643 1141 672 rendum
1156 643 1247 671 subito
1260 649 1304 670 me
1315 642 1522 670 convertissem.
1552 641 1679 671 Erantad
1710 651 1820 671 manum

1027 691 1151 718 doctores
1163 688 1275 725 egregii,
1288 688 1385 716 nedum
1397 696 1451 715 non
1463 688 1618 723 spemendi,
1626 696 1721 716 verum
1735 690 1821 717 omni-

1026 736 1077 766 bus
1088 737 1213 766 audiendi
1225 742 1305 773 atque
1316 737 1444 772 sequendi
1455 746 1461 764 :
1474 736 1606 773 glbriosus
1617 736 1741 763 videlicet
1754 743 1821 762 mar-

1028 787 1071 818 tyr
1085 782 1246 818 Cyprianus,
1260 787 1288 809 et
1306 781 1482 809 illustrissimi
1503 789 1642 809 sacrarum
1657 780 1820 808 divinarum-

1028 835 1080 862 que
1092 827 1243 855 litterarum
1257 827 1441 861 expositores,
1463 826 1631 862 Augustinus
1657 829 1739 860 atque
1757 825 1819 852 Hie-

185 881 212 908 in
227 880 320 908 diebus
333 878 441 910 vestris,
454 877 529 904 locus
543 875 722 911 requietionis
737 878 893 901 sanctorum
907 876 976 899 mar—
990 876 1013 906 Β
1027 881 1166 910 mnymus.
1180 873 1300 907 Quorum
1314 873 1458 901 sententiis
1468 881 1501 901 ac
1513 872 1700 901 saluberrimis
1712 881 1820 908 νοτειη-

185 932 290 963 tyrum,
315 930 371 953 tam
396 925 422 951 in
446 923 567 951 aediﬁciis
589 929 669 957 quam
690 921 716 947 in
736 921 797 947 aliis
816 917 978 946 necessariis

184 972 275 1004 rebus,
294 970 376 998 fuerit
392 975 496 1001 auctus,
514 972 625 996 ornatus
642 970 669 994 et
686 966 827 997 excultus,
848 969 878 991 ut
895 965 976 991 etiam

184 1015 334 1044 exstructio
347 1014 405 1049 ejus
426 1013 527 1041 nomini
543 1016 633 1039 vestro
648 1011 745 1038 adserit
758 1015 827 1041 atur,
844 1008 978 1042 simulque

185 1067 213 1090 ct
222 1065 313 1089 vestra
327 1064 355 1089 et
369 1063 519 1095 martyrum
532 1057 663 1086 memoria
676 1062 723 1084 ore
735 1056 855 1083 omnium
868 1054 978 1089 populo—

186 1114 263 1139 rum,
281 1109 413 1141 perpetoa
428 1103 576 1135 mentione,
591 1102 754 1130 celebretur.
770 1100 811 1128 Ad
825 1104 978 1127 extremum

187 1160 252 1190 rogo
275 1157 303 1181 et
325 1152 425 1180 obnixe
445 1150 578 1186 deprecor
598 1154 724 1184 magnam
741 1145 978 1174 mansuetudinem

185 1205 306 1229 vestram
321 1202 351 1226 ut
369 1203 451 1233 super
466 1203 509 1224 me
523 1195 653 1226 miserum
671 1198 699 1225 et
712 1196 901 1229 peccatorem,
922 1190 979 1226 jam

187 1250 280 1275 senem
294 1248 321 1272 et
333 1242 410 1270 valde
422 1240 572 1272 inﬁrmum,
588 1237 804 1267 misericorditer
819 1244 851 1264 ac
865 1236 908 1271 pie
923 1242 980 1262 res—

189 1291 281 1327 picere
296 1286 463 1324 dignemini,
477 1289 505 1313 et
519 1292 534 1312 a
549 1283 622 1312 curis
635 1281 811 1311 secularibus
826 1280 979 1309 absolutum

186 1325 220 1364 ac
235 1334 350 1363 liberum
363 1331 423 1360 ﬁeri
437 1330 555 1363 faciatis,
571 1335 668 1364 meque
680 1326 856 1363 permittatis,
871 1325 898 1353 in
911 1330 980 1360 pace

187 1385 215 1410 et
230 1378 425 1415 tranquillitate
437 1398 444 1410 ,
469 1377 546 1412 juxta
563 1374 689 1410 sepulcra
713 1372 855 1400 beatorum
878 1368 979 1398 Christi

188 1431 357 1462 martyrum,
380 1427 556 1460 patronorum
581 1420 707 1448 videlicet
729 1422 882 1445 vestrorum
895 1436 903 1449 ,
928 1415 979 1443 sub

187 1472 347 1501 defensione
370 1473 480 1501 vestra,
503 1467 531 1495 in
555 1465 712 1494 earumdem
730 1466 886 1491 sanctorum
901 1462 981 1489 obse-

187 1516 262 1554 quio,
283 1523 312 1546 et
329 1514 380 1543 Dei
396 1521 428 1542 ac
448 1512 555 1541 Domini
573 1511 659 1539 nostri
673 1509 736 1537 Jesu
751 1508 853 1536 Christi
868 1507 979 1535 servitio

1027 920 1148 947 sionibus
1163 920 1309 952 animatus,
1321 919 1477 955 depressum
1490 917 1565 954 gravi
1576 925 1694 946 mcerore
1704 925 1753 945 cor
1761 925 1821 945 sur-

1027 971 1086 992 sum
1102 964 1192 992 levare
1216 968 1329 992 conatus
1356 971 1427 996 sum,
1454 964 1577 998 capique
1594 970 1700 990 mecum
1728 962 1821 990 sedqu

1027 1014 1154 1045 reputare
1168 1010 1233 1044 quid
1250 1017 1331 1044 super
1352 1016 1467 1037 excessu
1487 1008 1655 1036 charissima:
1677 1008 1822 1036 contuber—

1028 1055 1096 1083 nalis
1114 1055 1216 1083 sentire
1242 1054 1380 1086 deberem,
1396 1053 1473 1088 cujus
1495 1053 1687 1082 mortalitatem
1701 1074 1708 1085 ,
1735 1053 1822 1089 magis

1027 1108 1108 1135 quam
1122 1100 1218 1133 vitam,
1236 1099 1360 1127 videbam
1375 1106 1436 1126 esse
1463 1098 1577 1125 ﬁnitam.
1591 1097 1705 1126 Tentavi
1720 1099 1819 1131 etiam,

1027 1147 1051 1174 si
1067 1152 1175 1181 possem
1188 1153 1203 1173 a
1215 1145 1376 1180 memetipso
1389 1144 1496 1180 exigere
1512 1164 1520 1177 ,
1544 1147 1574 1171 ut
1584 1144 1610 1171 id
1627 1144 1732 1171 ratione
1751 1143 1820 1179 apud

1028 1199 1072 1220 me
1087 1192 1175 1224 ﬁeret,
1190 1190 1262 1225 quod
1276 1189 1354 1225 longa
1376 1189 1434 1217 dies
1449 1189 1518 1217 solet
1529 1188 1652 1221 efﬁcere;
1674 1188 1778 1216 scilicet
1792 1192 1821 1215 ut

1028 1237 1133 1268 vulnus,
1149 1235 1221 1271 quod
1248 1235 1339 1263 animo
1358 1239 1450 1262 nostro
1468 1235 1587 1262 nondum
1601 1238 1709 1269 sperata
1735 1237 1822 1261 morte

1028 1283 1185 1318 repentinus
1202 1289 1281 1309 casus
1292 1280 1400 1313 inﬂixit,
1415 1280 1570 1307 cicatricem
1586 1280 1684 1307 dueere
1695 1287 1727 1306 ac
1743 1286 1822 1313 spor»

1029 1333 1114 1356 taneze
1129 1326 1321 1355 consolationis
1344 1325 1544 1353 medicamento
1558 1332 1702 1352 sanescere
1721 1324 1822 1358 incipe-

1029 1379 1079 1403 ret.
1094 1374 1147 1401 Sed
1161 1373 1282 1401 vulneris
1301 1372 1457 1408 magnitudo
1470 1371 1594 1399 facilitati
1608 1372 1728 1403 resistit;
1749 1375 1777 1397 et
1791 1370 1821 1397 ii-

1028 1424 1073 1448 eet
1091 1419 1268 1447 saluberrima
1289 1418 1354 1449 sint,
1367 1424 1427 1452 qua
1442 1425 1457 1445 a
1472 1417 1628 1444 memoratis
1642 1416 1799 1444 doctoribus
1812 1434 1820 1448 ,

1029 1465 1063 1493 ad
1079 1463 1257 1500 mitigandum
1270 1470 1380 1499 gravem
1392 1462 1526 1494 dolorem,
1538 1462 1612 1489 velut
1626 1469 1641 1489 a
1651 1461 1822 1496 peritissimis

1030 1510 1154 1545 idemque
1172 1509 1323 1536 mitissiinis
1343 1507 1465 1540 medicis,
1481 1507 1641 1539 oll‘eruntur,
1657 1506 1747 1542 plaga,
1763 1510 1822 1541 quat

187 1549 350 1593 consistere,
366 1564 396 1588 ut
411 1566 455 1587 me
469 1558 514 1586 illa
529 1556 694 1585 inevitabilis
707 1559 788 1589 atque
801 1554 895 1581 ultima
908 1553 977 1585 dies,
992 1549 1014 1582 C
1030 1556 1119 1583 adhuc
1133 1554 1293 1590 sanguinem
1317 1553 1412 1585 trahit,
1424 1553 1535 1580 sanandi
1554 1552 1739 1580 maturitatem
1757 1559 1823 1579 non-

186 1616 248 1645 quae
261 1608 325 1635 huic
341 1605 430 1637 aetati,
446 1605 474 1632 in
489 1610 544 1638 qua
557 1602 637 1629 modo
650 1600 815 1628 constitutus
829 1605 900 1629 sum,
915 1605 979 1626 suc-

186 1643 284 1683 cedere
297 1652 385 1684 solet,
409 1659 462 1678 non
479 1647 645 1677 transitoriis
663 1653 696 1673 ac
714 1644 891 1680 supervacuis
907 1643 981 1671 curis

187 1702 360 1734 occupatum,
371 1696 419 1724 sed
431 1695 522 1731 potius
531 1692 649 1722 orationi
663 1699 696 1719 ac
706 1690 815 1719 lectioni
826 1692 978 1720 vacantem,

186 1750 269 1781 atque
283 1744 310 1772 in
323 1743 422 1773 divinae
438 1741 506 1777 legis
520 1738 694 1768 meditatione
708 1736 888 1773 cogitationes
904 1741 981 1762 meas

188 1793 373 1822 exercentem,
387 1787 519 1816 inveniat.

446 1839 614 1871 EPISTOLA
630 1836 722 1867 LXIII.

404 1897 438 1917 AD
456 1895 543 1916 ιυρυιι
564 1892 666 1914 AIICUI
686 1891 767 1913 SWI.

223 1935 396 1972 Eginbardus
409 1934 484 1968 Lupo
497 1939 547 1960 suo
563 1931 689 1959 salutem.

223 1970 321 2010 Oinnia
332 1980 398 2008 mihi
411 1979 511 2012 studia,
525 1984 674 2012 omnesque
686 1970 776 2007 curas,
792 1978 847 2002 tam
859 1974 894 2001 ad
908 1979 983 2000 meas

188 2033 269 2062 quam
282 2025 430 2053 amicorum
445 2031 541 2051 inrisas
551 2022 718 2057 pertinentes
731 2039 738 2053 ,
764 2019 866 2047 exemit
880 2021 908 2046 et
932 2025 982 2046 ex-

191 2071 278 2101 cussit
301 2070 388 2102 dolor,
402 2076 481 2103 quem
500 2074 532 2094 ex
552 2069 638 2094 morte
659 2065 725 2093 olim
743 2064 881 2092 ﬁdissima:
893 2062 984 2096 conia»

189 2118 241 2153 gis,
252 2115 309 2151 jam
322 2122 394 2143 nunc
405 2113 574 2141 charissima:
584 2111 687 2140 sororis
707 2118 739 2138 ac
755 2109 846 2142 socize,
858 2108 983 2144 gravissi-

190 2170 263 2192 mum
275 2161 344 2197 cepi.
362 2160 417 2188 Nec
436 2159 506 2186 ﬁniri
520 2165 599 2194 posse
610 2157 731 2190 videtur;
746 2156 874 2191 quoniam
884 2154 984 2182 exstin-

190 2207 288 2236 ctionis
300 2204 374 2235 illius
395 2205 552 2241 qualitatem
566 2204 635 2231 a'leo
651 2202 783 2230 tenaciter
794 2200 923 2229 memoria
942 2207 984 2227 re-

191 2254 269 2286 tinet,
283 2257 314 2281 ut
324 2252 386 2281 inde
396 2251 502 2287 penitus
517 2258 569 2277 non
582 2249 667 2285 possit
679 2248 768 2276 avelli.
783 2247 842 2275 IIuc
860 2246 982 2279 accedit,

190 2300 261 2337 quod
280 2300 368 2336 Ipsum
380 2299 499 2327 dolorem
511 2297 656 2325 identidem
670 2294 834 2326 accumulat,
848 2299 876 2320 et
888 2293 984 2321 vulnus

190 2346 273 2375 semel
288 2349 429 2381 acceptum
444 2343 594 2374 exulcerat,
605 2341 677 2376 quod
690 2344 752 2368 vota
770 2339 876 2367 scilicet
891 2343 983 2365 nostra

191 2392 256 2421 nihil
269 2389 358 2419 valere
377 2389 508 2425 permissa
532 2392 604 2419 sunt,
620 2393 654 2414 ac
670 2393 742 2420 spes,
754 2391 835 2419 quam
857 2384 884 2411 in
912 2390 984 2410 mar-

190 2437 281 2474 tyrum
297 2435 402 2465 meritis
412 2429 494 2469 atque
508 2430 706 2460 interventione
722 2429 924 2461 eollocavimus,
939 2436 985 2455 el-

190 2482 387 2520 spectationam
395 2483 516 2508 nostram
529 2485 561 2505 ex
574 2482 635 2504 asse
647 2475 777 2503 frustrata
788 2478 839 2502 est.
852 2474 916 2501 Inde
925 2481 985 2501 eve-

192 2530 233 2558 nit
243 2533 273 2557 ut
281 2527 424 2556 solantium
434 2526 527 2558 verba,
535 2531 595 2560 qua:
609 2523 723 2551 aliorum
734 2521 872 2550 iniustitia;
883 2520 984 2548 mederi

192 2575 291 2608 solent,
306 2575 411 2611 plagam
425 2572 516 2601 cordis
530 2570 614 2599 nostri
629 2569 821 2597 recrudeseere
843 2567 934 2602 potius
946 2565 985 2592 fa-

191 2623 267 2649 ciant
279 2625 361 2655 atque
376 2618 543 2650 rescindant,
562 2622 624 2644 cum
646 2621 689 2642 me
703 2612 891 2648 aequanimiter
913 2611 984 2638 ferre

191 2665 288 2701 iubent
299 2665 438 2695 infortunii
459 2662 606 2695 molestias,
617 2666 684 2696 quas
703 2659 754 2695 ipsi
768 2666 821 2686 non
843 2657 963 2685 sentiunt
976 2677 984 2689 ,

193 2716 276 2747 atque
286 2712 313 2739 in
323 2720 356 2740 eo
370 2716 482 2739 censent
491 2710 557 2738 mihi
568 2707 769 2745 gratulandum,
776 2705 804 2734 in
814 2712 869 2740 quo
882 2704 986 2732 nullum

193 2758 285 2793 gaudii
299 2758 341 2785 vel
354 2757 454 2785 laetitia:
462 2756 747 2784 valentdemonstrare
757 2751 911 2787 vestigium.
920 2749 987 2783 Quis

193 2809 319 2834 estennn
333 2801 503 2835 mortalium,
524 2803 567 2830 cui
591 2808 668 2829 mens
689 2803 805 2830 omtstet,
822 2798 923 2833 quique
944 2804 988 2825 ει-

196 2855 260 2877 ιιιιιιι
274 2848 372 2883 sapiat,
386 2846 430 2880 qui
443 2851 542 2873 sortem
557 2852 634 2873 suam
648 2853 702 2872 non
727 2842 834 2876 deﬂeat,
847 2846 874 2870 et
889 2842 936 2877 qui
959 2845 988 2869 se

1031 1601 1094 1629 dum
1105 1600 1232 1628 admittit.

1067 1646 1117 1674 Hie
1137 1646 1253 1673 fortasse
1268 1645 1377 1672 miraris
1391 1651 1423 1671 ac
1435 1644 1503 1671 dicis
1523 1651 1555 1671 ex
1579 1643 1731 1678 huiusmodi
1745 1649 1824 1670 ocea-

1031 1692 1107 1720 sione
1118 1696 1210 1719 natum
1226 1691 1357 1723 dolorem,
1370 1696 1424 1717 tam
1436 1690 1544 1725 longum
1557 1697 1589 1717 ac
1600 1690 1754 1716 diuturnum
1766 1694 1825 1716 esse

1032 1746 1085 1767 non
1100 1737 1234 1766 debuisse.
1247 1736 1330 1770 Quasi
1350 1736 1377 1763 in
1390 1735 1506 1763 dolentis
1521 1736 1556 1762 sit
1571 1738 1705 1769 potestate
1718 1734 1827 1768 quando

1032 1784 1059 1812 id
1076 1783 1185 1811 ﬁniatur
1199 1782 1272 1817 quod
1285 1781 1339 1814 ille,
1352 1781 1460 1816 quando
1475 1780 1617 1815 inciperet,
1629 1786 1717 1813 neque
1738 1779 1765 1805 in
1780 1786 1826 1813 po-

1032 1833 1130 1857 testate
1140 1828 1245 1860 habuit,
1260 1834 1347 1862 neque
1370 1826 1514 1861 praescivit.
1530 1825 1616 1852 Metiri
1632 1830 1721 1852 tamen
1748 1831 1826 1858 posse

1032 1875 1139 1903 videtur
1152 1873 1252 1901 doloris
1266 1880 1299 1900 ac
1311 1872 1438 1900 mteroris
1455 1871 1612 1907 magnitudo
1625 1871 1682 1898 sive
1691 1869 1825 1897 diuturni-

1032 1925 1074 1949 tas
1088 1920 1122 1948 de
1143 1926 1249 1951 eorum,
1264 1926 1325 1954 quas
1349 1918 1516 1949 accidenmt,
1527 1917 1688 1944 damnorum
1714 1914 1826 1950 quanti-

1032 1967 1107 1994 tate:
1121 1973 1181 2000 qum
1199 1972 1250 2000 ego
1268 1971 1331 1992 cum
1356 1963 1477 1998 quotidie
1506 1963 1534 1990 in
1550 1962 1625 1990 omni
1645 1961 1772 1993 actione,
1799 1960 1825 1988 in

1032 2012 1106 2040 omni
1122 2011 1238 2046 negotio,
1254 2011 1287 2038 in
1303 2014 1357 2038 tota
1373 2010 1468 2038 domus
1485 2017 1518 2036 ac
1532 2007 1642 2036 fanniliae
1653 2007 1825 2034 administra-

1033 2058 1116 2090 tione,
1134 2056 1161 2084 in
1176 2056 1291 2088 cunctis,
1306 2062 1366 2090 quae
1379 2054 1422 2082 vel
1438 2054 1472 2081 ad
1485 2054 1605 2082 divinum
1621 2052 1663 2080 vel
1677 2053 1825 2080 humanum

1032 2103 1149 2131 cilicium
1176 2102 1331 2137 pertinent,
1350 2099 1525 2135 disponendis
1543 2104 1624 2133 atque
1645 2098 1804 2128 Ordinandis
1816 2114 1825 2130 ,

1033 2149 1187 2178 immaniter
1197 2147 1328 2179 sentiam;
1344 2146 1390 2181 qui
1404 2145 1463 2173 ﬁeri
1479 2149 1579 2181 potest,
1595 2148 1623 2171 ut
1639 2143 1746 2176 vulnus,
1755 2142 1825 2178 quod

1034 2199 1074 2223 tot
1085 2203 1118 2223 ac
1127 2197 1202 2221 tanta
1214 2191 1384 2220 incommoda
1396 2191 1494 2223 intulit,
1506 2197 1568 2218 eum
1580 2189 1677 2217 crebro
1691 2189 1826 2223 tangitur,

1034 2248 1088 2269 non
1107 2239 1279 2268 recrudescat
1292 2237 1382 2273 potius
1399 2241 1428 2264 et
1442 2240 1596 2267 renovetur,
1605 2241 1688 2269 quam
1701 2237 1827 2261 sanescat

1034 2290 1081 2314 aut
1094 2284 1240 2314 solidetur?
1252 2283 1379 2311 Arbitror
1399 2282 1470 2309 enim
1491 2281 1554 2316 (nec
1565 2287 1660 2307 vereor
1680 2278 1753 2313 quod
1770 2278 1828 2305 hinc

1034 2331 1126 2367 opinio
1143 2330 1240 2358 falsum
1252 2336 1296 2356 me
1306 2327 1415 2364 habeat)
1427 2327 1499 2354 hunc
1508 2325 1630 2353 dolorem
1643 2328 1725 2359 atque
1735 2323 1827 2350 anxie-

1037 2383 1131 2411 tatem,
1142 2385 1202 2412 quaa
1220 2375 1286 2404 mihi
1303 2375 1337 2403 de
1353 2373 1520 2401 charissim
1532 2371 1738 2402 contubernalis
1750 2377 1828 2398 occa-

1035 2425 1112 2452 sione
1126 2427 1220 2452 exorta
1233 2425 1286 2455 est,
1294 2419 1449 2457 perenniter
1465 2425 1571 2445 mecum
1582 2420 1829 2452 persevcraturam.

1036 2472 1123 2499 donec
1135 2470 1162 2498 id
1174 2470 1261 2504 ipsum
1277 2467 1408 2503 temporis
1424 2459 1542 2500 spatium
1555 2484 1565 2496 ,
1585 2462 1657 2498 quod
1672 2462 1744 2489 Deus
1763 2460 1829 2489 mihi

1037 2517 1071 2544 ad
1093 2516 1163 2544 hanc
1184 2514 1310 2541 miseram
1329 2520 1361 2539 ac
1374 2509 1551 2546 temporalem
1572 2508 1655 2535 vitam
1679 2507 1830 2534 concedere

1036 2560 1162 2592 voluerit,
1177 2559 1268 2586 debito
1279 2557 1331 2586 sibi
1353 2556 1469 2584 termino
1495 2554 1613 2582 ﬁniatur.
1633 2552 1721 2586 Quam
1739 2556 1830 2579 tamen

1036 2605 1183 2641 proﬁcuam
1194 2604 1285 2638 potius
1298 2601 1364 2630 mihi
1379 2608 1460 2636 quam
1483 2599 1591 2627 noxiam
1605 2598 1736 2625 hactenus
1752 2604 1830 2631 expe-

1037 2654 1103 2684 rior,
1118 2659 1179 2679 eum
1190 2651 1323 2682 animum,
1338 2649 1372 2677 ad
1393 2648 1453 2675 laeta
1465 2652 1493 2675 ct
1503 2654 1633 2682 prospera
1644 2646 1829 2677 festinantem.

1035 2699 1109 2726 veiut
1121 2696 1281 2733 quibusdam
1294 2694 1379 2722 frenis
1394 2698 1475 2729 atque
1495 2693 1609 2721 habenis
1630 2697 1785 2720 remoratur
1798 2696 1831 2718 ac

1036 2745 1146 2776 retinet,
1162 2747 1335 2776 mentemque
1345 2740 1379 2768 ad
1391 2740 1590 2768 revocationem
1601 2738 1698 2766 mortis
1711 2739 1830 2767 revocet.

1037 2798 1119 2826 quam
1132 2789 1165 2816 ad
1175 2794 1251 2822 spem
1265 2791 1290 2813 et
1305 2793 1426 2813 antorem
1447 2784 1627 2820 Iongawitatis
1642 2783 1734 2810 odium
1750 2786 1832 2816 atque

1038 2834 1137 2867 oblivio
1150 2833 1296 2863 senectutis
1318 2831 1449 2868 illexerat.
1470 2830 1553 2859 Video
1567 2830 1633 2858 mihi
1649 2836 1703 2857 non
1715 2828 1830 2856 multum
