3976 6170
250 340 340 403 ὃὸῒ

1050 339 1229 399 ΗΙΒΤ.
1273 341 1665 400 TRANSLA'I'.
1706 338 1811 399 ΒΒ.
1855 342 2276 403 MARCELLINI
2313 347 2400 404 ET
2438 347 2671 404 PETRI.

3398 356 3504 413 538

242 412 514 533 superesse
539 456 802 527 temporis
845 455 914 511 ad
934 455 1261 523 vivendum;
1310 455 1436 513 licet
1461 465 1723 527 quantum
1762 456 1817 512 id
1845 462 1896 520 Α
1984 459 2206 516 Gratias
2231 474 2334 532 ago
2375 468 2538 531 atque
2575 460 2748 518 haben
2774 462 3027 518 charltati
3058 472 3163 520 tua:
3183 506 3199 529 ,
3241 466 3387 537 quod
3419 482 3507 526 me

241 562 360 612 esse
381 550 589 615 debeat,
619 542 752 604 mihi
782 549 1001 619 penitus
1025 549 1325 619 ignoretur.
1364 546 1473 605 Sed
1506 544 1609 604 hoc
1633 548 1822 604 cet-tis-

240 648 431 704 simum
453 648 636 707 teneo,
662 649 722 696 et
741 654 933 697 recens
957 647 1147 695 natum
1181 640 1291 696 cito
1309 652 1471 711 posse
1487 641 1626 696 mori
1652 648 1708 696 et
1736 656 1822 696 se-

243 751 359 793 nem
382 734 472 791 mu
502 748 612 789 non
625 729 1101 803 possevivere.A-c
1114 732 1342 802 proinde
1362 726 1521 803 longe
1544 731 1734 789 utilius
1756 746 1823 790 ac

240 826 443 882 beatius
456 822 784 880 forecenseo
812 822 985 893 ipsam
1001 821 1263 892 temporis
1282 822 1475 878 incerti
1500 823 1819 878 brevitatem

154 916 161 921 ’
239 930 360 973 eum
380 915 529 970 luctu
551 926 715 985 quam
743 912 928 968 laetitia
956 913 1177 968 ducere.
1229 908 1368 978 Quia
1420 902 1497 977 si:
1524 913 1823 991 secundum

240 1007 569 1064 Dominlcam
596 1020 806 1071 vocem,
831 1005 977 1060 beati
997 1019 1066 1061 ac
1096 1003 1283 1061 felices
1310 1013 1474 1060 erunt
1497 1005 1591 1075 qui
1618 1004 1826 1059 lamen—

242 1106 420 1155 tantur
447 1104 505 1154 et
527 1096 718 1169 lugent
751 1095 969 1169 (κακὴ.
997 1111 1056 1163 v,
1083 1092 1177 1168 5);
1221 1111 1253 1151 e
1280 1096 1561 1151 contrario
1585 1096 1830 1152 infelices

239 1198 298 1243 ac
318 1187 506 1260 miseri
535 1187 690 1253 ﬁent,
715 1188 807 1258 qui
829 1187 947 1243 dies
975 1200 1105 1244 suos
1137 1187 1197 1243 in
1228 1184 1345 1259 iugi
1370 1194 1427 1243 et
1456 1187 1711 1244 continua
1737 1186 1829 1243 las-

235 1275 351 1333 tltia
383 1265 546 1333 finire
566 1292 673 1334 non
703 1282 970 1333 metuunt.

1926 560 2024 618 per
2042 548 2251 605 litteras
2272 550 2391 605 tuas
2419 549 2685 607 consolari
2726 551 2978 622 d‘gnatus
3012 567 3090 607 es.
3131 551 3316 624 Neque
3360 556 3506 612 enim

1929 637 2103 707 majus
2135 648 2227 693 aut
2253 639 2455 695 certius
2480 650 2586 694 tute
2613 652 2742 708 erga
2788 656 2876 697 me
2899 640 3203 697 dilectionis
3246 643 3507 701 indicium

1929 730 2060 784 dare
2081 730 2353 799 potuistis,
2375 745 2536 800 quam
2565 745 2711 801 aegro
2742 741 2906 802 atque
2922 731 3125 801 iacenti
3154 740 3373 788 manum
3415 749 3510 791 ex-

1928 820 2251 876 hortationis
2296 819 2642 890 porrigendo,
2680 823 3052 893 monendoque
3090 830 3152 878 ut
3186 836 3464 896 surgere-tn
3495 868 3510 892 ,

1928 922 2089 979 quem
2111 916 2295 964 mente
2316 916 2647 978 prostratum
2675 925 2739 965 ac
2766 925 3001 967 mmrore
3029 912 3345 982 depressum
3367 916 3511 986 igno-

1929 1018 2054 1060 rare
2089 1019 2197 1060 non
2240 1012 2477 1074 peteras.
2511 1000 2658 1061 Bene
2682 1004 2822 1072 vale,
2849 1005 3174 1062 cbarissime
3195 1018 3261 1063 ac
3298 1002 3510 1064 deside-

1929 1100 2203 1162 ratissimc
2266 1100 2362 1157 illi.

475 1732 974 1872 HISTllIlIA
1052 1730 1873 1866 TRANSLATIONIS
1952 1736 2123 1862 BB.
2218 1728 2627 1862 CHRISTI
2706 1726 3297 1859 ΜᾹΒΤῩΒΙΙΜ

889 1968 1851 2078 MARCELLINI
1981 1966 2191 2071 ET
2321 1964 2863 2072 PETRI.

1325 2166 1472 2225 tam
1496 2166 1789 2219 Sanctorum
1813 2164 2041 2218 Bollcudl
2060 2172 2195 2216 tumo
2216 2165 2237 2216 1
2259 2164 2435 2236 Junii.)

836 2401 1225 2459 PROLOGUS.

307 2508 366 2562 i.
408 2502 567 2561 Veris
595 2497 712 2555 veri
738 2496 835 2553 Dei
856 2493 1156 2551 cultoribus
1180 2530 1204 2559 ,η
1239 2500 1294 2548 et
1321 2487 1449 2547 Jesu
1480 2491 1683 2547 Christi
1728 2491 1833 2547 Do-

231 2595 377 2653 mini
411 2590 584 2646 nostri
614 2587 1053 2654 Sanctorumque
1098 2581 1215 2650 ejus
1263 2597 1370 2637 non
1410 2580 1551 2636 lictis
1577 2581 1835 2636 amatori-

229 2685 345 2742 bus
377 2679 727 2754 Eginbardus
754 2683 1027 2749 peccator.
1056 2705 1127 2716 —
1155 2672 1258 2741 Qui
1304 2671 1445 2728 vitas
1466 2680 1522 2729 et
1567 2670 1708 2726 facta
1739 2668 1832 2741 ju-

230 2782 481 2836 storum,
535 2785 605 2825 ac
655 2768 954 2824 secundum
1004 2764 1185 2820 divina
1212 2765 1466 2819 mandata
1500 2776 1833 2819 conversan-

235 2866 375 2920 tium
411 2861 727 2924 hominum,
767 2856 965 2912 litteris
988 2872 1053 2912 ac
1079 2855 1355 2911 memoria:
1401 2855 1831 2921 mandaverunt,

234 2968 344 3010 non
381 2951 534 3007 aliud
564 2949 697 3004 mihi
727 2947 942 3004 edicere
979 2945 1212 3002 voluisse
1239 2945 1518 3011 videntur,
1539 2944 1643 2999 nisi
1673 2952 1733 2998 ut
1765 2944 1835 3000 ad

233 3042 614 3101 emendandos
637 3055 837 3111 pravos
857 3054 1059 3104 mores,
1081 3048 1137 3094 et
1167 3035 1577 3092 collaudandam
1595 3034 1836 3092 Deioni-

234 3134 624 3207 nipotentiam,
656 3146 755 3203 per
785 3129 1051 3200 ejusmodi
1091 3126 1361 3198 exempla,
1390 3140 1837 3197 quorumcunque

235 3228 453 3283 animos
488 3225 799 3281 incitarent.
820 3221 1198 3290 Feceruntque
1221 3219 1344 3287 hoc,
1371 3234 1481 3274 non
1509 3217 1684 3273 solum
1706 3217 1834 3288 quia

235 3316 409 3376 livore
446 3317 733 3381 carebant,
759 3314 856 3370 sed
893 3312 1020 3383 quia
1066 3310 1374 3376 cbaritate,
1427 3324 1549 3380 qua:
1586 3307 1838 3364 omnibus

233 3408 386 3479 cupit
422 3421 551 3464 esse
593 3405 925 3469 consultum,
950 3402 1229 3473 granditer
1270 3398 1636 3456 abundabant.
1692 3398 1837 3466 Quo-

237 3515 357 3555 rum
379 3497 661 3554 laudabile
687 3495 1049 3566 propositum,
1076 3493 1204 3563 quia
1234 3503 1342 3547 tam
1375 3492 1428 3547 in
1450 3491 1737 3563 propatulo
1750 3500 1835 3547 est

236 3598 314 3656 ut,
335 3595 546 3660 praeter
563 3602 629 3642 ea
650 3601 773 3657 qua:
795 3586 928 3651 dixi,
957 3585 1092 3640 nihil
1116 3584 1262 3639 aliud
1284 3598 1378 3639 eos
1398 3583 1576 3641 moliri
1598 3582 1835 3639 voluisse

601 3677 848 3741 clareat,
904 3692 1002 3731 cur
1032 3692 1066 3731 a
1115 3675 1299 3731 multis
1347 3674 1548 3729 imitari
1598 3689 1707 3729 non
1735 3674 1832 3729 dc-

236 3767 385 3835 beut,
414 3768 644 3824 omnino
674 3784 783 3823 non
811 3766 988 3823 video.
1018 3765 1098 3822 Ac
1125 3766 1353 3838 proinde
1383 3765 1510 3836 quia
1539 3764 1671 3819 mihi
1699 3778 1831 3819 con-
1860 3748 1906 3810 C

237 3862 382 3918 scius
411 3875 565 3927 surn,
588 3860 733 3931 quod
754 3860 895 3924 libri,
913 3874 1051 3931 quos
1074 3859 1141 3914 de
1164 3857 1518 3913 translatione
1539 3868 1836 3925 corporum

234 3950 529 4008 beatorum
552 3949 754 4008 Christi
778 3958 1077 4020 martyrum
1109 3946 1405 4003 Marcellini
1439 3952 1495 4000 et
1532 3943 1718 4008 Petri,
1758 3941 1837 3998 si-

237 4047 474 4118 gnisque
499 4061 566 4103 ac
592 4047 887 4104 virtutibus
906 4086 924 4112 ,
970 4061 1093 4117 quae
1119 4060 1220 4116 per
1247 4059 1342 4101 eos
1373 4043 1634 4101 Dominus
1660 4042 1730 4098 ad
1750 4038 1840 4098 sa-

236 4136 407 4194 lutem
438 4137 781 4195 credentium
812 4138 932 4195 ﬁeri
983 4136 1191 4200 voluit,
1232 4149 1337 4206 qua
1390 4133 1542 4205 potui
1582 4132 1840 4190 facultate

239 4229 568 4299 conscripsi,
594 4230 784 4286 eadem
817 4236 949 4284 sunt
979 4227 1259 4284 voluntate
1306 4234 1473 4295 atque
1536 4223 1838 4279 intentione

242 4319 553 4390 compositi,
569 4321 789 4377 eosdem
809 4321 994 4386 cdere,
1008 4335 1074 4375 ac
1099 4319 1194 4375 Dei
1208 4317 1547 4374 amatoribus
1568 4318 1636 4372 ad
1656 4316 1840 4388 legen-

242 4407 366 4464 dum
390 4408 594 4466 olerre
620 4411 857 4467 decrevi.
900 4409 1152 4467 Arbitror
1189 4411 1336 4468 enim
1361 4408 1505 4481 quod
1548 4408 1653 4464 hoc
1705 4421 1841 4477 opus

244 4515 351 4556 non
375 4500 560 4559 solum
586 4502 746 4559 inane
764 4517 829 4559 ac
876 4518 1273 4573 supervacuum
1320 4503 1547 4559 cuilibet
1595 4500 1839 4558 ﬁdelium

244 4591 415 4650 videri
442 4607 557 4649 non
580 4594 797 4660 debeat,
824 4594 919 4651 sed
939 4593 1105 4652 etiam
1131 4594 1409 4651 fructuose
1447 4602 1612 4665 atque
1633 4592 1843 4649 utiliter

244 4694 332 4739 me
363 4684 650 4741 laborasse
679 4699 981 4754 pnesumo,
1043 4684 1091 4740 si
1136 4684 1351 4740 edicere
1400 4690 1650 4755 potuero,
1680 4690 1742 4740 ut
1784 4683 1840 4738 in

244 4769 463 4834 Iaudem
497 4776 583 4833 sui
603 4774 916 4835 Conditoris
947 4776 1162 4834 animus
1201 4777 1291 4831 illa
1322 4776 1551 4848 legentis
1569 4786 1839 4846 assurgat.

775 4888 1005 4947 CAPUT
1038 4887 1334 4945 PRIMUM.

250 4975 403 5036 lissi
427 4980 497 5051 et
513 4979 823 5051 Egiuhardo
841 4979 1151 5051 Romaniut!
1177 4978 1542 5051 procuranda
1570 4975 1841 5051 reliquias.

429 5046 670 5107 οωσῐιιω
706 5062 1011 5106 sanctorum
1044 5046 1342 5105 Marcellini
1375 5061 1424 5102 et
1450 5046 1618 5102 Petri.

317 5137 375 5196 Ξ.
410 5140 554 5198 Cum
584 5142 769 5199 adimo
800 5143 854 5198 in
904 5141 1106 5213 palatio
1140 5141 1373 5213 positus,
1398 5155 1466 5196 ac
1495 5140 1723 5211 negotiis
1747 5154 1850 5195 sa:-

250 5232 526 5292 cularibus
582 5244 901 5306 occupatus,
927 5235 1119 5300 otium,
1151 5250 1261 5304 quo
1308 5233 1600 5304 aliquando
1640 5231 1847 5305 perfrui

251 5323 559 5392 cupiebam,
589 5324 909 5381 multimoda
963 5325 1291 5397 cogitatione
1323 5324 1637 5389 meditarer,
1660 5340 1849 5395 quem-

252 5410 377 5469 dam
419 5413 596 5473 locum
645 5429 915 5478 secretum
949 5428 1113 5489 atque
1159 5433 1192 5472 a
1245 5417 1490 5489 populari
1539 5415 1845 5488 frequentia

254 5503 410 5562 valde
435 5516 704 5565 remotum
734 5517 949 5575 nactus,
980 5517 1144 5581 angue
1168 5508 1334 5575 illius,
1362 5508 1447 5564 cui
1481 5516 1611 5565 tunc
1644 5509 1844 5564 milita-

253 5607 461 5665 verant,
501 5600 763 5671 principis
813 5599 1108 5658 Illudowici
1152 5598 1480 5657 liberalitate
1521 5609 1846 5658 consecutus

329 5746 355 5775 ι
396 5732 492 5792 Ms.
548 5736 789 5810 Reginae,
829 5733 1261 5802 Hodnnuhuald;
1308 5734 1438 5793 alibi
1489 5734 1833 5793 Odonowald.

1856 2407 1904 2466 B
1932 2418 2073 2458 sum.
2104 2404 2155 2459 ls
2190 2404 2341 2461 locus
2363 2416 2448 2462 est
2473 2407 2530 2461 in
2556 2406 2698 2463 saltu
2723 2406 3052 2475 Germania,
3073 2410 3336 2484 quiinter
3380 2413 3526 2475 Noc-

1934 2509 2125 2550 carum
2159 2505 2215 2551 et
2247 2496 2477 2552 Moenum
2505 2496 2697 2555 ﬂuvios
2733 2501 2943 2555 medius
2981 2501 3289 2572 interiacet,
3318 2518 3382 2559 ac
3410 2520 3527 2561 mo-

1935 2584 2108 2639 derno
2169 2594 2412 2656 tempore
2478 2588 2547 2643 ab
2604 2588 2795 2645 incolis
2854 2598 2910 2646 et
2972 2591 3525 2652 circummanentibus

1935 2676 2233 2734 Odanwald
2259 2691 2284 2720 ι
2322 2680 2644 2751 appellatur.
2675 2681 2735 2736 In
2787 2696 2897 2751 quo
2942 2699 3092 2748 cum,
3122 2699 3222 2754 pro
3256 2684 3417 2741 modo
3438 2687 3529 2740 ta-

1935 2767 2197 2823 cultatum
2226 2783 2293 2825 ac
2315 2779 2652 2840 sumptuum,
2684 2786 2794 2826 non
2822 2772 2995 2826 solum
3022 2772 3213 2830 domos
3235 2783 3293 2830 et
3317 2775 3528 2831 habita-

1935 2860 2056 2916 cula
2081 2861 2148 2915 ad
2172 2862 2521 2929 manendum,
2545 2878 2735 2918 verum
2759 2865 2924 2921 etiam
2954 2865 3233 2922 basilicam
3258 2906 3274 2934 ,
3327 2868 3528 2959 divinis

1932 2949 2125 3005 ciliciis
2155 2948 2416 3007 faciendis
2458 2962 2867 3023 congruentem,
2896 2971 3001 3010 non
3044 2955 3281 3017 indecori
3338 2948 3522 3027 operis

1935 3040 2314 3107 mdilicasscm,
2350 3036 2598 3099 dubitare
2661 3045 2801 3115 enipi
2828 3085 2847 3111 ,
2885 3045 2939 3100 in
2990 3045 3147 3114 cujus
3184 3047 3526 3118 potissimum

1935 3130 2113 3186 sancti
2138 3131 2219 3185 vel
2259 3133 2517 3204 martyris
2544 3134 2762 3190 nomine
2807 3145 2973 3205 atque
3030 3137 3235 3193 honore
3281 3137 3520 3193 dedicari

1935 3222 2175 3279 deberet.
2215 3222 2460 3293 Cumque
2508 3225 2563 3279 in
2600 3227 2702 3281 hac
2751 3227 2917 3282 animi
2970 3226 3321 3284 ﬂuctuatione
3359 3228 3531 3299 pluri-

1936 3328 2084 3367 mum
2128 3313 2385 3381 temporis
2409 3322 2555 3370 esset
2589 3314 2865 3371 evolutum
2891 3356 2912 3383 ,
2953 3318 3177 3389 contigit
3212 3326 3271 3373 ut
3307 3318 3529 3388 quidam

1936 3402 2196 3459 diaconus
2221 3403 2479 3460 Romana:
2524 3400 2800 3472 Ecclesiae,
2825 3409 3044 3464 nomine
3090 3408 3398 3473 Deusdona,
3426 3424 3532 3480 pro

1933 3493 2050 3549 suis
2073 3494 2486 3551 necessitatibus
2522 3497 2669 3566 regis
2688 3512 2848 3567 opem
2890 3498 3301 3568 imploraturus,
3328 3500 3397 3554 ad
3426 3514 3524 3569 pa-

1933 3582 2121 3638 latium
2144 3584 2372 3639 veniret.
2403 3585 2587 3656 lbique
2605 3586 2915 3657 aliquandiu
2944 3597 3222 3653 moratus,
3265 3603 3412 3652 cum,
3436 3602 3532 3656 pe-

1936 3685 2088 3731 racto
2121 3685 2343 3746 propter
2366 3677 2512 3747 quod
2541 3688 2768 3735 venerat
2806 3680 3047 3749 negotio,
3084 3678 3314 3739 Romam
3354 3678 3533 3734 redire

1936 3776 2183 3838 pararet,
2204 3770 2440 3837 quadam
2458 3770 2568 3833 die,
2591 3769 2946 3825 humanitatis
2990 3785 3181 3835 causa,
3206 3769 3352 3824 velut
3377 3786 3533 3839 pcre-

1936 3859 2146 3929 grinus,
2177 3860 2243 3912 ad
2266 3859 2554 3927 prandium
2583 3868 2781 3914 nostrm
2801 3861 3088 3927 parvitatis
3115 3875 3147 3915 a
3167 3860 3325 3915 nobis
3339 3869 3427 3917 est
3447 3861 3532 3916 iu-

1938 3947 2178 4002 vitatus:
2210 3947 2390 4016 ibique
2413 3947 2556 4003 inter
2585 3950 2956 4018 prandendum
2991 3949 3148 4020 plura
3174 3949 3360 4016 locuti,
3377 3966 3535 4008 eous-

1938 4055 2044 4111 que
2073 4041 2491 4098 sermocinancm
2533 4044 2900 4111 pervenimus,
2933 4053 2994 4100 ut
3021 4045 3089 4100 de
3120 4046 3475 4102 translatione
3503 4047 3530 4085 δ

1939 4125 2354 4202 οοτροτὶεᾞεαιί
2383 4132 2689 4191 Sebastiani
2721 4148 2785 4189 ac
2812 4134 3074 4207 neglectis
3102 4144 3401 4209 martyrum
3440 4151 3535 4199 ,θο-

1938 4223 2163 4295 pnlcris,
2193 4240 2425 4295 quorum
2452 4223 2639 4281 Romae
2672 4225 2860 4298 ingens
2884 4228 3039 4299 copia
3068 4236 3173 4294 est,
3203 4229 3406 4285 mentio
3436 4230 3535 4286 lie-

1940 4326 2045 4374 ret.
2069 4317 2199 4373 Inde
2226 4316 2293 4371 ad
2319 4317 2712 4374 dedicationem
2744 4334 2899 4376 novae
2925 4321 3166 4378 basilicae
3195 4330 3396 4378 nostra:
3417 4338 3536 4379 ser-

1942 4425 2105 4467 mone
2140 4423 2428 4474 converso,
2463 4410 2773 4480 percontari
2801 4412 2968 4481 coepi,
2989 4427 3228 4481 quonam
3259 4412 3421 4468 modo
3464 4413 3535 4467 ad

1943 4499 1997 4555 id
2022 4499 2307 4571 pervenire
2338 4513 2576 4568 possem,
2601 4507 2660 4553 ut
2685 4499 2890 4569 aliquid
2916 4500 2985 4554 de
3027 4500 3172 4554 veris
3221 4509 3534 4555 sanctorum

1945 4590 2211 4661 reliquiis,
2240 4589 2333 4660 qui
2374 4588 2558 4646 Romae
2586 4590 2956 4659 requiescunt,
2982 4590 3115 4645 mihi
3141 4589 3364 4659 adipisci
3399 4604 3533 4646 con-

1945 4682 2213 4753 tingeret?
2237 4679 2336 4737 llic
2360 4680 2449 4735 ille
2490 4679 2670 4750 primo
2694 4678 2912 4749 quidem
2942 4679 3236 4742 haesitavit,
3266 4687 3324 4733 et
3351 4677 3530 4748 quali-

1945 4780 2032 4829 ter
2064 4772 2117 4828 id
2144 4771 2263 4829 fieri
2300 4781 2502 4842 posset,
2525 4786 2585 4827 se
2612 4770 2824 4826 nescire
2848 4769 3145 4841 respondit.
3178 4768 3382 4826 Deinde
3410 4782 3534 4825 cum

1944 4876 2035 4919 me
2060 4862 2126 4919 de
2148 4862 2253 4918 hac
2274 4879 2333 4919 re
2352 4862 2651 4919 sollicitum
2676 4859 2838 4918 simul
2863 4868 2921 4916 et
2945 4859 3221 4916 curiosum
3264 4874 3387 4916 esse
3422 4857 3538 4915 ani-

1948 4954 2332 5021 madverteret,
2361 4956 2530 5011 altera
2541 4955 2633 5011 die
2652 4970 2713 5012 se
2739 4953 3135 5026 percontationi
3157 4967 3293 5009 mea:
3313 4962 3537 5022 respon-

1950 5059 2139 5102 surum
2166 5060 2290 5102 esse
2314 5046 2582 5117 premisit.

2021 5136 2078 5191 ὅ.
2120 5135 2247 5193 Post
2276 5137 2415 5203 hac,
2444 5152 2569 5192 cum
2598 5136 2797 5193 iterum
2837 5152 2870 5191 a
2901 5152 2989 5191 me
3013 5135 3205 5191 fuisset
3230 5135 3491 5190 invitatus
3515 5173 3534 5202 ,

1948 5232 2253 5303 protinuse
2302 5231 2424 5287 sinu
2475 5230 2712 5286 libellum
2766 5230 2899 5285 mihi
2937 5227 3199 5300 porrexit,
3228 5242 3427 5297 rogans
3472 5236 3536 5283 ut

1946 5339 2070 5381 eum
2124 5323 2272 5379 solus
2314 5322 2686 5392 perlegerem;
2726 5319 2940 5389 sibique
2990 5319 3056 5372 de
3086 5317 3192 5377 his,
3220 5333 3342 5386 qua:
3384 5316 3438 5371 in
3467 5330 3540 5373 eo

1945 5416 2146 5487 scripta
2167 5422 2347 5478 erant,
2370 5412 2500 5484 quid
2529 5410 2664 5466 mihi
2696 5411 2955 5481 placeret,
2980 5408 3223 5463 indicare
3244 5424 3350 5462 non
3383 5406 3536 5465 dedi-

1945 5520 2162 5579 gnarer.
2184 5503 2383 5573 Accepi
2419 5500 2677 5563 libellum,
2706 5508 2762 5555 et
2793 5506 2855 5553 ut
2905 5498 2995 5553 ille
3041 5497 3227 5568 petiit,
3270 5497 3422 5554 solus
3451 5512 3539 5553 se-

1950 5606 2099 5654 crete
2124 5594 2346 5668 perlegi.
2399 5590 2792 5648 Continebatur
2829 5589 2882 5645 in
2909 5602 2977 5645 eo
3017 5602 3182 5645 :esse
3234 5587 3336 5645 sibi
3392 5588 3535 5647 domi

2016 5734 2044 5775 ι»
2082 5730 2331 5795 Νοηὰυη
2361 5726 2778 5802 quidem‘facta,
2815 5727 2909 5786 sed
2935 5726 3278 5799 postulanda.
