3976 6170
403 298 514 359 ω

1688 290 2069 355 εςιΝηΑιωι
2107 290 2405 361 ABBA'i'lS
2691 312 2729 341 ο

3569 300 3675 367 ιω

400 415 666 490 plurimas
704 404 1025 469 sanctorum
1054 407 1330 478 reliquias,
1361 420 1562 478 easque
1611 421 1672 463 se
1701 405 1835 465 mihi
1861 405 1993 461 dare
2020 403 2074 463 Α
2097 410 2265 469 esset,
2287 358 2581 462 senescire
2592 356 2887 476 respondit.
2907 404 3045 461 Tum
3071 402 3189 463 ille:
3213 424 3231 458 ι
3260 406 3434 469 Roma
3460 356 3674 479 es“;

404 504 562 571 velle,
587 503 634 560 si
661 517 784 558 meo
811 501 976 557 fultus
999 497 1269 567 adjutorio
1301 498 1527 554 Romam
1553 496 1748 554 reverti

402 604 518 661 set;
543 598 879 662 compertum
914 589 1017 644 sibi
1047 587 1164 645 fore
1185 629 1201 652 ,
1255 588 1401 658 quod
1437 588 1573 644 duos
1607 586 1784 643 mulos
1820 585 1986 641 habe-

403 701 541 750 rem,
571 697 800 753 quorum
828 682 873 737 si
896 681 1127 736 alterum
1173 680 1276 736 sibi
1322 681 1530 746 darem,
1564 695 1630 735 ac
1658 692 1841 736 secum
1890 679 1987 735 ho-

402 775 605 829 minem
631 787 814 829 meum
850 771 1064 826 ﬁdelem
1088 772 1383 835 mitterem,
1410 771 1503 841 qui
1560 771 1685 828 illas
1728 771 1987 839 reliquias

401 864 471 918 ab
490 860 587 917 illo
610 860 890 932 reciperet,
909 861 1151 929 mihique
1179 858 1638 924 deferret,statim
1657 874 1753 915 eas
1773 859 1908 915 mihi
1926 874 1987 914 se

403 951 533 1027 [Με.
544 992 560 1019 ,
573 951 718 1025 esse]
734 951 1044 1007 missurum.
1062 950 1399 1020 Complacuit
1419 950 1551 1005 mihi
1569 949 1847 1015 suadentis
1862 964 1989 1004 con-

401 1047 606 1111 silium,
618 1046 888 1114 statuique
908 1042 1065 1098 ﬁdem
1084 1041 1388 1111 sponsionis
1404 1042 1624 1097 incertae
1637 1039 1886 1094 celeriter
1900 1054 1988 1093 ex-

402 1134 603 1205 periri;
629 1148 695 1188 ac
719 1132 962 1201 proinde,
979 1131 1105 1184 dato
1125 1130 1268 1199 quod
1290 1130 1780 1200 petebatjumeuto,
1805 1129 1985 1183 addita

398 1235 624 1299 propter
646 1224 908 1279 viaticum
953 1222 1204 1292 pecunia,
1237 1221 1511 1276 notarium
1536 1236 1736 1284 meum,
1768 1220 1988 1276 nomine

400 1317 731 1387 Ratleicum,
753 1314 880 1385 quia
906 1320 960 1368 et
984 1312 1100 1384 ipse
1129 1313 1321 1368 orandi
1360 1327 1527 1367 causa
1551 1311 1776 1366 Romam
1823 1311 1987 1366 eundi

398 1416 584 1462 votum
633 1405 887 1468 habebat,
918 1417 1044 1457 cum
1108 1416 1172 1457 eo
1231 1415 1457 1472 pergere
1495 1399 1655 1469 jnssi.
1706 1399 1873 1469 igitur
1922 1400 1987 1455 de

398 1495 723 1566 Aquisgrani
744 1494 947 1564 palatio
977 1492 1204 1563 profecti
1254 1522 1324 1532 —
1353 1490 1695 1573 namgibico
1748 1490 1990 1573 tempore

399 1565 697 1659 imperator
719 1602 844 1641 cum
870 1601 970 1642 suo
997 1585 1256 1641 comitatu
1279 1565 1799 1655 erat—KtiguSLam
1826 1566 1987 1636 Sues-

402 1681 617 1735 sionum
660 1691 687 1720 ι
727 1684 1025 1743 venerunt;
1070 1677 1254 1747 ibique
1286 1691 1410 1733 cum
1455 1675 1708 1732 iiiidoino
1736 1675 1764 1715 δ
1791 1675 1986 1731 abbate

2086 496 2228 564 quit,
2250 511 2413 566 quam
2433 496 2605 557 vides.
2626 516 2645 549 ‹
2670 496 2974 567 Statimque
2996 498 3202 554 addidit
3227 517 3241 553 :
3265 500 3477 573 «Dirige
3493 502 3677 563 oculos

2086 584 2141 640 in
2158 586 2415 642 interiora
2432 585 2559 660 [Ηε.
2570 628 2587 653 ,
2602 586 2888 661 ulteriora]
2901 588 3160 655 civitatis,
3173 598 3230 647 et
3242 591 3613 662 contemplare
3633 594 3676 651 si

2087 676 2267 749 aliqua
2293 678 2389 733 tibi
2420 678 2476 733 in
2512 679 2599 735 bis
2637 678 2771 735 locis
2808 687 3071 749 appareat
3096 679 3350 737 ecclesia.
3384 700 3404 733 ι
3433 680 3679 752 Cumque

2087 767 2190 823 sibi
2219 768 2512 837 quamdam
2530 768 2817 824 ecclesiam
2841 779 2864 807 ο
2891 784 3153 840 apparere
3175 770 3423 839 dixisset,
3455 789 3472 823 ι
3504 772 3675 841 Vade,

2087 857 2185 921 ait,
2215 864 2271 913 et
2290 856 2534 914 Ratleico
2583 858 2794 924 nuntia,
2831 858 3085 928 quoniam
3129 859 3181 912 in
3213 859 3467 921 ecclesia,
3510 878 3678 932 quam

2087 948 2248 1002 modo
2278 947 2484 1014 vidisti,
2525 947 2614 1002 illa
2644 964 2733 1004 res
2780 956 2868 1004 est
2903 949 3206 1015 recondita,
3255 965 3418 1020 quam
3452 950 3545 1007 ille
3578 953 3675 1011 do-

2087 1038 2236 1094 mino
2262 1053 2362 1094 suo
2389 1040 2548 1096 debet
2563 1039 2758 1096 aii‘erre
2790 1059 2804 1095 :
2831 1048 2885 1096 et
2909 1042 3030 1095 ideo
3051 1043 3140 1103 det
3164 1056 3385 1112 operam
3408 1084 3428 1109 ,
3471 1051 3533 1097 ut
3555 1061 3676 1117 eam

2087 1136 2291 1205 quanto
2335 1128 2568 1199 celerius
2593 1130 2712 1185 iieri
2734 1140 2919 1201 potest
2941 1131 3191 1201 accipiat,
3217 1140 3273 1186 et
3303 1132 3371 1189 ad
3395 1131 3675 1197 dominum

2088 1236 2246 1275 suum
2266 1230 2592 1278 revertatur.
2628 1241 2647 1275 ι
2677 1222 2921 1294 Cumque
2952 1223 3043 1279 ille
3069 1224 3295 1291 diceret,
3338 1224 3484 1294 quod
3514 1240 3676 1293 nemo
3778 1240 3785 1245 '

2088 1317 2154 1371 de
2187 1316 2296 1381 bis,
2335 1315 2428 1387 qui
2468 1331 2655 1371 secum
2687 1324 2973 1383 venerant,
3011 1317 3064 1370 in
3095 1315 3402 1388 hujusmodi
3430 1331 3490 1370 re
3514 1316 3674 1370 iidem

2090 1408 2248 1464 dictis
2281 1409 2394 1464 suis
2428 1417 2574 1465 esset
2593 1409 2902 1476 habiturus,
2929 1412 3208 1480 respondit
3237 1418 3294 1466 et
3318 1409 3457 1465 dixit
3488 1429 3502 1466 :
3539 1429 3558 1462 ι
3598 1410 3677 1464 Tu

2088 1497 2228 1553 nosti
2278 1492 2422 1567 quod
2472 1513 2685 1564 omnes,
2721 1499 2816 1569 qui
2868 1508 3046 1555 tecum
3080 1500 3185 1556 hoc
3215 1500 3322 1554 iter
3357 1511 3545 1572 agunt,
3581 1501 3677 1556 tibi

2089 1590 2292 1645 conscii
2324 1599 2451 1644 sunt
2491 1574 2618 1660 quia
2656 1591 2964 1661 complures
3015 1590 3134 1647 dies
3164 1593 3217 1646 in
3252 1590 3402 1646 febre
3443 1592 3673 1647 tertiana

2089 1680 2371 1747 iaborasti,
2400 1692 2455 1741 et
2486 1683 2736 1739 nondum
2775 1692 2833 1753 te
2857 1684 2925 1738 ab
2950 1683 3044 1743 illa
3058 1682 3259 1745 Nullam
3288 1683 3549 1753 habuisse
3593 1699 3677 1738 re-

402 1769 458 1823 in
489 1768 818 1824 monasterio
857 1766 915 1823 S.
944 1741 1184 1821 Medardi
1213 1765 1373 1825 iowti
1401 1773 1548 1831 sunt,
1570 1765 1694 1834 quia
1718 1778 1984 1821 memora-

2090 1741 2421 1829 missionem.
2450 1804 2523 1814 —
2553 1775 2622 1829 Et
2657 1775 2745 1829 ille
2785 1748 2817 1829 εἱ
2859 1741 3072 1840 ιωεει,
3106 1741 3300 1847 anilia,
3326 1742 3576 1833 ut‘dicis.
3609 1806 3680 1815 .-

400 1868 487 1915 tus
516 1860 777 1915 daconus
801 1858 851 1913 ei
886 1857 1158 1928 pollicitus
1203 1864 1307 1922 est,
1335 1871 1393 1911 se
1431 1853 1645 1910 eiiicere
1688 1869 1880 1925 posse,
1927 1860 1988 1908 ut

398 1966 598 2023 corpus
625 1951 771 2006 beati
795 1948 1362 2035 Tiburtiikmartyris,
1395 1947 1450 2001 iu
1495 1944 1612 2031 ejus
1651 1938 1863 2035 veniret
1884 1956 1985 2027 po-

400 2049 672 2098 testatem.
700 2040 907 2109 Quibus
938 2038 1026 2094 ille
1059 2037 1512 2110 promissionibus
1546 2036 1786 2101 illectus,
1838 2035 1988 2090 misit

399 2147 523 2189 cum
542 2133 623 2188 eis
659 2131 945 2202 quemdam
964 2130 1362 2201 presbyterum,
1391 2129 1667 2185 hominem
1695 2127 1948 2183 callidum
1967 2166 1984 2191 ,

400 2225 620 2280 nomine
656 2220 1103 2290 Huuum,jubens
1134 2227 1490 2290 utacceptum
1522 2218 1591 2272 ab
1617 2234 1683 2275 eo
1702 2217 1986 2295 memorati

400 2315 656 2389 martyris
676 2331 875 2386 corpus
911 2314 1013 2369 sibi
1036 2312 1290 2368 deferret.
1314 2312 1441 2367 inde
1463 2312 1567 2365 iter
1604 2311 1856 2382 ingressi,
1879 2309 1988 2364 Ro-

396 2421 567 2473 mam,
598 2413 801 2476 quanta
830 2412 1117 2475 potuerunt
1139 2403 1434 2465 celeritate,
1464 2409 1841 2471 perrexerunt.

471 2497 528 2551 4.
569 2495 809 2567 Contigit
847 2502 1355 2564 autem,postquam
1378 2491 1587 2546 italiam
1620 2491 1981 2556 intraverunt,

395 2598 458 2645 ut
503 2603 640 2659 puer
685 2587 885 2643 notarii
918 2586 1050 2650 mei,
1086 2584 1305 2640 nomine
1337 2581 1725 2654 Reginbaldus,
1754 2582 1982 2661 tertiana

397 2677 551 2734 febre
582 2685 902 2746 correptus,
952 2691 1063 2731 non
1113 2674 1384 2729 modicum
1419 2671 1740 2742 profectioni
1793 2686 1984 2727 eorum

398 2770 513 2825 suis
537 2769 813 2824 laboribus
839 2765 1043 2822 faceret
1066 2765 1536 2834 impedimentum;
1600 2762 1853 2833 quoniam
1899 2761 1986 2817 bis

398 2864 570 2928 boris,
594 2862 790 2933 quibus
837 2860 928 2916 ille
977 2858 1208 2915 febrium
1257 2857 1476 2912 aestibus
1515 2857 1800 2911 tenebatur
1823 2895 1838 2919 ,
1882 2854 1987 2908 iter

399 2970 560 3027 agere
585 2970 691 3011 non
717 2959 1031 3024 potuerunt.
1081 2951 1253 3006 Erant
1276 2950 1421 3005 enim
1464 2949 1647 3019 pauci,
1678 2964 1742 3003 ac
1761 2960 1859 3018 per
1882 2948 1987 3002 hoc

398 3047 469 3103 ab
503 3046 734 3101 invicem
766 3043 1010 3115 separari
1041 3042 1316 3098 nolebant.
1372 3040 1617 3112 Cumque
1646 3041 1752 3096 hoc
1780 3040 1986 3095 incom-

399 3137 561 3193 modo
590 3136 696 3191 iter
718 3135 934 3190 illorum
976 3147 1082 3189 non
1124 3132 1487 3197 mediocriter.
1511 3130 1702 3187 fuisset
1751 3126 1987 3185 retarda-

402 3237 537 3291 tum,
569 3227 644 3283 illi
676 3239 856 3282 tamen
878 3234 1037 3296 prout
1058 3231 1309 3294 poterant
1345 3223 1473 3278 illud
1501 3222 1806 3278 accelerare
1852 3237 1983 3276 con-

400 3320 704 3378 tenderent,
741 3317 918 3371 tribus
945 3315 1136 3371 diebus
1158 3315 1473 3385 priusquam
1502 3313 1570 3368 ad
1607 3312 1809 3368 Urbem
1830 3311 1983 3365 veni-

376 3416 545 3473 'reut,
575 3406 826 3476 apparuit
850 3406 904 3460 in
933 3405 1051 3460 visu
1082 3404 1159 3459 illi
1211 3402 1539 3458 febricitanti
1566 3401 1783 3469 quidam
1825 3401 1986 3455 homo

388 3501 466 3556 ‘in
506 3499 692 3555 habitu
728 3496 972 3563 diaconi,
1002 3495 1328 3567 perquirens
1361 3495 1430 3547 ab
1463 3508 1529 3548 eo
1571 3506 1734 3562 quam
1776 3492 1845 3545 ob
1871 3505 1983 3545 rem

400 3590 653 3647 dominus
678 3602 809 3642 suus
838 3586 1065 3642 Romam
1094 3586 1173 3640 ire
1202 3584 1519 3639 festinaret?
1538 3582 1635 3638 Cui
1659 3599 1783 3637 cum
1823 3582 1910 3637 ille
1930 3591 1985 3637 et

398 3681 670 3752 promissa
701 3678 912 3735 diaconi
960 3679 1027 3732 de
1067 3676 1311 3745 reliquiis
1339 3684 1649 3731 sanctorum
1704 3675 1835 3730 mihi
1868 3674 1985 3729 mit-

376 3771 597 3835 ‘tmdis,
628 3771 777 3825 et-de
804 3769 890 3824 bis
915 3782 1036 3837 quae
1062 3765 1313 3821 ﬂildoino
1356 3766 1537 3821 abbati
1565 3763 1835 3835 pollicitus
1862 3771 1940 3819 est
1965 3806 1980 3830 ,

376 3867 559 3930 ‘prout
585 3860 660 3914 illi
681 3844 956 3930 contperta
987 3864 1163 3922 erant,
1189 3863 1511 3925 exponeret,
1539 3871 1558 3906 ι
1592 3854 1709 3910 Non
1739 3855 1813 3909 ita
1843 3855 1947 3910 erit
1966 3896 1982 3921 ,

373 3954 597 4023 ‘inquit,
622 3953 718 4007 sed
747 3919 904 4021 longe
932 3950 1108 4018 aliter,
1142 3965 1302 4021 quam
1338 3964 1437 4005 vos
1478 3948 1820 4015 existimatis,
1854 3963 1983 4004 cau-

401 4057 601 4104 sarum,
633 4049 857 4112 propter
877 4055 1014 4109 quas
1059 4040 1283 4095 venistis
1309 4079 1325 4105 ,
1371 4037 1547 4093 exitus
1584 4037 1981 4107 adimplebitur.

402 4131 539 4187 Nam
559 4131 821 4185 diaconus
842 4130 967 4194 iste,
991 4131 1083 4199 qui
1105 4145 1201 4183 vos
1229 4129 1458 4183 Romam
1509 4128 1696 4184 venire
1737 4129 1982 4198 rogavit,

404 4228 499 4274 aut
524 4234 740 4290 parum,
764 4226 860 4271 aut
882 4219 1013 4272 nihil
1045 4219 1110 4272 de
1133 4220 1236 4284 bis,
1259 4234 1380 4289 quae
1417 4220 1572 4275 vobis
1608 4220 1877 4288 promisit,
1900 4219 1984 4272 fa-

403 4316 593 4364 cturus
612 4313 724 4371 est;
766 4321 831 4360 ac
853 4307 1080 4377 proinde
1107 4307 1227 4361 volo
1266 4308 1514 4376 sequaris
1558 4323 1662 4373 me,
1710 4316 1871 4377 atque
1922 4323 1984 4362 ea

2089 1863 2449 1935 Quapropter,
2479 1866 2574 1930 ait,
2606 1865 2728 1919 volo
2756 1874 2816 1919 ut
2842 1881 2941 1935 pro
2978 1866 3131 1936 signo
3162 1867 3260 1921 tibi
3282 1865 3372 1930 sit,
3398 1872 3564 1936 atque
3592 1867 3679 1921 bis

2062 1951 2285 2035 ‘quibus
2305 1952 2471 2009 verba
2496 1969 2616 2024 quae
2639 1954 2752 2011 dixi
2793 1954 3065 2033 relaturus
3092 1970 3172 2019 es,
3198 1955 3458 2024 quoniam
3483 1970 3552 2010 ex
3575 1955 3683 2009 hac

2088 2042 2242 2107 hora,
2302 2042 2470 2106 febre,
2506 2060 2613 2114 qua
2643 2060 2812 2113 usque
2857 2045 3015 2100 modo
3057 2044 3408 2107 detinebztris,
3459 2046 3541 2102 sic
3579 2062 3679 2116 per

2089 2131 2183 2187 Dei
2209 2133 2638 2189 misericordiam
2660 2135 2933 2190 cariturus
2962 2149 3041 2199 es,
3072 2145 3131 2189 ut
3154 2145 3205 2190 te
3234 2134 3463 2191 ulterius
3490 2136 3545 2190 iu
3577 2137 3686 2191 hoc

2089 2223 2283 2280 itinere
2332 2240 2441 2280 non
2489 2227 2784 2297 contingat.
2835 2246 2854 2279 ι
2895 2227 2990 2282 liis
3036 2227 3195 2283 dictis
3237 2227 3678 2299 expergefactus,

2086 2317 2268 2371 omnia
2291 2332 2411 2387 quat
2434 2318 2538 2373 sibi
2555 2319 2754 2374 vidisse
2774 2319 2857 2374 vel
2882 2320 3097 2374 audisse
3113 2318 3416 2385 videbatur,
3438 2319 3682 2375 Ratleico

2089 2407 2291 2462 referre
2310 2409 2537 2463 curavit.
2555 2408 2686 2475 Qum
2706 2424 2827 2464 cum
2851 2407 3127 2464 Ratleicus
3144 2409 3464 2481 presbytero
3490 2425 3681 2466 secum

2087 2498 2327 2568 pergenti
2371 2500 2730 2568 exposuisset,
2758 2498 2931 2553 visum
2955 2507 3039 2553 est
3060 2498 3323 2555 ambobus
3358 2490 3421 2553 ut
3458 2500 3682 2570 experi-

2086 2594 2327 2640 mentum
2353 2588 2525 2641 somni
2551 2585 2706 2659 [Ms.,
2725 2586 2941 2659 somnii]
2958 2602 3024 2642 ex
3040 2590 3266 2643 veritate
3293 2590 3576 2660 promissa:
3593 2592 3686 2644 sa-

2078 2676 2271 2731 nitatis
2295 2678 2657 2747 approbarent
2688 2695 2700 2729 :
2736 2693 2860 2731 nam
2902 2679 3093 2733 eadem
3132 2679 3238 2744 die,
3259 2677 3414 2748 juxta
3442 2679 3685 2749 qualita-

2086 2773 2191 2821 tem
2213 2764 2462 2828 febrium,
2479 2767 2673 2836 quibus
2694 2768 2943 2824 laborare
2964 2778 3345 2835 consueverat,
3359 2769 3683 2827 febricitare

2083 2855 2317 2912 debebat
2336 2856 2382 2911 is
2406 2857 2497 2926 qui
2519 2859 2788 2913 somnium
2819 2858 3045 2914 viderat.
3073 2858 3138 2912 Et
3162 2867 3222 2913 ut
3242 2874 3348 2913 non
3378 2875 3514 2914 vana
3547 2859 3679 2914 illn-

2086 2945 2190 3011 sio,
2233 2946 2327 3001 sed
2366 2947 2550 3017 potius
2592 2959 2720 3001 vera
2751 2949 3010 3003 revelatio
3060 2946 3225 3004 fuisse
3271 2950 3682 3014 ostenderetur,

2074 3046 2264 3105 'neque
2287 3034 2378 3090 illa
2400 3035 2503 3100 die,
2540 3051 2716 3105 neque
2750 3037 2964 3091 caeteris
2982 3052 3102 3107 qum
3130 3037 3276 3092 illam
3297 3044 3499 3093 secutae
3526 3047 3681 3104 sunt,

2090 3125 2256 3180 ullum
2301 3126 2355 3181 in
2391 3140 2619 3197 corpore
2648 3142 2748 3181 suo
2790 3136 3176 3183 eonsuetarum
3224 3127 3458 3183 febrium
3502 3130 3685 3185 sensit

2089 3218 2366 3273 indicium.
2403 3218 2602 3288 Sicque
2625 3218 2830 3275 factum
2860 3227 2965 3285 est,
2995 3229 3129 3275 utet
3151 3219 3344 3275 visioni
3366 3219 3685 3287 crederent,

2087 3319 2143 3365 et
2165 3310 2322 3365 iidem
2355 3309 2564 3366 diaconi
2589 3311 2874 3381 promissis
2903 3325 3013 3365 non
3038 3311 3322 3367 haberent.

2157 3398 2209 3454 6.
2247 3399 2416 3470 igitur
2446 3397 2671 3453 Romam
2705 3400 3006 3464 venientes,
3033 3398 3185 3467 juxta
3214 3398 3495 3453 basilicam
3533 3399 3685 3455 beati

2083 3489 2233 3544 Petri
2281 3488 2530 3559 apostoli,
2577 3504 2696 3558 quae
2725 3489 2928 3544 dicitur
2952 3489 3019 3543 ad
3048 3487 3295 3553 Vincula,
3331 3488 3384 3542 in
3403 3488 3569 3543 domo
3600 3490 3687 3558 ip-

2085 3581 2221 3645 sius,
2251 3595 2374 3635 cum
2398 3595 2505 3651 quo
2538 3588 2825 3645 venerunt,
2860 3580 3094 3646 diaconi,
3127 3579 3421 3649 hospitium
3450 3594 3687 3647 accepe-

2085 3679 2250 3738 runt;
2275 3680 2699 3741 manseruntque
2734 3686 2858 3726 cum
2884 3686 2949 3727 eo
2975 3684 3073 3740 per
3102 3669 3307 3739 aliquot
3330 3670 3479 3731 dies,
3512 3684 3686 3740 oppr>

2085 3763 2287 3818 rientes
2313 3763 2702 3832 promissorum
2744 3762 2862 3833 ejus
2907 3760 3367 3831 adimpletionem.
3407 3759 3517 3814 Sed
3561 3758 3681 3823 ille,

2085 3854 2177 3925 qui
2195 3868 2322 3908 suas
2350 3852 2766 3924 pollicitationes
2794 3851 3055 3923 perlicere
3082 3866 3190 3905 non
3211 3850 3447 3914 valebat,
3473 3850 3678 3920 ipsum,

2084 3945 2227 4014 quod
2278 3960 2387 3999 non
2440 3949 2670 4013 poterat,
2718 3942 3042 4012 quibusdam
3090 3938 3683 4010 procrastinationibus

2081 4036 2358 4110 palliabat.
2397 4035 2639 4091 Tandem
2662 4034 2825 4089 locuti
2854 4051 2977 4089 cum
3006 4033 3119 4098 illo,
3147 4046 3247 4088 cur
3272 4033 3356 4087 eis
3378 4032 3681 4091 illuduton

2084 4132 2246 4187 vellet
2294 4129 2518 4185 iiiudere
2564 4129 2866 4200 percontati
2895 4136 3051 4194 sunt;
3082 4136 3339 4198 rogantes
3374 4129 3558 4196 simul,
3602 4144 3681 4185 ne

2086 4238 2144 4278 sc
2172 4223 2374 4277 diutius
2421 4220 2653 4276 fallendo
2680 4220 2953 4276 detineret
2979 4261 2994 4286 ,
3043 4228 3098 4274 et
3124 4220 3487 4274 reversionem
3515 4234 3679 4275 suam

2087 4317 2241 4372 vanis
2276 4317 2475 4386 spebus
2506 4315 2812 4385 impediret.
2874 4313 2972 4369 iiis
2998 4314 3088 4370 ille
3123 4314 3347 4380 auditis,
3391 4330 3516 4369 cum
3555 4329 3682 4369 cer-

403 4415 526 4472 quae
548 4400 644 4456 tibi
670 4409 991 4457 ostensurus
1026 4408 1186 4471 atque
1226 4399 1470 4458 dicturus
1504 4418 1643 4470 sum,
1674 4412 1854 4458 mente
1879 4404 1984 4458 θοι-
2009 4421 2062 4480 D
2088 4415 2243 4463 neret
2262 4423 2321 4463 se
2342 4407 2647 4476 huiusmodi
2690 4406 2984 4462 calliditate
3006 4407 3086 4463 eis
3124 4405 3238 4474 jam
3281 4407 3513 4476 amplius
3559 4422 3677 4462 non

404 4484 549 4547 licita
577 4505 736 4547 cures
760 4492 1060 4546 advertere.
1100 4510 1120 4544 ι

475 4583 530 4639 5.
561 4582 715 4639 Tunc
741 4599 902 4638 manu
946 4584 1416 4653 comprehensum,
1453 4591 1513 4639 ut
1543 4585 1646 4640 sibi
1673 4586 1978 4651 videbatur,

403 4671 604 4727 montis
625 4672 866 4742 pnecelsi
911 4686 1171 4727 cacumen
1202 4687 1385 4728 secum
1436 4674 1801 4729 conscendere
1828 4672 1976 4729 fecit.

2081 4512 2239 4568 posse
2268 4498 2563 4568 imponere,
2591 4496 2767 4566 primo
2796 4497 3068 4552 notarium
3093 4504 3271 4551 meum
3303 4503 3513 4551 certum
3539 4496 3678 4552 fecit

2080 4587 2151 4643 de
2193 4588 2436 4659 reliquiis
2490 4589 2623 4643 mihi
2670 4588 2976 4657 promissis,
3008 4587 3150 4658 quod
3195 4601 3291 4642 eas
3316 4587 3519 4642 habere
3560 4604 3676 4645 non

2083 4688 2293 4749 posset,
2321 4690 2384 4735 eo
2404 4681 2547 4748 quod
2568 4678 2738 4734 frater
2766 4694 2918 4745 suus,
2940 4679 3026 4735 cui
3046 4685 3101 4733 et
3115 4679 3353 4742 domum,
3387 4688 3443 4733 et
3473 4690 3676 4735 cuncta

400 4763 461 4818 in
488 4776 597 4832 quo
619 4776 741 4815 cum
768 4761 927 4816 simul
954 4762 1114 4831 positi
1142 4762 1545 4817 consisterent:
1577 4781 1597 4812 ο
1626 4762 1975 4831 Convertere,
2067 4767 2508 4836 -qu:e'~babebat,
2557 4768 2682 4823 inde
2727 4767 2913 4823 abiens
2959 4768 3457 4833 commendaverat,
3506 4783 3678 4839 uego-

374 4852 602 4923 btquit,
623 4853 688 4907 ad
710 4851 1000 4915 orientem,
1032 4857 1088 4904 et
1131 4849 1404 4917 subjectos
1435 4850 1607 4906 oculis
1633 4851 1981 4923 tuis‘campos

403 4942 632 4998 intuere.
671 4959 692 4992 ι
722 4938 878 5007 Quod
912 4953 1035 4993 cum
1057 4937 1293 5003 fecisset,
1318 4946 1376 4993 et
1409 4953 1650 5010 campos,
1689 4942 1757 4997 de
1787 4944 1983 5013 quibus

406 5029 507 5085 sibi
531 5030 766 5094 dixerat,
815 5026 1004 5083 fuisset
1040 5028 1289 5095 intuitus,
1321 5030 1472 5086 videt
1498 5030 1552 5085 in
1586 5032 1669 5087 eis
1694 5034 1852 5088 molis
1875 5035 1979 5089 im—

406 5136 609 5178 mensa:
630 5120 882 5186 fabricas,
910 5120 965 5175 in
988 5121 1208 5175 modum
1238 5135 1446 5192 magna:
1480 5123 1760 5191 cujusdam
1791 5126 1985 5181 civita-

406 5212 479 5266 tis
497 5219 791 5275 estructas.
814 5218 889 5279 et,
907 5211 1267 5280 interrogatus
1286 5212 1354 5266 ab
1384 5226 1468 5279 eo,
1485 5214 1531 5267 si
1549 5214 1716 5269 sciret
1728 5215 1855 5285 quid
1880 5217 1983 5272 hoc

477 5340 1060 5414 Ι[βιιγίιιε,ιςοιςιτιδιίιηι
1097 5320 1431 5414 Syes‘sorum,
1467 5359 1574 5412 quo
1618 5345 1779 5399 etiam
1821 5350 1980 5403 modo

407 5408 465 5465 in
494 5411 615 5466 Vita
648 5412 708 5467 S.
734 5408 1014 5487 jiedardi,
1051 5415 1084 5470 8
1129 5411 1292 5479 Junii,
1327 5429 1358 5467 a
1395 5408 1691 5469 Fortunato
1744 5419 1980 5487 appella-

408 5490 520 5543 tur,
556 5497 703 5535 num.
734 5482 822 5536 56.

483 5552 508 5620 '7
549 5550 828 5608 Hiiduinus
879 5552 1054 5609 factus
1091 5555 1258 5609 abbas
1309 5570 1452 5609 anno
1500 5554 1629 5620 8l7,
1693 5558 1785 5612 sed
1836 5573 1979 5613 anno

410 5618 514 5674 830
536 5620 588 5672 in
607 5622 852 5675 exsilium
885 5624 1086 5691 pulsus.
1121 5634 1172 5676 et
1203 5634 1483 5679 revocatus
1513 5618 1655 5679 anno
1685 5627 1808 5687 853.
1839 5644 1980 5681 mor-

413 5700 537 5745 tuus
566 5699 619 5744 et
670 5691 722 5746 in
760 5692 843 5745 abi
865 5693 972 5747 alia
1026 5693 1083 5747 ὃ.
1148 5694 1380 5749 Medardi
1413 5696 1663 5775 sepultus
1683 5712 1824 5750 anno
1853 5697 1975 5752 8i?“

2085 4857 2253 4911 tiandi
2281 4857 2454 4928 gratia
2482 4857 2845 4927 Beneventum
2877 4866 3024 4912 esset
3059 4856 3352 4927 profectus,
3389 4874 3456 4913 ac
3485 4875 3543 4914 se
3575 4873 3677 4927 pe-

2072 4949 2236 5005 nitus
2277 4948 2528 5018 ignorare
2571 4947 2786 5017 quando
2816 4956 2961 5002 esset
3008 4961 3347 5014 reversurus,
3378 4956 3439 5003 et
3462 4950 3588 5019 quia
3613 4952 3673 5007 ei

2086 5040 2343 5110 reliquias
2387 5038 2529 5104 illas,
2572 5040 2709 5094 sicut
2763 5047 2821 5095 et
2860 5047 3111 5095 crateram
3155 5039 3566 5109 supellectilem,
3597 5041 3669 5093 ad

2084 5130 2406 5183 servandum
2437 5129 2801 5193 commiserat,
2842 5143 2942 5184 nec
2978 5130 3203 5186 omnino
3226 5144 3288 5184 se
3312 5130 3459 5184 seire
3484 5146 3664 5201 posse,

2082 5220 2211 5290 quid
2246 5218 2314 5275 de
2361 5218 2446 5273 bis
2476 5217 2713 5283 fecisset,
2755 5218 3012 5288 quoniam
3049 5234 3144 5275 eas
3174 5220 3226 5274 in
3271 5220 3464 5275 eadem
3507 5222 3669 5277 domo

2087 5351 2226 5427 Fuit_
2260 5352 2396 5427 idem
2422 5352 2590 5427 etiam
2648 5353 2816 5409 abbas
2851 5352 2907 5408 S.
2938 5355 3179 5427 Dionysii
3206 5364 3261 5412 et
3296 5355 3353 5412 S.
3405 5355 3670 5415 Germani

2088 5421 2612 5494 apud__Parisienscs.
2686 5492 2698 5494 ᾗ
2769 5493 2774 5494 γ
2876 5431 2881 5437 ’

2158 5504 2181 5533 c
2226 5492 2375 5546 Hauc
2410 5506 2529 5547 esse
2587 5492 2872 5548 ecclesiam
2927 5493 3028 5549 SS.
3081 5495 3375 5549 Marcellini
3414 5502 3470 5548 et
3497 5495 3662 5557 Petri,

2086 5580 2115 5617 a
2152 5562 2509 5632 Constantino
2556 5561 2749 5632 Magno
2800 5569 3190 5627 constructam.
3241 5566 3438 5620 asserit
3490 5565 3659 5620 Baro-

2088 5634 2209 5688 nius
2242 5646 2383 5686 anno
2413 5630 2538 5704 826,
2572 5630 2718 5704 nunt.
2756 5631 2835 5704 i6,
2885 5635 3028 5702 quod
3056 5642 3203 5689 esset
3251 5635 3322 5689 ob
3348 5635 3430 5690 sui
3471 5634 3663 5704 ampli-

2090 5704 2328 5759 tudinem
2357 5708 2412 5756 et
2436 5700 2776 5757 altitudinem
2814 5700 3024 5775 longius
3049 5705 3351 5775 perspicua.
