3976 6170
285 337 372 407 sit

1084 339 1261 396 HlST.
1305 338 1705 394 TRANSLAT.
1748 337 1853 394 B'B.
1899 337 2316 396 MARCELLINI
2357 341 2445 395 ET
2481 341 2709 395 PETRI.

3431 342 3537 398 5η

281 471 538 530 nusquam
568 452 869 522 invenisset
900 471 910 504 :
943 451 1176 522 proinde
1227 450 1432 505 videret
1455 448 1582 519 quid
1623 448 1847 513 faceret,
1878 461 1928 510 Α
1953 451 2208 517 positum,
2240 451 2583 520 tabulamque
2611 443 2970 512 marmoream
2999 452 3066 508 ad
3091 459 3252 522 caput
3277 451 3538 521 positam,

278 550 400 620 quia
425 548 492 602 de
514 552 670 616 parte
687 557 784 598 sua
809 542 942 596 nihil
967 549 1220 604 restaret,
1242 541 1386 610 quod
1407 553 1628 608 sperare
1647 546 1847 606 posset.

276 641 560 711 Postquam
588 637 707 691 haec
733 635 962 689 notario
1006 647 1128 688 meo
1171 633 1328 698 dixit,
1359 641 1414 686 et
1466 631 1556 684 ille
1585 645 1645 685 se
1695 630 1763 683 ab
1785 642 1852 694 eo

277 732 484 788 illusum
522 744 588 782 ac
623 711 770 780 male
807 725 911 780 sibi
947 723 1255 793 impositum
1282 727 1627 791 quereretur,
1666 719 1852 773 nescio

277 821 462 892 quibus
503 817 659 872 vanis
691 815 792 870 hac
814 813 1025 868 frivolis
1051 813 1214 868 etiam
1244 809 1620 880 presbyterum
1646 807 1852 862 Hildoi-

275 916 326 970 ui
353 912 636 973 allocutus,
667 923 764 978 spe
800 907 963 962 simili
1004 905 1321 968 animatum,
1355 918 1384 956 a
1411 916 1470 956 se
1493 901 1626 956 fecit
1665 900 1852 955 absce-

275 1010 412 1061 dere.
441 1001 715 1059 Postridie
754 1014 884 1053 vero
907 1013 1030 1054 eum
1060 996 1215 1051 valde
1235 995 1422 1048 tristes
1445 992 1682 1056 videret,
1718 991 1849 1060 hor:

274 1105 412 1152 tatus
433 1103 518 1150 est
545 1101 608 1148 ut
650 1090 809 1146 simul
831 1098 955 1143 cum
985 1087 1080 1142 illo
1102 1086 1172 1141 ad
1190 1083 1509 1142 cmmeteria
1538 1089 1850 1135 sanctorum

228 1257 236 1262 ν
272 1190 579 1255 pergerent;
611 1179 784 1234 videri
827 1177 931 1232 sibi
971 1175 1114 1245 quod
1143 1175 1199 1229 in
1226 1174 1310 1228 eis
1337 1170 1542 1241 aliquid
1573 1169 1678 1224 tale
1703 1169 1851 1222 inve-

273 1273 370 1328 niri
389 1280 596 1343 posset,
617 1285 724 1340 quo
751 1283 940 1323 eorum
964 1265 1249 1320 desideriis
1275 1261 1589 1324 satisfieret,
1617 1274 1718 1314 nec
1735 1257 1852 1312 fore

272 1363 410 1418 illam
439 1361 597 1434 μη,
635 1357 826 1430 ullam]
847 1356 1224 1412 necessitatem
1255 1364 1317 1408 ut
1343 1353 1398 1407 in
1433 1351 1668 1421 patriam
1693 1349 1850 1404 vacui

272 1458 688 1507 reverterentur.
712 1446 957 1516 Cumque
983 1446 1064 1500 eis
1093 1445 1197 1499 hoc
1219 1441 1504 1498 consilium
1535 1440 1848 1510 placuisset,

272 1541 570 1610 vellentque
602 1546 664 1594 ut
688 1536 1015 1608 quantocius
1052 1533 1128 1599 id,
1154 1533 1222 1588 ad
1255 1531 1400 1602 quod
1431 1528 1736 1583 faciendum
1757 1542 1852 1581 eos

267 1631 606 1695 hortabatur,
631 1628 976 1690 inchoarent,
1018 1638 1168 1678 more
1203 1621 1382 1686 solito,
1431 1617 1706 1689 negotium
1734 1615 1848 1670 dis-

268 1721 554 1788 simulavit,
577 1729 633 1776 et
654 1735 770 1784 eos,
799 1731 1030 1787 quorum
1055 1713 1222 1768 animi
1244 1720 1376 1766 tunc
1399 1707 1676 1780 paululum
1695 1714 1850 1761 erant

1950 556 2070 609 qua:
2104 541 2281 605 titulo,
2318 557 2478 611 quem
2508 541 2851 606 continebat,
2885 541 3104 596 evidens
3138 542 3396 597 indicium
3435 541 3537 597 da-

1949 631 2074 696 bat,
2109 631 2262 700 cujus
2301 633 2358 686 in
2386 647 2450 686 eo
2493 631 2610 686 loco
2653 631 2908 700 martyris
2938 630 3177 686 membra
3211 632 3534 700 jacuissent.

1949 719 2103 785 Quod
2121 760 2137 785 ,
2179 729 2239 774 ut
2276 735 2376 789 par
2405 728 2523 773 erat
2543 761 2558 785 ,
2588 735 2711 774 cum
2749 733 2960 775 summa
2988 720 3336 775 veneratione
3363 720 3537 775 susci-

1949 811 2158 880 pientes
2186 810 2389 876 levant,
2413 819 2467 864 et
2494 812 2695 864 munda
2725 811 2953 864 sindone
2982 809 3280 864 involutum
3309 813 3539 868 diacono

1903 915 1908 922 '
1936 902 2228 958 ferendum
2269 911 2430 972 atque
2465 900 2788 956 servandum
2832 901 3072 956 tradunt.
3112 899 3190 954 Ac
3218 915 3286 954 ne
3313 900 3419 954 ulla
3447 916 3537 955 su-

1948 994 2081 1048 blati
2109 994 2352 1063 corporis
2381 993 2581 1046 indicia
2613 1000 2991 1054 remanerent,
3018 990 3252 1059 lapidem
3289 989 3408 1044 loco
3438 1005 3538 1045 suo

1953 1095 2294 1156 reponentes,
2335 1086 2390 1140 in
2426 1087 2615 1140 urbem
2655 1086 2722 1139 ad
2764 1084 2994 1152 hospitia
3036 1098 3134 1137 sua
3166 1091 3534 1138 revertuntur.

1950 1178 2219 1232 Diaconus
2266 1187 2446 1232 autent
2487 1192 2683 1246 corpus
2723 1175 3024 1230 beatissimi
3062 1175 3347 1245 martyris,
3393 1176 3536 1244 quod

1951 1275 2256 1336 acceperat,
2281 1266 2437 1336 juxta
2469 1266 2749 1320 basilicam
2779 1265 2926 1319 beati
2952 1264 3096 1318 Petri
3127 1265 3388 1335 apostoli,
3416 1281 3537 1336 quae

1950 1365 2175 1438 vocatur
2200 1356 2267 1410 ad
2295 1354 2552 1419 Vincula,
2590 1353 2680 1408 ubi
2711 1361 2767 1407 et
2791 1354 2907 1423 ipse
2933 1354 3151 1408 domum
3180 1353 3448 1418 habebat,
3477 1368 3538 1408 se

1949 1462 2168 1502 servare
2191 1447 2328 1502 velle
2347 1462 2410 1501 ac
2426 1461 2585 1516 posse
2601 1443 2900 1510 afﬁrmans,
2914 1445 3069 1499 fratri
3086 1460 3183 1500 suo
3202 1447 3418 1500 nomine
3430 1445 3538 1500 Lu-

1950 1540 2127 1594 nisoni
2142 1538 2209 1593 ad
2231 1538 2644 1594 custodiendum
2662 1537 2967 1600 commisit;
3003 1537 3407 1606 arbitratusque
3431 1551 3534 1590 no-

1950 1629 2092 1682 tario
2107 1642 2228 1683 meo
2242 1627 2346 1681 hoc
2361 1625 2700 1680 satisfactum
2717 1639 2859 1689 esse,
2872 1625 3037 1695 coepit
3050 1625 3199 1678 illum
3226 1625 3433 1680 hortari
3455 1633 3535 1688 ut,

1951 1731 2174 1792 accepto
2200 1735 2430 1790 corpore
2452 1719 2596 1774 beati
2625 1718 2939 1781 Marcellini,
2961 1718 3164 1772 rediret
3191 1719 3246 1772 in
3277 1717 3529 1786 patriam.

269 1811 448 1876 “eo”:
473 1812 530 1866 in
561 1817 768 1866 unum
820 1805 1253 1876 ἀθθβθηιίοηεω
1296 1802 1400 1856 hac
1452 1799 1708 1853 dilatio”
1755 1797 1848 1850 de‘
1875 1789 1923 1848 Β
2021 1789 2097 1868 9.-
2117 1811 2226 1866 Sed
2246 1789 2334 1866 ille
2360 1810 2516 1880 longe
2537 1809 2680 1862 aliud
2705 1807 3072 1862 meditabatur
3094 1821 3159 1860 ac
3193 1814 3373 1860 mente
3419 1803 3537 1860 vol-

263 1901 411 1972 jecit,
438 1908 519 1965 ut,
543 1897 746 1952 omisso
771 1895 884 1960 illo,
910 1899 1210 1948 statuerent
1241 1890 1294 1944 in
1322 1889 1578 1960 patriam,
1602 1886 1851 1956 quamvis

269 1989 463 2044 infecto
500 1988 738 2060 negotio,
770 1985 994 2041 reverti.

267 2115 272 2119 ·
334 2098 390 2154 7.
427 2097 538 2153 Sed
580 2097 825 2153 notarius
869 2110 1054 2159 meus,
1105 2092 1350 2148 recolens
1394 2091 1660 2146 somnium
1706 2087 1850 2157 quod

265 2203 400 2260 puer
426 2204 561 2244 suns
583 2189 826 2253 viderat,
865 2186 1031 2255 coepit
1057 2184 1312 2239 comitem
1351 2195 1507 2234 suum
1536 2179 1740 2233 hortari
1770 2185 1851 2242 ut,

265 2279 383 2333 sine
421 2279 636 2349 hospite
677 2291 799 2339 suo,
840 2276 984 2328 irent
1023 2272 1092 2326 ad
1131 2269 1467 2331 cmmeteria,
1510 2267 1576 2320 ad
1615 2281 1736 2334 quae
1772 2265 1853 2318 vi-

263 2368 430 2422 senda
474 2367 565 2422 ille
599 2381 696 2420 eos
733 2379 792 2418 se
828 2363 1026 2416 ducere
1049 2358 1192 2413 velle
1230 2355 1496 2426 promisit.
1541 2353 1728 2421 Itaque
1772 2351 1854 2404 in-

259 2467 428 2514 vento
454 2466 621 2526 atque
647 2453 913 2508 conducto
933 2451 1068 2504 duce
1093 2447 1446 2512 locorumque
1469 2448 1853 2501 monstratore,

253 2549 443 2618 primo
471 2547 544 2600 ad
579 2543 858 2598 basilicam
895 2539 1041 2594 beati
1077 2535 1340 2598 Tiburtii,
1377 2530 1655 2601 martyris,
1687 2529 1740 2583 in
1767 2528 1855 2582 via

258 2638 562 2701 Lavicana,
604 2634 776 2688 tribus
808 2631 875 2685 ab
913 2631 1046 2683 urbe
1087 2640 1345 2697 passuum
1388 2622 1623 2676 millibus
1653 2620 1857 2674 distan-

261 2738 375 2782 tem
395 2767 412 2792 ,
449 2726 712 2788 veniunt,
750 2721 1111 2791 martyrisque
1138 2716 1380 2770 tumbam
1405 2721 1605 2782 quanta
1630 2717 1856 2780 possunt

263 2819 549 2890 diligentia
577 2814 1029 2883 contemplantur,
1073 2817 1129 2864 et
1165 2815 1348 2861 utrum
1377 2805 1487 2869 sic,
1528 2811 1588 2857 ut
1617 2802 1710 2856 alii
1745 2817 1854 2856 non

265 2911 560 2974 sentirent,
584 2907 781 2976 aperiri
813 2911 1015 2976 posset,
1038 2910 1198 2956 cauta
1221 2895 1701 2966 circumspectione
1725 2909 1853 2949 con-

268 3002 532 3057 siderant.
563 2996 771 3052 Deinde
801 2996 853 3048 in
883 3002 1126 3064 cryptam
1154 2989 1395 3060 ejusdem
1421 2986 1656 3042 basilicae
1681 2984 1854 3040 conti-

272 3105 452 3163 guam,
477 3088 532 3143 in
563 3102 670 3157 qua
694 3086 974 3140 beatorum
1001 3081 1204 3136 Christi
1230 3086 1529 3148 martyrum
1559 3075 1851 3130 Marcellini

271 3192 325 3239 et
351 3181 495 3237 Petri
526 3192 754 3248 corpora
786 3181 943 3228 erant
971 3171 1231 3226 tumulata
1250 3209 1266 3234 ,
1297 3167 1661 3228 descendunt;
1693 3172 1854 3234 atque

271 3271 549 3340 explorata
589 3267 754 3322 etiam
795 3263 942 3317 illius
977 3257 1312 3316 monumenti
1353 3255 1644 3325 qualitate,
1683 3251 1856 3307 disce-

274 3364 424 3427 dunt,
461 3361 800 3416 :estimantes
836 3356 941 3409 hoc
971 3351 1172 3406 factum
1211 3349 1476 3418 hospitem
1513 3361 1668 3400 suum
1696 3359 1855 3414 posse

275 3455 455 3509 latere.
486 3452 599 3508 Sed
635 3451 795 3504 aliter
822 3446 1032 3509 evenit,
1061 3457 1226 3513 quam
1255 3438 1502 3494 arbitrati
1533 3444 1676 3490 sunt.
1718 3435 1853 3488 Nam

276 3544 394 3600 licet
421 3545 522 3614 ipsi
557 3542 831 3597 nescirent
856 3538 1053 3607 quibus
1079 3533 1314 3597 indiciis,
1346 3531 1454 3586 cito
1481 3538 1661 3583 tamen
1696 3527 1762 3581 ad
1793 3525 1858 3579 il-

275 3635 377 3690 lum
407 3635 575 3704 hujus
604 3633 732 3687 facti
757 3630 944 3685 notitia
977 3626 1222 3698 pervenit
1253 3642 1264 3677 :
1298 3623 1614 3690 veritusque
1642 3635 1710 3674 ne
1738 3619 1856 3672 sine

274 3723 362 3780 illo
383 3722 653 3779 voluntati
679 3736 787 3774 suae
812 3716 1128 3773 satisfacere
1156 3713 1485 3773 debuissent,
1515 3709 1705 3764 statuit
1727 3723 1858 3762 con-

274 3816 391 3870 silio
421 3813 584 3887 [Ms.,
617 3808 926 3880 consilium]
964 3821 1151 3863 eorum
1193 3803 1496 3858 festinando
1535 3800 1852 3871 praevenire.

278 3902 342 3957 Et
376 3905 500 3974 quia
547 3901 642 3955 ille
685 3894 1286 3953 corumdem'locorutn
1348 3889 1644 3959 plenariam
1694 3895 1857 3955 atque

275 3993 636 4050 omnimodam
666 3990 911 4045 notitiam
937 3985 1190 4046 habebat,
1218 3981 1414 4036 blande
1462 3979 1585 4032 illos
1625 3976 1857 4044 alloqui-

278 4096 380 4152 tur,
405 4088 772 4153 hortaturque
804 4089 866 4134 ut
892 4079 1018 4134 illuc
1056 4074 1215 4131 simul
1239 4072 1491 4135 veniant;
1537 4078 1594 4124 ct
1633 4069 1679 4122 si
1709 4067 1852 4121 Deus

277 4177 409 4230 votis
435 4188 633 4231 eoru
657 4171 837 4226 favere
865 4169 1198 4236 dignaretur,
1222 4160 1495 4216 communi
1525 4156 1752 4213 consilio
1776 4156 1847 4209 fa-

279 4275 455 4321 cerent
479 4262 752 4335 quidquid
775 4260 855 4314 eis
881 4257 1154 4312 videretur
1178 4251 1502 4307 faciendum.

347 4377 398 4433 8.
433 4375 662 4433 Assensi
691 4379 819 4427 sunt
845 4368 963 4436 eius
988 4364 1283 4429 voluntati,
1322 4369 1640 4429 tempusque
1671 4358 1725 4412 id
1759 4372 1853 4428 ag—

1880 3126 1924 3187 C

1947 1903 2128 1958 vehat.
2161 1899 2322 1964 Nam,
2353 1908 2417 1952 ut
2445 1898 2576 1954 mihi
2623 1905 2810 1966 postea
2865 1895 3074 1959 retulit,
3131 1886 3416 1949 videbatur
3458 1892 3535 1949 illi

1947 2007 2290 2064 nequaquam
2322 1991 2423 2045 sibi
2449 1989 2612 2043 licere
2644 2004 2766 2042 cum
2795 1987 2909 2041 solo
2927 1985 3074 2040 beati
3094 1984 3392 2040 Marcellini
3415 1999 3536 2040 cor-

1949 2100 2081 2155 pore
2108 2085 2161 2138 in
2187 2081 2417 2152 patriam
2451 2078 2697 2150 regredi;
2735 2077 2892 2146 quasi
2921 2074 3076 2130 nefas
3120 2083 3287 2140 esset,
3319 2080 3380 2127 ut
3415 2087 3534 2128 cor-

1950 2153 2051 2247 pus
2078 2176 2222 2230 beati
2253 2173 2397 2228 Petri
2430 2171 2703 2242 martyris,
2730 2169 2822 2238 qui
2867 2168 2918 2222 ei
2969 2167 3149 2223 socius
3187 2153 3263 2220 in,
3283 2167 3535 2236 passione

1951 2270 2150 2333 fuerat,
2179 2275 2235 2321 et
2270 2281 2370 2335 per
2413 2266 2736 2334 quingentos
2779 2269 2834 2314 et
2886 2275 2952 2314 eo
2991 2259 3225 2328 amplius
3259 2273 3431 2313 annos
3475 2257 3532 2312 in

1952 2359 2141 2413 eodem
2171 2354 2418 2424 sepulcro
2445 2369 2551 2406 una
2592 2367 2715 2405 cum
2759 2350 2851 2404 illo
2896 2348 3258 2418 requieverat,
3289 2346 3380 2401 illo
3409 2346 3536 2400 inde

1954 2453 2288 2508 transeunte,
2333 2444 2408 2497 ibi
2439 2449 2764 2496 remaneret.
2823 2439 2998 2507 Atque
3052 2439 3154 2492 hac
3206 2437 3534 2506 eOgitatione

1953 2542 2135 2591 mente
2155 2540 2436 2601 concepta,
2464 2539 2613 2584 tanta
2655 2529 2822 2583 animi
2861 2528 2944 2583 sui
2976 2527 3339 2598 parturitione
3374 2525 3534 2580 simul

1955 2645 2020 2684 ac
2056 2626 2462 2698 perturbatione
2501 2621 2804 2686 laborabat,
2853 2628 2915 2674 ut
2954 2635 3055 2674 nec
3110 2619 3290 2674 cibum
3317 2632 3536 2686 capere,

1955 2734 2056 2775 nec
2086 2732 2276 2774 somno
2299 2715 2645 2785 acquiescere
2675 2712 2828 2767 dulce
2851 2711 2953 2766 sibi
2985 2709 3262 2764 videretur
3282 2706 3536 2777 atquein-

1954 2807 2209 2870 cundum,
2233 2804 2337 2860 nisi
2361 2811 2660 2874 martyrum
2687 2816 2938 2871 corpora,
2967 2799 3108 2855 sicut
3127 2799 3179 2852 in
3194 2797 3446 2867 passione
3473 2811 3537 2851 ac

1955 2904 2303 2955 monumento
2353 2895 2640 2965 conjuncta
2692 2891 2933 2958 fuerant,
2976 2891 3054 2947 sic
3099 2891 3264 2944 etiam
3312 2903 3538 2959 peregre

1953 2988 2260 3060 profectura
2284 2984 2662 3056 iungerentur.
2713 2981 2820 3038 Sed
2871 2982 2938 3036 de
2993 2982 3098 3036 hoc
3141 2979 3374 3050 qualiter
3421 2977 3536 3034 ﬁeri

1955 3090 2159 3155 posset,
2188 3081 2536 3134 vehementer
2581 3074 2891 3144 ambigebat
2935 3088 2950 3125 :
2998 3078 3224 3126 noverat
3257 3068 3401 3124 enim
3443 3080 3537 3124 ne-

1961 3175 2164 3229 minem
2204 3188 2234 3226 a
2261 3186 2321 3226 se
2356 3169 2662 3224 Romanum
2689 3163 2922 3220 inveniri
2963 3177 3143 3234 posse,
3175 3160 3269 3230 qui
3312 3158 3417 3214 sibi
3472 3159 3538 3214 ad

1955 3267 2061 3320 boc
2078 3263 2247 3319 ullum
2285 3261 2454 3316 ferret
2509 3258 2794 3322 auxilium,
2838 3256 2935 3310 sed
2987 3269 3056 3309 ne
3102 3254 3262 3308 talem
3295 3251 3538 3321 quidem,

1953 3359 2040 3413 cui
2069 3359 2185 3412 haec
2208 3353 2376 3410 animi
2402 3352 2484 3409 sui
2509 3357 2721 3406 secreta
2753 3349 2980 3404 auderet
3004 3345 3314 3401 ostendere.
3348 3341 3406 3396 In
3433 3342 3539 3397 hac

1953 3449 2133 3504 cordis
2157 3448 2430 3502 anxietate
2453 3443 2807 3507 constitutus,
2834 3439 3036 3510 reperit
3086 3437 3376 3507 quemdam
3424 3448 3543 3490 mo-

1955 3541 2186 3596 nachum
2235 3537 2615 3609 peregrinum,
2669 3533 2889 3588 nomine
2943 3529 3238 3592 Basilium,
3281 3526 3372 3596 qui
3415 3533 3543 3578 ante

1951 3630 2232 3685 biennium
2303 3627 2370 3682 de
2433 3620 2903 3690 Constantinopoli
2978 3619 3208 3672 Romam
3271 3623 3540 3676 venerat,

1956 3730 2121 3790 atque
2147 3719 2222 3772 ibi
2253 3718 2307 3772 in
2338 3724 2523 3770 monte
2543 3713 2790 3767 Palatino
2820 3708 2963 3778 apud
2993 3707 3129 3761 alios
3173 3705 3413 3767 Graecos,
3441 3701 3533 3770 qui

1955 3809 2198 3878 ejusdem
2220 3803 2576 3874 professionis
2611 3810 2790 3864 erant,
2816 3813 2940 3852 cum
2971 3804 3206 3864 quatuor
3255 3792 3538 3861 discipulis

1956 3897 2072 3954 suis
2094 3894 2388 3963 hospitium
2415 3892 2669 3945 habebat.
2715 3888 2873 3942 Hunc
2893 3885 3048 3948 adiit,
3100 3891 3263 3952 atque
3288 3881 3338 3935 ei
3369 3896 3532 3950 quam

1957 3985 2264 4057 patiebatur
2285 3980 2704 4036 sollicitudinem
2731 3975 2966 4045 aperuit.
2999 3973 3134 4053 Tum
3167 3971 3410 4026 consiliis
3422 3969 3541 4038 ejus

1958 4050 2252 4137 animatus,
2285 4081 2340 4127 et
2365 4069 2709 4125 orationibus
2756 4064 2952 4127 fretus,
2980 4050 3186 4116 tantam
3224 4060 3436 4130 accepit
3483 4061 3538 4113 in

1959 4167 2122 4223 corde
2153 4179 2252 4220 suo
2298 4159 2686 4224 constantiam,
2711 4166 2773 4211 ut
2801 4162 3069 4210 statueret
3109 4168 3245 4216 rem,
3293 4151 3543 4221 quamvis

1931 4273 2082 4332 Icum
2108 4253 2347 4327 periculo
2372 4251 2568 4323 capitis
2591 4249 2692 4312 sui,
2734 4247 3018 4304 celerrime
3065 4243 3325 4316 experiri.
3365 4241 3540 4297 Voca-

1959 4362 2125 4422 toque
2154 4351 2222 4404 ad
2257 4364 2315 4404 se
2338 4347 2536 4402 comite
2574 4359 2692 4408 suo,
2716 4341 2953 4397 Hildoini
2977 4339 3315 4410 presbytero,
3367 4336 3539 4406 erepit

282 4470 554 4544 grediendi
593 4465 709 4536 pari
743 4429 1005 4518 consensu
1042 4456 1397 4512 constituunt.
1445 4452 1598 4506 Tunc
1636 4459 1862 4521 peracto
1882 4465 1936 4528 Ι)
1960 4457 2082 4499 cum
2111 4456 2177 4496 eo
2200 4447 2433 4495 tractare
2465 4444 2524 4491 ut
2546 4436 2739 4491 iterum
2762 4435 2830 4488 ad
2851 4432 3134 4488 basilicam
3164 4429 3310 4485 beati
3339 4429 3539 4483 Tibur-

1391 4542 1421 4544 ι-
1492 4541 1522 4544 -
2097 4531 2107 4542 .
2188 4537 2201 4544 .
2292 4528 2304 4540 .
2400 4526 2637 4544 ..ω-η.
2710 4521 2946 4544 Δηώ,
2976 4525 3263 4544 _,__,,,_A_.
3320 4525 3511 4544 “mm

277 4541 470 4631 jejunio
497 4557 776 4619 triduano,
806 4558 968 4606 noctu
997 4547 1063 4601 ad
1089 4546 1288 4607 locum,
1315 4542 1462 4597 nullo
1491 4541 1856 4595 Romanorum

285 4651 470 4706 civium
499 4648 795 4709 sentiente,
826 4639 1180 4713 perveniunt;
1216 4634 1555 4704 ingressique
1577 4631 1857 4687 basilicam

265 4740 342 4796 .S.
365 4739 629 4804 Tiburtii,
653 4737 828 4808 primo
857 4733 1029 4788 altare
1058 4728 1207 4789 illud,
1240 4727 1340 4781 sub
1367 4740 1476 4795 quo
1501 4740 1714 4779 sacrum
1742 4724 1862 4794 ejus

285 4847 472 4904 corpus
508 4831 682 4888 situm
711 4825 1054 4884 credebatur,
1094 4819 1307 4887 aperire
1345 4821 1706 4871 tentaverunt.
1754 4811 1858 4867 Sed

287 4901 464 4994 parum
499 4918 774 4978 successit
807 4929 996 4970 eorum
1032 4907 1296 4965 voluntati
1329 4905 1536 4960 molitio
1564 4903 1744 4973 operis
1778 4901 1862 4955 in-

289 5014 466 5078 choati
486 5034 502 5068 :
525 5026 660 5069 nam
689 5011 1116 5065 monumentum,
1147 4998 1439 5054 durissimo
1468 5008 1738 5049 marmore
1764 5007 1860 5046 ex-

292 5108 548 5157 structum
567 5103 803 5158 inermes
825 5097 876 5154 id
899 5094 1110 5166 aperire
1152 5089 1462 5148 conantium
1483 5103 1676 5142 manus
1707 5084 1861 5142 facile

291 5197 597 5265 repellebat.
641 5191 832 5263 Igitur,
870 5187 1072 5241 omisso
1107 5183 1250 5238 illius
1292 5179 1551 5251 martyris
1589 5176 1858 5247 sepulcro,

291 5287 354 5342 ad
371 5288 610 5342 tumbam
631 5285 910 5338 beatorum
933 5275 1228 5332 Marcellini
1254 5282 1309 5328 et
1330 5272 1470 5326 Petri
1495 5269 1858 5334 descendunt;

291 5386 444 5446 atque
482 5377 591 5441 ibi,
631 5375 882 5429 invocato
909 5367 1138 5424 Domino
1165 5374 1350 5419 nostro
1382 5359 1509 5416 Jesu
1545 5359 1780 5422 Christo,
1809 5367 1865 5412 et

295 5469 528 5524 adoratis
556 5466 761 5523 sanctis
787 5460 1130 5532 martyribus,
1160 5456 1414 5526 lapidem,
1443 5467 1552 5523 quo
1581 5449 1864 5506 summitas

295 5557 516 5627 sepulcri
563 5556 864 5628 tegebatur,
913 5551 977 5605 de
1020 5548 1137 5602 loco
1181 5560 1280 5600 suo
1322 5543 1503 5598 levare
1549 5541 1860 5596 moliuntur.

297 5645 407 5712 Quo
435 5627 661 5709 sublato,
692 5644 879 5698 vident
905 5634 1330 5694 sacratissimum
1371 5630 1542 5687 sancti
1572 5627 1866 5684 Marcellini

299 5751 504 5805 Corpus,
554 5739 605 5792 in
650 5731 1012 5805 superioribus
1057 5725 1294 5796 ejusdem
1341 5721 1571 5792 sepulcri
1622 5719 1868 5789 partibus

1961 4533 2041 4596 tii,
2067 4531 2207 4586 sicut
2223 4528 2375 4599 prius
2399 4526 2664 4590 fecerant,
2702 4521 2950 4578 clanculo
2976 4525 3286 4588 pergerent,
3319 4532 3382 4570 ac
3398 4525 3541 4569 tum-

1959 4624 2107 4688 bam,
2132 4637 2236 4692 qua
2268 4619 2519 4690 Martyris
2567 4629 2764 4686 corpus
2805 4611 3149 4666 reconditum
3196 4607 3538 4688 credebatur,

1962 4713 2171 4782 aperire
2201 4711 2376 4766 denuo
2403 4708 2742 4763 molirentur.
3490 4681 3496 4688 ’

2035 4799 2122 4856 10.
2151 4799 2364 4856 Placuit
2388 4797 2708 4856 consilium;
2741 4789 3166 4861 assumptisque,
3187 4801 3326 4858 quos
3353 4800 3538 4841 secum

1964 4897 2326 4958 adduxerant,
2351 4891 2556 4962 pueris,
2589 4886 2799 4956 hospite
2837 4897 3025 4938 eorum
3051 4881 3266 4952 penitus
3291 4878 3538 4948 ignoran-

1967 4997 2020 5042 te
2048 5001 2157 5055 quo
2181 4986 2347 5049 irent,
2377 4981 2516 5037 clam
2551 4988 2712 5034 noctu
2741 4974 2972 5047 profecti
2995 4982 3140 5030 sunt.
3183 4972 3426 5038 Cumque
3473 4969 3541 5022 ad

1965 5077 2142 5130 locum
2165 5081 2386 5128 ventum
2411 5079 2578 5134 esset,
2602 5068 2746 5122 votis
2768 5081 2867 5136 pro
2909 5080 2968 5118 re
3015 5060 3385 5132 prosperanda
3415 5067 3542 5111 ante

1965 5164 2333 5232 mdisianuam
2390 5161 2572 5224 factis,
2603 5156 3013 5228 ingrediuntur;
3061 5149 3353 5218 divisisque
3379 5147 3544 5201 sociis

1967 5255 2110 5310 inter
2133 5269 2213 5318 se,
2237 5251 2521 5322 presbyter
2542 5250 2608 5304 ad
2638 5261 2835 5316 corpus
2860 5244 3005 5299 beati
3027 5239 3257 5296 Tiburtii
3289 5253 3538 5307 quaeren-

1965 5346 2092 5401 dum
2119 5345 2176 5398 in
2205 5344 2375 5413 ipsius
2401 5341 2622 5396 basilica
2652 5352 2775 5393 cum
2803 5333 3072 5403 aliquibus
3099 5329 3391 5388 remansit;
3411 5327 3541 5380 Rat-

1965 5438 2135 5494 leicus
2163 5450 2286 5490 cum
2319 5431 2541 5502 reliquis
2581 5430 2636 5484 in
2668 5429 3031 5482 adhzerentem
3084 5421 3258 5492 eidem
3298 5419 3540 5478 eccbsim

1965 5537 2233 5600 cryptam,
2269 5525 2335 5579 ad
2364 5521 2509 5578 beati
2539 5517 2683 5573 Petri
2711 5529 2907 5584 corpus
2926 5513 3158 5569 accessit
3196 5530 3206 5563 :
3242 5520 3537 5581 apertoque

1965 5623 2084 5678 sine
2104 5619 2212 5674 ulla
2241 5615 2552 5672 difﬁcultate
2588 5609 2857 5680 sepulcro,
2886 5622 3043 5664 sacra
3070 5607 3243 5662 sancti
3281 5605 3539 5676 martyris

1967 5712 2233 5776 membra,
2261 5706 2408 5763 nullo
2431 5703 2778 5776 prohibente,
2807 5699 3046 5765 sustulit,
3083 5706 3140 5754 et
3158 5699 3333 5754 serico
3371 5696 3534 5769 pulvi-
