3976 6170
422 318 530 375 5ιό

1696 312 2073 378 EGINHABDI
2112 310 2405 374 ABBATIS

3573 320 3679 377 li“

424 447 516 500 no,
553 450 715 505 quem
738 434 809 489 ad
826 433 928 489 hoc
947 440 1252 503 paraverat,
1270 440 1490 505 recepta
1520 432 1805 505 diligenter
1833 430 2002 486 inciu-
2029 428 2079 488 Α
2105 430 2354 498 superius
2378 429 2605 487 fecimus
2628 429 2977 498 mentionem,
3000 444 3211 489 necnon
3230 440 3289 488 et
3304 433 3685 505 μεθῆκαν

426 524 519 579 sit.
564 522 775 579 Interea
832 523 1137 594 presbyter,
1170 525 1261 595 qui
1308 538 1508 595 corpus
1560 524 1708 580 beati
1768 518 2003 578 Tiburtii

425 615 720 684 quaerebat,
734 624 932 684 magno
946 612 1133 670 labore
1147 613 1347 670 frustra
1365 620 1701 685 consumpto,
1718 620 2004 684 postquam

424 712 487 760 se
512 702 648 757 vidit
676 703 811 757 nihil
832 719 991 774 posse
1008 706 1294 775 proiicere.
1319 706 1510 761 relicto
1537 719 1722 775 opere,
1752 704 1809 759 in
1841 716 2003 773 cryp-

424 805 538 851 tam
564 797 632 853 ad
656 797 959 854 Ratleicum
991 799 1291 864 descendit,
1317 806 1373 855 et
1398 798 1529 868 quid
1554 798 1656 853 sibi
1698 794 2005 851 faciendum
2042 802 2047 807 '

428 894 593 953 esset,
629 887 698 942 ab
726 903 793 944 eo
820 903 1066 959 quazrere
1115 888 1298 959 cmpit.
1330 887 1428 943 Cui
1457 902 1579 943 cum
1607 886 1696 941 ille
1749 882 2005 939 arbitrari

427 989 487 1031 se
537 976 743 1032 diceret
803 977 948 1047 quod
997 977 1170 1032 sancti
1221 976 1455 1031 Tiburtii
1525 974 1770 1044 reliquis:
1823 977 2009 1027 essent

424 1066 680 1131 inventa},
710 1066 868 1136 eique
894 1067 948 1121 id
968 1067 1034 1121 de
1064 1080 1171 1137 quo
1183 1067 1398 1121 dicebat
1426 1064 1828 1120 ostenderet—
1855 1075 2003 1126 nam,

423 1155 589 1223 paulo
615 1163 740 1209 ante
763 1168 924 1224 quam
948 1154 1089 1211 idem
1124 1154 1411 1226 presbyter
1426 1154 1494 1209 ad
1523 1167 1647 1208 eum
1670 1153 1726 1207 in
1762 1159 2006 1222 cryptam

425 1243 687 1309 venisset,
719 1245 920 1313 reperit
952 1246 1008 1300 in
1038 1245 1227 1301 eodem
1249 1245 1514 1317 sepulcro,
1557 1246 1613 1300 in
1639 1258 1749 1315 quo
1791 1250 2008 1298 sancto-

424 1340 548 1385 rum
594 1330 887 1387 Marcellini
931 1342 987 1389 et
1028 1333 1177 1389 Petri
1225 1348 1380 1390 sacra
1425 1348 1651 1405 corpora
1694 1335 2006 1405 130mb

427 1418 674 1475 foramen
700 1422 969 1491 quoddam
1009 1423 1225 1479 rotundi
1264 1424 1578 1490 schematis,
1629 1424 1793 1480 trium
1837 1423 2008 1478 ferme

427 1511 625 1583 pedum
651 1513 987 1584 longitudine
1010 1517 1280 1572 introrsus
1309 1525 1653 1579 excavatum,
1678 1516 1855 1587 pedali
1887 1528 2004 1570 am-

420 1602 688 1672 plitudine
707 1612 920 1673 patens,
945 1614 1000 1662 et
1026 1606 1079 1660 in
1109 1621 1175 1663 eo
1203 1608 1394 1662 minuti
1427 1607 1663 1677 pulveris
1687 1620 1793 1661 non
1829 1605 2004 1660 modi-

424 1706 547 1747 cam
568 1695 871 1761 portionem
922 1695 1212 1766 repositam
1259 1698 1565 1764 —,visum
1605 1703 1692 1751 est
1742 1694 2005 1749 ambobus

2111 516 2365 587 liiidoisi,
2381 521 2474 591 qui
2497 536 2685 577 secum
2704 526 2949 588 venerat,
2977 522 3195 591 Papiam
3216 534 3391 593 usque
3407 524 3685 593 deportni

2107 608 2255 663 iecit.
2284 610 2403 680 ipse
2437 627 2562 666 (nam
2589 612 2779 668 eodem
2827 613 3041 683 hospite
3080 626 3182 668 suo
3206 612 3394 668 Roma:
3418 613 3685 680 substitit,

2106 698 2394 767 opperiens
2436 708 2603 771 atque
2643 691 2957 758 auscultatis
2997 717 3096 773 per
3145 703 3433 758 continuos
3478 713 3688 774 mm

2106 790 2244 855 dies,
2268 789 2313 846 si
2336 791 2405 846 de
2430 791 2660 848 sublatis
2693 800 3004 849 sanctorum
3035 793 3356 863 corporibus
3376 793 3587 864 aliquid
3621 794 3690 851 ad

2107 881 2353 937 notitiam
2381 882 2580 938 civium
2626 884 2979 953 pervenisset.
3025 882 3271 953 Cumque
3306 884 3536 940 vidisset
3572 884 3691 940 nul-

2107 973 2216 1029 lam
2252 989 2282 1028 a
2320 973 2561 1044 quolibet
2586 984 2847 1031 extraneo
2869 977 2938 1032 de
2964 977 3069 1032 hoc
3108 975 3249 1032 iacto
3294 975 3416 1033 ﬁeri
3449 979 3687 1034 mendo-

2106 1077 2262 1129 nem,
2304 1062 2473 1119 latere
2522 1063 2655 1119 iilud
2687 1063 3027 1131 existimans,
3070 1073 3196 1135 post
3226 1079 3341 1130 eos,
3373 1080 3514 1135 quos
3548 1080 3693 1136 pra-

2106 1153 2352 1220 miserat,
2390 1161 2604 1225 sumpto
2631 1168 2816 1210 secum
2856 1154 3069 1224 hospite
3094 1169 3228 1219 suo,
3270 1153 3551 1224 profectus
3576 1162 3687 1215 est.

2106 1241 2255 1309 Quos
2299 1257 2424 1299 cum
2476 1243 2691 1310 Ticini,
2734 1243 2878 1314 apud
2922 1244 3201 1299 basilicam
3255 1244 3402 1299 beati
3459 1243 3691 1304 Joannis

2105 1330 2383 1402 Baptistae,
2403 1346 2525 1403 qua
2547 1332 2707 1404 vulgo
2734 1344 2762 1374 ι
2785 1332 3081 1388 Damnatis.-
3104 1340 3349 1398 vocatur,
3376 1348 3444 1389 ac
3460 1341 3595 1391 tunc
3617 1351 3686 1392 ea

2105 1421 3685 1494 beneﬁcioregumadmeampertinuitpotestatem,

2106 1509 2395 1566 adventum
2434 1525 2623 1567 eorum
2659 1511 3034 1582 priestolantes
3077 1512 3409 1569 invenissent
3427 1553 3444 1579 ,
3477 1521 3682 1571 statue-

2107 1610 2235 1657 runt
2262 1603 2428 1658 etiam
2473 1610 2616 1659 utet
2652 1603 2754 1673 ipsi
2790 1602 3002 1674 aliquot
3049 1603 3243 1659 diebus
3278 1603 3354 1658 ibi
3405 1618 3687 1660 moraren-

2106 1701 2229 1760 tur,
2259 1699 2317 1749 et
2357 1701 2582 1764 propter
2619 1691 3018 1763 iumentorum,
3069 1693 3129 1749 in
3174 1692 3372 1763 quibus
3401 1704 3687 1761 venerat,

427 1760 682 1849 quodhic
719 1781 893 1852 pulvis
918 1760 999 1837 de"
1026 1799 1256 1855 corpore
1307 1760 1453 1841 beati
1500 1782 1752 1849 Tiburtii,
1791 1783 2005 1839 ossibus
2030 1760 2080 1824 Β
2107 1760 2480 1850 refectionem,
2508 1790 2564 1839 et
2590 1760 2818 1855 propter
2859 1784 3068 1856 seipsos
3096 1783 3167 1840 ad
3195 1760 3507 1858 longiorem
3542 1760 3689 1844 viam

426 1870 554 1926 inde
574 1873 821 1939 sublatis,
846 1890 1127 1932 remanere
1148 1879 1413 1948 potuisset
1438 1896 1451 1932 :
1474 1885 1531 1932 et
1558 1879 1629 1933 ob
1656 1877 1779 1943 hoc,
1814 1885 1874 1931 ut
1902 1875 2006 1932 dif-

428 1958 623 2017 ﬁcilius
659 1963 1013 2033 inveniretur,
1042 1969 1220 2024 medio
1239 1968 1359 2025 loco
1376 1969 1519 2025 inter
1539 1969 1729 2026 beatos
1781 1968 2006 2026 δίει-θαι

429 2051 598 2107 linum
628 2062 682 2108 et
701 2053 943 2122 Petrum,
963 2057 1015 2112 in
1035 2059 1223 2114 eadem
1251 2058 1458 2125 tumba,
1483 2059 1679 2115 fuisset
1701 2060 2001 2130 repositus:

427 2146 789 2216 convenitque
818 2146 963 2203 inter
980 2165 1074 2205 eos
1121 2159 1179 2205 ut
1231 2167 1357 2208 eum
1414 2153 1698 2223 presbyter
1740 2161 2004 2219 sumeret,

426 2241 483 2289 et
517 2248 617 2305 pro
639 2236 880 2307 reliquiis
902 2239 1043 2295 beati
1076 2241 1309 2297 Tiburtii
1341 2258 1526 2298 secum
1565 2241 1822 2299 deferret.

500 2325 585 2379 ii.
619 2324 714 2382 liis
747 2327 819 2383 ita
852 2331 1140 2388 transactis
1154 2344 1317 2403 atque
1338 2334 1633 2404 dispositis,
1662 2349 1786 2390 cum
1818 2334 2003 2402 rebus,

427 2426 562 2488 Quas
594 2431 935 2491 repererunt,
970 2424 1039 2479 ad
1062 2426 1298 2496 hospitia
1335 2441 1432 2482 sua
1465 2427 1668 2482 reversi
1697 2433 1843 2482 sunt.
1874 2427 2005 2482 Post

426 2509 542 2565 lucc
571 2511 862 2581 Ratleicus,
892 2530 1014 2570 cum
1061 2516 1273 2588 hospite
1324 2533 1422 2572 suo
1476 2518 1710 2584 locutus,
1767 2527 2007 2590 rogatut

412 2600 530 2658 ‘sibi
561 2617 746 2661 sacros
770 2607 913 2662 beati
949 2607 1245 2665 Marcellini
1272 2612 1504 2678 cineres,
1529 2628 1666 2682 quos
1691 2613 1741 2668 ei
1796 2613 1866 2668 ad
1890 2628 2006 2669 ser—

426 2693 665 2748 vandum
689 2697 1184 2765 commendaverat,
1213 2701 1418 2763 reddat,
1472 2716 1640 2771 seque
1669 2702 1723 2756 in
1771 2703 2004 2771 patriam

428 2783 608 2838 redire
637 2784 907 2841 volentem
936 2787 1081 2842 nulla
1110 2805 1216 2845 non
1244 2790 1550 2846 necessaria
1582 2791 1841 2847 dilatione
1869 2793 2006 2848 deti-

428 2880 574 2927 neat.
605 2873 704 2929 Cui
730 2874 818 2930 ille
848 2893 954 2932 non
982 2879 1154 2934 solum
1180 2881 1323 2951 quod
1366 2884 1644 2952 repetebat
1690 2884 1809 2938 sine
1851 2899 2002 2939 mora

430 2964 684 3030 reStituit,
712 2978 899 3021 verum
932 2968 1098 3023 etiam
1154 2970 1221 3026 de
1268 2981 1577 3028 sanctorum
1630 2972 1892 3044 reliquiis,
1946 2975 2002 3029 in

412 3056 533 3110 una
564 3057 797 3126 ligatura
826 3059 1084 3128 collectis,
1112 3062 1256 3117 haud
1288 3078 1510 3132 parvam
1538 3065 1839 3134 portionem
1868 3064 2000 3121 milii
2028 3104 2074 3167 ϐ

427 3145 768 3203 deferendam
788 3148 982 3205 obtulit
1010 3169 1022 3206 :
1050 3159 1106 3207 et
1131 3154 1423 3222 rcquisitus
1453 3155 1520 3210 de
1540 3156 1849 3212 nominibus
1905 3172 1999 3213 co-

426 3245 567 3297 rum,
601 3234 732 3289 mihi
769 3251 829 3291 se
857 3237 944 3292 illa
965 3239 1256 3306 dicturum,
1281 3243 1496 3312 quando
1525 3244 1592 3300 ad
1615 3259 1702 3299 me
1745 3246 2002 3313 venisset,

424 3325 717 3403 respondit.
747 3324 954 3382 Monuit
982 3337 1158 3384 tamen
1186 3340 1247 3386 ut
1268 3334 1457 3388 eadem
1478 3335 1854 3402 veneratione,
1898 3351 2008 3406 qua

425 3422 638 3469 exterae
678 3418 988 3474 sanctorum
1040 3428 1342 3493 martyrum
1388 3423 1633 3494 reliquim
1676 3424 2001 3492 colerentur,

424 3518 492 3558 eo
519 3504 661 3576 quod
689 3521 792 3561 non
811 3508 1035 3565 minoris
1059 3513 1200 3581 apud
1227 3512 1398 3568 Deum
1413 3526 1597 3571 essent
1621 3517 1826 3583 meriti,
1841 3530 2005 3587 quasi

424 3596 568 3651 beati
594 3595 938 3657 Marcellinus
958 3611 1014 3658 et
1037 3602 1231 3660 Petrus
1263 3623 1275 3660 :
1301 3613 1357 3661 et
1391 3607 1495 3663 hoc
1525 3623 1612 3663 me
1657 3620 1780 3666 esse
1831 3611 2006 3667 credi-

426 3695 627 3754 turum,
658 3706 781 3746 cum
808 3694 1042 3763 primum
1073 3697 1139 3752 ad
1169 3712 1256 3754 me
1296 3700 1576 3756 nominum
1616 3701 1831 3758 illorum
1864 3705 2006 3760 noti—

425 3779 497 3834 tia
523 3783 878 3851 pervenisset.
910 3784 1159 3858 Suscepit
1198 3788 1288 3845 ille
1315 3805 1511 3847 munus
1560 3791 1820 3859 oblatum,
1844 3800 2006 3864 atque

424 3868 501 3936 id,
528 3882 588 3928 ut
615 3874 717 3930 sibi
742 3889 1059 3945 persuasum
1087 3888 1224 3946 erat,
1250 3892 1558 3939 sanctorum
1575 3883 1872 3957 Martyrum
1883 3901 2006 3943 cor-

421 3962 645 4031 poribus
668 3966 915 4022 sociavit.

1086 4059 1313 4117 CAPUT
1350 4061 1415 4118 Il.

426 4159 610 4237 Sacra:
660 4164 892 4237 reliquid:
929 4184 1022 4237 per
1052 4170 1257 4225 diversa
1303 4172 1419 4228 loca
1463 4154 1653 4230 deflua:
1704 4175 1759 4230 in
1808 4177 2000 4233 Hichi-

493 4229 841 4316 finstadtz'gt
894 4229 1229 4316 pbst_va_rias
1272 4243 1493 4299 risiones
1546 4229 1619 4300 in,
1660 4229 1999 4316 Μάθώᾶίιὶ,

491 4310 674 4368 postea
710 4302 1061 4373 Selige'nstadt
1089 4308 1306 4365 dictum.

2101 1876 2500 1946 praeparandos.

2175 1967 2263 2022 i3.
2291 1966 2350 2021 in
2381 1967 2485 2023 hoc
2513 1981 2791 2023 morarum
2837 1982 3060 2024 suarum
3106 1967 3340 2025 articulo
3378 1969 3524 2024 iam
3551 1969 3693 2024 exiit

2105 2058 2311 2132 legatos
2334 2069 2539 2116 sancta
2565 2060 2825 2116 Romam
2851 2061 3109 2118 Ecclesiae
3136 2077 3170 2118 a
3202 2061 3460 2132 pontiﬁce
3479 2062 3552 2116 ad
3581 2062 3690 2117 im-

2102 2159 2407 2222 peratorem
2434 2151 2464 2193 ιι
2483 2151 2742 2216 directos,
2756 2151 2850 2208 illo
2869 2152 3020 2207 brevi
3046 2168 3168 2210 esse
3194 2161 3473 2209 venturos.
3498 2150 3693 2223 itaque

2102 2243 2263 2297 veriti
2283 2244 2349 2298 de
2369 2241 2603 2298 adventu
2626 2242 2840 2298 illorum
2865 2243 3072 2312 aliquid
3090 2243 3194 2299 sibi
3215 2243 3571 2308 incommodi,
3601 2241 3692 2298 vel

2104 2332 2268 2387 etiam
2291 2331 2663 2403 impedimenti
2684 2332 2932 2389 accidere
2947 2348 3127 2403 posse,
3143 2333 3189 2388 si
3211 2348 3271 2388 se
3290 2334 3364 2388 ibi
3384 2332 3694 2403 deprehen-

2100 2420 2314 2485 derent,
2345 2422 2705 2477 decreverunt
2728 2431 2789 2477 ut
2829 2423 3048 2493 quidam
3072 2439 3141 2477 ex
3173 2422 3255 2478 eis
3284 2423 3557 2487 abeundo,
3584 2423 3694 2480 ad-

2105 2520 2325 2568 ventum
2343 2527 2532 2567 eorum
2548 2512 2853 2570 festinando
2876 2514 3237 2584 praevenirent
3264 2512 3418 2586 [Hs.,
3441 2528 3691 2585 pravor-

2106 2603 2339 2677 terent];
2370 2604 2462 2658 alii
2485 2604 2539 2658 in
2566 2605 2687 2660 loco
2704 2613 3137 2671 remanerent,et
3162 2620 3223 2660 re
3245 2604 3313 2660 de
3332 2621 3439 2674 qua
3464 2605 3696 2663 solliciti

2104 2703 2263 2750 erant
2290 2695 2572 2767 diligenter
2601 2695 2946 2767 investigata,
2976 2702 3101 2766 post
3135 2695 3450 2751 eorumdem
3477 2694 3696 2767 legato-

2106 2802 2225 2842 rum
2255 2787 2563 2842 abseessnm
2588 2787 2765 2841 socios
2786 2802 2933 2852 suos,
2948 2802 3088 2857 quos
3107 2787 3505 2857 prannisersnt,
3529 2788 3694 2855 sequi

2104 2885 2473 2948 properarent.
2501 2875 2635 2930 Cum
2666 2876 2739 2930 ita
2768 2876 2910 2930 inter
2935 2890 3028 2931 cos
3050 2876 3121 2932 de
3165 2876 3269 2931 bac
3312 2892 3373 2931 re
3409 2876 3697 2933 constitis-

2105 2974 2204 3030 set,
2230 2966 2517 3021 Deusdona
2545 2979 2671 3020 cum
2693 2965 3011 3036 presbytero
3036 2963 3271 3020 Hildoini
3291 2963 3693 3033 legatosllonn

2104 3057 2384 3112 venientes
2416 3055 2711 3126 precessit,
2743 3063 2800 3111 et
2846 3055 3144 3126 Augustam
3181 3053 3560 3120 Suessionum,
3592 3057 3693 3111 ubi

2106 3146 2415 3203 iiiidoinurn
2440 3159 2561 3201 esse
2607 3145 2845 3211 rebatur,
2882 3153 3086 3216 quanta
3130 3144 3309 3215 potuit
3337 3143 3697 3201 festinatione

2104 3239 2409 3304 contondit;
2440 3237 2717 3294 Ratleicus
2758 3252 2893 3293 vero
2910 3251 3038 3293 cum
3066 3237 3324 3292 thesauro
3343 3277 3359 3301 ,
3405 3252 3573 3308 quem
3600 3252 3697 3293 se-

2103 3347 2228 3388 cum
2269 3331 2528 3395 habebat,
2577 3330 2758 3401 Paplas
2803 3330 3093 3395 remansit,
3137 3339 3457 3400 exspectans
3513 3332 3698 3386 deinec

2103 3426 2266 3497 legati
2295 3423 2453 3479 Sedis
2490 3422 2813 3493 Apostoiica!
2858 3422 3219 3493 praterirent,
3250 3429 3341 3485 nt,
3367 3419 3475 3475 illis
3519 3419 3699 3490 Alps

2105 3515 2478 3587 transgressis,
2506 3516 2648 3570 viam
2676 3530 2832 3570 suam
2876 3514 3121 3569 securius
3148 3527 3372 3582 carpere
3395 3513 3691 3582 pomisset.

2105 3605 2321 3663 Veritus
2346 3607 2529 3677 itaque
2551 3620 2621 3661 ne
2644 3606 2927 3677 presbyter
2950 3603 3206 3669 Hildoini,
3229 3603 3323 3672 qui
3359 3618 3483 3658 cum
3515 3601 3696 3660 Deus—

2104 3698 2241 3754 dona
2282 3703 2657 3768 praeessent,
2682 3695 2886 3767 quique
2932 3694 3196 3759 omnium,
3227 3708 3349 3762 quae
3398 3693 3543 3763 apud
3589 3708 3695 3749 eos

2104 3787 2364 3860 gestare!
2390 3795 2622 3843 tractata
2649 3785 2886 3852 fuerant,
2903 3784 3200 3855 plenariam
3226 3792 3389 3852 atque
3415 3784 3691 3855 integrann

2103 3882 2352 3937 notitiam
2382 3881 2632 3945 habebat,
2665 3881 2793 3951 quia
2826 3879 2981 3935 vafer
3006 3895 3071 3935 ac
3100 3879 3323 3934 lubrica
3366 3868 3493 3934 ﬁdei
3536 3880 3691 3936 vide-

2102 3972 2281 4039 batur,
2317 3971 2518 4042 aiiquid
2539 3971 2906 4041 impedimenti
2927 3971 3029 4026 sibi
3056 3971 3110 4026 in
3137 3971 3245 4035 via,
3272 3986 3377 4040 qua
3401 3970 3484 4025 ire
3503 3971 3694 4041 dispo-

2103 4063 2266 4119 situm
2288 4062 2544 4127 habebat,
2569 4062 2868 4116 machinari
2891 4060 3187 4126 debuisset,
3218 4060 3393 4115 altera
3416 4058 3519 4115 sibi
3549 4075 3690 4116 eun-

2103 4153 2232 4209 dum
2254 4152 2544 4222 judicavit;
2574 4152 2849 4223 missoque
2876 4152 2943 4207 ad
2971 4166 3058 4207 me
3095 4151 3467 4222 procuratoris
3508 4152 3689 4208 nostri

2101 4246 2302 4302 Ascolﬁ
2346 4259 2517 4316 puero
2547 4260 2670 4300 cum
2700 4245 2898 4301 litteris
2929 4244 3141 4314 quibus
3166 4258 3257 4298 me
3280 4250 3345 4299 et
3389 4242 3457 4298 de
3501 4258 3692 4301 rev-er-

2103 4340 2256 4396 sionc
2280 4352 2399 4402 sua,
2427 4346 2484 4393 et
2520 4337 2590 4394 de
2630 4337 2884 4392 aliotione
2912 4335 3180 4402 thesauri,
3224 4347 3387 4403 quem
3420 4334 3691 4392 divinitus

496 4413 581 4470 i2.
611 4412 747 4472 inito
776 4419 999 4476 consilio
1033 4438 1154 4478 cum
1192 4426 1404 4497 hospite
1433 4445 1551 4495 suo,
1595 4445 1809 4487 sacrum
1844 4432 1994 4491 illum
2021 4440 2075 4501 D
2098 4430 2312 4500 atllutus
2358 4429 2658 4492 invenerat,
2687 4434 2896 4482 ceer
2938 4426 3195 4489 οιθυθῐθιν
3226 4425 3361 4495 ipse,
3391 4433 3688 4495 postquam

393 4502 397 4506 ’
424 4520 489 4561 ac
530 4508 936 4567 desiderabilem
969 4515 1301 4585 thesaurum,
1331 4520 1385 4574 in
1419 4522 1635 4579 scriniis
1658 4527 1996 4583 reconditum

390 4605 587 4669 'atque
611 4601 901 4672 signatum,
932 4620 1028 4675 per
1051 4607 1378 4666 Lunisonem
1420 4611 1647 4669 fratrem
1676 4612 1812 4684 ejus,
1843 4617 1998 4688 cujus

493 4742 521 4811 ξ
558 4729 825 4811 Impressit
891 4735 1236 4811 pannorum,
1281 4756 1374 4811 seu
1426 4736 1773 4799 Dominarum
1815 4761 1835 4800 .'
1880 4746 2001 4803 dua:

421 4802 570 4860 enim
594 4813 751 4857 erant
769 4802 955 4884 Σειρίῳ
1047 4802 1549 4884 JoannisBaptjstaa
1577 4812 1839 4878 ecclesiae,
1867 4802 1996 4884 qua?

423 4886 543 4953 rum
574 4886 678 4925 una
712 4888 741 4954 a
769 4874 1133 4954 TiicOtlelinila
1183 4874 1388 4954 regina'
1419 4878 1524 4954 fuit
1572 4874 1995 4954 magnificentis-

423 4890 543 4953 rum
574 4890 678 4925 una
712 4890 741 4926 a
782 4890 1133 4930 Incoueunua
1183 4890 1365 4948 regina
1419 4890 1994 5007 ruiéemaguiiicentis-

418 4951 886 5019 simehesstructa
943 4953 1000 5000 et
1023 4948 1225 5019 dotata,
1255 4951 1321 5003 de
1348 4963 1456 5019 qua
1567 4953 1799 5008 mal-dus
1829 4954 1994 5010 Scae-

419 5027 520 5093 cus
548 5011 991 5093 Hist._"l‘ieinen.,
1032 5016 1242 5093 lib.__ix,
1271 5011 1389 5089 cup'.
1418 5019 1476 5085 5,
1496 5023 1849 5093 canitiemque
1871 5024 1992 5081 Ste-

420 5082 1070 5173 pilanus9Aliregvenianus3
1229 5082 1234 5084 Ἴ
1259 5082 1499 5173 ui,"cap.
1554 5091 1607 5151 2.
1652 5093 1729 5147 ait
1756 5082 1788 5147 ἆ
1818 5094 1992 5166 Burge

419 5155 812 5224 cognominari,
854 5157 976 5227 quia
1014 5155 1073 5209 iit
1098 5166 1251 5211 extra
1281 5155 1515 5227 primum
1570 5176 1849 5218 murorum
1877 5155 1992 5219 am-

420 5219 627 5289 bitum;
659 5235 752 5278 aut
778 5227 941 5280 etiam
980 5243 1011 5279 a
1051 5224 1277 5282 I’alude.
1317 5229 1476 5283 Aliud
1507 5238 1687 5286 tamen
1718 5241 1868 5289 vetus
1893 5249 1990 5289 co-

421 5266 1018 5415 Ettrit'aﬁﬁtn
1051 5266 1280 5353 $5.37.};
1316 5266 1992 5365 Tiiiz:oatif"aé“'&2;’iis

502 5365 763 5415 nuobard.
793 5365 888 5415 lib-
909 5385 981 5415 ιν-
1018 5377 1179 5415 canui
1200 5367 1288 5415 ΔΩ-
1312 5370 1378 5415 de.
1405 5368 1747 5415 Citiidilmmn
1782 5374 1961 5415 nmina

425 5365 763 5446 Langobard.
793 5365 983 5450 libatv,
1018 5377 1179 5439 caput
1200 5367 1290 5433 49,
1312 5370 1378 5423 de
1405 5368 1748 5454 Gundiberga
1782 5374 1985 5445 regina,

423 5428 804 5510 Tiieodclindm
834 5439 960 5510 lilia,
993 5455 1157 5510 agens
1189 5456 1201 5493 :
1250 5458 1269 5490 ι
1310 5438 1454 5510 Haec,
1490 5450 1687 5510 inquit,
1721 5442 1771 5496 id
1802 5460 1990 5500 exem-

422 5500 569 5581 plum
618 5519 729 5558 suae
773 5500 1067 5574 genitricis,
1121 5510 1264 5565 sicut
1292 5509 1379 5565 illa
1409 5500 1462 5565 in
1526 5500 1774 5575 Medicis,
1829 5516 1908 5569 sic
1934 5522 1989 5568 ct

425 5580 524 5624 Ista
562 5572 705 5629 intra
733 5574 1073 5629 Ticinensem
1098 5581 1399 5629 civitatem-
1431 5582 1707 5629 Insilit-nm
1739 5583 1790 5629 in
1821 5584 1986 5629 hama—

425 5580 524 5624 Ista
562 5580 705 5629 intra
733 5580 1073 5633 Ticinensem
1098 5581 1399 5645 civitatem,
1431 5582 1708 5636 bttsilicatn
1738 5583 1790 5638 in
1821 5584 1986 5641 bono—

424 5640 633 5722 rentuB.
664 5642 887 5701 Joannis
911 5647 1163 5722 Baptistae
1215 5652 1536 5722 construxit.
1575 5652 1863 5722 iScaccus
1895 5655 1986 5707 ad-

423 5711 500 5763 dit
526 5709 618 5765 lib.
689 5729 767 5780 is,
821 5709 1065 5785 caput'i),
1113 5718 1256 5786 quod
1283 5735 1401 5774 eam
1447 5739 1465 5772 ι
1519 5722 1570 5775 in
1604 5721 1866 5778 hinni-cm
1899 5726 1982 5778 sui

2100 4522 2375 4577 Romanos
2414 4534 2483 4574 ex
2530 4516 2841 4587 conjectura
2891 4517 3232 4572 mansionum
3256 4531 3378 4586 quae
3405 4515 3487 4570 eis
3520 4531 3687 4585 para-

2100 4612 2318 4678 bantur,
2347 4607 2510 4679 Alpes
2536 4623 2823 4679 superasse
2848 4607 3082 4678 putavit,
3098 4605 3265 4676 Papia
3291 4605 3504 4673 relicta,
3525 4614 3685 4663 sexta

2100 4759 2283 4810 sexus,
2314 4743 2624 4798 Donnarum
2681 4739 2756 4812 (id
2784 4747 2870 4796 est
2905 4737 3213 4812 mulierum)
3261 4739 3623 4812 nuncupavit.
3654 4757 3679 4791 ο

2101 4808 2381 4881 Quomodo
2405 4821 2583 4867 autem
2615 4808 2708 4865 aut
2731 4812 2949 4881 quando
2983 4811 3099 4881 haec
3132 4808 3259 4864 data
3282 4810 3356 4864 sit
3375 4808 3681 4881 monachis,

2101 4878 2264 4955 atque
2292 4885 2365 4939 ita
2394 4884 2448 4955 in
2476 4878 2783 4955 ,Eginliardi
2801 4880 3237 4955 iurisdictionem
3266 4878 3496 4955 veneljt,
3530 4879 3683 4955 :l‘ici-

2094 4946 2352 5010 nensibus
2399 4946 2759 5018 indagandum
2802 4946 3057 5018 relinquo
3088 4966 3103 5003 :
3138 4949 3354 5018 interim
3408 4946 3681 5018 Platinam

2092 5032 2243 5080 recte
2270 5024 2495 5088 corrigit
2514 5014 2772 5087 Scaccns,
2802 5014 3125 5091 quiin—Vita
3151 5014 3494 5091 Joannislv,
3521 5017 3677 5072 illam

2091 5094 2377 5150 ecclesiam
2405 5092 2715 5148 Terracina:
2742 5089 3030 5160 adscripsit
3076 5090 3215 5160 etin
3243 5089 3495 5160 eumdem
3522 5102 3680 5160 erro-

2093 5163 2445 5290 rsergelécnjus
2507 5162 2655 5217 nulla
2708 5156 2940 5231 uspiam
2971 5159 3191 5216 occasio
3227 5159 3476 5230 apparet)
3510 5156 3681 5213 traxit

2135 5250 2165 5288 a
2278 5248 2441 5288 tcum.

2135 5248 2441 5288 anetucunt.

2164 5304 2191 5345 δ
2230 5302 2475 5373 Scriptor
2500 5308 2774 5373 gestorum
2799 5298 3058 5373 Ludovici
3082 5297 3165 5373 i’ii
3197 5297 3264 5373 ad
3293 5312 3384 5353 an.
3414 5296 3547 5373 Δβὲϐ.
3578 5297 3681 5373 bu-

2085 5370 2176 5445 jus
2203 5366 2797 5445 legationisjmeminit,
2851 5378 2906 5424 et
2953 5368 3271 5445 l_ngclbcmii_
3322 5368 3568 5445 auditas!
3592 5366 3677 5419 ait

2089 5389 2217 5445 ius:
2288 5389 2485 5426 auoms
2534 5389 2797 5434 meminit,
2851 5389 2906 5424 et
2954 5389 3264 5438 lngememn
3322 5389 3562 5422 ιιιιιιιιδηι
3592 5389 3677 5419 au

2089 5445 2157 5499 ad
2190 5389 2456 5499 legendas
2480 5441 2699 5505 lunias;
2735 5452 2907 5508 eaque
2959 5438 3192 5498 nuncios,
3251 5437 3486 5508 Leonem
3529 5436 3682 5489 Cen—

2086 5512 2491 5570 tumceilensem
2552 5507 2890 5580 episcOpum,
2943 5518 2999 5563 et
3055 5507 3538 5580 ThcophylactunL
3576 5519 3683 5557 no-

2088 5582 2493 5649 menclatorem,
2545 5576 2641 5652 pro
2699 5576 2826 5635 tunc
2881 5580 3119 5635 Romano
3185 5576 3441 5649 pontiﬁce
3499 5576 3683 5649 Euge-

2089 5656 2178 5710 nio
2211 5653 2271 5709 Il.
