3988 6178
226 301 322 357 545

981 314 989 326 ··
1033 297 1208 354 HIST.
1252 295 1644 354 TRANSLAT.
1684 295 1791 351 BB.
1831 294 2250 352 MARCELLINI
2290 297 2378 352 ET
2415 297 2641 353 PETRI.

3377 299 3483 356 διδ

225 421 303 473 die
322 415 392 470 ad
423 426 444 454 ι
477 410 534 468 S.
562 409 873 471 Mauritium
892 412 1060 468 venit.
1091 412 1303 484 lbique,
1329 412 1659 484 comparatis
1683 424 1804 480 quae
1831 410 1879 468 A
1905 423 2042 477 puer
2070 410 2320 475 Ratleici,
2345 409 2571 480 iubente
2615 425 2716 477 eo,
2742 409 2919 467 oﬂieio
2947 425 3295 482 vesperarum
3333 427 3486 467 com-

223 507 286 560 ad
332 505 438 560 hoc
469 501 780 558 necessaria
827 501 1171 569 videbantur,
1199 518 1355 560 sacra
1406 502 1496 556 illa
1544 514 1794 570 corpora,

223 596 398 654 loculo
430 593 659 659 inclusa,
696 591 896 648 feretro
931 594 1220 666 imposuit;
1247 604 1410 664 atque
1435 593 1557 648 inde
1577 606 1798 662 promo-

223 699 371 748 vens,
403 681 577 753 palam
605 689 660 736 et
686 689 894 750 aperte.
938 697 1061 736 cum
1105 684 1376 754 adiutorio
1400 680 1582 752 populi
1611 694 1799 735 occur-

223 773 408 838 rentis,
440 780 660 841 portare
694 770 877 839 cmpit.

289 862 372 916 14.
408 860 507 916 Ubi
537 870 718 914 autem
746 858 957 925 locum,
995 861 1086 930 qui
1127 857 1460 930 Caput-Laci
1496 860 1523 898 ι)
1551 865 1798 922 vocatur,

219 961 654 1021 prmtergressus,
699 948 902 1004 bivium
935 958 985 1014 ο,
1028 963 1134 1017 quo
1172 949 1367 1002 itinera
1415 948 1467 1002 in
1513 946 1800 1001 Franciam

219 1035 463 1096 ducentia
494 1039 846 1104 dirimuntur,
885 1039 1094 1110 attigit;
1143 1038 1504 1093 dexteriorem
1527 1036 1673 1091 viam
1725 1037 1804 1091 in-

218 1147 454 1202 gressus,
479 1145 576 1199 per
604 1129 1028 1184 Alamannorum
1079 1128 1213 1183 lines
1262 1143 1434 1200 usque
1460 1128 1528 1184 ad
1566 1126 1798 1182 Solodo-

219 1221 396 1289 rum,d
428 1219 872 1291 Burgundionum
890 1220 1350 1290 oppidum,venit.
1383 1221 1459 1275 lbi
1490 1219 1682 1274 obvios
1704 1220 1802 1273 ha-

217 1315 349 1379 buit,
379 1329 520 1384 quos
556 1327 678 1384 ego,
718 1321 842 1383 post
874 1312 1135 1366 indicium
1184 1313 1450 1370 adventus
1489 1311 1632 1368 illius
1671 1310 1804 1366 mihi

218 1403 436 1469 laetum,
472 1395 538 1458 de
572 1413 595 1442 ε
627 1400 876 1470 Trajecto
919 1402 968 1455 ei
1015 1417 1305 1456 occurrere
1344 1402 1502 1472 jussi.
1534 1401 1669 1464 Nam
1707 1415 1806 1470 ego

218 1505 340 1549 tunc
386 1493 648 1564 temporis
672 1491 829 1562 juxta
877 1491 1115 1546 Scaldim
1167 1490 1386 1546 ﬂuvium
1433 1492 1488 1545 in
1534 1499 1804 1545 monaste-

221 1583 299 1638 rio
335 1581 354 1621 τ
378 1581 437 1638 S.
462 1581 692 1636 Bavonis
713 1596 883 1645 eram,
914 1580 1129 1649 quando
1156 1579 1348 1634 littera:
1369 1580 1567 1634 notarii
1590 1581 1694 1633 mei
1711 1594 1808 1649 per

219 1688 448 1743 puerum
481 1670 852 1742 procuratoris
885 1669 1079 1733 nostri,
1108 1669 1264 1738 cujus
1288 1669 1537 1739 superius
1577 1667 1809 1724 mentio-

1896 501 2067 570 pleto,
2090 504 2302 558 cmteris
2326 503 2670 567 exeuntibus,
2691 502 2841 560 solus
2870 503 2923 557 iu
2943 503 3174 558 ecclesia
3197 504 3484 560 remansis-

1899 598 2002 655 set,
2036 600 2114 656 et,
2142 591 2338 645 clausis
2362 591 2574 661 januis,
2617 591 2774 660 juxta
2822 591 2907 645 illa
2953 606 3111 646 sacra
3159 606 3391 662 corpora
3428 593 3484 646 in

1899 695 2067 748 parva
2117 680 2309 734 cellula
2350 680 2507 750 quasi
2535 679 2858 750 vigilaturus
2882 682 3240 746 concedisset,
3281 682 3488 743 subita-

1900 784 2004 824 neo
2029 784 2219 824 somno
2247 770 2556 838 depressus,
2579 769 2716 824 vidit
2739 771 2895 838 quasi
2921 770 3057 824 duas
3090 769 3368 824 columbas
3390 783 3491 839 per

1901 859 2266 916 dexteriorem
2286 861 2491 916 absida:
2517 857 2812 916 fenestram
2842 861 3070 915 volando
3103 860 3326 926 intrare,
3351 868 3408 915 et
3431 861 3492 916 iu

1899 950 2133 1006 culmine
2160 949 2286 1004 lecti
2329 965 2493 1018 super
2535 949 2651 1019 ipsa
2683 948 3009 1004 Sanctorum
3052 963 3280 1018 corpora
3311 951 3493 1011 consi-

1902 1040 2069 1094 dere:
2097 1055 2329 1110 quarum
2370 1039 2543 1094 altera
2578 1047 2688 1092 tota
2723 1039 2862 1104 alba,
2898 1039 3069 1093 altera
3112 1039 3236 1093 cani
3281 1047 3339 1093 et
3382 1039 3492 1098 albi

1902 1129 2100 1183 coloris
2123 1129 2372 1183 mixtum
2397 1128 2561 1182 variae
2598 1128 2903 1183 videbatur.
2935 1127 3180 1199 Cumque
3211 1129 3264 1186 in
3297 1130 3494 1186 eodem

1901 1217 2138 1272 culmine
2184 1217 2388 1273 diutius
2439 1216 2881 1284 deambularent,
2917 1227 2975 1272 et
3026 1227 3344 1278 consuetum
3391 1235 3516 1276 cor

1902 1307 2098 1362 lumbis
2120 1309 2377 1378 gemitum
2405 1308 2646 1364 vicissim
2668 1307 2815 1372 velut
2846 1308 3216 1379 colloquentes
3239 1309 3490 1376 ederent,

1905 1414 2092 1453 rursus
2115 1393 2214 1468 per
2251 1398 2499 1452 eamdem
2526 1397 2824 1452 fenestram
2856 1413 3110 1469 egressae,
3131 1415 3239 1454 non
3273 1415 3496 1470 compa-

1905 1498 2152 1546 ruerunt.
2193 1488 2502 1559 Secutaquc
2531 1505 2632 1543 vox
2663 1505 2824 1558 supra
2872 1499 3034 1558 caput
3064 1491 3221 1560 pueri
3266 1492 3492 1546 sonuit:

1911 1599 1935 1632 ι
1976 1580 2151 1646 Vade,
2186 1581 2381 1648 inquit,
2429 1588 2485 1634 et
2523 1580 2611 1634 dic
2638 1579 2882 1634 liatlcico
2931 1590 2992 1634 ut
3037 1581 3243 1640 indicet
3275 1580 3498 1636 domino

1907 1687 2028 1738 suo,
2053 1672 2182 1742 quia
2214 1671 2302 1726 isti
2328 1670 2501 1726 sancti
2533 1669 2797 1742 Martyres
2827 1671 3016 1726 nolunt
3061 1680 3120 1726 ut
3147 1687 3336 1726 eorum
3374 1688 3494 1728 cor-

221 1782 338 1820 nem
368 1763 619 1826 fecimus,
645 1764 778 1818 mihi
809 1764 1028 1819 reddita:
1059 1772 1204 1818 sunt.
1226 1763 1305 1817 Ex
1325 1779 1553 1833 quarum
1576 1763 1807 1818 lectione
1836 1751 1882 1808 Β
1907 1776 2040 1831 pora
2065 1761 2119 1813 in
2145 1761 2246 1814 hoc
2269 1759 2389 1814 loco
2414 1760 2757 1829 requiescant
2783 1779 2796 1813 :
2832 1761 2997 1815 alium
3028 1762 3172 1816 enim
3193 1761 3495 1833 elegerunt,

218 1855 282 1908 de
311 1855 550 1908 adventu
603 1852 928 1908 Sanctorum
961 1852 1161 1907 certior
1204 1850 1380 1907 factus
1400 1893 1416 1916 ,
1463 1853 1606 1907 illico
1638 1867 1804 1912 unum

218 1961 279 1998 ex
318 1944 679 1999 familiaribus
705 1943 907 1998 nostris
932 1941 1239 2012 Trajectum
1263 1943 1363 2008 ire,
1385 1942 1566 2013 ibique
1587 1943 1808 2015 presby-

219 2043 362 2088 teros
394 2042 560 2102 atque
591 2032 727 2087 alios
759 2031 1018 2096 clericos,
1063 2045 1272 2086 necnon
1315 2040 1372 2084 et
1413 2031 1580 2087 laicos
1619 2045 1806 2085 secum

218 2138 454 2190 sumere,
492 2139 556 2177 ac
594 2122 813 2178 Sanctis
843 2121 1201 2184 venientibus,
1233 2121 1538 2190 ubicunque
1573 2120 1808 2188 primum

220 2215 510 2282 potuisset,
541 2214 756 2268 obviam
790 2211 1050 2266 festinare
1078 2210 1328 2282 priecepi.
1363 2211 1429 2263 Et
1452 2212 1498 2264 is
1527 2211 1658 2264 nihil
1689 2227 1806 2264 mo—

221 2313 392 2370 ratus,
426 2319 550 2357 eum
575 2303 662 2358 his
685 2317 821 2372 quos
855 2316 1038 2355 secum
1082 2301 1313 2354 duxerat
1353 2299 1407 2352 in
1448 2299 1565 2353 loco
1608 2314 1810 2354 memo-

219 2405 360 2461 rato,
403 2405 526 2464 post
564 2409 766 2464 paucos
790 2393 905 2446 dies
930 2392 1034 2455 his,
1075 2391 1168 2461 qui
1201 2389 1433 2444 Sanctos
1471 2388 1808 2464 adferebant,

215 2485 462 2541 obviavit
493 2483 812 2554 :junctique
863 2479 1044 2545 simul,
1091 2479 1477 2535 comitantibus
1507 2477 1622 2547 jam
1652 2487 1814 2549 atque

216 2577 351 2632 hinc
417 2576 543 2630 intle
598 2571 1047 2629 concurrentibus
1107 2571 1432 2642 hymnidicis
1494 2571 1814 2642 populorum

214 2670 445 2730 turmis,
480 2683 604 2721 cum
655 2667 856 2737 ingenti
894 2667 1132 2720 omnium
1165 2665 1383 2729 laetitia,
1421 2667 1446 2705 ε
1485 2665 1815 2735 Argentora—

220 2767 340 2811 tum
373 2757 588 2821 urbem,
619 2772 739 2827 quae
781 2771 924 2810 nunc
950 2753 1244 2825 Strasburg
1271 2754 1591 2826 appellatur,
1623 2755 1816 2809 celeri-

222 2861 309 2906 ter
334 2849 579 2904 veniunt.
598 2849 726 2904 lnde
746 2865 843 2921 per
864 2849 1102 2904 Hrenum
1126 2849 1360 2906 secunda
1387 2862 1527 2920 aqua
1550 2846 1811 2919 navigan-

225 2951 329 3006 tes,
360 2957 485 2995 cum
523 2941 588 2995 ad
610 2940 811 3006 locum,
839 2941 930 3011 qui
962 2942 987 2979 ιι
1019 2940 1215 2994 Portus
1237 2946 1480 3004 vocatur,
1515 2937 1811 3003 venissent,

229 3031 357 3104 [Με.
376 3032 504 3085 add.
525 3029 606 3102 in]
623 3029 941 3086 orientalem
963 3027 1198 3092 fluminis
1222 3029 1393 3099 ripam
1423 3027 1812 3098 egressi.an-

235 3133 282 3176 ta
326 3121 614 3177 mansione
643 3120 709 3174 ad
739 3119 914 3175 locum
954 3120 970 3160 ί
1009 3117 1396 3176 Michilinstadt
1427 3125 1816 3188 nuncupatum,

232 3217 352 3268 cum
375 3212 666 3270 immodica
680 3211 958 3274 hominum
986 3211 1036 3264 in
1060 3209 1154 3263 Dei
1172 3209 1418 3264 laudibus
1435 3208 1822 3266 exsultantium

233 3302 601 3367 multitudine,
625 3303 968 3372 perveniunt.
987 3299 1037 3354 ls
1066 3301 1215 3354 locus
1245 3308 1328 3353 est
1357 3298 1412 3352 in
1440 3313 1506 3352 eo
1530 3297 1669 3354 saltu
1691 3297 1825 3353 Ger-

234 3395 453 3459 maniae,
483 3393 575 3464 qui
607 3402 849 3461 tempore
879 3392 1140 3446 moderno
1182 3389 1195 3439 ἱ
1249 3389 1544 3446 Odanwald
1589 3390 1824 3464 appella-

236 3497 337 3555 tur,
367 3497 428 3543 et
465 3488 633 3544 distat
661 3503 690 3540 a
733 3486 904 3540 Μαξηο
950 3485 1170 3540 ﬂumine
1217 3485 1437 3540 circiter
1483 3483 1669 3540 lcucas
1705 3499 1822 3539 sex.

234 3579 289 3635 In
314 3595 429 3650 quo
460 3594 583 3634 cum
605 3576 885 3632 basilicam
919 3575 1134 3630 noviter
1152 3591 1182 3629 a
1211 3589 1298 3632 me
1321 3581 1707 3644 constructam,
1730 3574 1825 3630 sed

237 3672 477 3725 ualidum
507 3667 810 3726 dedicatam
839 3667 1193 3731 invenissent,
1228 3666 1281 3719 in
1319 3666 1460 3722 hanc
1496 3664 1616 3722 illos
1645 3680 1829 3732 sacros

236 3761 453 3816 cineres
481 3758 801 3825 intulerunt,
827 3766 884 3814 et
901 3757 1053 3814 velut
1096 3757 1169 3812 ibi
1209 3766 1473 3828 perpetuo
1518 3771 1831 3828 permansu-

240 3862 324 3906 ros
349 3852 744 3918 deposuerunt.

309 3941 392 3996 15.
426 3939 668 4012 Cumque
700 3939 752 3995 id
780 3940 914 3995 mihi
944 3939 1136 3997 fuisset
1177 3936 1427 4002 allatum,
1457 3935 1740 3992 confestim
1770 3936 1832 3992 il-

239 4031 342 4098 luc,
374 4041 579 4110 quanta
610 4031 758 4102 potui
783 4030 1061 4086 celeritate
1099 4041 1126 4070 ι
1167 4029 1354 4090 venire
1401 4028 1669 4083 festinavi.
1707 4028 1829 4096 Ubi,

245 4137 382 4188 cum,
419 4121 600 4180 triduo
621 4129 744 4196 post
775 4121 1069 4183 adventum
1100 4128 1346 4182 nostrum
1371 4127 1584 4186 exacto,
1609 4119 1832 4189 quidam

313 4310 338 4338 ι
359 4299 682 4382 .Agaunum
755 4296 1035 4380 intelligit,
1077 4297 1203 4382 ‘ubi
1245 4292 1304 4382 S.
1333 4292 1646 4382 Aihlauritius
1675 4309 1830 4382 _cum

249 4363 495 4424 Thebanis
546 4368 808 4438 martyrio
871 4363 1185 4430 coronatus,
1243 4380 1457 4438 nomen
1506 4363 1827 4438 loco‘dedit,

251 4440 324 4500 liti
349 4441 566 4498 dicetur
591 4439 663 4492 2‘2

254 4509 333 4568 dia
360 4509 434 4564 ad
466 4504 809 4572 Rhodanum,
837 4508 870 4560 9
901 4508 1122 4562 circiter
1173 4506 1342 4562 leueis
1371 4505 1580 4562 distans
1609 4504 1829 4562 Seduuo

253 4577 640 4658 Helvetiorum,
672 4578 813 4649 quod
843 4577 892 4632 ei
926 4577 992 4631 ad
1013 4577 1276 4658 orientem
1299 4574 1467 4658 jacet.

318 4650 345 4689 δ
381 4649 562 4703 Lacus
589 4644 860 4704 Lemanus
885 4663 978 4702 seu
1019 4644 1371 4708 Genevensis,
1423 4645 1636 4699 initium
1666 4644 1832 4700 sumit

257 4719 316 4790 ad
340 4719 598 4790 oppidum
631 4719 892 4790 Neuville,
923 4719 998 4790 it_a
1032 4717 1242 4790 forsan
1264 4725 1472 4769 mutato
1502 4716 1720 4770 nomine
1744 4717 1834 4770 hic

257 4785 474 4856 dictum,
503 4789 537 4844 5
565 4789 731 4848 leucis
767 4789 904 4844 infra
940 4787 999 4842 S.
1032 4785 1360 4856 Mauritium.

323 4871 344 4899 ε
380 4854 596 4926 Bivium
633 4859 737 4915 hoc
766 4860 908 4914 haud
963 4859 1122 4926 longe
1166 4854 1306 4910 ultra
1336 4854 1526 4926 lacum
1563 4856 1832 4926 concipio,

259 4925 644 4986 distinctiorem
701 4929 948 4984 notitiam
1007 4925 1239 4983 libenter
1275 4941 1307 4978 a
1334 4925 1578 4980 locorum
1643 4925 1834 4996 peritis

441 5016 596 5054 ιιηιε.

322 5071 348 5111 ἀ
381 5062 504 5128 Hoc
558 5079 803 5140 tempore
838 5067 1184 5140 “solodorum
1245 5080 1340 5120 seu
1398 5062 1838 5140 Solodurumuest

261 5141 383 5196 urbs
417 5137 805 5202 fmderatorum
835 5139 1220 5200 Helvetiorum,
1250 5151 1482 5202 quorum
1539 5146 1647 5200 tota
1701 5137 1836 5194 ditio

260 5209 378 5264 olim
411 5217 554 5265 inter
580 5209 913 5274 Alamannos
935 5218 990 5264 et
1021 5206 1340 5280 BtLrgundos
1393 5206 1567 5280 divisa
1578 5207 1720 5280 fuit.
1756 5209 1836 5264 sic

263 5289 317 5350 ut
350 5282 543 5335 horum
582 5296 712 5350 pars
739 5281 901 5335 etiam
944 5275 1500 5350 minor'Burgupdia
1539 5278 1830 5350 diceretur.

263 5347 431 5406 Distat
457 5345 638 5406 autem
675 5351 998 5406 Solodurum
1027 5351 1094 5404 ab
1118 5345 1317 5418 oppido
1347 5345 1408 5400 S.
1451 5346 1686 5402 Mauritii
1711 5349 1836 5419 plus

263 5433 414 5488 quam
445 5421 516 5477 40
542 5423 711 5477 leucis
739 5423 793 5492 in
823 5422 1064 5492 boream.

297 5503 355 5572 ..ο
393 5492 700 5562 Traiectum
745 5489 831 5546 ad
865 5489 1071 5546 ﬂosam
1125 5489 1264 5546 infra
1317 5490 1576 5546 Lcodium
1632 5487 1834 5542 intelli-

263 5570 418 5628 gitur.

337 5631 354 5669 ί
392 5631 448 5706 _S.
473 5632 705 5706 Bavonis
736 5633 1118 5692 monasterium
1144 5641 1259 5706 erat
1290 5631 1344 5687 in
1375 5631 1508 5690 urbe
1537 5628 1838 5706 Comensi,

265 5715 369 5772 Quo
397 5699 527 5762 loco
559 5713 801 5758 castrum
833 5719 977 5759 nunc
1011 5712 1095 5758 est
1123 5701 1400 5760 erectum:
1455 5716 1582 5756 nam
1607 5708 1664 5754 et
1695 5699 1836 5755 hanc

1911 1851 1978 1904 ad
2006 1865 2166 1920 quem
2186 1848 2436 1904 celeriter
2467 1849 2703 1919 migrare
2728 1849 3047 1918 dispositum
3077 1849 3296 1906 habent.
3339 1871 3357 1903 ι
3383 1851 3496 1906 Hu-

1899 1938 1993 2007 jus
2024 1939 2175 1994 vocis
2203 1947 2392 1992 auetor
2413 1938 2480 1991 ab
2509 1954 2575 1992 eo
2608 1937 2780 1992 videri
2805 1953 2908 1993 non
2937 1941 3142 2008 potuit;
3171 1956 3276 2010 qua
3315 1950 3497 2002 tamen

1908 2032 2079 2096 tinita,
2111 2029 2408 2100 evigilavit,
2437 2043 2732 2098 somnoque
2769 2030 3001 2094 excitus,
3042 2045 3263 2086 reverso
3304 2033 3372 2086 ad
3403 2033 3496 2087 ba-

1908 2120 2116 2175 silicam
2150 2118 2416 2183 Ratleico,
2449 2117 2576 2187 quid
2618 2119 2839 2173 vidisset
2870 2118 3145 2180 indicavit.
3193 2120 3264 2175 At
3311 2122 3401 2179 ille
3440 2124 3498 2178 in

1908 2211 2228 2273 crastinum,
2261 2209 2353 2264 ubi
2399 2224 2484 2263 me
2521 2209 2756 2280 primum
2795 2210 3088 2265 convenire
3134 2213 3329 2282 potuit,
3361 2215 3495 2284 quid

1909 2303 2010 2358 sibi
2041 2319 2176 2374 puer
2198 2320 2328 2358 suus
2361 2303 2658 2368 retulisset,
2682 2303 2814 2356 mihi
2848 2304 3096 2359 nuntiare
3121 2305 3350 2360 curavit.
3386 2307 3500 2378 Ego

1911 2403 2114 2458 autem,
2152 2394 2278 2447 licet
2307 2394 2531 2464 hujusce
2557 2394 2780 2449 visionis
2814 2409 3075 2448 arcanum
3105 2409 3361 2464 spernere
3387 2412 3497 2452 non

1913 2484 2188 2550 auderem,
2235 2485 2397 2538 statui
2452 2494 2632 2544 tamen
2675 2485 3025 2554 Operiendum
3078 2483 3304 2554 alicujus
3358 2487 3500 2558 signi

1913 2575 2162 2630 certioris
2207 2577 2497 2641 indicium;
2523 2587 2684 2646 atque
2715 2577 2934 2632 interim
2981 2576 3101 2632 illos
3143 2591 3332 2632 sacros
3359 2579 3502 2634 cine-

1915 2684 2023 2733 res,
2061 2670 2127 2724 de
2168 2669 2348 2726 linteis
2391 2671 2446 2725 in
2492 2673 2689 2741 quibus
2723 2671 2876 2742 ligati
2919 2680 3179 2728 venerant
3231 2673 3500 2738 sublatos,

1914 2760 2105 2816 sericis
2132 2776 2196 2816 ac
2238 2762 2391 2817 novis
2445 2762 2681 2832 pulvinis
2729 2766 2946 2820 insuere
2991 2762 3113 2817 feci.
3164 2763 3409 2835 Cumque
3439 2765 3497 2818 in

1913 2865 2104 2905 eorum
2150 2851 2481 2923 inspectione
2514 2851 2771 2922 reliquias
2805 2853 2949 2908 beati
2998 2853 3296 2908 Marcellini
3325 2855 3502 2916 mino-

1916 2943 1994 2997 ris
2023 2945 2342 3014 quantitatis
2368 2961 2531 3014 quam
2556 2945 2729 3000 sancti
2759 2943 2905 3000 Petri
2933 2959 3054 3008 esse
3075 2961 3383 3013 cernerem,
3417 2963 3507 3004 ar-

1919 3033 2151 3090 bitratus
2193 3050 2310 3090 sum
2349 3051 2472 3092 eum
2515 3036 2570 3090 in
2621 3043 2830 3090 statura
2872 3037 3117 3106 corporis
3155 3039 3240 3104 sui
3283 3039 3510 3104 minoris

1923 3124 2090 3179 fuisse
2114 3140 2380 3180 mensurae
2401 3141 2564 3195 quam
2592 3137 2840 3183 sanctum
2867 3127 3108 3182 Petrum.
3142 3127 3250 3184 Sed
3283 3129 3389 3183 hoc
3413 3128 3510 3184 ali-

1924 3222 2010 3269 ter
2034 3231 2094 3270 se
2119 3215 2318 3271 habere
2339 3215 2540 3271 furtum
2568 3225 2754 3288 postea
2783 3217 3112 3290 patefactum
3143 3217 3466 3288 approbavit
3488 3231 3510 3273 :

1923 3305 2066 3374 quod
2098 3306 2208 3370 ubi,
2243 3306 2325 3361 vel
2351 3307 2582 3374 quando,
2611 3306 2748 3370 vela
2775 3323 2905 3376 quo,
2940 3307 3022 3362 vel
3049 3307 3284 3379 qualiter
3307 3308 3512 3366 admis-

1925 3409 2046 3449 sum
2081 3410 2147 3449 ac
2193 3395 2464 3465 proditum
2493 3395 2586 3461 sit,
2618 3411 2718 3454 suo
2756 3397 2876 3452 loco
2903 3397 3146 3462 dicturus
3176 3413 3296 3452 sum
3328 3412 3513 3460 :nunc

1923 3485 2059 3542 ordo
2111 3486 2443 3541 narrationis
2484 3485 2750 3548 inchoatae
2787 3487 3051 3558 texendus
3112 3494 3280 3556 atque
3328 3493 3513 3554 terren-

1927 3575 2026 3629 dus
2063 3583 2166 3628 est.

1999 3666 2087 3730 16.
2118 3665 2283 3737 Igitur
2310 3673 2598 3736 postquam
2620 3665 2768 3724 illum
2797 3679 3052 3735 magnum
3081 3671 3245 3734 atque
3287 3663 3512 3724 mirabi-

1929 3756 2058 3822 lem,
2087 3759 2345 3825 omnique
2365 3772 2500 3811 auro
2523 3757 2926 3826 pretiosiorem,
2945 3755 3154 3826 inspexi
3176 3755 3514 3822 thesaurum,

1930 3848 2158 3911 loculus,
2188 3847 2241 3900 in
2270 3862 2378 3915 quo
2413 3846 2554 3900 idem
2583 3845 2976 3910 continebatur,
3003 3857 3226 3916 propter
3249 3845 3514 3904 vilitatem

1930 3936 2197 4000 materiae,
2227 3936 2296 3990 de
2322 3950 2427 4004 qua
2456 3943 2772 4004 compactus
2796 3944 2936 4002 erat,
2959 3937 3125 4008 cmpit
3147 3937 3278 4006 mihi
3319 3941 3517 4010 Oppido

1930 4027 2238 4098 displicere.
2278 4024 2451 4092 Quem
2499 4023 2788 4082 emendare
2841 4027 3098 4098 cupiens,
3129 4028 3363 4099 quadam
3405 4031 3516 4096 die,

1929 4125 2054 4190 post
2097 4117 2427 4188 completum
2467 4116 2838 4188 vespertinum
2865 4116 3133 4190 cilicium,
3163 4120 3395 4191 praecepi
3421 4121 3518 4186 uni

1931 4293 2224 4356 abbatiam,
2248 4292 2405 4363 eique
2421 4291 2652 4364 vicinam
2679 4291 2736 4348 S.
2756 4293 2902 4350 Petri
2930 4295 2984 4350 in
3007 4305 3190 4354 monte
3214 4295 3520 4364 Blandinio.

1932 4364 2272 4440 Eginhardus
2307 4363 2543 4428 tenebat,
2601 4364 2693 4432 qui
2724 4365 3008 4436 utriusque
3046 4367 3100 4420 in
3134 4366 3248 4422 suis
3274 4363 3519 4440 epistolis

703 4429 1038 4506 Septembris
1067 4457 1081 4490 ;
1115 4429 1202 4491 est
1227 4444 1419 4506 autem,
1445 4433 1594 4490 locus
1619 4434 1828 4506 _Sabau-
1854 4429 1906 4488 D
1931 4429 2199 4506 meminit.

2007 4508 2032 4546 ε
2073 4503 2180 4560 lter
2211 4503 2478 4568 Soloduro
2509 4501 2921 4573 Strasburgum,
2963 4505 3235 4560 civitatem
3265 4507 3332 4559 ad
3371 4507 3516 4562 Rhea

1932 4591 2062 4630 num
2088 4574 2284 4645 sitam,
2311 4573 2716 4645 atqueAlsati-J:
2737 4574 3100 4645 metropolim,
3125 4584 3378 4640 censetur
3396 4592 3520 4636 esse

1932 4646 2208 4700 leucarum
2240 4644 2460 4699 circiter
2479 4643 2569 4696 50.

2005 4717 2034 4756 h
2091 4713 2318 4769 Videtur
2373 4713 2462 4768 hic
2509 4720 2699 4783 portus
2748 4713 3104 4768 inveniendus
3155 4713 3316 4782 paulo
3379 4714 3521 4771 infra

1935 4785 2165 4842 Necltari
2197 4794 2252 4842 et
2281 4785 2456 4845 Rheni
2490 4782 2847 4850 conﬂuentes,
2893 4784 2946 4838 id
2971 4793 3077 4848 est,
3110 4783 3248 4838 infra
3296 4784 3518 4842 Manhe—

1937 4857 2130 4918 mium,
2156 4857 2296 4913 unde
2319 4857 2352 4909 8
2378 4854 2597 4909 circiter
2618 4854 2787 4910 leucis
2810 4856 2978 4910 distat
2994 4895 3009 4918 ,
3040 4855 3130 4924 qui
3171 4855 3418 4924 signatur
3442 4857 3519 4911 lo-

1930 4942 2048 4981 cus.
2101 4924 2408 4995 Mansiones
2440 4935 2618 4979 autem
2653 4925 2740 4979 hic
2765 4926 3039 4990 dicuntur,
3079 4941 3197 4995 quae
3223 4924 3522 4995 Germanis

1929 4995 2083 5059 Rau,
2125 4994 2240 5065 loca
2297 4995 2515 5064 quietis,
2549 5006 2605 5049 et
2655 4996 2974 5065 sesquihora
3019 4994 3134 5050 fere
3185 4994 3265 5065 ab
3287 4995 3520 5054 invicem

1929 5067 2154 5132 distant,
2180 5063 2698 5137 adcommoditatem
2712 5063 2878 5137 onera
2895 5067 3226 5137 portantium
3254 5063 3519 5121 instructa

1931 5134 2313 5205 reclinatoriis,
2338 5135 2372 5187 ι
2400 5134 2512 5192 fere
2540 5136 2707 5205 pedes
2727 5134 2953 5192 elevatis
2976 5151 3008 5190 a
3038 5145 3202 5189 terra.

2008 5209 2024 5247 i
2063 5199 2518 5270 Michelstadium,
2540 5199 2642 5261 seu
2678 5205 2991 5263 Michelstad
3017 5205 3073 5260 in
3123 5204 3385 5261 comitatu
3415 5205 3534 5274 ho-_

1939 5277 2130 5333 diemo
2157 5275 2508 5345 Erpaehensi.

2014 5358 2030 5398 ι
2077 5343 2247 5406 Hodie
2282 5343 2597 5404 υιεωιυαιά.

2015 5418 2041 5457 ι
2080 5417 2311 5486 Emenso
2332 5411 2553 5486 circiter
2577 5415 2678 5469 l20
2709 5412 2983 5486 leucarum
3008 5413 3220 5486 itinere,
3255 5429 3522 5485 quantum

1940 5487 2253 5557 Gandavum
2281 5483 2396 5557 (ubi
2420 5497 2547 5557 tunc
2571 5494 2688 5539 erat
2708 5479 3078 5557 _Egiuhardtts)
3101 5479 3522 5557 distat-Mm

1941 5558 2142 5612 stadio:
2169 5553 2305 5610 adeo
2327 5563 2404 5616 ut,
2430 5553 2482 5608 si
2499 5569 2684 5608 mense
2697 5553 2914 5608 Octobri
2947 5555 3106 5608 illatae
3135 5553 3259 5610 illuc
3282 5553 3520 5620 reliquire
3544 5606 3549 5612 .

1939 5635 2088 5690 sunt,
2113 5626 2452 5698 credipossit
2469 5624 2746 5698 liatleicus
2768 5625 2880 5698 _huc
2905 5625 3172 5698 appulisse
3203 5642 3386 5686 mense
3397 5624 3520 5688 Ἡυο

1943 5697 2172 5765 vcmbri,
2201 5694 2296 5753 vel
2315 5695 2482 5752 etiam
2499 5694 2802 5752 Decembri.
