3988 6178
435 300 541 372 ω

1715 308 2093 374 EGINIIARDI
2131 317 2426 375 ABBATIS

2426 184 2587 205 “at.

3595 327 3725 385 558

431 441 505 488 ea
526 432 759 495 audituis,
788 445 850 484 ιι,
870 441 1179 484 mensuram
1208 427 1369 484 loculi
1394 428 1543 499 virga
1569 427 1850 485 collectam
1881 431 2014 485 mihi
2042 434 2095 493 Α
2118 438 2428 486 sanctorum
2457 437 2761 503 martyrum
2786 427 3103 500 suffragium
3131 423 3535 512 implorassent,
3552 446 3727 509 atque

436 523 676 580 afferret.
701 521 835 577 Cum
874 520 966 575 ille
999 520 1102 575 hoc
1139 519 1383 576 facturus
1416 535 1637 576 cereum
1677 523 2020 589 accenderet,

436 622 496 670 et
520 610 1020 681 circumpendentia
1043 611 1226 680 pallia,
1252 612 1450 682 quibus
1477 613 1621 667 idem
1646 612 1852 670 loculus
1877 623 2025 684 tege-

437 705 624 771 batur,
651 702 984 768 sublevaret,
1014 703 1400 759 animadvertit
1441 704 1678 761 loculum
1721 707 1919 761 mirum
1968 708 2023 762 in

435 795 652 850 modum
667 793 896 848 humore
907 794 1202 866 sanguineo
1217 794 1456 865 undique
1467 794 1812 852 distillantem
1831 813 1847 862 ;
1874 805 1928 852 et
1947 798 2024 853 rei

434 886 678 941 novitate
704 884 1051 954 perterritus,
1081 884 1187 939 hoc
1216 885 1361 954 quod
1384 884 1593 939 viderat
1620 900 1851 955 propere
1890 881 2024 941 mihi

436 975 691 1031 nuntiare
707 974 941 1029 curavit.
972 972 1112 1028 Tum
1149 988 1273 1044 ego,
1303 989 1428 1029 cum
1448 975 1534 1030 bis
1555 976 1648 1045 qui
1669 975 1898 1031 aderant
1931 990 2022 1032 sa-

435 1066 751 1123 cerdotibus
776 1058 1006 1131 accessi,
1029 1074 1086 1120 et
1121 1066 1251 1121 illud
1293 1066 1620 1137 stupendum
1668 1075 1833 1137 atque
1876 1067 2025 1122 omni

438 1156 798 1212 admiratione
825 1156 1047 1226 dignum
1072 1156 1397 1212 miraculum
1426 1157 1633 1229 aspexi.
1674 1156 1809 1212 Nam
1850 1167 1910 1213 ut
1938 1174 2028 1213 co-

433 1248 632 1304 lumnae
659 1255 825 1319 atque
855 1249 1011 1303 abaci
1038 1247 1124 1303 vel
1153 1249 1309 1323 signa
1350 1262 1680 1315 marmorea,
1719 1249 1900 1320 pluvia
1943 1250 2026 1305 in.

432 1350 633 1406 Stante,
654 1340 855 1396 sudare
870 1355 933 1396 ac
943 1341 1323 1398 circumﬂuere
1346 1341 1540 1409 solent,
1579 1343 1658 1399 sic
1681 1342 1889 1398 loculus
1913 1341 2021 1406 ille,

437 1434 533 1503 qui
585 1433 957 1490 sacratissima
1020 1448 1247 1503 corpora
1288 1435 1618 1498 continebat,
1659 1449 1789 1490 vero
1832 1447 2025 1489 cruore

436 1523 682 1589 madens,
710 1530 767 1577 et
813 1538 879 1579 ex
924 1523 1070 1579 omni
1116 1532 1275 1594 parte
1320 1523 1572 1594 perfusus
1620 1525 1871 1579 inventus
1917 1533 2020 1579 est.

432 1610 654 1668 Terruit
682 1630 782 1669 nos
811 1614 1031 1669 insolita
1053 1623 1111 1670 et
1144 1630 1421 1685 nunquam
1455 1615 1607 1687 prius
1635 1615 1819 1670 audita
1859 1616 2026 1671 mira-

412 1702 546 1757 culi
588 1703 817 1773 species.
847 1702 1213 1775 Quapropter,
1242 1704 1378 1760 inito
1423 1704 1674 1770 consilio,
1714 1706 2021 1760 triduanum

2122 534 2313 576 omnes
2338 522 2429 590 qui
2454 536 2559 575 una
2592 520 2875 577 nobiscum
2896 526 3074 585 erant,
3087 530 3150 576 ut
3173 519 3317 578 idem
3343 523 3606 594 facerent,
3625 543 3727 585 so-

2121 609 2248 665 dulo
2268 611 2743 676 commonuissem,
2756 610 2960 665 factum
2974 620 3060 665 est
3075 620 3136 666 ut
3155 626 3253 682 per
3270 615 3562 673 continuos
3580 617 3720 691 [κδ.

2120 697 2248 751 add.
2264 697 2569 771 duodecim]
2597 699 2714 755 dies
2734 698 2881 755 nulla
2915 715 3021 755 nox
3063 703 3391 771 praeteriret,
3416 705 3471 761 in
3490 723 3601 777 qua
3631 711 3728 768 vel

2123 788 2216 841 uni
2239 788 2324 843 vel
2339 789 2568 863 duobus,
2591 789 2676 844 vel
2693 791 2859 867 etiam
2888 790 3063 846 tribus
3087 792 3359 848 sociorum
3380 806 3723 867 nostrorum,

2122 874 2178 928 in
2203 868 2409 931 sdmnis
2439 856 2736 932 revelatum
2758 856 2867 931 non
2889 877 3101 945 fuisset,
3124 881 3268 949 quod
3289 881 3378 936 illa
3401 856 3727 945 sanctorum

2122 980 2353 1035 corpora
2385 968 2451 1023 de
2480 980 2545 1022 eo
2571 968 2689 1023 loco
2712 969 2768 1023 in
2795 969 2964 1024 alium
2992 981 3180 1025 essent
3206 974 3604 1035 transferenda.
3634 982 3730 1039 Ad

2121 1065 2427 1111 extremum
2456 1066 2638 1113 autem
2663 1059 2877 1114 cuidam
2903 1060 3222 1132 presbytero
3262 1064 3328 1119 de
3376 1066 3465 1122 his
3504 1070 3599 1140 qui
3643 1071 3728 1128 ibi

2124 1145 2409 1202 nobiscum
2432 1156 2613 1215 erant,
2641 1150 2861 1204 nomine
2883 1149 3169 1218 Hildfrido,
3195 1158 3446 1224 apparuit
3474 1159 3529 1214 in
3551 1162 3726 1219 visio-

2123 1251 2212 1302 ne,
2235 1244 2297 1292 ut
2317 1238 2433 1307 ipse
2462 1238 2757 1306 fatebatur,
2778 1240 2864 1294 vir
2894 1242 3117 1311 quidam
3147 1245 3338 1300 habitu
3368 1251 3725 1321 sacerdotali,

2123 1326 2324 1382 canitie
2340 1326 2647 1382 veneranda
2669 1329 3013 1398 conspicuus,
3031 1333 3264 1388 candida
3289 1346 3443 1393 veste
3468 1339 3725 1409 indutus,

2123 1416 2218 1485 qui
2252 1430 2379 1471 eum
2430 1416 2627 1472 talibus
2655 1418 2837 1474 verbis
2871 1420 3219 1491 compellavit
3252 1442 3266 1479 :
3305 1443 3324 1476 ι
3359 1425 3490 1495 Cur,
3515 1430 3723 1501 inquit,

2123 1506 2464 1575 Eginbardus
2488 1516 2598 1563 tam
2630 1508 2748 1564 duri
2788 1512 2969 1568 cordis
3022 1521 3297 1586 tantteque
3332 1506 3725 1581 obstinationis

2124 1607 2228 1663 est,
2255 1606 2318 1654 ut
2336 1607 2416 1654 tot
2434 1601 2856 1657 revelationilzus
2884 1618 2992 1658 non
3036 1607 3242 1672 credat,
3270 1622 3335 1664 ac
3362 1619 3443 1666 tot
3474 1617 3680 1670 monita
3702 1659 3719 1681 ,

2127 1688 2196 1743 ad
2217 1702 2278 1743 se
2299 1687 2560 1744 divinitus
2596 1691 2782 1756 missa,
2812 1692 3110 1749 arbitretur
3133 1711 3254 1752 esse
3285 1706 3723 1762 contemnenda?

431 1770 691 1860 jejunium
726 1808 848 1848 cum
878 1770 1385 1865 supplicationibus
1424 1793 1605 1852 facere
1656 1797 2019 1865 decrevimus,

2126 1783 2275 1838 Vade
2300 1790 2357 1839 et
2388 1784 2475 1840 dic
2520 1786 2594 1850 ei,
2639 1786 2765 1856 quia
2796 1788 2921 1855 hoc,
2954 1791 3099 1860 quod
3146 1793 3291 1849 beati
3336 1788 3615 1870 martyres
3657 1803 3725 1858 de

434 1891 497 1937 ut
528 1896 596 1937 ex
624 1882 956 1939 revelatione
988 1887 1169 1940 divina
1200 1886 1344 1941 scire
1375 1901 1731 1954 mereremur,
1764 1884 1893 1958 quid
1919 1890 2023 1945 sibi

433 1975 620 2042 vellet,
649 1978 846 2046 quidve
872 1977 1178 2034 faciendum
1209 1988 1453 2036 moueret
1501 1997 1755 2053 magnum
1793 1982 1922 2038 illud
1969 1992 2045 2049 et

434 2067 707 2124 ineffabile
727 2070 1051 2142 prodigium.
1084 2072 1272 2143 Itaque
1300 2081 1521 2154 peracto
1548 2073 1638 2128 illo
1666 2076 1917 2131 triduano
1939 2076 2025 2146 je-

425 2157 601 2228 junio,
633 2173 757 2214 cum
779 2160 892 2231 jam
924 2162 1417 2232 advesperasceret,
1443 2165 1640 2219 humor
1685 2165 1773 2220 ille
1810 2168 2022 2222 cruoris

430 2251 687 2308 horrendi
705 2253 885 2309 subito
904 2255 1361 2326 cmpitarescere;
1394 2272 1460 2313 ac
1483 2256 1679 2312 mirum
1701 2258 1755 2312 in
1780 2259 2020 2324 modum,

428 2343 527 2414 qui
546 2357 645 2414 per
672 2345 962 2401 continuos
989 2355 1194 2417 septem
1226 2347 1342 2402 dies
1377 2363 1530 2403 more
1574 2350 1829 2418 perennis
1869 2365 2022 2419 aqua:

431 2434 551 2489 sine
580 2434 984 2492 intermissione
1013 2437 1335 2502 distilla!:at,
1364 2439 1445 2494 sic
1483 2439 1626 2494 intra
1667 2442 2022 2511 paucissimas

430 2521 596 2578 horas
615 2525 924 2580 exsiccatus
954 2534 1055 2591 est,
1076 2518 1140 2581 ut
1168 2542 1234 2583 eo
1265 2528 1441 2583 noctis
1470 2537 1712 2599 tempore
1740 2527 1887 2600 (nam
1918 2528 2022 2584 Do-

434 2613 633 2668 minica
659 2613 800 2688 erat)
831 2630 941 2686 quo
969 2617 1123 2687 signo
1146 2617 1270 2673 dato
1301 2618 1369 2672 ad
1390 2618 1769 2674 antelucanum
1788 2618 2021 2674 ollicium

431 2700 817 2758 celebrandum
851 2703 1138 2760 ecclesiam
1180 2707 1519 2773 intravimus,
1571 2708 1779 2762 nullum
1810 2707 1926 2776 jam
1966 2708 2021 2762 in

431 2789 612 2847 loculo
632 2792 918 2863 vestigium
944 2793 1090 2851 illius
1121 2804 1307 2866 posszt
1332 2798 1582 2852 inveniri.
1631 2796 1822 2852 Lintea
1866 2813 2016 2862 vero,

428 2895 552 2952 qua:
576 2881 723 2936 circa
750 2881 986 2938 loculum
1003 2885 1574 2961 pendebant,ut[Mr.,
1598 2887 1673 2961 et]
1691 2888 1880 2943 eodem
1904 2889 2021 2943 fue-

431 2983 562 3029 runt
580 2975 808 3032 humore
825 2992 1097 3049 respersa,
1116 2979 1191 3034 ita
1211 2988 1273 3035 ut
1291 2992 1447 3036 erant
1467 2982 1778 3053 sanguineis
1792 2982 2020 3038 maculis

430 3064 654 3134 infecta,
675 3082 895 3125 servare
906 3070 1075 3142 jussi:
1102 3073 1155 3127 in
1176 3074 1369 3143 quibus
1393 3073 1570 3130 adhuc
1596 3090 1851 3147 magnum
1874 3076 2018 3133 illius

431 3155 657 3213 inauditi
677 3160 913 3228 portenti
940 3168 1098 3230 paret
1132 3161 1411 3218 indicium.
1459 3163 1685 3220 Constat
1733 3168 1876 3222 enim
1919 3168 2020 3223 bu-

431 3258 639 3301 morem
663 3247 814 3329 illum
844 3251 1053 3318 saporis
1081 3249 1250 3308 fuisse
1273 3254 1524 3322 subsalsi,
1550 3257 1618 3312 ad
1655 3257 2019 3329 lacrymarum

429 3335 684 3391 videlicet
735 3324 1070 3408 qualitatem,
1103 3351 1159 3397 et
1207 3345 1529 3402 tenuitatem
1576 3324 1797 3419 quidem
1841 3367 2018 3422 aquae,

429 3421 668 3479 colorem
691 3435 874 3482 autem
905 3430 1019 3484 veri
1048 3432 1327 3503 sanguinis
1349 3435 1626 3493 habuisse.

500 3514 591 3570 17.
616 3516 816 3573 Eadem
841 3529 1003 3576 nocte
1024 3523 1241 3579 cuidam
1261 3539 1329 3580 ex
1353 3529 1537 3597 pueris
1559 3531 1783 3597 nostris,
1802 3536 2022 3593 nomine

433 3605 773 3675 Ruodlando,
804 3602 1168 3681 per'quietem
1198 3615 1305 3671 duo
1328 3616 1560 3687 juvenes
1606 3621 1706 3677 visi
1754 3634 1897 3680 sunt
1927 3628 2023 3682 ad-

432 3698 661 3767 stitisse,
689 3702 781 3771 qui
807 3702 880 3769 ei,
917 3711 979 3758 ut
1003 3704 1119 3775 ipse
1147 3715 1374 3765 testatus
1400 3720 1506 3777 est,
1537 3711 1603 3767 de
1631 3714 2020 3774 transferendis

433 3798 751 3847 sanctorum
772 3796 1093 3864 corporibus
1116 3798 1286 3864 multa
1314 3799 1445 3855 mihi
1470 3802 1696 3859 dicenda
1730 3808 2021 3863 mandave-

430 3887 591 3947 runt;
615 3889 673 3935 et
694 3880 762 3936 ad
781 3898 941 3953 quem
964 3883 1166 3951 locum,
1184 3889 1268 3943 vel
1298 3890 1531 3959 qualiter
1550 3891 1602 3946 id
1633 3892 1750 3949 ﬁeri
1778 3895 2014 3963 deberet,

416 3972 786 4028 'o'steuderunt
815 3990 829 4028 :
862 3984 919 4030 et
947 3985 1005 4031 ut
1033 3977 1136 4032 hoc
1159 3979 1292 4035 mihi
1319 3981 1435 4035 sine
1473 3997 1625 4036 mora
1665 3984 1855 4041 fuisset
1883 3980 2021 4043 nun;

430 4062 650 4129 tiatum,
684 4065 1002 4121 terribiliter
1049 4068 1430 4125 comminando
1474 4085 1865 4144 praeceperunt.
1916 4076 2018 4144 Qui

431 4165 559 4206 mox
604 4160 668 4205 ut
721 4166 811 4209 me
848 4155 1000 4210 adire
1042 4157 1239 4225 potuit,
1265 4160 1446 4213 omnia
1477 4174 1598 4229 qua:
1619 4162 1804 4233 jussus
1844 4164 2018 4221 fuerat

429 4237 565 4292 mihi
590 4238 843 4295 intimare
865 4244 1096 4296 curavit.
1121 4243 1329 4311 Quibus
1349 4248 1564 4313 auditis,
1594 4252 1742 4306 curis
1788 4253 2019 4323 ingenti-

432 4326 536 4381 bus
563 4335 819 4395 aestuare,
849 4336 903 4384 et
931 4331 1061 4401 quid
1082 4333 1214 4389 mihi
1237 4345 1383 4392 esset
1406 4342 1672 4413 agendum
1698 4341 1879 4400 animo
1909 4353 2019 4402 tra-

428 4424 583 4473 ctare
603 4419 744 4490 ccepi
769 4439 782 4475 :
810 4422 990 4478 utrum
1019 4424 1217 4481 iterum
1253 4425 1462 4498 jcjunia
1499 4440 1554 4487 et
1594 4436 2095 4532 supplicationesD

431 4508 760 4532 --._.._-_a_
828 4529 878 4532 μ
918 4517 961 4532 -κ
1805 4529 1816 4532 α
1890 4531 1897 4532 ί

426 4508 788 4580 celebranda,
819 4529 887 4570 ac
918 4517 1065 4574 Deus
1094 4533 1283 4576 rursus
1311 4536 1412 4591 pro
1463 4534 1651 4582 nostra
1703 4529 2017 4588 curiositate

427 4598 829 4670 sollicitandus;
862 4620 928 4660 an
955 4607 1173 4678 aliquis,
1199 4611 1309 4666 Deo
1332 4612 1525 4669 devote
1547 4630 1612 4670 ac
1634 4616 1874 4687 perfecte
1902 4636 2015 4676 ser-

429 4692 601 4758 viens,
626 4705 774 4751 esset
792 4701 1135 4768 quaerendus,
1158 4704 1244 4758 cui
1273 4706 1603 4763 anxietatem
1630 4712 1810 4767 cordis
1842 4716 2013 4770 nostri

423 4792 481 4838 et
501 4800 760 4843 curarum
783 4798 1090 4845 nostrarum
1117 4796 1489 4867 querimonias
1526 4797 1796 4868 iudicare,
1828 4819 2015 4873 quem-

424 4888 535 4945 que
562 4889 757 4947 rogare
790 4882 1175 4951 potuissemus,
1205 4894 1266 4941 ut
1295 4889 1633 4946 orationibus
1662 4893 1775 4950 suis
1827 4912 1860 4952 a
1901 4896 2013 4955 Deo

429 4968 590 5024 nobis
610 4968 774 5041 hujus
794 4972 871 5027 rei
894 4974 1385 5039 manifestationem
1412 4982 1766 5053 impetraret?
1791 4988 1900 5046 Sed
1922 4993 2015 5048 ubi

429 5061 516 5158 vel
544 5066 766 5133 quando
795 5066 885 5123 ille
910 5069 1034 5124 talis
1055 5070 1258 5130 Christi
1284 5074 1519 5135 famulus
1545 5094 1577 5135 a
1624 5084 1782 5141 nobis
1831 5098 2016 5158 posset

425 5149 681 5221 inveniri,
707 5158 1008 5228 praesertim
1038 5161 1091 5216 iu
1132 5162 1222 5219 illa
1248 5168 1499 5237 regione,
1532 5170 1588 5226 in
1638 5190 1744 5246 qua
1797 5149 2013 5235 tametsi

424 5243 670 5332 qua-dam
701 5250 948 5305 cmnobia
974 5252 1045 5307 ab
1070 5266 1136 5308 eo
1180 5254 1318 5321 loco,
1361 5257 1414 5313 in
1458 5275 1565 5332 quo
1607 5243 1844 5332 eramus,
1870 5270 2017 5327 haud

420 5331 585 5426 longe
605 5339 778 5426 posita
805 5356 927 5398 esse
948 5345 1249 5412 constabat,
1266 5356 1484 5426 tamen,
1504 5364 1729 5426 propter
1749 5360 1938 5416 rudem
1962 5364 2016 5418 in

429 5419 516 5478 his
539 5423 674 5483 locis
699 5429 818 5500 ejus
838 5424 1269 5496 conversationis
1301 5419 1721 5514 institutionem,
1746 5459 1842 5506 aut
1861 5466 2019 5510 rarus

414 5521 524 5568 aut
762 5532 900 5591 erat,
928 5526 996 5582 de
1021 5529 1178 5601 cujus
1220 5536 1512 5592 sanctitate
1552 5537 1659 5595 tale
1699 5538 1902 5612 aliquid
1934 5545 2016 5600 vel

428 5607 610 5663 temnis
621 5606 762 5666 fama
778 5612 1107 5697 loqueretur.
1124 5622 1333 5680 Interea
1346 5628 1475 5681 dum
1496 5627 1584 5685 bis
1601 5606 1856 5687 anxiatus
1864 5637 2014 5690 curis

501 5734 527 5761 ι
560 5720 825 5791 Osthcim,

2126 1871 2242 1927 suis
2260 1873 2579 1943 corporibus
2604 1875 2721 1930 fieri
2750 1878 3090 1947 desiderant,
3123 1882 3384 1942 infectum
3430 1906 3725 1950 remanere

2124 1978 2233 2018 non
2258 1965 2474 2034 poterit.
2497 1965 2755 2033 Quamvis
2774 1968 2863 2025 ille
2884 1971 3147 2030 hactenus
3170 1976 3505 2036 voluntatem
3524 1998 3726 2040 eorum

2127 2054 2182 2109 in
2215 2055 2317 2110 hac
2347 2062 2408 2111 re
2435 2056 2619 2114 facere
2645 2059 2969 2131 distulisset,
3000 2065 3165 2122 etiam
3193 2085 3356 2138 nunc,
3381 2072 3426 2127 si
3452 2090 3563 2130 non
3594 2077 3730 2133 velit

2126 2150 2185 2198 ut
2216 2144 2377 2216 hujus
2406 2144 2533 2202 facti
2563 2149 2818 2206 meritum
2866 2154 2931 2207 ad
2979 2155 3143 2210 alium
3192 2167 3457 2230 transeat,
3497 2162 3730 2222 festinet

2122 2248 2312 2288 eorum
2336 2234 2634 2306 adimplere
2652 2237 2986 2308 jussionem;
3019 2251 3074 2297 et
3101 2245 3169 2300 ad
3197 2245 3397 2315 locum,
3422 2266 3589 2322 quem
3617 2254 3727 2326 ipsi

2122 2322 2429 2394 elegerunt,
2460 2340 2688 2398 corpora
2709 2328 2925 2386 illorum
2947 2334 3234 2404 deportare
3255 2354 3363 2395 non
3393 2322 3663 2416 negligat:
3703 2368 3722 2400 ι

2196 2416 2282 2471 18.
2306 2415 2435 2473 Post
2456 2418 2555 2475 bas
2582 2420 2823 2493 aliasque
2849 2425 3197 2484 multimodas
3240 2431 3311 2485 ad
3351 2447 3439 2488 me
3480 2415 3729 2505 perlatas

2122 2505 2539 2576 admonitiones,
2553 2510 2729 2566 visum
2749 2522 2834 2568 est
2850 2515 2981 2569 mihi
3002 2514 3147 2571 illam
3169 2534 3449 2577 sacrorum
3468 2525 3727 2583 cinerum

2124 2598 2531 2655 translationem
2554 2618 2660 2657 non
2686 2618 2808 2659 esse
2833 2605 3038 2662 diutius
3061 2607 3443 2679 dill‘ercudam;
3494 2631 3563 2672 ac
3589 2635 3729 2689 pru-

2122 2691 2269 2758 inde,
2301 2692 2437 2749 inito
2464 2694 2715 2761 concilio,
2740 2697 3082 2756 decrevimus
3130 2709 3191 2757 ut
3218 2704 3270 2758 id
3290 2745 3306 2769 ,
3334 2715 3539 2776 quanto
3577 2712 3731 2766 cele-

2123 2781 2235 2836 rius
2257 2781 2680 2854 lieripdtuisset,
2705 2788 2969 2857 perlicere
2992 2801 3347 2851 certaremus.
3396 2797 3568 2868 igitur
3607 2817 3732 2856 om-

2120 2872 2299 2937 nibus,
2335 2890 2455 2943 quae
2481 2876 2550 2931 ad
2576 2876 2717 2932 hanc
2738 2879 3106 2938 devectionem
3129 2887 3437 2943 necessaria
3458 2890 3729 2948 videban-

2122 2972 2232 3031 tur,
2262 2967 2458 3036 raptim
2496 2975 2552 3023 et
2577 2984 2700 3024 cum
2728 2987 2940 3029 summo
2969 2975 3147 3032 studio
3169 2982 3512 3049 praeparatis,
3539 2985 3727 3054 prima

2123 3053 2263 3121 luce,
2291 3065 2417 3126 post
2462 3059 2790 3129 completum
2840 3065 3160 3120 matutinum
3184 3065 3447 3135 cilicium,
3498 3053 3729 3131 sacrum

2124 3143 2275 3200 illum
2297 3155 2352 3201 et
2369 3146 2798 3208 intestimabilem
2827 3155 3160 3224 thesaurum,
3179 3176 3305 3215 cum
3337 3163 3538 3233 ingenti
3570 3166 3728 3223 luctu

2124 3250 2188 3291 ac
2217 3251 2456 3293 maerore
2478 3239 2694 3296 illorum
2719 3245 2811 3313 qui
2834 3245 2888 3299 in
2917 3246 3036 3302 loco
3064 3258 3223 3304 erant
3245 3254 3727 3321 remansuri,sus-

2126 3325 2368 3389 tulimus,
2414 3337 2581 3398 atque
2605 3331 2710 3386 iter
2739 3334 2967 3404 ingressi
2996 3346 3214 3408 portare
3239 3341 3525 3412 coepimus,
3546 3348 3730 3402 comi-

2123 3423 2272 3471 tante
2299 3432 2396 3472 nos
2425 3432 2722 3489 pauperum
2752 3424 2907 3479 turba
2928 3467 2942 3491 ,
2983 3442 3103 3496 quae
3135 3428 3227 3485 illo
3259 3445 3357 3499 per
3382 3447 3479 3489 eos
3510 3432 3626 3492 dies
3650 3440 3728 3495 ob

2121 3505 2519 3581 eleemosynam
2549 3514 2916 3592 accipiendam
2947 3520 3303 3592 undecunque
3323 3524 3677 3584 conﬂuxerat
3708 3550 3722 3585 :

2123 3608 2248 3649 nam
2268 3596 2413 3653 circa
2441 3590 2725 3658 manentes
2745 3606 2950 3676 populi,
2974 3607 3102 3678 quid
3131 3590 3273 3681 apud
3305 3630 3406 3670 nos
3436 3629 3723 3688 ageretur,

2121 3687 2336 3754 penitus
2363 3688 2704 3757 ignorabant.
2741 3693 2873 3749 Erat
2910 3697 3105 3753 cmlum
3139 3716 3304 3771 grave
3344 3705 3577 3763 sordidis
3614 3726 3726 3765 nu-

2123 3776 2298 3843 bibus,
2322 3786 2379 3833 et
2401 3792 2522 3850 qua:
2543 3782 2599 3835 in
2635 3783 2909 3855 ingentem
2942 3787 3181 3857 pluviam
3208 3792 3316 3848 cito
3344 3797 3544 3853 resolvi
3583 3814 3723 3875 pns-

2122 3876 2262 3934 sent,
2290 3870 2394 3925 nisi
2423 3871 2478 3927 id
2515 3873 2697 3929 divina
2727 3877 2901 3934 virtus
2927 3880 3042 3937 ﬁeri
3067 3884 3381 3954 prohiberet
3404 3908 3418 3943 ε
3444 3906 3571 3945 nam
3586 3870 3722 3949 ὐιιει

2122 3968 2281 4015 nocte
2320 3961 2410 4018 illa
2438 3964 2492 4018 in
2532 3974 2764 4033 tantum,
2793 3970 2911 4051 sine
2936 3972 3360 4046 intermissione,
3386 3980 3628 4051 pluebat,
3666 3996 3724 4041 ut

2122 4052 2276 4107 nobis
2304 4053 2408 4108 iter
2439 4054 2572 4111 illud
2601 4073 2664 4112 ea
2689 4050 2799 4115 die
2822 4062 3067 4119 inchoari
3110 4084 3270 4139 posse
3315 4050 3538 4129 minime
3565 4076 3721 4131 vide-

2123 4148 2288 4195 retur.
2313 4140 2420 4198 Sed
2442 4144 2587 4200 illam
2607 4158 2849 4206 nostram
2870 4154 3284 4227 dubitationem,
3303 4176 3370 4217 ex
3398 4163 3721 4222 inﬁrmitate

2121 4229 2244 4285 fidei
2272 4234 2603 4304 venientem,
2626 4253 2871 4329 superna‘
2883 4246 3055 4315 gratia
3092 4262 3195 4317 per
3234 4265 3461 4308 suorum
3513 4258 3717 4312 merita

2120 4332 2455 4396 sanctorum,
2481 4331 2637 4404 longe
2663 4335 2822 4391 aliter
2843 4346 3008 4409 atque
3033 4343 3486 4415 existimavimus,
3509 4349 3719 4407 habere

2121 4433 2181 4473 se
2227 4417 2394 4487 fecit;
2434 4425 2652 4492 quando
2693 4427 2859 4494 viam,
2904 4445 3004 4501 per
3049 4448 3215 4503 quam
3276 4436 3624 4505 incessimus,
3660 4442 3717 4496 in

2122 4512 2284 4568 aliam
2331 4529 2495 4584 quam
2532 4520 2853 4588 sperabatur
2894 4524 3212 4595 qualitatem
3257 4528 3492 4585 vidimus
3544 4529 3731 4619 fuisse.

2122 4614 2514 4679 commutatam
2536 4626 2549 4663 :
2575 4626 2701 4666 nam
2719 4621 2774 4668 et
2793 4612 2891 4669 luti
2913 4630 3107 4685 parum
3131 4618 3456 4687 invenimus,
3471 4630 3528 4676 et
3542 4623 3714 4688 rivos,

2121 4698 2212 4768 qui
2247 4697 2300 4752 in
2327 4706 2437 4754 tam
2459 4702 2648 4771 grandi
2674 4719 2740 4759 ac
2759 4706 2876 4776 jugi
2896 4707 3100 4777 pluvia,
3129 4717 3192 4764 ut
3239 4725 3302 4765 ea
3359 4721 3521 4768 nocte
3570 4723 3711 4779 erat,

2120 4801 2369 4842 crescere
2411 4792 2657 4849 solebant
2680 4835 2695 4859 ,
2738 4810 2877 4865 pene
2916 4797 3050 4852 nihil
3099 4802 3340 4858 crevisse
3384 4804 3712 4874 reperimus.

2123 4875 2225 4931 Ubi
2266 4892 2397 4933 vero
2425 4881 2489 4936 de
2514 4881 2656 4937 saltu
2693 4886 2928 4956 egressi,
2955 4890 3232 4959 proximas
3273 4892 3430 4950 villas
3476 4888 3719 4952 accessi-

2118 4978 2257 5027 mus,
2279 4965 2654 5038 frequentibus
2680 4966 2971 5030 obviorurn
2992 4993 3057 5033 ac
3080 4979 3191 5034 Deo
3210 4980 3395 5038 laudes
3414 4983 3719 5043 dicentium

2121 5055 2293 5111 turbis
2314 5059 2616 5129 excipimur
2643 5080 2659 5116 :
2682 5064 2776 5133 qui
2820 5070 2921 5122 nos
2966 5082 3067 5136 per
3107 5081 3232 5126 octo
3276 5072 3392 5129 fere
3431 5075 3710 5130 leucarutn

2122 5148 2357 5217 spatium
2376 5152 2639 5217 comitati,
2662 5157 2820 5212 nobis
2848 5174 2914 5214 ac
2937 5163 3138 5218 nostris
3162 5171 3217 5217 et
3247 5165 3303 5220 in
3343 5181 3501 5222 sacro
3544 5182 3709 5223 onere

2123 5236 2346 5295 ferendo
2369 5241 2547 5298 devoti
2568 5244 2865 5315 adjutores,
2900 5260 2955 5306 et
2989 5251 3042 5308 in
3091 5254 3290 5312 divinis
3332 5255 3589 5314 laudibus
3626 5259 3711 5313 di-

2123 5330 2310 5386 cendis
2338 5331 2553 5404 impigri
2575 5335 2726 5392 fuere
2748 5351 3126 5414 concentores.

2194 5461 2282 5516 19.
2309 5461 2383 5516 At
2408 5463 2500 5520 ubi
2525 5465 2778 5534 vidimus,
2794 5472 2944 5542 quod
2970 5490 3037 5532 ea
3064 5476 3153 5535 die
3180 5477 3248 5533 ad
3273 5479 3451 5536 locum
3470 5481 3710 5541 destina-

2122 5558 2235 5605 tum
2266 5554 2552 5623 pervenire
2579 5572 2684 5613 non
2713 5570 3050 5630 poteramus,
3082 5569 3405 5627 divertimus
3435 5573 3505 5628 ad
3527 5571 3705 5628 villam

2120 5654 2143 5682 ι
2185 5642 2428 5699 Ostheim
2481 5648 2836 5721 appellatam,
2881 5658 3003 5726 quae
3057 5658 3157 5715 via:
3214 5671 3412 5743 nostra:
3457 5666 3709 5751 contigua

874 5740 1091 5790 notatur
1135 5738 1200 5793 ad
1249 5741 1455 5797 exitum
1490 5743 1635 5801 silva:
1678 5746 2003 5822 Ottonianm,
2032 5757 2205 5813 tribus
2233 5755 2347 5813 fere
2393 5761 2561 5821 leucis
2588 5774 2882 5839 antequam
2909 5777 3157 5834 veniatur
3179 5780 3696 5856 Selingestandium.
