3976 6170
298 280 402 337 549

1121 279 1299 337 HIST.
1344 277 1739 335 TBANSLAT.
1780 277 1885 332 BB.
1932 265 2353 333 MARCELLINI
2391 278 2479 334 ET
2518 276 2747 335 PETRI.

3454 282 3560 339 550

284 396 655 462 cernebatur;
682 401 739 451 et
764 394 1061 451 inclinante
1079 392 1192 462 iam
1232 378 1481 463 vespera,
1513 393 1568 446 in
1596 390 1877 447 basilicam
1906 392 1959 451 Α
1982 388 2100 460 ejus
2128 388 2234 444 diei
2257 398 2406 445 tanta
2430 398 2487 447 et
2506 400 2613 446 tam
2635 392 2780 447 clara
2806 393 3095 461 serenitas,
3117 401 3177 448 ut
3199 396 3369 452 :estlvi
3384 397 3559 462 spien-

286 490 346 545 8.
382 487 628 554 Martini,
654 504 777 558 qua:
799 487 856 542 in
887 487 1081 543 eadem
1112 486 1237 541 villa
1278 493 1381 546 est.
1422 492 1611 540 sancta
1640 481 1731 537 illa
1758 496 1881 535 cor-

284 594 421 648 pora
449 578 733 634 intulimus
758 592 774 631 :
799 589 854 633 et
879 576 1041 632 sociis
1062 575 1266 631 nostris
1293 574 1365 630 ad
1394 572 1654 630 excubias
1681 571 1881 626 ducen-

285 669 388 723 das
415 667 494 722 ibi
519 667 780 732 dimissis,
809 681 910 737 ego
934 682 1057 722 cum
1084 667 1294 737 paucis,
1331 664 1401 719 ad
1426 663 1606 719 locum
1635 676 1743 731 quo
1761 670 1880 716 ten-

286 763 572 824 debamds,
604 758 914 814 festinando
949 758 1204 828 praecessi
1229 774 1245 824 ;
1288 762 1345 812 et
1371 770 1454 819 ea,
1484 768 1605 823 quae
1630 753 1698 806 ad
1727 765 1880 806 rece-

284 850 530 920 ptionem
567 859 884 903 sanctorum
926 862 1215 918 corporum
1251 862 1382 902 usus
1410 843 1742 916 postulabat,
1781 856 1882 910 per

284 947 505 996 noctem
549 937 873 1009 praeparavi.
922 938 1005 992 Ad
1051 937 1327 992 basilicam
1373 950 1524 998 vero,
1556 933 1609 988 in
1662 947 1768 1003 qua
1818 931 1880 984 il-

284 1029 461 1084 lorum
507 1036 917 1084 sacrosanctum
968 1027 1282 1082 thesaurum
1306 1026 1632 1087 dimisimus,
1677 1021 1878 1077 sancti-

283 1117 540 1174 monialis
574 1116 822 1188 quadam
868 1116 1182 1186 paralytica,
1217 1116 1443 1170 nomine
1476 1113 1777 1182 lluodlang,
1811 1112 1879 1164 de

283 1209 623 1264 monasterio
653 1206 962 1271 Makesbah,
990 1207 1134 1274 quod
1152 1206 1221 1261 ab
1246 1206 1439 1260 eadem
1464 1202 1696 1259 ecclesia
1716 1202 1878 1256 unius

283 1300 454 1358 leuca:
504 1300 683 1369 spatio
733 1298 1073 1367 disparatum
1119 1304 1256 1361 erat,
1308 1297 1378 1351 ab
1424 1287 1617 1350 amicis
1663 1294 1775 1349 suis
1815 1307 1878 1348 ac

282 1390 610 1463 propinquis
658 1389 715 1443 in
759 1400 923 1443 carro
962 1386 1211 1449 adducta,
1257 1400 1381 1440 cum
1422 1384 1579 1455 juxta
1615 1383 1876 1439 feretrum

280 1490 601 1538 sanctorum
627 1480 770 1534 inter
792 1486 1020 1533 ceteros
1055 1475 1283 1548 vigilans
1309 1485 1475 1545 atque
1496 1488 1664 1529 orans
1683 1486 1880 1543 perno-

278 1582 478 1638 ctaret,
527 1577 746 1641 recepta
794 1568 1036 1623 omnium
1064 1567 1433 1622 membrorum
1473 1564 1728 1629 sanitate,
1753 1577 1880 1633 pro-

281 1664 416 1734 p’riis
459 1658 713 1732 pedibus,
744 1658 895 1713 nullo
934 1665 1296 1722 sustentante,
1322 1655 1408 1711 vel
1437 1655 1684 1725 quolibet
1720 1655 1881 1709 modo

1983 484 2169 539 dorem
2193 485 2322 540 solis
2349 485 2696 556 adaequaret:
2736 494 2899 556 atque
2928 487 3097 557 ipsius
3118 490 3261 543 aeris
3281 498 3389 544 tam
3417 488 3567 546 initis

1981 582 2143 645 atque
2165 574 2404 644 jucunda
2428 574 2807 646 tranquillitas,
2839 586 2900 632 ut
2918 579 3064 634 veris
3082 580 3399 650 temperiem
3421 582 3568 651 apri-

1980 667 2147 721 citate
2174 666 2366 720 bianda
2394 668 2743 737 praecederet.

2046 757 2138 811 2i.
2167 755 2439 813 Postridie
2465 773 2595 813 vero
2624 772 2777 812 sacra
2806 759 3087 814 beatorum
3120 773 3419 834 martyrum
3446 777 3569 817 cor—

1978 864 2110 920 pora
2139 863 2278 903 novo
2303 848 2478 903 loculo
2512 849 2812 912 recondita,
2843 847 2899 903 in
2944 849 3131 904 absida
3158 851 3398 906 basilicae
3424 850 3569 905 loca-

1977 940 2192 1005 vimus;
2236 947 2313 1003 et,
2358 939 2498 994 sicut
2546 940 2602 993 in
2648 938 2878 993 Francia
2920 955 3038 995 mos
3080 947 3184 1007 est,
3231 942 3569 1012 superposito

1978 1029 2154 1101 ligneo
2183 1029 2437 1094 culmine,
2464 1024 2647 1084 linteis
2672 1042 2737 1083 ac
2761 1030 2950 1085 sericis
2973 1031 3150 1100 palliis
3180 1033 3410 1087 ornandi
3445 1047 3572 1104 gra-

1980 1116 2053 1176 tia
2081 1120 2443 1184 conterimus,
2492 1129 2826 1190 apponentes
2870 1121 3084 1185 altare;
3133 1136 3200 1175 ac
3235 1121 3343 1175 duo
3370 1120 3567 1175 vexilla

1976 1212 2257 1268 dominica:
2294 1212 2579 1281 passionis,
2612 1226 2733 1281 quze
2760 1212 2815 1266 in
2843 1211 2928 1264 via
2972 1211 3234 1267 feretrum
3260 1211 3570 1281 pmcedere

1977 1304 2238 1367 solebant,
2266 1303 2394 1357 hinc
2427 1312 2589 1371 atque
2618 1302 2741 1357 inde
2770 1302 3060 1374 erigentes,
3086 1304 3266 1358 locum
3305 1304 3459 1359 illum
3486 1303 3569 1359 di-

1977 1393 2118 1448 vinis
2164 1391 2356 1447 ofﬁciis
2411 1391 2765 1453 celebrandis,
2821 1407 2919 1459 pro
2970 1392 3185 1447 modulo
3233 1394 3571 1463 paupertatis

1978 1493 2196 1548 nostrae,
2242 1482 2495 1537 idoneum
2544 1475 2707 1550 atque
2758 1489 2943 1551 aptum
2983 1481 3162 1537 facere
3206 1485 3564 1549 curavimus;

1979 1574 2352 1642 ordinatisque
2391 1570 2607 1626 clericis
2627 1570 2679 1636 ἀ,
2710 1571 2801 1647 qui
2830 1571 2960 1626 inibi
2988 1572 3204 1626 assidue
3231 1581 3285 1626 et
3310 1573 3572 1629 excubias

1982 1662 2262 1728 ducerent,
2288 1677 2352 1717 ac
2373 1661 2569 1725 divinis
2598 1660 2844 1716 laudibus
2870 1661 3111 1717 dicendis
3136 1678 3322 1717 curam
3344 1663 3574 1719 solerter

283 1731 734 1818 adminiculante,
787 1750 855 1806 ad
900 1750 1077 1806 locum
1124 1749 1265 1804 unde
1307 1757 1551 1814 venerat,
1581 1748 1636 1801 in
1681 1745 1875 1801 crasti-
1904 1731 1950 1803 Β
1979 1754 2367 1823 impenderent.
2395 1754 2499 1824 Ipsi
2520 1768 2633 1807 non‘
2649 1754 2824 1808 solum
2848 1761 3029 1808 nostra
3051 1761 3261 1823 sponte,
3285 1754 3383 1809 sed
3404 1754 3569 1810 etiam
3608 1784 3615 1798 ι

282 1861 412 1900 num
445 1856 701 1914 regressa
725 1848 830 1896 est.

350 1936 443 1992 20.
485 1934 558 1990 At
583 1950 681 1990 nos
708 1933 1018 1988 albescente
1052 1930 1194 1986 coelo
1224 1937 1532 2002 surgentes,
1561 1928 1725 1984 sociis
1774 1941 1876 1981 no-

281 2028 413 2085 stris
459 2027 809 2084 venientibus
838 2026 1054 2081 obviam
1101 2025 1182 2079 ire
1206 2023 1587 2096 perreximus;
1615 2023 1880 2078 habentes

281 2119 570 2176 nobiscum
598 2114 942 2171 immodicam
967 2115 1271 2170 vicinorum
1296 2120 1609 2169 nostrorum
1637 2112 1881 2167 multitu-

279 2211 490 2277 dinem,
524 2210 617 2280 qui
641 2208 783 2263 fama
816 2207 1082 2262 adventus
1105 2212 1417 2260 sanctorum
1450 2204 1636 2269 exciti,
1666 2205 1734 2258 ad
1770 2204 1881 2259 hoc

277 2300 462 2371 primo
501 2299 737 2355 diluculo
777 2313 876 2368 pro
919 2294 1125 2351 foribus
1160 2295 1366 2350 nostris
1407 2295 1788 2361 constiterunt,
1821 2305 1883 2349 ut

278 2407 387 2446 una
415 2391 705 2445 nobiscum
730 2387 940 2443 sanctis
962 2387 1175 2442 obviam
1196 2387 1574 2457 procederent.
1599 2386 1667 2441 Et
1686 2400 1879 2441 occur-

274 2482 461 2539 rimus
489 2482 570 2535 eis
593 2481 647 2534 in
670 2494 736 2534 eo
775 2478 917 2542 loco,
946 2477 1038 2533 ubi
1065 2490 1092 2519 ι
1121 2475 1414 2548 Gaspentia
1440 2475 1688 2532 fluviolus
1714 2476 1884 2539 Μωῃο

279 2573 578 2627 miscetur.
609 2568 735 2624 inde
758 2568 964 2638 pariter
988 2568 1329 2633 incedentes,
1373 2580 1438 2621 ac
1466 2566 1676 2621 Domini
1708 2568 1883 2622 nostri

273 2659 414 2717 Iesu
445 2658 652 2716 Christi
680 2650 1108 2715 misericordiam
1136 2657 1526 2722 collaudantes,
1555 2672 1740 2712 sacras
1766 2655 1885 2711 illas

275 2750 726 2807 beatissimorum
768 2747 1065 2820 Martyrum
1117 2747 1341 2803 exuvias
1382 2748 1448 2802 ad
1493 2746 1524 2786 ιι
1573 2746 1883 2801 Muiinlieim

280 2839 802 2912 superiorem—sic
830 2838 979 2894 enim
1025 2837 1288 2894 moderno
1333 2846 1578 2909 tempore
1616 2837 1767 2893 locus
1794 2837 1885 2892 ille

283 2940 733 2987 vocatur—cum
758 2944 951 3001 magna
980 2930 1223 2984 omnium
1246 2927 1338 2998 qui
1378 2929 1450 2984 ibi
1479 2930 1669 2985 adesse
1695 2939 1919 2999 p0tue-_

285 3028 414 3077 runt
443 3019 637 3074 laetitia
679 3025 736 3074 et
762 3017 1144 3083 exsultatione,
1180 3017 1472 3073 detulimus
1497 3036 1509 3071 :
1542 3018 1636 3073 sed
1660 3030 1773 3089 pne
1798 3023 1884 3074 ni-

286 3111 393 3165 mia
420 3109 608 3180 populi
635 3104 1001 3172 multitudine,
1031 3122 1151 3177 qua:
1181 3108 1494 3178 praecedens
1522 3116 1716 3163 cuncta
1738 3123 1885 3164 com-

287 3202 554 3272 plerent,
584 3214 759 3271 neque
788 3199 1075 3255 eeclesiam
1105 3200 1271 3263 adire,
1324 3194 1519 3269 neque;
1543 3200 1801 3255 feretrum
1829 3200 1895 3255 in'

285 3307 407 3347 eam
440 3291 653 3347 inferre
690 3290 998 3346 valuimus:
1046 3289 1247 3345 idcirco
1274 3290 1330 3344 in
1358 3305 1551 3361 campo
1582 3288 1879 3362 adiacente,

287 3392 450 3454 atque
486 3382 543 3437 in
571 3383 691 3437 loco
720 3380 969 3447 editiore,
1001 3380 1173 3436 altare
1193 3382 1294 3436 sui)
1319 3380 1444 3436 divo
1471 3382 1786 3444 ereximus;
1819 3398 1883 3438 ac

292 3472 499 3528 fereer
521 3486 664 3543 pone
697 3469 871 3526 altare
884 3470 1160 3542 deposito,
1193 3471 1479 3526 missarum
1509 3472 1769 3527 solemnia
1796 3489 1882 3529 ee-

292 3562 645 3618 icbravimus.
690 3561 901 3629 Quibus
927 3561 1179 3633 expletis,
1210 3574 1275 3616 ac
1317 3561 1659 3618 multitudine
1682 3564 1750 3617 ad
1785 3579 1883 3619 sua

294 3655 603 3718 recedente,
634 3654 690 3707 in
720 3652 1004 3709 ecclesiam
1031 3669 1062 3707 a
1087 3653 1263 3707 beatis
1293 3650 1618 3724 Martyribus
1652 3653 1880 3723 juss‘am,

293 3750 481 3797 eorum
522 3741 886 3797 sacratissima
919 3755 1149 3811 corpora
1194 3741 1515 3808 intulimus;
1566 3754 1650 3808 ac;
1683 3741 1884 3798 feretro

292 3841 516 3903 propter
534 3831 707 3886 altare
730 3828 927 3897 locato,
955 3833 1151 3887 iterum
1175 3832 1399 3887 missam
1423 3833 1702 3887 celebrare
1730 3848 1885 3887 cura-

295 3924 494 3978 vimus.
523 3922 709 3993 lbique
736 3924 879 3979 inter
921 3922 1323 3989 celebrandum,
1348 3938 1486 3995 puer
1511 3925 1753 3993 quidam,
1783 3940 1883 3980 an-

298 4031 491 4071 norum
531 4016 751 4071 circiter
780 4015 1106 4086 quindecim,
1138 4015 1357 4069 nomine
1398 4014 1604 4082 Daniel,
1649 4015 1716 4070 de
1748 4032 1885 4088 pago

296 4106 579 4172 Portiano,
602 4108 695 4178 qui
725 4107 851 4163 illuc
890 4107 1036 4163 inter
1061 4106 1196 4162 alios
1239 4120 1502 4177 pauperes
1530 4107 1885 4164 mendicando

300 4198 540 4262 venerat,
570 4205 733 4268 atque
760 4197 837 4252 ita
867 4212 1066 4253 curvus
1093 4204 1232 4261 erat,
1266 4204 1325 4250 ut
1352 4196 1454 4252 nisi
1478 4198 1703 4268 supinus
1725 4208 1885 4269 atque

299 4284 481 4353 iacens
501 4284 697 4367 cmlum
724 4289 967 4359 aspicere
1008 4288 1357 4359 nequivisset,
1399 4290 1465 4343 ad
1508 4288 1766 4346 feretrum
1794 4308 1884 4347 ac—

1977 1846 2141 1916 regali
2167 1845 2477 1915 diplomate,
2504 1844 2649 1913 quod
2674 1844 2829 1899 nobis
2874 1844 2927 1898 in
2963 1844 3051 1898 via
3082 1842 3298 1898 obviam
3325 1853 3570 1910 venerat,

1976 1937 2210 2001 evocati,
2256 1935 2487 1990 Domino
2529 1935 2634 1988 iter
2672 1942 2915 1988 nostrum
2950 1942 3322 2003 prosperante,
3361 1936 3427 1991 ad
3471 1951 3571 2005 pa-

1976 2024 2162 2078 latium
2193 2033 2218 2101 εξ
2247 2037 2434 2079 sumus
2462 2038 2585 2078 cum
2616 2036 2806 2092 magna
2828 2024 3189 2078 exsultatione
3209 2026 3463 2096 regressi.

2606 2135 2839 2192 CAPUT
2876 2135 2961 2190 ΙΙΙ.

1979 2244 2191 2326 Aliqum
2213 2244 2458 2326 reliquae
2478 2247 2648 2326 aquati
2677 2245 3001 2326 Marcellini,
3025 2246 3151 2302 olim
3170 2247 3387 2326 ablatis,
3412 2250 3577 2326 impe-_

2051 2312 2282 2452 ;'rantur,
2315 2312 2363 2368 ἐι
2388 2314 2458 2367 ad
2487 2312 2596 2368 alia
2627 2313 2745 2368 loca
2772 2315 3186 2385 transferuntur.
3209 2348 3281 2357 —
3308 2312 3575 2376 Μίταεὶιιᾱ

2081 2393 2220 2436 acta.

2052 2473 2143 2527 Ἡ.
2209 2474 2520 2530 Transactis
2569 2475 2856 2529 admodum
2916 2476 3121 2545 paucis,
3186 2486 3468 2548 postquam
3506 2480 3583 2534 ad

1984 2563 2300 2619 comitatum
2329 2562 2348 2600 ί
2373 2578 2653 2627 veneram.
2675 2565 2887 2630 diebus,
2902 2580 3023 2635 ego,
3038 2566 3333 2621 secundum
3355 2583 3578 2624 consue-

1984 2652 2225 2708 tudinem
2268 2651 2563 2708 aulicorum
2594 2655 2860 2709 maturius
2903 2668 3149 2726 surgens,
3195 2657 3373 2726 primo
3415 2672 3578 2714 mane

1982 2745 2241 2816 palatium
2269 2744 2420 2815 petii.
2449 2743 2528 2799 lbi
2557 2760 2680 2799 cum
2715 2745 3009 2815 ingressus,
3054 2745 3387 2811 Hildoinum,
3416 2748 3576 2817 cujus

1984 2834 2124 2890 libro
2143 2833 2420 2903 superiore
2447 2833 2789 2887 mentionem
2820 2832 2946 2898 feci,
2975 2841 3103 2888 ante
3146 2832 3293 2889 fores
3322 2835 3456 2905 regii
3485 2850 3580 2889 cu-

1982 2924 2149 2981 biculi
2184 2924 2485 2988 sedentem,
2526 2932 2690 2993 atque
2716 2938 2993 2995 egressum
3022 2925 3283 2995 principis
3322 2927 3577 2997 operien-

1987 3023 2118 3080 tem,
2132 3016 2482 3080 invenissem,
2497 3030 2564 3070 ex
2588 3030 2738 3071 more
2758 3014 3050 3071 salutatum
3074 3026 3317 3087 surgere,
3334 3029 3497 3088 atque
3508 3019 3579 3074 ad

1987 3104 2275 3176 quamdam
2290 3105 2605 3172 fenestram,
2621 3106 2804 3176 dequa
2822 3108 2877 3160 in
2890 3105 3147 3161 inferiora
3159 3106 3343 3176 palatii
3359 3123 3580 3179 conspe-

1986 3207 2106 3253 ctus
2127 3197 2279 3270 μὴ,
2320 3197 2660 3271 prospectus]
2681 3206 2819 3265 erat,
2849 3212 3060 3253 mecum
3082 3199 3342 3255 accedere
3368 3201 3574 3272 rogavi.

1983 3288 2065 3343 Ad
2090 3304 2251 3359 quam
2274 3290 2480 3359 pariter
2502 3291 2692 3344 stando
2716 3289 3111 3355 incumbentes,
3127 3290 3191 3346 de
3222 3292 3579 3349 translatione

1984 3388 2296 3436 sanctorum
2318 3389 2640 3454 martyrum,
2669 3381 2963 3437 Marcellini
2990 3390 3045 3437 et
3069 3381 3247 3450 Petri,
3270 3399 3369 3441 nec
3393 3402 3501 3441 non
3523 3396 3580 3443 et

1984 3472 2051 3527 de
2071 3472 2356 3539 miraculo,
2370 3474 2512 3544 quod
2532 3474 2588 3527 in
2602 3472 2750 3526 ﬂuxu
2766 3474 2996 3535 cruoris,
3013 3480 3120 3543 quo
3138 3475 3372 3532 loculum
3388 3493 3577 3533 eorum

1985 3570 2190 3631 septem
2215 3562 2405 3618 diebus
2431 3565 2658 3619 sudasse
2695 3565 3136 3630 commemoravi,
3167 3574 3444 3622 ostensum
3470 3578 3575 3634 est,

1983 3653 2231 3709 mirando
2256 3654 2426 3707 multa
2455 3667 2642 3709 sumus
2678 3653 2861 3710 locuti.
2893 3653 3138 3724 Cumque
3160 3653 3307 3713 adid
3332 3655 3434 3710 loci
3457 3671 3576 3711 ser-

1983 3744 2307 3798 mocinando
2327 3745 2685 3807 venissemus,
2712 3750 2769 3796 ut
2791 3744 2957 3797 etiam
2982 3744 3048 3796 de
3068 3743 3429 3808 vestimentis,
3456 3759 3579 3814 qua:

1985 3845 2109 3885 cum
2138 3831 2463 3900 corporibus
2489 3844 2679 3884 eorum
2709 3830 2925 3883 inventa
2953 3836 3098 3893 sunt,
3142 3831 3347 3885 mentio
3380 3831 3533 3886 fieret
3559 3832 3579 3897 ;'

1985 3928 2151 3988 atque
2176 3933 2276 3989 ego
2320 3918 2477 3971 mirze
2514 3917 2831 3972 subtilitatis
2858 3925 3067 3972 vestem
3095 3918 3239 3972 beati
3276 3918 3576 3977 Marcellini

1986 4009 2155 4065 fuisse
2181 4010 2416 4064 dicerem
2442 4024 2456 4074 ;
2490 4008 2600 4073 ille,
2641 4008 2788 4062 velut
2817 4009 2907 4078 qui
2938 4025 3052 4064 rem
3080 4023 3235 4080 atque
3264 4019 3321 4064 ut
3353 4025 3454 4082 ego
3481 4027 3576 4067 no-

1987 4108 2099 4155 tam
2126 4099 2370 4165 haberet,
2404 4114 2533 4154 vera
2560 4113 2650 4153 me
2674 4099 2740 4154 de
2769 4099 3007 4154 vestibus
3043 4099 3247 4155 dixisse
3275 4102 3571 4170 respondit.

1986 4190 2087 4246 ilic
2108 4204 2208 4260 ego
2231 4188 2564 4261 stupefactus
2585 4197 2746 4259 atque
2765 4189 3063 4256 admirans,
3080 4192 3388 4261 percontari
3408 4192 3572 4263 coepi,

1985 4280 2127 4335 unde
2154 4278 2228 4333 illi
2256 4280 2371 4334 haec
2394 4278 2858 4345 vestimentorum,
2890 4292 3011 4349 quae
3036 4295 3311 4350 nunquam
3341 4282 3570 4349 viderat,

299 4379 460 4433 cessit
489 4394 505 4443 ;
537 4392 603 4434 ac
629 4377 825 4444 subito,
856 4379 1001 4432 velut
1023 4379 1096 4433 ab
1119 4378 1300 4448 aliquo
1339 4379 1621 4449 impulsus,
1653 4382 1879 4437 corruit.
1907 4372 2178 4474 Dm”an
2231 4370 2544 4441 contingere
2588 4371 2874 4441 ,Ροῑιιίεεεῑ-
2930 4369 3136 4459 Atille
3184 4387 3271 4426 me
3319 4372 3567 4436 inﬁnitus,

300 4465 543 4524 Cumano
570 4469 661 4524 diu
690 4469 835 4523 velut
878 4467 1167 4525 dormienti
1202 4469 1393 4525 similis
1428 4468 1714 4539 jacuisset,
1762 4488 1884 4528 cor-

303 4559 463 4613 rectis
486 4558 739 4613 omnibus
769 4557 1044 4621 membris,
1079 4567 1131 4613 et
1169 4567 1386 4628 recepta
1413 4558 1668 4615 ﬁrmitate
1692 4577 1884 4616 nerve-

306 4658 439 4711 rum,
475 4660 663 4701 coram
676 4650 851 4701 oculis
881 4646 1087 4702 nostris
1120 4648 1361 4701 surrexit
1382 4648 1685 4704 incolumis.
1716 4649 1884 4706 Facta

305 4746 426 4793 sunt
451 4738 571 4793 inec
590 4738 802 4794 decimo
828 4747 983 4794 sexto
1006 4737 1265 4793 kalendas
1290 4738 1592 4795 februarias
1616 4751 1668 4807 ο,
1695 4752 1751 4797 et
1767 4751 1886 4798 erat

369 4896 767 4968 sumitur
776 4895 1265 4968 Selingenstadium
1275 4903 1332 4968 et
1341 4892 1883 4968 Ascliaﬂ‘enburgum;

309 4965 550 5038 quantivis
576 4967 779 5038 nullum
798 4968 886 5038 ibi
919 4965 1151 5038 rivulum
1178 4966 1486 5036 exprimant
1515 4965 1707 5021 tabulae
1731 4965 1885 5038 topo-

311 5032 591 5145 grabphicaa,
634 5032 826 5092 nedum
855 5036 1159 5107 Gaspentim
1181 5032 1396 5089 nomen.

439 5104 748 5145 Mad'ﬂ'ﬂaaim
810 5117 887 5145 ac!
915 5105 1311 5145 ςοίίησρηεῐειδί

437 5104 771 5181 Mulinheim,
810 5117 892 5163 est
915 5104 1333 5181 Séiingenstadt.

376 5187 405 5215 ι
437 5174 603 5232 Festo
624 5174 830 5233 scilicet
848 5174 1355 5241 sanctiA'ntoniimo
1374 5188 1518 5229 anno
1537 5174 1642 5230 837
1658 5175 1893 5232 «dente

313 5240 867 5317 inierit-ueiens!-
1026 5315 1115 5317 ί-
1216 5316 1225 5317 ί
1332 5315 1345 5317 _
1467 5313 1481 5317 _
1608 5314 1619 5317 _
1887 5281 1898 5295 -

376 5310 402 5354 ⁸
423 5310 868 5388 _Putat'Mabilio,
896 5316 1041 5388 quod
1076 5315 1435 5388 Eginbardns,
1467 5313 1571 5372 hoc
1606 5314 1660 5371 in
1691 5330 1879 5386 opere,

314 5381 628 5455 clericorum
665 5380 882 5442 nomine
912 5380 1228 5441 ‘monacbos
1261 5380 1539 5455 intelligat,
1593 5392 1685 5439 aut
1726 5380 1886 5441 certe

317 5451 718 5538 dicendum-est,
743 5456 935 5538 ipqnit,
953 5457 1179 5538 clericps
1206 5451 1462 5538 primum,
1483 5465 1885 5538 postea-mona-

317 5522 449 5609 ξιφ.
465 5526 747 5609 meos
760 5522 931 5609 ειῖξερ
950 5527 1095 5609 eis
1115 5522 1254 5581 ιοοὸ·
1292 5522 1887 5609 Memorium?

318 5595 1317 5731 ἳιῗέἔιέἶῗιῗι“ἒι¹ἰὲηξέ¹ι¹ἐ⁸τῖυ¹ξ¹ξὲἷῖιὶιρ¹ΐεῗ
1330 5594 1887 5736 ⁴ιιῖῒτέ³ιιῗ¹εἷὲ⁸τ¹ἷ¹εοέ³ξ¹ιέῗ

1987 4462 2262 4534 paululum
2303 4460 2473 4524 siluit,
2515 4474 2577 4515 ac
2618 4461 2852 4516 deinde:
2884 4479 2902 4511 ε
2941 4456 3148 4524 Satius,
3203 4462 3399 4531 inquit,
3449 4476 3575 4518 esse

1987 4551 2239 4616 arbitror,
2265 4558 2328 4605 ut
2365 4564 2465 4620 per
2503 4565 2591 4605 me
2628 4564 2947 4620 cognoscas,
2992 4549 3156 4618 quod,
3206 4544 3295 4604 me
3337 4561 3569 4615 tacente,

1988 4654 2169 4699 tamen
2194 4646 2295 4712 pei-
2320 4641 2454 4697 alios
2478 4641 2727 4697 celeriter
2747 4654 2810 4695 es
2840 4641 3177 4712 cOgniturus.
3219 4651 3273 4695 et
3298 4655 3397 4711 ego
3426 4640 3572 4696 illius

1986 4736 2065 4790 rei
2090 4736 2193 4790 sim
2218 4734 2462 4804 proditor
2483 4733 2736 4803 simplex,
2765 4746 2928 4802 quam
2950 4730 3180 4788 fortasse
3205 4731 3343 4787 alter
3367 4732 3412 4787 si
3439 4745 3570 4801 pro-

1985 4903 2141 4962 quot,
2179 4892 2397 4947 interim
2433 4891 2506 4946 ibi
2530 4890 2915 4962 deserviturgs,
2954 4889 3236 4962 ordinare;
3287 4894 3568 4962 monaste-

1987 4957 2139 5032 rium
2158 4971 2340 5017 tamen
2361 4962 2580 5032 vivente
2611 4961 2789 5017 adhuc
2806 4958 3125 5032 _Eginbar_do
3148 4960 3379 5032 factum,
3414 4957 3567 5032 colli-

2014 5033 2063 5095 ;it
2094 5029 2307 5086 Mabilio
2337 5044 2404 5084 ex
2438 5028 2555 5098 ejus
2606 5032 2764 5100 epist.
2793 5026 2971 5100 lfubi
2985 5026 3329 5100 gwerdricus
3343 5028 3562 5100 quidam

2031 5102 2273 5157 nidensis
2290 5096 2610 5163 monachus,
2640 5096 2746 5167 'er
2782 5098 2865 5153 sui
2913 5097 3124 5152 abbatis
3151 5096 3444 5167 licentiam,
3479 5096 3565 5150 di-

1985 5173 2128 5227 citur
2190 5170 2612 5241 Selingenstadii
2652 5165 2665 5167 “
2689 5176 3038 5241 conversatus
3092 5184 3125 5241 ;_
3171 5181 3292 5235 quae
3345 5165 3566 5222 licentia

1986 5243 2135 5305 haud
2182 5242 2259 5296 ita
2312 5234 2470 5296 facile
2524 5241 2652 5294 data
2687 5238 2900 5301 fuisset,
2932 5237 2980 5291 si
3017 5234 3201 5292 nullos
3228 5244 3344 5291 tum
3378 5251 3570 5303 mona-

1987 5312 2119 5368 chos
2150 5311 2301 5367 locus
2328 5309 2629 5365 habuisset.
3108 5367 3113 5373 _

2063 5394 2085 5421 ε
2126 5378 2446 5451 intelligitur
2478 5376 2954 5451 _Aquisgranense,
2981 5372 3073 5429 ubi
3108 5372 3221 5430 tum
3258 5373 3567 5433 Ludovicus

1986 5451 2115 5525 Pius
2137 5449 2706 5525 [nip.residebat.___
2834 5522 2842 5525 _
2902 5522 2911 5525 _
2970 5512 3039 5525 Η

2065 5522 2084 5562 ί
2128 5513 2252 5575 Hei:
2276 5519 2345 5573 ad
2378 5532 2583 5572 anitum
2602 5516 2706 5572 897
2728 5522 2951 5575 peracta
2968 5513 3135 5571 fuisse
3156 5516 3367 5572 censuit
3398 5514 3566 5571 Baro-

1990 5593 2143 5655 nius,
2165 5589 2255 5658 qui
2276 5588 2464 5658 eadem
2494 5586 2697 5641 retulit.
2724 5584 3017 5658 Cernimus
3047 5596 3227 5658 anteiit
3256 5587 3344 5658 hic
3368 5584 3579 5641 dicituf

1989 5664 2139 5720 curia
2179 5656 2498 5730 imperialis,
2529 5665 2679 5724 tunc,
2704 5656 2894 5711 utdixi
2913 5694 2931 5722 ,
2967 5656 3294 5728 Aquisgratti
3317 5670 3564 5713 manens.
