3988 6178
376 237 476 297 551

1659 225 2040 291 ΕςιΝΗΑιωι
2080 227 2374 291 ABBATIS

368 348 594 417 diderit,
616 364 727 405 non
765 346 1080 417 siuiplieiter
1120 340 1446 409 enuntiabit,
1485 355 1660 412 neque
1684 340 1829 401 enim
1855 356 1953 412 ρο-
1983 345 2033 405 Α
2061 339 2201 405 fama
2229 341 2467 412 dispersa
2495 341 2566 405 sit
2598 341 2621 396 ἲ
2646 361 2666 395 ι
2684 338 2928 413 Cumque
2950 341 3005 401 id
3030 357 3122 409 me
3420 357 3653 419 κειμη-

371 448 503 506 test,
533 440 660 509 quia
687 439 767 494 sic
811 444 1006 493 natura
1034 440 1408 503 comparatum
1437 441 1545 499 est,
1582 440 1645 485 ut
1680 433 1783 487 hoc
1808 432 1955 501 quis-

374 545 535 603 quam
566 527 834 585 veraciter
859 526 1041 583 dicere
1088 529 1344 593 nequeat,
1372 521 1526 591 cujus
1573 521 1823 579 notitiam
1847 535 1956 576 non

373 634 473 688 per
496 632 555 672 se
582 617 782 686 ipsum,
813 614 907 669 sed
932 613 1160 667 aliorum
1188 611 1448 667 relatione
1468 610 1635 664 fuerit
1652 617 1954 666 assecutus.

374 706 503 763 Tua:
533 712 741 760 tantum
786 703 911 759 fidei
958 702 1262 767 committo,
1292 701 1525 773 qualiter
1570 700 1698 757 inde
1745 715 1958 756 mecum

372 802 593 849 acturus
626 794 720 859 sis,
747 800 1035 864 postquam
1073 805 1195 848 meo
1224 790 1399 846 relatu
1427 804 1645 847 omnem
1684 788 1765 846 rei
1790 797 1960 861 gestte

372 885 660 940 veritatem
688 883 997 955 agnoveris.
1019 902 1040 937 ι

441 976 534 1031 25.
559 975 803 1033 Cuicum
855 990 942 1030 me
984 989 1094 1029 non
1135 972 1281 1029 aliud
1321 980 1592 1040 acturum,
1619 988 1781 1044 quam
1814 972 1961 1044 quod

371 1063 517 1119 inter
545 1080 645 1120 nos
680 1064 1011 1128 conveniret,
1046 1063 1197 1117 brevi
1231 1078 1484 1119 sermone
1518 1063 1953 1135 respondissem:

377 1172 397 1205 ι
428 1153 741 1224 Presbyter,
764 1154 958 1223 inquit,
980 1153 1092 1218 ille,
1116 1153 1206 1223 qui
1237 1154 1305 1208 ad
1334 1154 1659 1210 deferendas
1685 1154 1828 1211 beati
1867 1153 1959 1210 'l‘i-

369 1245 536 1300 burtii
584 1244 842 1316 reliquias
898 1244 1126 1300 Romam
1170 1260 1292 1300 meo
1329 1245 1485 1314 jussu
1533 1245 1806 1317 profectus
1850 1255 1957 1314 est,

369 1349 495 1404 cum
526 1334 599 1400 id,
620 1343 843 1407 propter
865 1335 1007 1404 quod
1031 1334 1119 1390 ille
1147 1345 1387 1400 venerat,
1413 1336 1489 1391 ita
1517 1344 1576 1403 ut
1604 1337 1958 1407 volebatper-

370 1424 533 1480 ficere
576 1426 928 1495 nequivisset,
963 1423 1185 1494 jamque
1230 1426 1474 1480 notarius
1509 1434 1656 1491 tuus,
1697 1427 1954 1497 acceptis,

370 1517 438 1573 de
465 1519 660 1596 quibus
681 1518 970 1586 loquimur,
999 1524 1311 1571 sanctorum
1347 1525 1647 1593 martyrum
1689 1518 1956 1589 reliquiis,

371 1608 591 1664 domum
633 1606 810 1661 redire
836 1605 1129 1669 statuisset,
1162 1606 1282 1661 iniit
1308 1621 1431 1661 cum
1464 1607 1554 1663 illo
1577 1608 1957 1674 eonsilium,ut

371 1698 465 1755 illo
489 1697 673 1751 Romae
701 1696 977 1766 paululum
1015 1712 1196 1765 moras
1229 1696 1484 1764 faciente,
1526 1699 1661 1771 ipse,
1704 1716 1828 1756 cum
1856 1699 1954 1757 Ju-
1983 1682 2032 1741 Β

373 1789 567 1844 nisone
581 1798 604 1826 α
621 1785 790 1842 fratre
815 1785 1132 1851 Deusdonae,
1153 1796 1350 1843 etcum
1373 1788 1681 1849 hominibus
1701 1790 1839 1858 ejus,
1862 1791 1954 1861 qui

374 1881 496 1935 illos
544 1895 728 1935 sacros
769 1878 984 1934 cineres
1021 1877 1162 1934 ferre
1194 1879 1482 1945 debebant,
1524 1880 1745 1951 Papiam
1784 1897 1956 1952 usque

375 1970 728 2040 praecederet,
755 1969 936 2039 ibique
968 1967 1113 2024 illius
1133 1983 1198 2023 ac
1224 1968 1525 2027 Deusdona:
1548 1970 1957 2042 praestolaretur

372 2063 685 2117 adventum.
714 2060 923 2115 Placuit
964 2060 1225 2116 ambobus
1259 2061 1361 2117 ista
1395 2062 1701 2128 conventio,
1743 2062 1955 2133 illisque

380 2153 566 2207 Roma:
593 2151 990 2214 substantibus,
1008 2148 1164 2222 [Ms.,
1188 2148 1634 2223 remanentibus],
1672 2151 1957 2223 presbyter

374 2260 497 2300 cum
512 2243 784 2299 Luuisonc
803 2258 866 2298 ac
891 2243 1074 2314 pueris
1102 2242 1358 2312 reliquias
1385 2241 1701 2307 ferentibus,
1730 2243 1954 2315 Papiam

370 2337 881 2408 proﬁciscitur.Quo
896 2352 1020 2391 eum
1035 2346 1179 2391 esset
1192 2346 1530 2406 perventum,
1548 2337 1748 2393 scrinia
1767 2354 1955 2396 sacros

597 2429 928 2489 continentia
943 2429 997 2487 in
1018 2428 1246 2485 ecclesia
1269 2436 1359 2483 tua
1373 2444 1512 2500 pone
1532 2429 1705 2486 altare
1724 2439 1955 2501 suntpo-

369 2521 497 2584 sita,
514 2531 677 2591 atque
691 2519 760 2577 ab
780 2517 1178 2575 excubantibus
1200 2517 1255 2572 iu
1275 2518 1466 2574 eadem
1486 2519 1956 2586 basilica,clericis

369 2626 437 2679 ac
481 2611 655 2676 laicis,
698 2608 942 2683 diligenti
984 2609 1207 2667 solertia
1237 2610 1525 2666 custodita.
1556 2610 1801 2680 Quadam
1827 2628 1956 2669 vero

370 2709 550 2766 nocte,
581 2715 706 2756 cum
736 2709 792 2756 et
814 2699 928 2770 ipse
954 2699 1095 2755 inter
1114 2708 1344 2757 caeteros
1366 2701 1437 2755 ad
1455 2701 1673 2767 easdem
1696 2702 1957 2769 excubias

370 2793 426 2848 in
466 2791 697 2859 ecclesia
733 2789 1002 2861 vigilaret,
1036 2791 1281 2861 contigit,
1325 2798 1387 2846 ut
1423 2791 1540 2860 ipse
1563 2792 1780 2857 asserit,
1807 2792 1956 2849 circa

370 2882 603 2945 mediam
632 2880 744 2945 fere
765 2888 999 2949 noctem,
1024 2890 1103 2948 ιιι,
1120 2881 1421 2951 abripiente
1444 2882 1702 2952 paulatim
1737 2896 1953 2951 somno,

370 2974 607 3041 universi
632 2973 724 3045 qui
752 2971 894 3029 intra
922 2973 1110 3039 eadem
1145 2973 1424 3035 basilicam
1475 2974 1732 3045 vigilandi
1779 2976 1952 3049 gratia

370 3072 762 3131 convenerant,
803 3071 1002 3134 praeter
1048 3078 1109 3121 se
1147 3064 1343 3129 solum,
1389 3063 1779 3131 obdormirent.
1812 3067 1949 3123 Tum
1980 3063 2011 3103 ‘

370 3153 472 3223 sibi
499 3153 553 3208 in
596 3161 835 3215 mentem
872 3154 1108 3221 venisse,
1152 3154 1434 3223 visumque
1477 3153 1642 3221 fuisse
1680 3172 1789 3215 non
1824 3156 1954 3229 sine

372 3257 566 3313 magna
589 3244 823 3312 quadam
851 3258 1015 3299 causa
1044 3242 1247 3307 factum
1280 3252 1341 3299 ut
1364 3252 1444 3298 tot
1487 3245 1796 3305 hominibus
1839 3253 1951 3305 tam

371 3332 684 3391 subitaneus
727 3348 892 3405 sopor
940 3334 1243 3404 obrepserit
1268 3352 1280 3387 :
1307 3343 1568 3405 ratusque
1624 3336 1728 3392 sibi
1773 3337 1954 3401 oblata

370 3422 654 3485 occasione
678 3424 961 3491 utendum,
986 3427 1241 3489 surrexit,
1269 3433 1434 3495 atque
1476 3441 1708 3482 accenso
1728 3427 1952 3495 lumine,

371 3513 441 3571 ad
470 3514 669 3577 scrinia
699 3513 926 3579 silenter
950 3516 1201 3572 accessit.
1233 3517 1371 3589 Tum
1397 3515 1504 3572 filis
1532 3516 1828 3588 sigillorum
1860 3520 1956 3576 ad—

371 3604 680 3673 motacerei
710 3602 926 3661 ﬂamma
952 3607 1233 3675 crematis,
1256 3605 1458 3673 scrinia
1479 3606 1597 3662 sine
1630 3607 1782 3665 clave
1811 3610 1956 3677 cele-

371 3696 504 3753 riter
532 3696 775 3769 apcruit;
798 3711 863 3753 ac
883 3695 951 3753 de
975 3704 1204 3767 utroque
1226 3713 1452 3769 corpore
1489 3696 1810 3768 portionem,
1835 3713 1957 3770 qua

369 3787 419 3842 ei
441 3787 742 3853 videbatur,
773 3787 1065 3856 accipiens,
1089 3787 1285 3860 sigilla,
1314 3795 1373 3842 ut
1391 3797 1548 3845 erant
1582 3788 1817 3861 integra,
1839 3789 1969 3853 illo:

372 3893 491 3932 rum
528 3886 893 3933 crematorum
934 3878 1336 3943 summitatibus
1383 3880 1655 3947 annectit;
1703 3879 1957 3951 nulloque

372 3969 425 4025 id
456 3967 656 4037 factum
707 3970 995 4036 sentiente,
1044 3973 1102 4025 in
1147 3971 1268 4027 loco
1295 3986 1396 4027 suo
1436 3973 1654 4031 resedit.
1682 3973 1812 4028 Post
1838 3975 1956 4030 haec

370 4057 613 4114 sublatas
641 4057 736 4113 tali
761 4058 911 4119 furto
938 4068 1251 4119 sanctorum
1290 4061 1566 4131 reliquias,
1590 4076 1714 4129 cum
1754 4061 1825 4116 ad
1866 4078 1955 4127 me

372 4147 562 4203 fuisset
585 4162 856 4213 reversus,
878 4147 1408 4219 detulitzprimuque
1456 4150 1577 4215 illas
1627 4165 1734 4206 non
1779 4153 1955 4208 sancti

372 4236 669 4307 Marcellini
695 4237 779 4291 vel
800 4237 970 4305 Petri,
1001 4236 1096 4301 sed
1122 4239 1294 4301 sancti
1322 4239 1549 4297 Tiburtii
1585 4257 1707 4298 esse
1733 4256 1952 4299 asseve-

374 4326 533 4399 ravit.
582 4325 786 4385 Deinde
827 4341 953 4395 cum
1000 4328 1186 4395 nescio
1227 4329 1359 4399 quid
1401 4341 1700 4399 vereretur,
1740 4341 1950 4393 secrete
1974 4369 2029 4435 υ

372 4433 587 4490 mecum
611 4419 836 4491 locutus)
862 4435 1091 4491 quarum
1123 4431 1435 4485 sanctorum
1457 4432 1639 4493 caueat
1683 4425 1949 4496 reliquiae.

369 4523 588 4591 quoque
608 4509 771 4575 modo
793 4526 889 4571 eas
914 4510 1106 4579 fuisset
1148 4513 1395 4587 adeptus,
1421 4522 1671 4585 patenter
1718 4519 1949 4587 aper'uit.

372 4599 646 4669 Habemus
695 4600 816 4657 illas
863 4602 1005 4673 apud
1048 4602 1108 4658 S.
1149 4603 1462 4668 Medardum
1500 4608 1556 4663 in
1604 4607 1724 4665 loco
1750 4610 1954 4669 celebri

371 4691 669 4761 honorifice
695 4692 1007 4762 collocatas,
1147 4696 1216 4753 ab
1243 4697 1391 4750 omni
1430 4696 1629 4766 populo
1671 4712 1795 4767 cum
1835 4714 1957 4762 ma-

371 4796 477 4852 gna
502 4781 848 4836 veneratione
872 4781 1160 4848 coluntur;
1191 4783 1283 4838 sed
1313 4792 1494 4838 utrum
1520 4799 1616 4840 eas
1652 4785 1809 4844 nobis
1855 4788 1954 4846 ba-

372 4873 500 4927 bere
528 4870 708 4935 liceat,
740 4870 795 4924 in
820 4879 916 4926 tuo
934 4880 1130 4926 manet
1151 4872 1400 4928 arbitrio.
1430 4891 1451 4926 ι

446 4962 538 5017 24.
562 4962 658 5016 His
687 4961 909 5027 auditis,
937 4961 1255 5023 recordatus
1289 4979 1411 5019 sum
1459 4964 1590 5036 quid
1636 4965 1690 5022 in
1734 4967 1950 5036 itinere,

371 5072 481 5126 quo
522 5056 768 5127 proxime
814 5054 883 5119 ad
934 5052 1194 5125 palatium
1235 5055 1636 5127 proficiscebar,
1658 5072 1692 5114 a
1720 5059 1955 5129 quodam

375 5146 585 5214 hospite
612 5159 733 5200 meo
753 5144 1040 5209 audierim.
1065 5142 1168 5211 Qui
1191 5145 1334 5201 inter
1351 5154 1573 5213 castora,
1594 5164 1718 5218 quae
1740 5162 1953 5206 meeum

375 5236 734 5305 loquebatur:
766 5234 1049 5305 «Nunquid
1092 5236 1258 5302 nosti,
1299 5237 1398 5304 ait,
1437 5238 1616 5307 qualis
1657 5239 1725 5294 de
1753 5241 1957 5307 sanctis

375 5328 725 5403 martyribus,
749 5326 1061 5399 Marcellino
1086 5335 1140 5385 et
1166 5326 1348 5395 Petro,
1371 5343 1469 5401 per
1495 5327 1637 5388 banc
1677 5329 1956 5405 regionem

378 5506 476 5617 ιε’
512 5495 1504 5622 ῗὶῗέἐὲιῖῗὲἓέιίἲΐκῗῗοῶίωδ
1524 5513 1695 5569 ⁸³⁸⁸⁸³⁸
1714 5500 1782 5554 ³⁶¹
1802 5514 1952 5555 ¹¹¹¹¹¹¹’

453 5604 498 5674 δι’
521 5604 1558 5698 .ecelesia
1594 5638 1655 5695 S.
1694 5637 1958 5709 Medardi,

2058 434 2263 501 derem,
2289 443 2402 501 tum
2432 433 2521 491 ille
2545 451 2557 487 :
2587 451 2606 484 ‹
2627 434 2843 499 Dicunt,
2872 434 3073 505 inquit,
3099 436 3191 508 qui
3217 435 3285 493 de
3325 447 3519 493 sancto
3542 439 3655 497 Se-

2058 520 2304 578 bastiano
2336 523 2363 563 b
2385 524 2626 588 veniunt,
2654 523 2797 593 quod
2836 525 3122 595 presbyter
3156 524 3377 595 quidam
3407 525 3654 586 Hildoini

2057 612 2295 679 abbatis,
2325 613 2417 683 qui
2445 629 2549 673 una
2572 629 2698 677 cum
2736 615 2950 671 notario
2983 622 3076 671 tuo
3102 615 3331 674 Romam
3362 619 3660 689 protectus

2054 712 2162 770 est,
2202 720 2326 767 cum
2378 705 2502 769 inde
2553 713 2979 773 reverterentur,
3011 716 3087 773 et,
3113 709 3169 765 in
3212 710 3449 780 quodam
3480 711 3653 777 .loco,

2056 796 2332 851 communi
2344 796 2647 852 diversorio
2667 804 2968 863 uterentur,
2992 798 3100 853 tuis
3115 799 3368 854 omnibus
3378 801 3657 860 ebrietate

2057 900 2123 941 ac
2148 876 2339 943 somno
2364 886 2658 957 depressis,
2680 894 2735 944 et
2754 888 2809 942 id
2832 888 2976 957 quod
2997 889 3656 964 agebaturpenitusigno-

2058 978 2324 1042 rantibus,
2375 978 2596 1045 scrinia,
2633 978 2832 1049 quibus
2867 987 3182 1037 sanctorum
3235 996 3468 1051 corpora
3513 999 3655 1047 con-

2058 1068 2387 1135 tinebantur,
2419 1069 2740 1138 aperuisset,
2766 1083 2938 1139 eaque
2971 1070 3096 1125 inde
3118 1070 3450 1139 sustulisset,
3479 1064 3655 1145 atque

2058 1159 2246 1217 abiens
2269 1158 2521 1222 Hildoino
2542 1159 2844 1226 detulisset,
2864 1168 2921 1216 et
2965 1161 3123 1225 modo
3162 1162 3305 1232 apud
3334 1161 3394 1219 S.
3431 1163 3653 1229 κωπ-

2056 1251 2184 1307 dum
2213 1251 2433 1309 sintziu
2456 1251 2673 1311 scriniis
2697 1267 2829 1308 vero
2873 1252 2980 1315 tuis
3022 1267 3214 1321 parum
3252 1254 3512 1324 quiddam
3550 1270 3652 1313 sa-

2056 1343 2136 1399 cri
2170 1341 2407 1412 pulveris
2448 1342 2794 1409 remansisse,
2824 1342 2972 1412 quod
3009 1343 3080 1403 ad
3123 1351 3178 1399 te
3224 1358 3322 1413 per
3364 1347 3649 1403 notarium

2059 1441 2209 1489 tuum
2236 1431 2502 1502 perlatum
2527 1432 2619 1495 sit.
2648 1452 2668 1485 »
2691 1432 2894 1489 Horum
2919 1433 3297 1501 reminiscens,
3317 1449 3495 1505 eam
3513 1451 3646 1498 cum

2056 1522 2142 1577 bis
2160 1538 2282 1595 qua!
2310 1523 2380 1580 ab
2407 1523 2659 1584 Hildoino
2697 1522 3020 1584 dicebantur
3045 1523 3353 1591 conferens,
3379 1541 3491 1595 non
3522 1543 3647 1589 mo-

2057 1612 2177 1669 dica
2225 1614 2423 1673 mentis
2462 1612 2868 1683 perturbatione
2913 1622 3218 1679 commotus
3259 1630 3416 1683 sum;
3442 1617 3517 1680 ob
3542 1618 3651 1674 hoc

2058 1704 2349 1773 praecipue,
2380 1703 2507 1775 quia
2552 1704 2790 1769 nondum
2828 1703 3107 1759 inventum
3155 1704 3423 1773 habebam
3461 1707 3653 1765 causa-

2058 1792 2189 1847 lium
2226 1808 2335 1862 quo
2368 1792 2511 1846 illam
2549 1791 2939 1847 exsecrabilem
2977 1799 3141 1861 atque
3190 1794 3391 1848 astutia
3440 1794 3651 1851 diaboli

2056 1884 2255 1953 ubique
2274 1868 2601 1953 divulgatum
2626 1881 2825 1941 famam
2851 1880 3195 1953 exstinguere
3220 1898 3282 1951 ac
3301 1882 3370 1938 de
3387 1884 3653 1940 cordibus

2055 1972 2294 2043 deceptis
2335 1971 2696 2035 multitudinis
2730 1970 3000 2041 depellere
3043 1972 3360 2041 potuissem.
3396 1972 3535 2031 [llud
3568 1982 3653 2031 ta-

2056 2078 2178 2119 men
2208 2062 2471 2132 optimum
2508 2061 2744 2132 iudicavi
2790 2070 2851 2117 ut
2897 2061 3206 2129 Hildoinum
3259 2078 3510 2137 rogarem
3561 2066 3651 2129 id—

2055 2154 2230 2225 ipsum
2260 2152 2391 2208 mihi
2420 2152 2664 2217 reddere,
2679 2152 2823 2223 quod
2853 2153 2919 2214 de
2945 2153 3082 2209 meis
3108 2154 3325 2212 scriniis
3342 2156 3664 2228 subluitur),

2053 2243 2196 2299 ctad
2225 2258 2284 2301 se
2309 2243 2544 2307 delatum
2585 2256 2749 2316 atque
2791 2258 2824 2297 a
2868 2259 2930 2301 se
2975 2254 3276 2316 receptum,
3321 2258 3449 2318 post
3494 2248 3655 2319 illam

2053 2342 2407 2403 spontaneum
2433 2332 2849 2399 confessionem,
2871 2348 3069 2407 negare
3093 2350 3199 2391 non
3228 2345 3461 2405 poterat.
3481 2336 3650 2405 aliud

2054 2425 2220 2478 etiam
2249 2432 2450 2494 quanta
2484 2424 2634 2495 potui
2663 2423 2921 2483 instantia
2959 2424 3142 2489 facere
3168 2428 3387 2495 curavi;
3413 2437 3471 2486 et
3510 2429 3656 2489 licet

2053 2514 2144 2569 ille
2182 2515 2345 2585 paulo
2391 2514 2578 2570 durior
2602 2529 2667 2568 ac
2695 2512 2977 2585 difﬁcilior,
3004 2528 3176 2589 quam
3204 2524 3540 2588 optaveram,
3584 2521 3654 2577 in

2053 2604 2368 2659 assensione
2396 2603 2607 2668 fuisset,
2636 2603 2809 2659 victus
2845 2612 3026 2661 tamen
3067 2612 3154 2669 est
3196 2605 3487 2669 sedulitate
3518 2623 3655 2677 pre-

2053 2708 2177 2748 cum
2239 2708 2501 2760 mearum,
2551 2693 2826 2770 cessitque
2867 2694 3197 2772 improbitati
3244 2711 3398 2763 mete,
3449 2699 3545 2769 qui
3581 2714 3653 2755 se

2053 2782 2214 2855 paulo
2239 2790 2366 2837 ante
2387 2781 2586 2839 nullius
2606 2781 2861 2859 iussioni,
2884 2782 2938 2841 in
2978 2783 3081 2841 hac
3111 2785 3416 2857 prtescrtim
3454 2802 3651 2859 causa,

2054 2886 2336 2933 cessurum
2366 2872 2830 2941 pronuntiaverat.

2040 2960 2048 2965 ’
2129 2963 2220 3020 25.
2243 2963 2456 3020 interea
2476 2964 2659 3035 missis
2678 2964 2745 3019 ad
2767 2964 3068 3033 Batleicnm
3083 2974 3141 3022 et
3161 2965 3652 3035 Lunisonemlitte-

2056 3056 2377 3112 ris—erant
2401 3054 2546 3111 enim
2586 3055 2640 3111 in
2668 3069 2736 3110 eo
2771 3054 2909 3120 loco,
2945 3056 3035 3115 ubi
3080 3054 3375 3128 Martyrum
3408 3074 3651 3135 corpora
3727 3095 3736 3108 .

2053 3144 2581 3214 collocavi—qualis
2604 3159 2704 3221 per
2725 3152 2892 3201 totam
2923 3159 3062 3219 pene
3093 3145 3322 3213 Galliam
3349 3147 3418 3205 de
3449 3148 3652 3213 iisdem

2052 3235 2257 3293 sanctis
2288 3234 2616 3307 martyribus
2653 3233 2797 3297 fama
2830 3244 2992 3300 esset,
3024 3235 3104 3306 eis
3137 3235 3374 3293 indicare
3409 3237 3598 3294 curavi
3630 3255 3650 3294 :

2052 3325 2541 3389 commonefaeiens
2572 3340 2666 3382 eos
2691 3334 2747 3387 ut
2785 3324 3084 3397 cogitarent
3109 3325 3154 3381 si
3180 3324 3383 3399 aliquid
3415 3326 3525 3382 tale
3555 3326 3652 3385 vel

2053 3417 2232 3485 simile
2247 3417 2353 3482 bis,
2375 3431 2497 3486 qua:
2519 3415 2801 3479 Hildo'utus
2826 3419 2891 3470 de
2907 3414 3051 3476 facto
3061 3414 3253 3489 presby
3263 3416 3363 3475 teri
3388 3417 3475 3477 sui
3489 3432 3650 3474 asse-

2054 3510 2229 3575 rebat»
2256 3508 2312 3565 ill
2339 3507 2427 3562 Via
2451 3522 2638 3569 eorum
2683 3505 2883 3574 factum
2925 3505 3208 3561 advertere
3242 3505 3328 3562 vel
3364 3507 3649 3564 reminisd

2052 3600 2374 3672 potuissent.
2398 3599 2501 3667 Qui
2528 3599 2712 3657 statim
2741 3597 2809 3655 ad
2837 3611 2923 3655 me
2948 3596 3003 3653 in
3046 3596 3305 3669 palatium
3337 3599 3646 3665 venientes,

2052 3689 2208 3745 valde
2232 3688 2503 3761 disparem
2532 3688 2638 3753 bis,
2661 3703 2782 3758 quae
2822 3685 3104 3749 Hildoinus
3132 3687 3369 3754 dicebat,
3400 3686 3646 3747 fabulam

2053 3778 2376 3845 detulerunt.
2402 3778 2533 3837 Nam
2562 3777 2616 3832 in
2645 3776 2835 3847 primis
2861 3776 3066 3844 omnia,
3096 3792 3219 3851 qua:
3240 3778 3525 3851 presbyter
3549 3779 3648 3836 ille

2054 3868 2307 3927 Hildoino
2335 3868 2615 3935 retulerat,
2636 3866 2772 3935 falsa
2801 3882 2918 3929 esse
2949 3868 3128 3935 testati
3161 3877 3516 3941 summeque
3558 3870 3646 3925 ul-

2053 3957 2161 4014 lam
2190 3969 2377 4028 postea
2401 3973 2563 4029 quam
2591 3955 2758 4013 Roma
2783 3958 3055 4029 exierunt,
3083 3958 3166 4027 vel
3206 3958 3281 4027 illi
3318 3961 3645 4040 presbytero

2052 4050 2138 4107 vel
2158 4050 2379 4107 cuilibet
2402 4049 2556 4105 alteri
2578 4049 2757 4119 datam
2778 4048 2946 4115 fuisse
2963 4050 3330 4119 occasionem,
3350 4067 3453 4123 per
3470 4068 3639 4126 quam

2054 4142 2125 4207 ad
2166 4140 2430 4212 ejusmodi
2469 4139 2680 4196 facinus
2716 4141 3138 4215 perpetrandum
3183 4142 3387 4203 aditum
3435 4143 3643 4200 habere

2052 4234 2337 4306 potuisset.
2367 4233 2472 4290 Sed
2501 4233 2606 4288 hoc
2647 4232 2822 4304 ipsum
2861 4233 3005 4303 quod
3028 4232 3097 4291 de
3135 4234 3311 4289 sacris
3341 4233 3640 4305 Martyrum

2054 4326 2330 4391 cineribus
2351 4325 2506 4380 aliter
2543 4332 2707 4394 atque
2747 4324 3006 4393 debuerat
3043 4325 3307 4383 accidisse
3325 4326 3638 4395 constabat,

2055 4417 2259 4487 Romae,
2284 4417 2339 4471 in
2362 4417 2523 4485 domo
2554 4414 2868 4488 Deusdenae,
2892 4428 2990 4485 per
3027 4416 3313 4479 avaritiam
3346 4415 3645 4483 Lunisonis

2052 4515 2109 4563 et
2129 4506 2399 4567 vafritiam
2432 4505 2715 4573 memorati
2734 4506 3042 4577 presbyteri
3065 4507 3377 4580 contigisse,
3401 4522 3469 4563 eo
3488 4509 3641 4565 vide-

2054 4599 2182 4673 licet
2208 4605 2447 4668 tempore
2472 4613 2579 4667 quo
2600 4612 2796 4670 corpus
2835 4597 2979 4661 beati
3011 4597 3329 4669 Marcellini,
3352 4599 3420 4656 de
3453 4600 3641 4663 tumba

2058 4705 2156 4759 sua
2192 4688 2484 4759 sublattun,
2514 4689 2568 4744 in
2606 4689 2768 4745 domo
2801 4688 3102 4757 Deusdma:
3149 4691 3489 4759 servabatur,
3523 4706 3640 4755 mo—

2056 4781 2291 4850 dumque
2313 4778 2440 4835 facti
2463 4780 2623 4835 talem
2669 4779 2836 4835 fuisse
2877 4780 3152 4835 dixerunt.
3181 4778 3513 4836 Memoratus
3545 4783 3639 4837 ille

2058 4870 2291 4936 Bildoini
2313 4871 2613 4941 presbyter,
2637 4884 2753 4939 spe,
2776 4883 2939 4938 quam
2964 4870 3033 4925 de
3050 4869 3224 4925 sancti
3257 4869 3487 4932 Tiburtii
3518 4887 3639 4926 cer-

2056 4977 2188 5034 pore
2214 4961 2558 5031 adipiscendo
2593 4967 2935 5031 conceperat,
2969 4958 3285 5029 frustratus,
3316 4973 3386 5016 ne
3418 4963 3638 5017 omnino

2056 5068 2262 5108 vacuus
2302 5052 2371 5106 ad
2416 5051 2691 5105 dominum
2734 5065 2890 5111 suum
2932 5058 3320 5117 reverteretur,
3364 5051 3507 5123 quod
3535 5051 3638 5109 fide

2056 5157 2167 5205 non
2190 5149 2422 5211 natent,
2445 5138 2634 5201 fraude
2671 5140 2887 5209 assequi
2912 5139 3132 5199 molitus
3158 5149 3264 5203 est.
3301 5140 3440 5198 Nam
3474 5141 3634 5197 ι.υηί-

2055 5249 2241 5290 sonem
2263 5249 2571 5305 aggressus,
2596 5232 2720 5304 quia
2743 5238 3032 5304 pauperem
3055 5248 3122 5288 ac
3141 5233 3373 5304 proinde
3384 5233 3633 5306 cupidum

2053 5338 2175 5395 esse
2208 5331 2553 5395 cognoverat,
2572 5322 2766 5378 oblatis
2805 5322 2855 5378 ei
2894 5329 3127 5403 quatuor
3161 5322 3344 5395 aureis
3382 5321 3641 5386 nummis.

2058 5498 2152 5554 ubi
2171 5498 2601 5568 reliquireuncti
2630 5497 2938 5554 Sebastiani
2967 5500 3366 5556 consuerant
3387 5501 3498 5555 τίω
3518 5515 3637 5556 rur-

2060 5586 2181 5626 sum
2210 5571 2373 5632 infra,
2401 5585 2550 5623 tium.
2571 5568 2661 5635 87,
2681 5570 2902 5638 quidam
2928 5571 3122 5627 ductu
3141 5571 3341 5627 dicitur
3363 5572 3435 5629 ad
3454 5569 3634 5634 εδει

2061 5638 2393 5697 bastianum.
