3976 6170
288 301 386 357 553

1120 300 1298 359 lllST.
1343 304 1733 363 TRANSLAT.
1777 306 1882 363 BB.
1923 306 2339 365 MARCELLINI
2379 307 2468 365 ET
2507 307 2733 365 PETRI.

3436 310 3542 367 εει

286 412 566 485 quinisque
590 410 799 479 argenti
829 406 1035 478 solidis,
1064 412 1130 467 ad
1158 415 1519 483 proditionem
1556 417 1858 473 faciendam
1886 429 1937 489 Α
1964 418 2031 473 ad
2057 418 2354 473 oratorium
2398 425 2643 475 nostrum
2679 431 2777 473 nos
2821 416 3016 473 fecisse
3056 417 3190 483 dixi,
3217 416 3347 489 quid
3381 419 3548 475 mira-

287 503 471 558 illexit.
517 499 804 569 Accipiens
840 502 984 556 enim
1035 503 1273 559 oblatam
1322 508 1625 576 pecuniam,
1655 523 1861 574 arcam,

287 596 341 651 in
371 609 473 663 qua
499 607 697 663 corpus
721 594 866 649 beati
889 594 1182 650 Marcellini
1224 607 1344 651 erat
1380 615 1409 653 a
1447 599 1733 655 Deusdona
1770 600 1864 656 de-

287 688 510 750 positum
531 696 692 755 atque
714 685 1000 752 inclusum,
1038 688 1273 756 aperuit,
1316 697 1371 743 et
1415 690 1490 744 illi
1532 691 1864 761 nequissimo

287 775 531 830 nebuloni
575 773 854 829 auferendi
875 791 942 830 ex
963 790 1027 830 ea
1075 778 1218 847 quod
1268 779 1449 845 vellet,
1490 781 1703 849 qualem
1749 781 1865 851 ipse

283 875 579 936 optaverat,
598 874 919 935 potestatem
944 866 1090 922 fecit.
1114 868 1224 924 Nec
1247 869 1337 926 ille
1358 871 1413 925 in
1435 888 1500 928 ea
1524 874 1713 943 rapina
1736 889 1861 942 par-

282 975 375 1015 cns
404 959 674 1013 hiitmam
703 967 912 1013 tantum
942 959 1006 1014 de
1028 961 1199 1015 sacris
1233 962 1376 1017 beati
1396 962 1648 1036 Martyris
1673 964 1866 1019 cineri-

282 1053 380 1107 bus
394 1051 633 1117 sustulit,
655 1060 917 1122 quantum
938 1066 1034 1107 vas
1054 1053 1280 1109 sextarii
1305 1070 1612 1110 mensuram
1636 1056 1863 1123 habens,

282 1158 473 1214 capere
494 1157 655 1213 posse
684 1143 983 1197 videbatur.
1030 1142 1144 1199 Hoc
1178 1158 1244 1200 eo
1281 1145 1444 1200 modo
1481 1138 1681 1201 factum
1723 1161 1861 1210 esse,

280 1235 393 1306 ipse
413 1236 506 1305 qui
531 1235 586 1289 id
609 1249 733 1288 cum
758 1242 1060 1289 memorato
1080 1236 1398 1307 presbytero
1423 1238 1764 1300 machinatus
1786 1246 1869 1293 est

280 1326 501 1390 Luniso,
534 1325 758 1395 pedibus
787 1325 924 1380 meis
945 1326 1285 1396 provolutus,
1306 1324 1488 1383 ﬂendo
1512 1335 1742 1383 testatus
1761 1334 1862 1382 est.

346 1414 436 1470 26.
479 1415 618 1469 Tum
647 1430 767 1485 ego,
808 1415 889 1470 rei
936 1416 1166 1471 veritate
1217 1425 1524 1488 comperta,
1567 1419 1867 1474 Ratleicum

280 1519 343 1559 ac
379 1504 709 1560 Lunisoncm
742 1520 810 1560 eo
836 1506 982 1561 unde
1007 1515 1273 1561 venerant
1302 1508 1479 1564 redire
1507 1509 1760 1580 praecepi.
1789 1508 1869 1565 Ac

280 1595 477 1651 deinde
505 1610 628 1650 cum
657 1594 905 1651 Hildoino
932 1597 1175 1662 locutus,
1216 1600 1573 1655 conventione
1601 1601 1744 1655 inter
1770 1615 1869 1655 nos

280 1682 444 1749 facta,
476 1684 691 1755 quando
711 1700 883 1740 sacrm
908 1687 1042 1741 mihi
1065 1686 1307 1757 reliquie:
1334 1689 1712 1757 redderentur,
1734 1692 1869 1747 duos

1965 508 2071 563 culi
2100 508 2379 574 acciderit,
2409 522 2604 563 censeo
2633 522 2742 562 non
2775 522 2893 563 esse
2917 508 3221 562 tacendum.
3263 508 3552 579 Egredien-

1966 599 2109 654 tibus
2154 600 2300 654 enim
2347 599 2503 654 nobis
2546 599 2615 654 de
2644 598 2871 653 ecclesia
2897 638 2912 663 ,
2953 598 3275 668 laudemque
3319 599 3551 656 Domino

1964 688 2077 742 Deo
2101 695 2292 743 nostro
2321 687 2537 743 excelsa
2563 700 2698 743 voce
2737 687 3059 745 canentibus
3081 727 3096 754 ,
3140 696 3290 752 tanta
3317 690 3400 745 vis
3425 706 3552 746 sua-

1965 779 2173 833 vissimi
2217 779 2402 835 odoris
2448 794 2570 834 eam
2615 789 2827 849 partem
2874 781 2979 836 vici
3006 781 3295 852 Aquensis,
3337 784 3552 854 quaeab

1965 869 2198 925 ecclesia
2221 871 2289 926 ad
2313 869 2651 925 occidentem
2681 870 2937 940 respicit,
2974 879 3145 927 totam
3176 873 3452 946 implevit,
3491 884 3554 932 ut

1967 959 2055 1013 illa
2086 958 2353 1031 fragantia
2400 975 2539 1030 pene
2577 974 2767 1016 omnes
2808 959 3051 1029 ejusdem
3079 964 3253 1031 partis
3281 965 3555 1021 habitato-

1967 1063 2057 1104 res
2080 1088 2096 1113 ,
2139 1050 2380 1118 itemque
2420 1050 2700 1117 universi,
2748 1052 2839 1121 qui
2881 1066 2982 1121 pro
3007 1052 3337 1121 quibuslibet
3371 1057 3556 1111 causis

1968 1147 2133 1209 atque
2170 1141 2402 1211 negotiis
2451 1141 2641 1196 eadem
2687 1143 2742 1197 in
2779 1151 2935 1212 parte
2978 1142 3194 1199 fuerant
3240 1147 3550 1213 constituti,

1970 1230 2046 1283 ita
2091 1229 2352 1285 divinitus
2401 1241 2892 1299 commoverentur,
2942 1242 3004 1287 ut
3044 1232 3262 1289 omissis
3288 1275 3303 1300 ,
3344 1250 3466 1305 qua:
3498 1237 3555 1291 in

1968 1321 2219 1376 manibus
2251 1322 2593 1377 habebantur
2612 1323 2888 1393 operibus,
2933 1325 3113 1380 cuncti
3136 1342 3301 1383 cursu
3324 1328 3557 1397 rapidis-

1970 1410 2108 1464 simo
2129 1410 2306 1479 primo
2328 1411 2395 1465 ad
2422 1410 2730 1477 ecclesiam,
2758 1413 2954 1470 deinde
2974 1416 3126 1484 quasi
3152 1431 3251 1486 per
3270 1418 3557 1488 vestigium

1970 1499 2040 1552 ad
2065 1499 2363 1553 oratorium
2394 1509 2661 1567 nostrum,
2694 1501 2750 1555 in
2783 1503 2928 1573 quod
2948 1503 3067 1559 illas
3095 1506 3351 1575 reliquias
3381 1507 3557 1562 illatas

1971 1602 2093 1643 esse
2123 1588 2432 1655 audierant,
2477 1605 2820 1661 summopere
2846 1592 3193 1650 festinarent.
3250 1596 3559 1655 Fitimmo-

1972 1677 2128 1733 dicus
2155 1678 2299 1732 intra
2338 1686 2490 1749 septa
2539 1690 2726 1736 nostra
2769 1683 3062 1739 exultantis
3090 1685 3250 1739 simul
3280 1695 3440 1757 atque
3465 1690 3561 1745 ad-

280 1775 509 1831 clericos
535 1775 603 1830 de
624 1776 786 1831 domo
813 1784 1031 1843 nostra,
1062 1776 1378 1834 liiitfridum
1406 1780 1658 1837 videlicet
1691 1797 1755 1837 ac
1774 1782 1868 1837 ‘Fi-
1896 1776 1944 1836 B
1972 1766 2223 1835 mirantis
2250 1766 2432 1837 ΡοΡυῙῙ
2472 1784 2806 1837 concursus;
2839 1780 2894 1827 ει
2919 1788 3043 1827 cum
3081 1790 3276 1846 ωθεηει
3314 1791 3442 1846 pars
3467 1792 3560 1833 θο-

270 1862 768 1925 ,ιίωθι-ιιω-διιθτ
795 1867 1103 1937 presbyter,
1135 1866 1280 1923 alter
1305 1870 1671 1927 subdiaconus
1700 1884 1727 1913 ι
1749 1880 1869 1927 erat

278 1982 347 1991 —
371 1953 446 2008 ad
473 1953 814 2023 recipiendas
843 1969 939 2010 eas
963 1955 1265 2026 Augustam
1300 1956 1653 2015 Suessionum
1686 1962 1717 2008 b
1753 1977 1871 2032 per-

276 2058 406 2112 gere
428 2041 605 2111 jussi:
639 2045 862 2101 mittens
908 2061 1007 2116 per
1034 2049 1253 2104 eosdem
1287 2050 1357 2105 ad
1392 2049 1569 2106 locum
1590 2092 1606 2117 ,
1660 2052 1728 2107 de
1761 2069 1869 2123 quo

278 2131 485 2186 eadem
513 2132 753 2203 reliquiae
781 2131 1088 2190 auferendae
1111 2145 1289 2203 erant,
1323 2138 1720 2197 benedictionis
1746 2158 1869 2213 gra-

278 2220 378 2287 tia,
420 2238 671 2279 nummos
719 2239 916 2280 aureos
962 2240 1189 2282 numero
1237 2236 1474 2291 centum.
1538 2230 1641 2297 Qui
1680 2232 1773 2287 ubi
1801 2234 1870 2288 ad

276 2303 672 2369 monasterium
701 2312 758 2368 S.
799 2313 1039 2370 Medardi
1076 2316 1130 2369 in
1164 2315 1253 2371 die
1281 2316 1587 2374 Palmarmn
1626 2331 1649 2360 α
1686 2322 1869 2376 venis-

273 2414 406 2460 sent
424 2446 440 2470 ,
468 2420 566 2472 per
608 2405 852 2461 triduum
878 2406 955 2460 ibi
988 2408 1187 2462 morati
1222 2417 1350 2463 sunt
1382 2428 1396 2463 :
1426 2419 1482 2466 et
1507 2421 1728 2482 recepto
1757 2414 1869 2481 illo,

275 2502 513 2566 propter
536 2502 698 2564 quem
720 2496 875 2551 missi
895 2494 1131 2563 fuerant,
1160 2498 1570 2568 incomparabili
1596 2503 1870 2571 thesauro,

272 2584 670 2639 comitantibus
715 2600 898 2641 secum
944 2586 1153 2644 duobus
1189 2603 1255 2643 ex
1300 2590 1489 2647 eodem
1540 2596 1874 2652 monasterio

275 2672 583 2741 fratribus,
613 2685 815 2744 quanta
845 2684 1139 2747 potuerunt
1173 2679 1453 2737 celeritate
1471 2722 1488 2748 ,
1516 2683 1584 2737 ad
1613 2684 1875 2753 palatium

273 2764 493 2820 reversi
524 2776 680 2833 sunt;
711 2767 970 2838 reliquias
997 2778 1175 2826 tamen
1214 2785 1325 2827 non
1351 2772 1507 2839 mihi,
1538 2777 1637 2831 sed
1669 2776 1873 2833 Hildoi-

274 2871 348 2911 no
374 2855 729 2912 .detulerunt.
791 2858 938 2925 Quas
966 2859 1056 2915 ille
1081 2862 1351 2933 recipiens
1367 2904 1382 2930 ,
1422 2863 1478 2920 in
1502 2867 1744 2923 oratorio
1770 2868 1869 2924 do-

274 2963 403 3003 mus
432 2962 544 3003 sua:
572 2947 700 3011 fecit
726 2952 1007 3019 custodiri,
1041 2968 1215 3025 usque
1250 2956 1378 3011 dum
1401 2997 1417 3023 ,
1449 2958 1742 3016 transactis
1771 2959 1873 3016 Pa-

274 3039 486 3095 schalis
513 3038 640 3096 festi
680 3042 1156 3112 occupationibus,
1204 3060 1436 3101 vacuum
1463 3055 1675 3119 tempus
1704 3049 1871 3105 babe-

1973 1874 2114 1923 rum,
2146 1858 2237 1926 qui
2266 1855 2669 1927 conﬂuxerant,
2720 1861 2775 1915 id
2803 1862 2949 1932 quod
2974 1864 3236 1935 agebatur
3263 1866 3391 1935 quid
3416 1875 3565 1923 esset

1965 1947 2266 2021 ignoraret,
2292 1949 2490 2019 gaudio
2520 1959 2698 2006 tamen
2733 1962 2790 2007 et
2824 1952 3155 2011 exultatione
3187 1955 3378 2027 repleti
3400 1999 3418 2026 ,
3462 1959 3560 2015 Dei

1970 2037 2362 2107 omnipotentis
2389 2040 2820 2098 misericordiam
2850 2044 3246 2102 collaudabant.

2040 2125 2130 2182 28.
2173 2126 2470 2200 Postquam
2497 2139 2714 2199 autem,
2747 2131 2889 2188 fama
2936 2135 3334 2204 crebrescente,
3387 2138 3563 2195 divul«

1972 2224 2158 2287 gatum
2208 2226 2294 2273 est
2336 2218 2594 2289 reliquias
2646 2222 2821 2278 sancti
2874 2220 3171 2281 Marcellini
3218 2229 3475 2300 martyris
3505 2229 3564 2286 in

1971 2320 2098 2360 eum
2138 2305 2319 2362 locum
2361 2324 2483 2364 esse
2508 2310 2741 2377 delatas,
2789 2326 2896 2371 non
2923 2315 3098 2371 solum
3126 2316 3191 2371 de
3216 2306 3407 2374 eodem
3439 2318 3564 2376 vico

1971 2390 2237 2467 Aquensi,
2274 2408 2331 2455 et
2354 2401 2547 2457 vicinis
2577 2412 2740 2473 atque
2762 2400 3135 2476 adjacentibus
3161 2408 3304 2466 villis
3328 2451 3344 2478 ,
3372 2427 3563 2468 verum

1973 2486 2141 2540 etiam
2183 2487 2252 2543 de
2295 2489 2763 2561 longinquioribus
2810 2493 2943 2549 locis
2989 2510 3053 2551 ac
3087 2498 3243 2570 pagis
3284 2500 3420 2555 adeo
3449 2500 3560 2556 fre-

1973 2593 2148 2648 quens
2176 2589 2338 2650 atque
2369 2582 2622 2639 immanis
2649 2584 2937 2641 multitudo
2963 2599 3288 2661 congregata
3326 2600 3410 2648 est
3433 2633 3448 2659 ,
3503 2607 3564 2651 ut

1974 2669 2132 2725 nobis
2178 2672 2247 2726 ad
2293 2670 2529 2728 oliicium
2570 2673 2624 2730 in
2667 2676 2857 2732 eodem
2884 2680 3123 2735 oratorio
3152 2680 3562 2753 celebrandum,

1974 2769 2176 2831 praeter
2200 2765 2541 2833 vespertinas
2570 2766 2734 2822 horas
2763 2775 2925 2838 atque
2950 2780 3276 2838 nocturnas,
3303 2772 3449 2830 haud
3482 2774 3566 2831 ἢν

1974 2852 2094 2909 cilis
2122 2862 2332 2925 pateret
2365 2856 2637 2914 introitus.
2680 2859 3104 2917 Adducebantur
3137 2864 3377 2935 undique
3414 2866 3567 2923 debi-

1973 2940 2078 3009 les,
2121 2953 2177 2999 et
2201 2946 2371 3001 variis
2396 2945 2575 3004 aﬂ‘ecti
2606 2948 2959 3021 languoribus
2978 2992 2993 3018 ,
3039 2967 3185 3008 eirea
3211 2956 3439 3011 oratorii
3468 2972 3566 3027 pa-

1977 3031 2165 3099 rietes,
2197 3048 2227 3088 a
2249 3036 2569 3107 propinquis
2592 3038 2707 3094 suis
2734 3047 2899 3108 atque
2919 3041 3110 3099 amicis
3137 3043 3562 3102 collocabantur.

277 3139 383 3197 ι-ει,
412 3146 525 3201 quo
548 3131 682 3187 mihi
710 3132 799 3199 id,
828 3133 973 3203 quod
999 3134 1332 3191 reddendum
1357 3145 1507 3205 erat,
1553 3141 1871 3211 priusquam
1898 3119 1943 3182 C
1976 3123 2203 3180 Videres
2249 3126 2322 3181 ibi
2369 3142 2507 3197 pene
2555 3129 2739 3184 omnia
2782 3129 3157 3188 infirmitatem
3199 3149 3396 3207 genera
3420 3176 3436 3205 ,
3466 3152 3569 3207 per

278 3224 570 3289 redderet,
629 3225 918 3281 ostendere
960 3217 1245 3296 patuisset.
1303 3226 1708 3301 60mpletisque
1749 3238 1874 3303 post

273 3326 533 3373 sanctum
575 3316 783 3372 Pascha
819 3327 944 3373 octo
986 3317 1072 3374 vel
1113 3333 1179 3374 eo
1215 3320 1448 3389 amplius
1495 3321 1708 3388 diebus,
1745 3336 1870 3381 cum

276 3424 373 3465 rex
396 3407 636 3465 venandi
659 3408 831 3478 gratia
861 3409 928 3463 de
966 3407 1167 3477 palatio
1209 3408 1404 3466 fuisset
1435 3424 1710 3481 egressus,
1756 3411 1871 3467 Hil-

275 3500 514 3565 doinus,
564 3500 862 3555 secundum
892 3500 1036 3571 quod
1071 3500 1214 3556 inter
1239 3516 1339 3557 nos
1361 3511 1726 3569 convenerat,
1757 3519 1871 3559 me-

275 3591 513 3647 moratis
542 3590 786 3659 reliquiis
817 3590 884 3644 de
908 3590 1149 3647 oratorio
1178 3606 1276 3646 suo
1295 3632 1311 3657 ,
1365 3593 1458 3648 ubi
1487 3594 1866 3657 servabantur,

278 3683 520 3741 sublatis
549 3691 714 3751 atque
736 3682 973 3739 basilica“:
998 3681 1057 3737 S.
1090 3683 1187 3743 Dei
1212 3684 1495 3755 genitricis
1514 3684 1705 3751 illatis,
1735 3685 1871 3740 alta-

274 3774 439 3845 rique
472 3772 826 3844 superpositis
847 3812 865 3838 ,
914 3786 1001 3828 me
1029 3780 1090 3828 ut
1127 3788 1221 3831 eas
1248 3775 1582 3846 susciperem
1624 3775 1756 3831 fecit
1779 3791 1873 3831 ac-

276 3864 398 3920 ciri.
448 3863 588 3919 Tum
614 3879 833 3934 capsum
856 3903 872 3929 ,
915 3863 971 3918 in
1010 3880 1117 3934 qua
1158 3865 1405 3935 reliquiae
1424 3866 1866 3931 continebantur,

275 3955 557 4026 aperiens,
588 3952 826 4008 ostendit
850 3953 986 4008 mihi
1014 3962 1075 4006 ut
1100 3953 1339 4009 viderem
1366 3954 1499 4024 quid
1524 3962 1691 4020 esset,
1724 3956 1871 4024 quod

275 4056 333 4105 et
364 4048 466 4104 ille
493 4047 765 4113 redderet,
787 4054 845 4102 et
868 4045 1014 4116 quod
1036 4061 1144 4117 ego
1167 4047 1486 4116 reciperem.

347 4140 445 4199 27.
487 4137 624 4194 Exin
650 4137 921 4193 sublatam
949 4136 1019 4191 de
1039 4137 1202 4191 altari
1231 4138 1475 4193 eamdem
1501 4154 1719 4210 capsam
1759 4156 1872 4197 ma—

279 4236 445 4291 nibus
472 4234 608 4288 meis
635 4232 893 4302 imposuit
915 4272 930 4297 ,
981 4231 1216 4301 dataque
1240 4233 1485 4290 oratione
1519 4235 1870 4305 competenti,

278 4326 638 4398 praeeuntis
661 4326 827 4382 etiam
846 4324 1026 4382 oﬁicio
1048 4326 1296 4396 functus,
1345 4330 1699 4399 antiphonam
1723 4330 1871 4386 laudi

282 4427 594 4489 martme
624 4417 1039 4473 convenientem
1074 4418 1285 4474 clericis
1318 4421 1386 4475 ad
1411 4420 1750 4491 psallendum
1778 4436 1873 4493 pa-

283 4514 419 4565 ratis
448 4508 743 4578 imposuit;
790 4524 998 4579 nosque
1044 4525 1169 4565 cum
1216 4510 1310 4566 illo
1349 4511 1710 4568 inaestimabili
1754 4514 1876 4569 the-

282 4614 453 4667 sauno
497 4600 813 4655 recedentes
836 4639 853 4666 ,
896 4614 1071 4670 usque
1106 4600 1176 4655 ad
1211 4601 1409 4656 ostium
1433 4601 1670 4658 basilicae
1693 4605 1876 4659 conci-

285 4689 472 4745 nendo
497 4697 819 4758 prosecutus
861 4698 969 4745 est.
1034 4689 1409 4747 Processimus
1449 4692 1577 4748 inde
1611 4692 1875 4763 paulatim

283 4796 407 4838 eum
430 4782 688 4837 crucibus
712 4790 769 4837 et
794 4783 990 4850 cereis,
1019 4782 1301 4838 laudantes
1325 4783 1538 4838 Domini
1565 4786 1877 4840 misericors-

284 4872 432 4929 diam
450 4913 468 4940 ,
507 4886 682 4942 usque
722 4874 790 4927 ad
827 4874 1126 4930 oratorium
1144 4912 1161 4938 ,
1187 4872 1336 4942 quod
1361 4881 1479 4927 erat
1506 4873 1561 4927 in
1589 4874 1750 4929 domo
1778 4889 1877 4929 no-

285 4972 398 5019 stra
419 5002 436 5029 ,
489 4962 585 5018 vili
625 4976 790 5033 opere
813 4970 1218 5027 constructum;
1247 4962 1406 5031 eique
1425 5001 1440 5028 ,
1469 4962 1599 5031 quia
1626 4962 1772 5017 aliud
1796 4963 1872 5019 ibi

286 5068 397 5109 non
423 5054 745 5120 habebatur,
790 5053 909 5108 illas
946 5068 1130 5109 sacras
1152 5053 1415 5124 reliquias
1442 5052 1745 5108 intulimus.
1809 5053 1867 5108 ln

288 5144 377 5201 illa
400 5162 533 5202 vero
552 5147 896 5216 processione
924 5155 1129 5212 nostra,
1161 5160 1323 5217 quam
1352 5144 1419 5201 de
1445 5144 1672 5202 basilica
1696 5160 1869 5216 usque

360 5313 387 5383 ξ
428 5299 711 5383 {inquibus
736 5299 1014 5353 diaconus.

360 5370 391 5410 ι’
430 5370 591 5425 Suria
623 5370 958 5425 Sueuorum.

362 5451 387 5480 ο
428 5440 571 5511 Ergo
600 5441 667 5494 14
685 5437 923 5511 Aprilis:
950 5451 1076 5493 nam
1096 5437 1307 5493 Pascha
1339 5452 1404 5495 eo
1426 5452 1568 5494 anno
1597 5438 1699 5495 827
1724 5439 1865 5495 cele-

288 5509 556 5564 brandum
585 5518 706 5565 erat
727 5509 816 5563 2i.

360 5580 389 5618 ά
427 5581 619 5651 Aliqua
647 5596 714 5634 ex
742 5578 1021 5636 miraculis
1052 5575 1195 5631 infra
1232 5584 1348 5634 toto
1384 5578 1562 5649 capite
1584 5585 1740 5634 sexto
1776 5592 1864 5634 re-

292 5649 558 5704 tertiatur.

365 5731 390 5758 ο
430 5719 588 5777 Surio
626 5718 1022 5790 Ludavestropf.
1051 5716 1274 5775 Fluvius
1319 5718 1428 5775 Ara
1457 5760 1472 5788 ,
1501 5719 1587 5776 cui
1633 5717 1867 5790 adiacet,

690 5812 960 5875 PATROL.
990 5811 1160 5875 CIV.

1972 3212 2228 3271 virtutem
2255 3214 2458 3274 Christi
2486 3218 2733 3288 Domini,
2772 3228 2827 3277 et
2860 3237 2961 3293 per
2983 3225 3236 3281 meritum
3264 3226 3565 3284 beatissimi

1972 3308 2253 3377 martyris,
2282 3306 2336 3363 iii
2367 3312 2517 3367 omni
2538 3327 2672 3368 sexu
2700 3320 2757 3368 et
2780 3322 2942 3371 aetate
2958 3317 3158 3373 curari.
3201 3317 3372 3376 Grecis
3393 3320 3565 3388 visus,

1972 3398 2180 3455 claudis
2210 3400 2473 3470 incessus,
2503 3404 2683 3460 surdis
2705 3406 2947 3475 auditus,
2980 3411 3146 3465 mutis
3175 3425 3356 3469 sermo
3380 3411 3561 3469 reddi-

1972 3496 2088 3555 tur;
2121 3490 2407 3563 paralytici
2435 3493 2623 3560 etiam,
2656 3502 2711 3552 et
2750 3496 2845 3567 qui
2886 3499 3053 3553 totius
3081 3501 3330 3569 corporis
3355 3502 3564 3558 viribus

1971 3581 2251 3650 destituti,
2300 3585 2492 3642 alienis
2536 3589 2788 3645 manibus
2833 3593 3104 3662 apportati
3143 3603 3288 3660 sunt,
3333 3597 3566 3652 sanitate

1972 3685 2214 3745 recepta,
2251 3679 2486 3747 propriis
2510 3680 2737 3750 pedibus
2768 3682 2837 3736 ad
2866 3698 2964 3737 sua
2993 3684 3407 3740 revertebantur
3428 3686 3478 3740 ἀ.

2042 3768 2135 3825 29.
2174 3769 2303 3826 Haec
2344 3772 2437 3826 ubi
2481 3774 2550 3826 ad
2590 3774 2770 3845 regias
2815 3789 2976 3830 aures
3018 3775 3281 3831 relatione
3327 3776 3566 3835 Hildoini

1971 3860 2179 3932 perlata
2205 3870 2349 3928 sunt,
2382 3864 2571 3918 statuit
2596 3865 2774 3934 primo
2793 3875 2854 3920 ut
2880 3868 2948 3922 ad
2972 3868 3232 3937 palatium
3258 3884 3562 3942 regressus.

1972 3951 2273 4006 oratorium
2311 3960 2557 4008 nostrum
2585 3994 2600 4019 ,
2632 3954 2686 4008 in
2714 3970 2823 4024 quo
2858 3955 2975 4012 haec
3004 3957 3239 4025 fiebant,
3266 3970 3566 4033 martyrem

1972 4043 2392 4099 venerabundus
2437 4045 2764 4102 accederet:
2796 4048 2890 4103 sed
2919 4063 2987 4105 ne
3013 4049 3066 4105 id
3094 4048 3324 4118 faceret,
3371 4052 3563 4110 eodem

1973 4132 2228 4191 Hildoino
2254 4144 2601 4207 suggerente,
2625 4137 2930 4207 prohibitus
2951 4182 2966 4207 ,
3003 4142 3071 4197 ad
3095 4139 3355 4213 majorem
3378 4142 3565 4200 basili-

1974 4241 2094 4281 cam
2138 4226 2397 4297 reliquias
2427 4224 2626 4283 deferri
2654 4230 2911 4301 prazcepit
2937 4231 3166 4303 ,Jbique
3193 4233 3424 4302 delatas,
3460 4235 3565 4292 hu-

1975 4317 2089 4372 mili
2117 4317 2510 4389 Supplicatione
2536 4329 2827 4377 veneratus
2857 4331 2967 4391 est,
3013 4323 3408 4399 celebratisque
3429 4327 3564 4387 mis-

1979 4423 2164 4465 sarum
2191 4409 2489 4477 solemniis,
2514 4411 2711 4467 obtulit
2737 4412 2912 4469 beatis
2943 4415 3302 4486 martyribus,
3334 4416 3564 4473 Marcel-

1897 4468 1952 4531 D
1979 4499 2090 4555 lino
2136 4508 2199 4555 et
2231 4498 2415 4566 Petro,
2470 4468 2742 4570 quoddam
2797 4468 3134 4572 praediolum,
3187 4468 3562 4576 situm—iuxta

1975 4589 2200 4661 fluvium
2223 4591 2411 4657 Aram,
2435 4593 2699 4648 vocabulo
2713 4591 3092 4648 Ludovesdorf
3109 4605 3156 4662 ο,
3173 4595 3381 4671 habens
3407 4612 3563 4653 man-

1976 4699 2068 4740 sos
2103 4685 2412 4753 quindecim
2438 4693 2494 4740 et
2529 4685 2813 4740 vinearum
2841 4685 3128 4755 aripennes
3149 4700 3364 4742 novem.
3391 4687 3562 4744 Obtu-

1977 4774 2042 4829 lit
2070 4782 2128 4829 et
2160 4774 2348 4845 regina
2378 4775 2652 4846 cingulum
2698 4790 2854 4830 suum
2882 4816 2896 4841 ,
2949 4788 3018 4830 ex
3067 4790 3202 4833 auro
3249 4784 3305 4833 et
3331 4779 3561 4849 gemmis

1976 4865 2200 4932 factum,
2226 4881 2463 4935 pensans
2488 4866 2655 4922 libras
2681 4873 2812 4922 tres.
2851 4865 3059 4934 Quibus
3080 4868 3339 4939 expletis,
3376 4868 3560 4925 relata:

1973 4963 2103 5012 sunt
2138 4956 2380 5027 reliquiae
2406 4958 2473 5012 ad
2494 4958 2671 5013 locum
2701 4973 2880 5026 suum,
2904 4960 2961 5015 in
2985 4961 3282 5017 oratorium
3310 4961 3562 5018 videlicet

1971 5057 2217 5104 nostrum
2241 5089 2254 5113 ,
2298 5046 2624 5119 fueruntque
2654 5049 2728 5105 ibi
2770 5050 2960 5106 diebus
2988 5052 3344 5123 quadraginta
3381 5051 3467 5106 vel
3489 5067 3556 5106 eo

1970 5140 2202 5211 amplius
2234 5139 2276 5205 τ,
2304 5154 2476 5209 usque
2505 5141 2633 5196 dum
2678 5139 2975 5211 imperator
3009 5140 3210 5211 palatio
3251 5140 3558 5212 egrediens,

1970 5298 2026 5354 in
2070 5296 2364 5355 Juliacensi
2417 5297 2616 5379 ducatu
2680 5297 2901 5362 oriens,
2940 5309 3059 5419 lper
3111 5294 3336 5377 Eytllam
3381 5295 3555 5380 intrat

1974 5369 2252 5419 dioecesim
2289 5368 2693 5419 Colomensem:
2735 5381 2903 5419 senum
2989 5366 3131 5419 heno
3170 5375 3555 5419 immorantu-

1974 5368 2693 5440 dimcesimColoniensem;
2735 5381 2903 5440 seque
2940 5366 3133 5440 Rheno
3170 5366 3556 5440 immergitin-

1974 5446 2062 5521 ter
2094 5439 2375 5495 Coloniam
2412 5447 2468 5494 et
2505 5433 2885 5493 continentiam
2910 5474 2925 5501 ,
2982 5435 3051 5490 ad
3097 5433 3416 5493 Zunichium
3450 5451 3552 5508 op-

1971 5510 2278 5706 :liffniirgo
2326 5592 2498 5648 usque
2558 5576 2626 5632 ad
2688 5576 2892 5633 exitum
2949 5561 3128 5644 Maii:
3201 5591 3287 5633 vet
3337 5577 3553 5637 initium

2005 5666 2138 5706 unn.

2005 5666 2138 5707 ιιηιι.

3045 5803 3120 5868 18
