3976 6170
379 296 483 353 555

378 409 607 468 venandi
638 405 810 479 gratia
834 442 848 466 ,
891 395 1125 479 solemni
1170 406 1320 449 more
1365 389 1529 445 silvas
1570 389 1801 456 peteret.
1842 378 1959 444 Quo
1986 379 2037 437 Α

380 505 543 567 facto,
570 507 629 555 et
642 473 750 553 nos
770 473 1126 559 comparatis,
1174 499 1295 553 qua:
1337 481 1403 535 ad
1433 475 1820 549 profectionem
1858 483 1955 522 no—

328 639 341 651 .
378 605 548 652 stram
574 568 905 646 necessaria
933 580 1274 642 videbantur,
1317 588 1441 628 cum
1477 569 1681 625 eisdem
1711 562 1955 632 reliquiis

379 691 446 745 de
467 687 584 740 vico
608 678 846 750 Aquensi
873 671 1259 745 promovimus.
1299 667 1357 721 ln
1386 667 1501 736 ipso
1538 670 1719 716 autem
1756 664 1955 711 nostrze

379 747 706 848 egressionis
738 765 988 829 articulo,
1032 776 1155 816 cum
1192 759 1482 814 missarum
1516 750 1775 809 solemnia
1812 747 1955 802 cele-

380 840 691 925 brarentur,
719 873 855 913 anus
877 852 1123 924 qutudam
1145 849 1200 903 in
1230 846 1430 917 palatio
1457 840 1762 903 notissima,
1789 850 1957 890 anno-

383 971 505 1013 rum
535 951 755 1009 circiter
797 943 1072 1014 octoginta
1099 980 1113 1006 ,
1158 950 1447 993 nervorum
1483 929 1853 987 contractione
1881 925 1959 979 la-

382 1052 621 1110 borans,
674 1044 728 1097 in
772 1044 1064 1106 conspectu
1112 1040 1302 1088 nostro
1347 1036 1535 1084 curata
1560 1032 1664 1080 est.
1721 1022 1872 1089 Quae,
1899 1028 1960 1075 ut

384 1143 501 1212 ipsa
531 1140 793 1193 narrante
844 1127 1131 1184 didicimus
1155 1163 1171 1189 ,
1214 1137 1314 1192 per
1355 1114 1747 1188 quinquaginta
1790 1125 1962 1167 annos

385 1205 491 1288 hoc
534 1226 720 1284 morbo
763 1223 978 1277 detenta
999 1259 1014 1284 ,
1060 1229 1212 1271 more
1257 1209 1688 1283 quadrupedum,
1736 1205 1962 1277 genibus

388 1322 741 1388 manibusque
783 1310 1036 1375 nitendo,
1078 1305 1314 1362 ofﬁcium
1358 1297 1666 1356 ambulandi
1703 1293 1962 1365 reptando

389 1411 725 1483 impleverat.

457 1543 547 1599 50.
569 1541 695 1597 Inde
715 1540 817 1593 iter
830 1532 1080 1606 ingressi,
1100 1524 1518 1596 suffragantibus
1535 1529 1841 1576 sanctorum
1858 1530 1965 1570 me-

391 1634 698 1697 ritis,sexto
710 1626 919 1682 decimo
933 1620 1009 1694 [Μ
1017 1637 1088 1686 s.,
1113 1626 1264 1674 sexto
1284 1610 1522 1683 demum]
1544 1611 1631 1665 die
1652 1606 1963 1697 Mulinheirn

388 1724 587 1785 vicum,
613 1720 668 1773 in
691 1731 797 1787 quo
819 1692 1004 1770 sacros
1025 1710 1307 1765 beatorum
1333 1709 1632 1773 martyrum
1656 1698 1868 1753 cineres
1897 1692 1964 1749 ad

391 1811 703 1868 comitatum
726 1801 1023 1875 profecturi
1057 1796 1380 1856 dimisimus,
1413 1790 1643 1849 Domino
1679 1788 1969 1858 adjuvante

390 1902 750 1976 pervenimus.
772 1897 829 1950 ln
845 1908 950 1965 quo
972 1892 1164 1947 itinere
1184 1893 1445 1956 quantum
1463 1881 1663 1953 gaudii,
1687 1886 1971 1950 quantum-

391 1970 495 2066 que
525 1990 742 2053 laetitiae,
775 1988 841 2042 de
860 1985 1073 2039 illarum
1096 1980 1329 2035 adventu
1357 1974 1729 2045 reliquiarum,
1758 1970 1969 2042 populis

393 2062 447 2141 in
476 2083 662 2154 eadem
688 2080 775 2134 via
805 2073 1226 2132 consistentibus
1267 2067 1600 2130 accesserit,
1633 2078 1809 2135 neque
1835 2062 1968 2116 mihi

393 2172 657 2230 silendum
682 2176 784 2234 est,
813 2182 911 2222 nec
949 2173 1128 2219 tamen
1151 2162 1226 2217 ita
1261 2167 1321 2215 ut
1349 2159 1472 2224 fuit,
1492 2158 1653 2228 plene
1679 2156 1785 2212 dici
1807 2163 1970 2223 atque

393 2262 664 2322 enuntiari
691 2268 887 2332 potest.
914 2254 1209 2313 Dicendum
1233 2262 1413 2309 tamen
1444 2260 1547 2317 est,
1575 2265 1644 2305 ne
1669 2265 1757 2306 res
1776 2249 1843 2304 ad
1873 2247 1970 2303 Dei

394 2359 606 2413 laudem
620 2354 854 2411 maxime
867 2333 1327 2422 pertinens,quasi
1341 2359 1439 2416 per
1455 2344 1739 2408 desidiam,
1756 2341 1970 2398 silentio

397 2463 685 2522 suppressa
700 2446 963 2501 videatur.
984 2440 1063 2495 Ac
1082 2439 1314 2511 primum
1331 2437 1551 2507 quidem
1569 2435 1733 2507 gestit
1760 2432 1972 2489 animus

396 2542 448 2597 id
473 2540 676 2595 referre
696 2579 710 2604 ,
758 2534 921 2606 quod,
949 2532 1148 2605 palatio
1174 2529 1410 2601 egressi,
1438 2528 1493 2583 in
1519 2526 1809 2583 multorum
1835 2540 1974 2596 pra:-

399 2631 575 2689 sentia
599 2642 698 2683 nos
723 2626 923 2682 vidisse
951 2621 1369 2678 reminiscimur.
1437 2616 1694 2672 Vurmtus
1722 2628 1747 2657 ε
1777 2614 1975 2671 dicitur

394 2714 665 2786 fluviolus,
693 2718 901 2775 duobus
934 2715 1048 2771 fere
1085 2727 1343 2784 passuum
1372 2710 1610 2765 millibus
1644 2709 1711 2764 ab
1737 2706 1972 2777 Aquensi

396 2812 597 2885 palatio
621 2812 912 2867 distantem
939 2807 1147 2861 habens
1174 2812 1414 2876 pontem.
1454 2800 1543 2867 Ad.
1570 2814 1732 2870 quem
1759 2798 1977 2852 venien-

400 2913 501 2969 tes,
528 2907 751 2975 propter
776 2894 1174 2952 multitudinem
1217 2907 1337 2963 quze
1388 2906 1486 2946 nos
1516 2904 1754 2958 eousque
1786 2888 1851 2943 de
1880 2901 1976 2957 pa-

398 2996 527 3051 latio
549 2991 992 3067 prosequebatur,
1012 2986 1234 3057 jamque
1265 2984 1443 3039 redire
1466 2982 1699 3046 volebat,
1731 2986 1788 3034 ut
1815 2994 1977 3034 oran-

399 3089 451 3144 di
479 3088 653 3142 locum
678 3085 923 3148 haberet,
946 3094 1237 3152 parumper
1256 3075 1613 3132 constitimus.
1652 3074 1729 3128 lbi
1755 3072 1973 3142 quidam
2002 3081 2046 3144 ρ

402 3181 468 3235 de
502 3177 783 3233 orantibus
824 3190 947 3229 cum
1001 3172 1107 3225 alio
1158 3170 1222 3224 ad
1269 3167 1525 3237 reliquias
1552 3166 1846 3227 accedens,
1892 3177 1978 3218 so-

402 3268 653 3336 Ciumque
681 3262 984 3332 respiciens
1010 3279 1022 3313 :
1071 3278 1088 3310 ι
1117 3259 1344 3327 Propter
1365 3270 1636 3320 amorem,
1668 3254 1870 3323 inquit,
1900 3262 1981 3309 at-

402 3374 508 3431 que
534 3358 794 3411 honorem
820 3354 984 3424 hujus
1013 3352 1206 3416 sancti,
1231 3366 1338 3405 :ere
1362 3349 1555 3413 alieno,
1597 3356 1817 3418 propter
1837 3348 1981 3417 quod

405 3460 457 3504 te
491 3446 622 3503 mihi
661 3444 957 3500 obnoxium
997 3457 1117 3496 esse
1157 3457 1264 3496 non
1290 3440 1527 3510 ignoras,
1556 3439 1793 3494 absolvo.
1824 3458 1844 3491 ι
1880 3439 1982 3494 De-

405 3541 567 3595 hehat
602 3537 747 3593 enim
796 3535 872 3601 ei,
917 3542 978 3588 ut
1017 3535 1132 3604 ipse
1160 3530 1448 3595 fatebatur,
1477 3530 1749 3585 dimidiam
1774 3530 1980 3599 argenti

404 3632 618 3688 libram.
659 3628 900 3698 itemque
950 3626 1088 3681 alter
1116 3624 1319 3680 socium
1357 3638 1512 3678 suum
1546 3638 1711 3678 manu
1740 3637 1985 3693 compre-

406 3729 635 3783 hensum
670 3723 737 3778 ad
765 3720 1022 3791 reliquias
1045 3718 1297 3774 trahens:
1327 3733 1345 3767 ι
1368 3715 1582 3771 Patrem
1602 3757 1618 3782 ,
1664 3715 1773 3781 ait,
1803 3729 1983 3771 meum

406 3814 688 3878 occidisti,
736 3827 800 3869 ac
843 3810 1068 3881 proinde
1114 3807 1316 3863 inimici
1358 3821 1576 3861 eramus
1619 3804 1689 3861 ad
1723 3806 1983 3871 invicem;

405 3921 553 3963 nunc
579 3914 779 3969 autem,
808 3910 1030 3975 propter
1051 3913 1291 3954 amorem
1321 3905 1482 3967 atque
1503 3896 1766 3952 honorem
1791 3896 1909 3961 Dei,
1933 3903 1989 3951 et

406 3999 570 4072 hujus
594 3995 790 4062 sancti,
821 3992 1065 4064 deposita
1101 3988 1404 4054 simultate,
1451 3987 1629 4043 fiedus
1655 3995 1834 4043 tecum
1858 3985 1988 4057 jun-

409 4103 538 4161 gere
567 4095 729 4156 atque
755 4085 891 4143 inire
914 4082 1056 4147 volo,
1082 4089 1142 4136 ut
1158 4080 1356 4136 abhinc
1379 4080 1434 4135 in
1462 4078 1701 4135 futurum
1727 4088 1989 4151 perpetua

409 4179 553 4232 inter
594 4189 696 4230 nos
745 4172 981 4227 amicitia
1035 4178 1396 4241 permaneat:
1425 4170 1602 4239 sitque
1641 4168 1730 4223 hic
1758 4167 1989 4225 Sanctus

410 4265 672 4322 condicta:
686 4262 741 4316 in
763 4261 992 4315 invicem
1016 4257 1299 4314 charitatis
1321 4258 1494 4324 testis,
1521 4266 1576 4314 et
1603 4256 1748 4313 ultor
1763 4258 1816 4313 in
1838 4273 1987 4325 eum,

412 4354 505 4427 qui
531 4353 671 4407 hanc
693 4364 883 4420 pacem
910 4349 1059 4420 prior
1082 4349 1380 4419 irrumpere
1416 4349 1734 4405 tentaverit!
1768 4369 1785 4401 ο

1686 262 2059 323 EGINHARDI
2095 258 2386 314 ABBATIS

2012 4438 2065 4498 D

3526 240 3625 297 556

2061 371 2377 443 populorum
2423 367 2613 432 turbis,
2646 365 2714 419 ab
2736 363 2971 434 Aquensi
2997 359 3200 431 palatio
3225 371 3397 427 usque
3424 356 3494 411 ad
3522 373 3627 414 me-

2056 470 2325 517 moratum
2369 456 2679 513 Mulinheim
2723 468 2922 518 vreum,
2978 450 3205 505 Domino
3246 449 3353 503 iter
3388 454 3631 503 nostrum

2054 560 2427 624 prosperante,
2469 548 2829 619 pervenimus.
2884 544 3060 612 Atque
3098 542 3170 597 ibi
3221 541 3342 597 illas
3378 540 3637 610 reliquias

2054 658 2216 714 super
2245 643 2433 705 altari,
2480 653 2623 708 pone
2676 636 2821 708 quod
2859 633 3066 690 loculus
3107 647 3294 687 sacros
3338 633 3641 703 martyrum

2055 733 2269 789 cineres
2303 731 2587 786 continens
2630 728 2840 798 positus
2885 733 3026 789 erat,
3059 732 3325 794 gemmata
3355 737 3523 793 capsa
3551 738 3641 776 re-

2055 823 2308 880 conditas
2355 820 2775 885 collocavimus;
2829 816 3154 884 fueruntque
3192 814 3265 869 ibi
3301 815 3381 869 sic
3430 815 3642 884 positis,

2054 930 2229 987 usque
2253 912 2379 967 dum
2410 927 2510 968 nos
2556 924 2745 966 mense
2790 905 3107 962 novembrio
3146 904 3212 959 ad
3254 903 3518 974 palatium
3567 904 3647 960 ire

2056 1014 2333 1079 parantes,
2353 1021 2451 1077 per
2470 1002 2853 1059 revelationem
2878 998 3141 1054 admoniti
3162 1011 3369 1062 sumus,
3398 1011 3469 1050 ne
3493 996 3648 1067 prius

2058 1101 2126 1155 de
2162 1098 2254 1154 illo
2291 1098 2409 1153 loco
2450 1093 2935 1166 proﬁcisceremur,
2981 1103 3145 1159 quam
3176 1102 3271 1143 eas
3300 1087 3541 1158 corpori,
3580 1087 3647 1142 de

2058 1204 2167 1259 quo
2194 1199 2422 1258 sumpta:
2464 1193 2641 1251 erant,
2672 1182 3144 1252 conjungeremus.
3188 1178 3434 1246 Qualiter
3466 1188 3647 1234 autem

2060 1281 2358 1336 revelatum
2383 1277 2565 1341 fuerit,
2590 1284 2649 1330 ut
2670 1276 2774 1330 hoc
2798 1273 2915 1328 ﬁeri
2939 1271 3183 1337 deberet,
3210 1286 3319 1326 non
3365 1279 3453 1326 est
3483 1271 3652 1325 silen-

2062 1371 2137 1425 tio
2174 1367 2591 1432 transeundum;
2626 1366 2753 1436 quia
2798 1380 2906 1419 non
2951 1362 3128 1418 solum
3156 1364 3391 1427 somnio,
3422 1370 3481 1416 ut
3530 1361 3649 1417 ﬁeri

2061 1459 2221 1525 solet,
2261 1458 2356 1513 sed
2380 1458 2543 1512 etiam
2572 1456 2740 1526 signis
2777 1453 3098 1524 quibusdam
3129 1466 3193 1507 ac
3222 1452 3544 1517 terroribus,
3581 1452 3650 1508 ad

2060 1549 2399 1621 vigilantium
2428 1562 2613 1603 curam
2642 1544 3058 1616 pertinentibus,
3086 1551 3362 1597 ostensum
3384 1551 3491 1609 est,
3517 1543 3651 1598 bea-

2063 1652 2148 1696 tos
2175 1650 2441 1709 martyres
2470 1636 2794 1694 omnimodis
2822 1633 3056 1690 voluisse
3092 1641 3152 1688 ut
3182 1633 3239 1687 in
3269 1633 3374 1689 hac
3396 1648 3457 1689 re
3474 1631 3653 1703 jnssio

1995 1732 2044 1791 B
2070 1730 2285 1787 illorum
2313 1729 2506 1785 fuisset
2526 1726 2839 1797 adimpleta.

2139 1844 2229 1901 52.
2269 1843 2400 1898 Erat
2422 1856 2562 1896 unus
2582 1841 2648 1895 de
2672 1838 2905 1904 clericis,
2933 1837 3027 1908 qui
3050 1837 3121 1892 ad
3138 1836 3397 1893 excubias
3415 1834 3657 1891 basilica:

2068 1934 2309 2005 deputati
2336 1933 2573 1997 fuerunt,
2605 1929 2822 1985 nomine
2846 1927 3214 1998 Landolphus,
3237 1926 3324 1981 cui
3353 1935 3485 1980 tunc
3513 1923 3660 1995 signi

2072 2022 2328 2095 tangendi
2378 2036 2509 2076 cura
2570 2019 2860 2076 commissa
2912 2018 3108 2082 fuerat,
3164 2016 3371 2071 habens
3422 2023 3659 2071 stratum

2069 2129 2227 2171 suum
2250 2110 2405 2181 juxta
2433 2110 2728 2166 australem
2747 2108 2985 2164 basilica:
3001 2108 3245 2178 januam.
3269 2105 3371 2173 Qui
3397 2120 3544 2166 cum,
3573 2120 3664 2160 se-

2070 2206 2309 2262 cundum
2321 2204 2765 2260 wnsuetudinem
2781 2201 3033 2256 nocturni
3046 2215 3111 2255 ac
3122 2199 3458 2257 matutinalis
3466 2199 3660 2266 ofﬁcii,

2071 2295 2299 2352 solemni
2320 2309 2469 2350 more
2489 2300 2755 2364 surgeret,
2787 2292 3107 2363 signumque
3132 2298 3395 2358 moveret,
3422 2291 3668 2361 comple-

2070 2396 2236 2458 toque
2285 2394 2411 2441 ante
2455 2385 2630 2441 lucem
2680 2384 2869 2438 eodem
2918 2381 3119 2447 ofﬁcio,
3166 2396 3380 2437 rursum
3422 2382 3667 2438 dormire

2071 2480 2253 2546 vellet,
2282 2478 2479 2533 clausis
2499 2475 2742 2533 ecclesiae
2767 2473 2992 2538 foribus,
3021 2487 3201 2528 coram
3227 2472 3430 2527 sanctis
3458 2479 3669 2543 marty-

2074 2586 2193 2627 rum
2239 2569 2514 2626 cineribus
2551 2565 2886 2638 supplicandi
2923 2565 3096 2636 gratia
3140 2579 3201 2620 se
3239 2566 3551 2636 prostravit.
3581 2565 3669 2621 lbi

2073 2677 2198 2717 cum
2223 2660 2492 2730 psalmum
2516 2657 3043 2729 quinquagesimum,
3084 2663 3146 2711 ut
3174 2656 3288 2726 ipse
3337 2656 3555 2722 asserit,
3583 2656 3673 2711 di-

2074 2765 2198 2806 cere
2225 2750 2510 2819 inciperet,
2543 2748 2749 2803 audivit
2788 2746 2945 2816 juxta
2988 2760 3052 2801 se
3097 2746 3150 2800 in
3181 2746 3491 2815 pavimento
3521 2745 3675 2802 velut

2076 2840 2311 2896 sonitum
2359 2839 2557 2908 pedum
2606 2836 2875 2903 hominis,
2931 2836 3036 2892 huc
3079 2844 3242 2905 atque
3292 2835 3419 2892 illuc
3465 2837 3672 2893 ibidem

2078 2927 2495 2987 deambulantis.
2527 2926 3027 2995 Consternatusque
3050 2939 3253 2995 pavore
3275 2940 3382 2980 non
3415 2927 3670 2994 minimo,

2077 3028 2252 3076 erexrt
2289 3034 2350 3075 se
2392 3017 2667 3088 paululum
2698 3018 2754 3072 in
2795 3032 2997 3087 genua,
3026 3025 3080 3072 et
3114 3017 3169 3071 in
3197 3031 3413 3072 omnem
3456 3029 3672 3090 partem

2079 3111 2493 3182 circumspicere
2520 3109 2701 3178 coepit,
2736 3110 3011 3192 aastimans
3039 3107 3272 3177 aliquem
3309 3107 3376 3162 de
3415 3111 3676 3180 pauperi-

2077 3205 2199 3272 bus,
2226 3204 2428 3260 clausis
2468 3204 2711 3260 ecclesize
2733 3203 2946 3273 januis,
2988 3206 3042 3259 in
3071 3206 3311 3275 quolibet
3345 3207 3548 3278 angulo
3575 3204 3677 3261 de-

2077 3294 2308 3350 lituisse.
2341 3294 2586 3364 Cumque
2607 3293 2813 3349 nullum
2849 3294 3015 3349 alium
3038 3310 3200 3365 quam
3234 3311 3293 3351 se
3320 3296 3497 3351 solum
3518 3297 3675 3352 intra

2081 3387 2321 3456 parietes
2355 3385 2595 3440 basilicae
2620 3400 2742 3441 esse
2769 3394 3036 3450 cerneret,
3067 3388 3266 3442 iterum
3288 3402 3347 3443 se
3370 3388 3440 3443 ad
3465 3389 3679 3443 oratio-

2080 3494 2206 3534 nem
2228 3477 2529 3543 inclinavit,
2555 3492 2619 3533 ac
2638 3477 2927 3548 psalmum,
2945 3493 3107 3548 quem
3127 3480 3278 3549 prius
3298 3478 3673 3545 inchoaverat,

2084 3567 2373 3638 repetivit;
2411 3567 2527 3633 sed,
2579 3576 2869 3636 antequam
2904 3583 3072 3623 unum
3110 3566 3227 3636 ejus
3254 3584 3475 3624 versum
3523 3583 3679 3624 com-

2081 3659 2228 3732 plere
2272 3659 2555 3730 potuisset,
2606 3673 2766 3729 capsa
2813 3673 2933 3729 qua
2976 3657 3134 3713 altari
3181 3658 3435 3728 imposita
3488 3674 3679 3716 sacras

2083 3753 2227 3808 beati
2267 3751 2565 3807 Marcellini
2598 3750 2856 3820 reliquias
2880 3751 3212 3818 continebat,
3244 3751 3530 3822 repentino
3553 3766 3680 3808 cre-

2084 3843 2201 3914 pitu
2229 3850 2342 3897 tam
2369 3843 2719 3898 vehementer
2765 3841 3024 3909 insonuit,
3060 3848 3119 3896 ut
3142 3841 3294 3911 quasi
3327 3841 3526 3897 malleo
3551 3857 3683 3913 per-

2087 3949 2247 3990 cussa
2273 3933 2573 3990 dissiluisse
2600 3939 2903 4004 putaretur.
2930 3930 3046 3987 Duo
3070 3946 3286 4002 quoque
3323 3932 3466 3987 ostia
3488 3932 3682 3988 basili-

2088 4039 2187 4090 cae,
2239 4037 2359 4093 quae
2399 4021 2519 4090 jam
2565 4020 2750 4077 clausa
2804 4029 2993 4087 erant,
3047 4019 3383 4089 occidentale
3424 4021 3684 4076 videlicet

2088 4122 2251 4184 atque
2297 4112 2550 4179 australe,
2585 4113 2730 4168 velut
2770 4112 2952 4183 aliquo
2988 4111 3241 4184 pulsante
3286 4122 3455 4185 atque
3486 4113 3683 4186 impel-

2087 4206 2253 4273 lente,
2290 4204 2452 4261 simili
2474 4204 2635 4260 modo
2654 4211 2954 4260 sonuerunt

2160 4298 2249 4354 35.
2292 4298 2498 4366 Quibus
2538 4298 2832 4354 exterritus
2876 4312 2940 4353 ac
2978 4296 3328 4368 stupefactus,
3372 4310 3502 4352 cum
3546 4296 3684 4367 quid

2092 4391 2194 4447 sibi
2208 4392 2472 4462 agendum
2492 4399 2636 4447 esset
2651 4390 2867 4461 penitus
2892 4390 3187 4462 ignoraret,
3208 4388 3384 4459 surgit
3404 4389 3475 4444 ab
3493 4387 3679 4453 altari,

482 4486 570 4543 5i.
600 4482 700 4540 Hic
727 4482 818 4538 illa
842 4481 1019 4548 turba,
1054 4496 1176 4552 qua:
1201 4480 1479 4536 nobiscum
1521 4480 1587 4535 de
1627 4479 1828 4550 palatio
1870 4478 1989 4535 fue-
2019 4478 2064 4498 "
2091 4492 2149 4538 et
2173 4483 2229 4537 in
2265 4482 2464 4538 lectum
2496 4495 2654 4536 suum
2696 4493 2761 4535 se
2786 4481 3077 4549 pavitando
3101 4479 3358 4551 projecit;
3388 4479 3685 4548 subitoque

413 4586 501 4633 rat
524 4590 764 4647 egressa,
794 4573 1030 4629 adoratis
1056 4581 1219 4642 atque
1245 4570 1504 4627 osculatis
1526 4571 1699 4626 sacris
1720 4571 1987 4641 reliquiis,
2092 4586 2287 4641 sopore
2313 4571 2600 4640 depressus
2618 4610 2634 4637 ,
2662 4570 2797 4626 vidit
2834 4569 2937 4625 sibi
2965 4570 3254 4642 quemdam
3300 4569 3468 4640 ignoti
3499 4570 3684 4625 vultus

413 4685 539 4725 cum
577 4667 760 4723 multis
788 4665 1059 4737 lacrymis,
1085 4680 1222 4734 quas
1249 4680 1361 4735 prae
1392 4662 1560 4718 nimio
1586 4662 1782 4732 gaudio
1806 4662 1986 4717 eonti-
2092 4664 2269 4719 virum
2295 4663 2570 4729 assistere,
2593 4662 2687 4733 qui
2723 4677 2784 4718 se
2828 4663 3027 4719 talibus
3062 4663 3242 4719 verbis
3266 4661 3620 4733 compellaret
3658 4677 3677 4717 :

415 4778 544 4819 nere
573 4775 679 4817 non
709 4766 943 4829 poterat,
973 4757 1194 4811 domum
1239 4755 1530 4810 revertitur
1562 4774 1576 4807 :
1610 4753 1716 4808 alia
1749 4752 1988 4807 multitu-
2099 4776 2118 4809 ι
2153 4756 2375 4812 Certum
2410 4771 2478 4811 ne
2521 4764 2625 4824 est,
2666 4756 2762 4823 ait,
2788 4754 3154 4828 Eginhardum
3191 4756 3271 4811 sic
3311 4755 3379 4810 ad
3416 4754 3679 4825 palatium

415 4852 563 4919 dine,
595 4864 717 4920 quas
753 4848 826 4902 ibi
857 4845 1011 4901 nobis
1051 4844 1307 4906 obviavit,
1347 4858 1448 4896 nos
1487 4842 1800 4907 comitante,
1827 4850 1991 4913 atque
2092 4865 2387 4922 properare
2424 4848 2580 4913 vene,
2611 4858 2672 4904 ιιι
2702 4849 2957 4918 reliquias
2991 4850 3163 4904 smmi
3193 4847 3516 4914 mal-canini,
3542 4862 3682 4918 quas

416 4939 467 4997 Κ
472 4941 582 5013 yrie
610 4939 806 4994 eleison
833 4936 951 4991 sine
996 4935 1396 4989 intermissione
1422 4941 1677 4990 cantante
1721 4950 1893 5005 usque
1921 4935 1990 4990 ad
2094 4945 2201 4999 huc
2222 4940 2430 5005 detulit,
2466 4940 2620 5010 prius
2647 4940 2701 4995 in
2743 4939 2939 5005 locum,
2963 4940 3030 4994 de
3052 4954 3161 5009 quo
3186 4938 3413 4994 sublata
3439 4937 3678 5003 fuerant,

416 5047 542 5087 eum
575 5030 774 5096 locum,
811 5028 867 5083 in
894 5040 1001 5095 quo
1030 5023 1192 5081 simili
1230 5024 1387 5080 modo
1414 5024 1482 5079 ab
1507 5024 1630 5079 aliis
1656 5027 1992 5081 occurth
2093 5049 2204 5089 non
2230 5032 2491 5103 reponat?
2510 5050 2529 5083 ι
2552 5059 2619 5072 --
2639 5031 2773 5086 Cum
2801 5030 2890 5085 ille
2917 5046 2976 5086 se
3001 5032 3161 5102 hujus
3183 5032 3261 5085 rei
3281 5032 3533 5101 ignarum
3560 5044 3681 5086 esse

418 5123 518 5178 bus
539 5120 967 5193 excipiebantur;
994 5130 1114 5188 quae
1142 5124 1269 5171 tune
1298 5116 1566 5183 similiter,
1591 5126 1651 5173 ut
1676 5118 1848 5186 prior,
1871 5133 1991 5188 sup-
2095 5125 2486 5195 respondisset,
2510 5151 2580 5162 —-
2614 5141 2633 5172 ‹
2664 5121 2856 5193 Surge,
2891 5122 3084 5192 inquit,
3113 5122 3291 5193 primo
3304 5121 3572 5195 diluculo,
3603 5122 3680 5176 ei-

420 5213 708 5280 plicatione
736 5211 907 5277 facta,
944 5210 1021 5265 ad
1042 5223 1136 5264 sua
1176 5221 1391 5263 reversa
1428 5215 1530 5261 est.
1557 5206 1669 5263 [loc
1707 5206 1867 5263 modo
1902 5223 1999 5289 per
2096 5188 2204 5285 (ιιιέ
2228 5230 2296 5270 ex
2329 5213 2649 5270 auctoritate
2674 5188 3247 5284 Martyrum—prsicipe,
3280 5188 3349 5268 ne
3373 5212 3506 5268 hinc
3530 5212 3681 5269 abire

423 5302 662 5373 singulos
704 5304 837 5369 dies,
872 5319 902 5359 a
925 5303 1100 5375 prima
1129 5301 1248 5356 luce
1269 5314 1439 5372 usque
1468 5299 1535 5353 ad
1572 5312 1870 5369 vesperam,
1903 5315 1997 5355 co—
2099 5305 2183 5360 vel
2230 5304 2425 5361 alicubi
2469 5317 2693 5374 pergere
2726 5314 3036 5373 pmsumat,
3090 5313 3378 5375 antequam
3424 5303 3680 5375 reliquias

424 5391 739 5448 nutantibus
787 5409 852 5450 ac
900 5393 1126 5449 Domino
1177 5388 1392 5445 Christo
1437 5386 1647 5443 laudem
1697 5387 2001 5444 dicentibus
2102 5394 2221 5450 illas
2246 5393 2366 5450 loco
2395 5407 2493 5450 suo
2523 5392 2789 5448 restituat.
2824 5412 2843 5446 ι
2884 5392 3309 5466 Expergefactus
3336 5395 3600 5461 surrexit,
3628 5400 3680 5449 et

499 5544 525 5569 ιι
572 5530 736 5601 Vulgo
760 5529 964 5601 Worgn,
989 5528 1131 5601 haud
1158 5527 1319 5601 longe
1352 5538 1513 5601 supra
1531 5521 1832 5601 Acivitatem
1849 5536 1997 5601 ergo-

427 5597 594 5680 riens,
628 5589 700 5653 ac
714 5601 861 5653 circa
888 5589 1445 5680 Hens'berga‘m'llnrre
1469 5589 1716 5680 influens.
1762 5590 1997 5680 Mabilio,

432 5670 615 5723 nescio
636 5683 743 5737 quo
768 5683 968 5733 errore,
1002 5660 1313 5723 ii'imiobum
1336 5663 1485 5734 legit,
1519 5664 1585 5717 ad
1605 5676 1833 5731 cumque
1860 5660 2000 5716 locat

2103 5526 2526 5652 guttimtleimium
2555 5528 2755 5594 vicum,
2807 5536 2997 5585 contra
3029 5540 3343 5598 expressam
3373 5527 3539 5599 hujus
3577 5525 3677 5581 loci

2166 5614 2198 5652 ll
2228 5613 2295 5652 en
2326 5612 2452 5650 tam.

2166 5612 2452 5653 utentium.
