3988 6178
268 239 365 294 55'!

268 451 349 496 rat
368 443 707 508 imperatum,
728 434 858 489 mihi
880 435 1131 492 intimare
1160 437 1386 490 curavit.
1415 436 1521 491 Sed
1549 451 1722 505 neque
1742 451 1842 505 ego

267 533 501 601 segniter
545 530 600 582 in
650 528 872 597 hujusce
910 527 1053 583 modi
1099 528 1315 599 negotio
1346 528 1549 598 aliquid
1577 529 1842 597 agendum

267 624 572 685 arbitratus,
604 621 713 674 imo
743 619 795 674 id
818 619 962 690 quod
981 619 1276 688 jubebatur
1296 622 1414 677 sine
1439 622 1545 675 ulla
1568 636 1842 675 morarum

268 713 668 784 interpositione
713 712 1113 781 adimplendum
1138 728 1259 769 esse
1288 714 1557 783 judicans,
1583 715 1696 785 ipsa
1731 716 1846 784 qui«

266 807 381 861 dem
415 805 502 860 die
538 817 603 857 ea
645 817 766 874 quae
800 803 866 857 ad
898 804 999 858 hoc
1022 805 1326 858 necessaria
1351 806 1675 859 videbantur
1702 820 1843 873 pra:-

265 911 451 967 parare
496 892 665 962 jussi;
721 894 969 964 sequenti
1014 908 1144 948 vero
1193 909 1379 949 sacras
1430 896 1550 951 illas
1587 896 1846 966 reliquias

263 987 495 1059 corpori,
534 986 603 1041 de
636 1001 743 1055 quo
784 995 1014 1054 sumptae
1057 984 1289 1052 fuerant,
1324 1001 1448 1041 cum
1490 1001 1702 1041 summa
1728 986 1848 1043 dili-

263 1078 438 1147 gentia
476 1075 687 1130 sociare
737 1074 945 1128 curavi.
997 1073 1152 1140 Quod
1198 1072 1403 1128 factum
1436 1089 1600 1144 quam
1632 1084 1847 1145 gratum

262 1165 586 1221 beatissimis
638 1164 968 1234 martyribus
1010 1164 1171 1229 foret,
1213 1166 1559 1221 attestatione
1603 1166 1849 1221 miraculi

264 1256 638 1325 subsequentis
684 1256 915 1324 liquido:
945 1257 1347 1326 comprobatur.
1403 1257 1539 1312 Nam
1601 1257 1849 1329 proxima

262 1359 441 1414 nocte,
463 1364 589 1404 cum
614 1349 682 1401 ad
702 1349 1026 1403 matutinum
1054 1347 1291 1404 ollicium
1319 1349 1373 1404 in
1403 1350 1629 1405 basilica
1654 1350 1850 1405 solem-

263 1442 406 1496 niter
452 1441 795 1504 sederemus,
853 1455 1018 1495 senex
1070 1440 1290 1510 quidam
1339 1456 1624 1512 gressuum
1668 1441 1850 1497 ofﬁcio

263 1531 571 1595 destitutus,
605 1530 937 1600 genibusque
967 1546 1032 1585 ac
1081 1532 1330 1587 manibus
1356 1532 1553 1598 nitens,
1588 1533 1849 1604 reptando

263 1620 326 1673 ad
359 1620 664 1675 orationem
705 1619 943 1697 intravit.
976 1619 1025 1674 Is
1050 1634 1234 1674 coram
1262 1620 1512 1676 omnibus
1538 1623 1714 1687 nobis,
1746 1637 1846 1690 per

1077 233 1251 289 IIIST.
1295 234 1683 293 TRANSLAT.
1729 234 1831 287 BB.
1875 231 2291 287 MARCELLINI
2326 231 2413 286 ET
2452 231 2674 287 PETRI.

268 354 349 408 ubi
380 364 464 404 me
489 361 724 417 primum
752 345 1044 401 convenire
1071 350 1265 414 potuit,
1290 346 1394 400 hoc
1426 347 1568 416 quod
1591 346 1694 401 sibi
1725 346 1839 399 fue-
1870 348 1916 405 Α

2016 343 2101 397 55.
2133 342 2425 413 Postquam
2446 358 2602 399 sacra
2627 342 3065 398 beatissimorum
3088 352 3387 417 martyrum
3408 360 3534 402 cor-

1947 451 2098 505 pora,
2128 436 2268 490 sicut
2298 434 2413 501 jam
2455 437 2507 489 in
2553 435 2925 504 superioribus
2962 435 3388 491 demonstratum
3425 445 3532 504 est,

1945 526 2080 596 ipsis
2113 524 2427 593 iubentibus
2455 534 2511 580 et
2553 526 2708 580 nobis
2736 541 2944 582 morem
2969 527 3300 597 gerentibus,
3346 528 3414 583 ad
3456 527 3538 583 io-

1946 628 2090 679 cum,
2123 614 2177 667 iu
2206 629 2314 683 quo
2339 629 2485 669 nunc
2509 615 2880 683 requiescunt,
2912 630 3034 670 cum
3065 616 3271 686 ingenti
3297 615 3537 674 ﬁdelium

1945 702 2263 772 populorum
2319 704 2654 759 exultatione
2705 705 2913 774 perlata
2937 745 2952 771 ,
3001 714 3092 771 et,
3145 706 3433 762 celebratis
3485 709 3540 767 in

1944 809 2137 864 eampo
2182 794 2470 849 missarum
2516 795 2818 862 solemniis,
2858 798 3113 851 manibus
3159 797 3539 864 sacerdotum,

1945 904 2176 959 quorum
2204 889 2278 943 ibi
2322 897 2449 943 tunc
2488 904 2593 944 non
2636 904 2840 959 parvus
2883 905 3143 945 numerus
3169 898 3289 945 erat
3315 905 3554 962 congre-

1946 988 2122 1049 gatus,
2155 980 2210 1033 in
2240 979 2520 1035 basilicam
2547 980 2832 1050 deportata
2862 988 3009 1045 sunt,
3037 980 3408 1050 feretrumque
3433 995 3547 1049 quo

1948 1070 2289 1125 vehebantur
2305 1069 2461 1138 juxta
2488 1070 2659 1126 altare
2681 1071 2915 1141 positum
2941 1078 3056 1136 est,
3087 1076 3145 1126 et
3170 1072 3369 1126 iterum
3395 1070 3541 1126 aliud

1947 1160 2180 1217 ollieium
2228 1161 2429 1216 ibidem
2475 1161 2741 1216 celebrari
2783 1170 3045 1232 emptum,
3092 1162 3274 1217 subito
3318 1162 3541 1232 quidam

1950 1255 2287 1319 adolescens,
2320 1269 2510 1308 renum
2553 1254 2909 1310 dissolutione
2951 1252 3177 1309 allectus
3219 1260 3383 1323 atque
3421 1253 3543 1309 ideo

1948 1359 2151 1400 currus
2178 1359 2243 1399 ac
2284 1343 2496 1399 baculis
2535 1344 2796 1409 innitens,
2839 1344 2907 1400 de
2934 1344 3112 1399 media
3138 1344 3544 1400 circumstantis

1947 1435 2131 1505 populi
2179 1433 2527 1488 multitudine
2570 1434 2840 1503 prorupit,
2884 1448 3051 1502 seque
3094 1435 3163 1490 ad
3208 1434 3542 1491 adorandum

1949 1524 2219 1579 inclinare
2242 1524 2490 1592 cupiens,
2510 1524 2568 1578 in
2596 1538 2771 1594 genua
2798 1525 3113 1593 procubuit;
3136 1525 3232 1579 sed
3259 1525 3455 1579 mirum
3486 1525 3543 1582 in

1949 1616 2190 1680 modum,
2220 1614 2369 1669 velut
2406 1614 2592 1685 aliquo
2617 1629 2678 1668 se
2720 1614 3014 1670 revellente
3040 1615 3125 1670 vel
3162 1616 3344 1685 potius
3373 1624 3546 1671 retro-

263 1710 519 1763 virtutem
556 1709 652 1764 Dei
695 1716 752 1763 et
803 1709 996 1764 merita
1047 1709 1483 1765 beatissimorum
1528 1718 1846 1781 martyrum,
1877 1700 1930 1759 Β
1953 1707 2134 1773 hente,
2174 1707 2397 1776 supinus
2435 1706 2651 1771 cecidit,
2693 1706 2990 1775 similisque
3032 1707 3325 1761 dormienti
3355 1706 3545 1763 diutis-

264 1799 454 1854 eadem
484 1814 591 1868 qua
638 1800 913 1870 ingressus
957 1808 1040 1854 est
1068 1800 1222 1865 hora,
1265 1801 1338 1855 ita
1366 1800 1604 1872 perfecte
1632 1810 1853 1856 curatus

267 1898 364 1955 est,
390 1899 453 1945 ut
468 1891 534 1945 ad
555 1891 909 1946 incedendum
932 1907 1001 1947 ne
1024 1891 1201 1946 baculi
1223 1893 1441 1962 quidem
1461 1894 1855 1948 sustentatioue

270 1984 499 2040 ulterius
523 1984 809 2054 indigeret.
839 1984 940 2052 Qui
963 1985 1129 2039 etiam
1152 1993 1207 2040 et
1231 1986 1455 2041 surdum
1482 2001 1541 2042 se
1561 2002 1658 2055 per
1682 1986 1855 2041 conti-

267 2093 442 2132 nuum
484 2078 914 2148 quinquennium
962 2078 1147 2143 fuisse,
1194 2079 1459 2148 simulque
1506 2094 1629 2133 cum
1675 2077 1857 2133 ofﬁcio

267 2171 465 2238 pedum
488 2171 724 2225 auditum
747 2171 853 2226 sibi
880 2171 1146 2225 redditum
1170 2170 1497 2226 afﬁrmabat.
1523 2171 1618 2226 His
1638 2172 1710 2225 ita
1733 2185 1857 2241 per-

268 2262 433 2326 actis,
475 2261 543 2315 ad
585 2262 935 2324 comitatum,
986 2260 1130 2315 sicut
1166 2261 1415 2330 superius
1442 2276 1528 2315 me
1566 2261 1745 2317 facere
1764 2277 1857 2316 vo—

269 2348 437 2405 luisse
463 2350 642 2414 retuli,
671 2349 868 2403 ibidem
897 2350 1256 2416 hiematurus,
1279 2350 1446 2405 multa
1468 2365 1679 2405 mecum
1706 2366 1861 2421 repu-

272 2439 443 2494 tando
470 2437 748 2508 profectus
775 2453 916 2493 sum.

892 2548 1122 2606 CAPUT
1154 2548 1242 2607 IV.

273 2657 546 2733 Uir-acula
566 2660 621 2733 iu
648 2659 822 2714 surdis
848 2670 895 2714 et
924 2662 1101 2733 mutis,
1134 2664 1415 2733 contractis
1443 2672 1491 2716 et
1526 2662 1647 2717 aliis
1675 2665 1855 2733 wgris,

347 2728 662 2799 yulinheim
689 2741 917 2799 patrata.
935 2730 1246 2786 —Certisia
1273 2734 1325 2787 in
1353 2734 1525 2787 vinum
1553 2728 1776 2787 mutatu.
1794 2764 1861 2773 —

343 2795 540 2852 Cereus
573 2795 712 2852 ultro
734 2817 1003 2855 accensus.

343 2889 440 2943 54.
485 2888 799 2960 Scripturus
822 2892 1050 2947 virtutes
1076 2900 1239 2963 atque
1264 2893 1547 2960 miracula,
1576 2909 1696 2965 qua:
1733 2895 1861 2949 bea-

1954 1796 2094 1851 sime
2107 1794 2299 1863 jacuit.
2317 1797 2451 1850 Tum
2476 1795 2632 1865 quasi
2652 1795 2937 1867 evigilans,
2953 1797 3008 1851 in
3031 1810 3240 1851 sessum
3259 1809 3321 1851 se
3337 1796 3542 1863 erexit;

1953 1903 2019 1943 ac
2050 1888 2243 1956 deinde
2270 1896 2397 1957 post
2416 1887 2723 1959 paululum,
2760 1888 2910 1944 nullo
2938 1888 3386 1956 adminiculante,
3418 1905 3541 1946 sur-

1956 1980 2129 2045 rexit,
2172 1989 2430 2050 stansque
2474 1981 2529 2035 in
2570 1981 2749 2037 medio
2777 1980 3123 2037 circumfusa
3161 1981 3543 2048 multitudinis,

1956 2088 2063 2127 una
2090 2087 2213 2127 cum
2233 2073 2449 2128 caeteris
2471 2073 2538 2128 de
2572 2083 2787 2143 recepta
2819 2073 3054 2129 sanitate
3080 2074 3283 2145 gratias
3310 2075 3541 2146 agendo,

1958 2163 2053 2218 Dei
2084 2164 2515 2220 misericordiam
2544 2165 2889 2220 coll..udavit.
2933 2163 3033 2221 Hic
3059 2180 3121 2227 se
3148 2165 3215 2220 de
3242 2180 3379 2236 pago
3410 2165 3546 2221 Por-

1941 2253 2106 2307 .tiano
2132 2265 2156 2294 ι
2186 2271 2308 2309 cum
2338 2255 2461 2310 aliis
2500 2256 2829 2325 pauperibus
2855 2271 2921 2311 ac
2956 2257 3260 2328 peregrinis
3292 2256 3420 2313 illuc
3447 2272 3547 2313 ve-

1958 2345 2126 2411 nisse,
2158 2346 2544 2418 Danielemque
2567 2348 2773 2413 vocari,
2800 2348 2957 2403 nobis
2985 2349 3431 2417 percontantibus
3458 2348 3545 2404 in-

1959 2434 2180 2489 dicavit.
2225 2437 2423 2492 Eadem
2467 2437 2583 2492 fere
2627 2438 2784 2503 hora,
2828 2439 3128 2509 eodemque
3165 2447 3226 2494 ut
3262 2440 3336 2494 ita
3372 2441 3549 2499 dicam

1962 2533 2255 2591 momento,
2289 2541 2396 2595 quo
2420 2527 2467 2582 is
2491 2526 2559 2583 de
2585 2542 2693 2597 quo
2723 2543 2867 2583 nunc
2893 2528 3152 2596 diximus,
3194 2530 3336 2584 intra
3369 2530 3547 2587 eccle-

1962 2614 2099 2669 siam
2143 2624 2198 2672 et
2238 2631 2420 2671 coram
2468 2618 2587 2687 ipso
2628 2617 2807 2684 altari,
2851 2633 2950 2688 per
2975 2620 3232 2676 virtutem
3268 2620 3470 2678 Christi
3494 2631 3553 2680 et

1962 2703 2406 2760 intercessionem
2431 2714 2755 2778 martyrum,
2786 2709 3074 2764 sanitatem
3099 2718 3183 2766 est
3207 2721 3550 2779 consecutus,

1963 2794 2159 2849 mulier
2184 2795 2429 2864 quaedam
2459 2797 2777 2868 paralytiea,
2821 2808 2876 2854 et
2915 2815 3054 2869 pene
3090 2803 3336 2859 omnium
3375 2819 3551 2861 mem-

1962 2883 2187 2938 brorum
2211 2885 2389 2940 oﬁicio
2414 2886 2694 2955 destituta,
2723 2905 2822 2960 pro
2848 2889 3056 2948 foribus
3080 2893 3319 2950 ecclesia:
3336 2893 3549 2965 iacens,

274 2981 475 3035 tissimi
501 2990 769 3052 martyres
794 2982 1018 3048 Christi,
1050 2983 1387 3039 Marcellinus
1409 2993 1464 3040 et
1482 2985 1694 3051 Petrus,
1716 2994 1862 3056 post-

1965 2976 2019 3030 in
2052 2977 2312 3033 auxilium
2339 2980 2422 3034 sui
2447 2988 2665 3037 sanctos
2694 2991 2964 3055 martyres
2993 2986 3292 3055 invocavit;
3320 2976 3376 3044 et
3402 3004 3549 3055 mox,

273 3086 443 3140 quam
471 3087 658 3127 eorum
682 3074 1043 3130 sacratissima
1073 3090 1297 3146 corpora
1329 3077 1396 3132 de
1415 3075 1587 3131 Roma
1610 3077 1665 3131 in
1695 3077 1860 3134 Frag-
1887 3057 1931 3119 C
1964 3068 2174 3123 CllltCliS
2200 3073 2550 3129 cernentibus
2714 3078 2860 3133 circa
2888 3088 3174 3149 steterant,
3218 3084 3384 3156 εωρίι
3408 3099 3555 3141 com-

272 3163 421 3218 ciam
439 3163 617 3218 delata
645 3172 788 3229 sunt,
813 3179 910 3233 per
933 3165 1149 3221 diversa
1164 3167 1277 3221 loca
1305 3166 1566 3233 fecerunt,
1587 3168 1696 3221 imo
1716 3183 1856 3237 quae,

268 3267 372 3321 per
400 3252 616 3307 illorqu
644 3252 805 3308 beata
836 3255 1031 3310 merita
1059 3264 1114 3311 et
1146 3258 1265 3327 pias
1294 3257 1588 3324 orationes,
1621 3256 1735 3326 ipse
1766 3273 1859 3312 rex

272 3352 582 3413 martyrum
628 3345 769 3399 Deus
807 3353 864 3400 et
890 3345 1150 3403 Dominus
1186 3357 1370 3404 noster
1392 3346 1549 3403 Iesus
1588 3348 1856 3415 Christus,

274 3436 346 3490 ad
374 3436 609 3491 salutem
639 3436 938 3504 hominum,
966 3441 1178 3509 operari
1209 3440 1458 3509 dignatus
1477 3450 1580 3506 est,
1610 3456 1862 3496 necessa-

277 3527 423 3582 rium
453 3525 689 3594 judicavi
710 3528 859 3583 brevi
888 3529 1204 3599 prmfatione
1232 3531 1596 3601 perstringere
1620 3533 1761 3602 quod
1793 3548 1859 3586 ex

275 3618 384 3684 his,
421 3632 541 3687 quae
582 3618 822 3673 scribere
849 3620 1107 3689 disposui,
1140 3620 1313 3689 major
1346 3636 1471 3690 pars
1514 3622 1582 3675 ad
1612 3622 1859 3675 notitiam

275 3722 463 3763 meam
502 3705 729 3761 aliorum
760 3707 1019 3762 relatione
1054 3708 1261 3778 perlata
1288 3716 1405 3773 est;
1447 3709 1644 3779 quibus
1682 3718 1859 3763 tamen

276 3807 337 3852 ut
366 3798 531 3853 ﬁdem
560 3798 840 3864 haberem,
863 3813 929 3853 ex
952 3799 1039 3853 his
1060 3814 1179 3868 quae
1205 3799 1319 3868 ipse
1340 3800 1447 3855 vidi
1474 3809 1529 3855 et
1553 3815 1735 3855 coram
1769 3814 1863 3869 po-

276 3890 425 3944 situs
462 3889 687 3958 agnovi,
727 3897 839 3944 tam
872 3888 1102 3946 ﬁrmiter
1134 3890 1264 3944 mihi
1292 3905 1612 3960 persuasum
1648 3897 1761 3954 est,
1801 3897 1864 3942 ut

280 3983 407 4036 sine
435 3981 541 4036 ullo
580 3981 933 4036 dubitationis
962 3982 1214 4050 sempqu
1244 3997 1373 4035 vera
1414 3996 1534 4036 esse
1562 3981 1860 4045 crederem,

277 4090 407 4145 quae
445 4073 514 4128 ab
558 4074 645 4128 his
687 4073 1042 4138 dicebantur,
1074 4073 1169 4142 qui
1209 4088 1267 4128 se
1310 4072 1403 4126 illa
1442 4072 1642 4127 vidisse
1682 4072 1862 4126 testati

280 4171 443 4228 sunt,
477 4164 688 4220 tametsi
715 4178 1093 4234 personarum,
1125 4178 1155 4218 a
1185 4163 1380 4233 quibus
1410 4164 1527 4218 hac
1564 4162 1862 4230 audieram,

281 4266 375 4312 aut
418 4270 642 4324 parvam
689 4263 784 4309 aut
822 4255 1022 4309 nullam
1051 4262 1277 4310 eatenus
1312 4254 1554 4309 notitiam
1585 4255 1862 4310 haberem.

282 4347 557 4403 (keterum
592 4347 659 4402 de
682 4347 769 4401 his
802 4348 1052 4403 omnibus
1079 4362 1142 4402 ea
1169 4347 1405 4417 primum
1452 4346 1736 4401 scribenda
1778 4346 1862 4400 vi-

1962 3160 2127 3214 motis
2178 3161 2480 3217 visceribus
2536 3166 2684 3220 velut
2734 3170 3115 3225 nauseabunda
3176 3173 3430 3239 concuti,
3488 3188 3554 3232 ac

1961 3248 2156 3304 deinde
2203 3266 2456 3322 magnam
2497 3255 2602 3308 vim
2644 3257 2968 3329 pblegmatis
3008 3275 3073 3316 ac
3118 3261 3242 3318 bilis
3285 3265 3555 3322 vomendo

1960 3339 2244 3409 projicere.
2297 3343 2414 3408 Quo
2463 3343 2629 3412 facto,
2676 3349 2955 3417 paululum
3000 3366 3155 3422 aqua:
3203 3352 3412 3426 frigida:
3459 3372 3552 3410 su-

1960 3446 2132 3497 mens,
2174 3432 2243 3487 de
2285 3432 2404 3489 loco
2435 3435 2489 3490 in
2519 3451 2626 3506 quo
2663 3438 2883 3509 jacebat
2922 3455 2983 3496 se
3024 3442 3193 3498 levari
3239 3445 3468 3515 rogavit,
3500 3452 3557 3500 et

1961 3520 2152 3576 baculo
2181 3522 2360 3579 nitens
2390 3525 2674 3582 basilicam
2719 3529 2988 3597 introivit,
3032 3531 3380 3604 adoratisque
3407 3549 3557 3588 mar.

1964 3611 2172 3679 tyribus
2212 3627 2278 3667 ae
2317 3624 2534 3685 recepto
2578 3620 2947 3675 membrorum
2989 3622 3194 3693 vigore,
3243 3625 3309 3679 ad
3336 3625 3556 3700 prepria

1964 3702 2267 3756 repedavit.

1964 3702 2267 3770 repedavit.

2033 3789 2122 3845 56.
2164 3792 2373 3847 Interea
2420 3786 2642 3862 quidam
2690 3798 2872 3864 homo,
2916 3798 3266 3855 Vuillibertus
3314 3804 3552 3871 nomine,

1964 3881 2108 3935 haud
2141 3881 2298 3951 longe
2324 3899 2353 3935 a
2383 3884 2632 3952 basilica,
2658 3887 2711 3940 in
2739 3903 2846 3957 qua
2876 3905 3020 3944 nunc
3047 3889 3326 3946 beatorum
3354 3902 3557 3966 ωλι-ιγ-

1966 3985 2086 4025 rum
2113 3985 2342 4041 corpora
2377 3976 2743 4044 requiescunt,
2777 3981 2995 4033 domum
3025 3981 3251 4048 habens,
3284 3983 3427 4038 inter
3454 3998 3560 4040 cae-

1966 4071 2132 4128 teres,
2159 4065 2251 4132 qui
2275 4064 2345 4120 ad
2371 4069 2780 4125 venerationem
2813 4073 3017 4128 sanctis
3042 4072 3400 4130 exhibendam
3429 4090 3559 4132 con-

1965 4165 2250 4223 venerant,
2299 4159 2366 4214 ad
2414 4158 2674 4215 feretrum
2718 4164 2967 4230 accessit,
3010 4173 3066 4221 et
3093 4166 3248 4235 quasi
3292 4183 3392 4239 pro
3417 4168 3559 4224 dono

1967 4250 2328 4322 quadraginta
2355 4252 2605 4310 denarios
2630 4258 2845 4313 obtulit.
2873 4258 2999 4326 Qui,
3027 4276 3152 4317 cum
3181 4276 3213 4316 a
3243 4264 3401 4320 nobis
3426 4263 3561 4320 fuis-

1970 4351 2052 4397 set
2084 4343 2450 4415 interrogatus
2478 4347 2601 4416 quis
2640 4360 2813 4416 esset,
2855 4352 3093 4423 quidque
3128 4354 3231 4410 sibi
3261 4355 3422 4411 vellet
3458 4357 3559 4411 hu-

283 4440 486 4493 dcntur
527 4453 650 4507 qua
690 4439 743 4492 in
768 4452 834 4493 eo
862 4438 980 4494 loco
1009 4413 1242 4510 gesta-et
1272 4454 1305 4493 a
1331 4438 1536 4508 meipso
1562 4438 1680 4492 visa
1715 4446 1860 4503 sunt,
1890 4413 1943 4472 Ῑ)
1962 4438 2116 4505 jusce
2156 4413 2398 4492 timueris
2434 4413 2661 4507 oblatio,
2693 4413 2891 4497 retulit.
2919 4459 2977 4498 se
3006 4413 3145 4499 laute
3188 4460 3393 4514 paucos
3439 4446 3561 4504 dies

287 4531 356 4587 ad
405 4545 567 4599 quem
602 4545 731 4586 suos
765 4531 1159 4585 sacratissimos
1188 4531 1400 4586 cineres
1426 4530 1588 4584 iidem
1616 4529 1866 4584 beatissi-

283 4621 359 4675 mi
415 4628 686 4691 martyres
733 4619 1015 4675 transferri
1050 4628 1437 4689 praeceperunt.
1484 4619 1688 4674 Deinde
1739 4619 1862 4685 illa,

285 4726 412 4780 quae
439 4710 495 4764 in
527 4711 766 4781 Aquensi
793 4710 1017 4781 palatio,
1052 4712 1153 4766 sub
1184 4710 1316 4779 ipsis
1341 4709 1640 4764 aulicorum
1667 4710 1869 4764 obtuti-

286 4799 391 4854 bus
440 4800 583 4856 l’acta
627 4808 1016 4856 memorantur.
1070 4800 1208 4855 Tum
1247 4815 1311 4854 ea
1354 4815 1475 4869 quae
1517 4814 1617 4868 per
1655 4799 1867 4854 diversa

287 4888 432 4954 loca,
459 4891 527 4945 ad
551 4906 692 4960 quae,
735 4891 1004 4962 religiosis
1038 4891 1174 4947 viris
1210 4889 1516 4960 petentibus
1545 4905 1610 4944 ac
1639 4904 1727 4946 me
1765 4889 1865 4944 tri-

288 4982 515 5047 buente,
562 4998 731 5039 sacrae
751 4984 971 5039 illorum
1002 4985 1247 5053 reliquiae
1290 4983 1481 5039 delata;
1523 4992 1668 5049 sunt,
1715 4991 1867 5054 gesta

294 5073 625 5140 referuntur,
656 5075 843 5130 censui
883 5089 1003 5131 esse
1023 5076 1300 5146 ponenda;
1340 5083 1422 5141 ut,
1463 5075 1567 5131 hoc
1596 5076 1785 5131 ordine
1812 5076 1868 5130 in

292 5163 557 5220 relatione
591 5172 828 5230 servato,
864 5165 1001 5221 nihil
1034 5174 1311 5223 remaneat
1327 5180 1395 5221 ex
1420 5166 1674 5221 omnibus
1699 5165 1870 5236 signis

291 5261 462 5325 atque
498 5255 775 5311 miraculis
792 5297 807 5322 ,
835 5272 957 5327 quae
986 5256 1051 5309 ad
1078 5265 1278 5313 nostrae
1300 5258 1586 5326 parvitatis
1621 5258 1867 5313 notitiam

292 5346 581 5412 pervenire
604 5353 914 5416 potuerunt.
934 5344 1040 5401 Sed
1058 5344 1194 5414 jam,
1222 5362 1366 5403 nunc
1392 5347 1704 5418 praefatione
1725 5362 1873 5403 com-

1968 4527 2290 4598 gravissimo
2314 4529 2575 4600 languore
2613 4541 2946 4603 correptum,
2993 4535 3061 4589 ad
3105 4544 3348 4590 extrema
3392 4535 3562 4592 fuisse

1967 4621 2316 4693 perductum,
2357 4623 2492 4679 adeo
2533 4634 2592 4679 ut
2629 4626 2697 4679 ab
2740 4627 3012 4693 omnibus,
3056 4628 3147 4698 qui
3188 4642 3247 4683 se
3286 4629 3559 4697 viderant,

1969 4714 2308 4786 desperatus,
2355 4719 2736 4775 admoneretur
2774 4727 2837 4773 ut
2876 4735 3066 4776 omnes
3110 4720 3389 4776 facultates
3430 4737 3560 4777 suas

1971 4821 2071 4875 pro
2113 4809 2353 4865 remedio
2392 4810 2586 4866 animae
2627 4826 2739 4866 sua:
2781 4810 3030 4867 celeriter
3074 4821 3362 4883 erogaret:
3393 4828 3560 4883 seque

1968 4895 2043 4949 ita
2069 4896 2283 4953 fecisse.
2325 4897 2554 4970 Jamque
2591 4901 2845 4957 omnibus
2872 4915 2992 4972 qua:
3025 4901 3291 4969 habebat,
3331 4903 3398 4958 ad
3440 4918 3561 4973 quae

1968 4987 2058 5056 pia
2087 4986 2206 5042 loca
2228 4987 2404 5044 danda
2433 4989 2614 5045 forent
2634 4991 2933 5062 dispositis,
2959 5009 3127 5048 unum
3155 5009 3221 5049 ex
3248 4995 3421 5050 servis
3447 4994 3561 5049 suis

1971 5090 2093 5131 cum
2124 5076 2328 5147 ingenti
2356 5078 2559 5149 gemitu
2583 5077 2751 5137 fuisse
2781 5092 3167 5152 conquestum,
3199 5084 3342 5153 quod
3368 5098 3561 5158 perpe-

1971 5182 2089 5220 ram
2116 5181 2183 5222 ac
2219 5167 2374 5223 valde
2419 5169 2751 5241 negligenter
2780 5173 2849 5228 ab
2876 5174 2957 5227 eis
2982 5172 3188 5227 factum
3228 5180 3373 5229 esset
3406 5175 3460 5229 in
3494 5188 3561 5230 eo

1972 5257 2116 5324 quod
2141 5256 2276 5310 nihil
2302 5257 2369 5312 de
2388 5258 2545 5313 bonis
2571 5258 2689 5326 ejus
2713 5260 2923 5314 sanctis
2953 5275 3129 5329 nuper
3154 5262 3222 5316 de
3266 5260 3439 5318 Roma
3465 5279 3560 5319 τες

1972 5345 2253 5401 aientibus
2267 5348 2453 5402 datum
2494 5357 2657 5403 esset.
2687 5347 2823 5402 Tum
2862 5363 2922 5403 se
2948 5350 3361 5408 circumstantes
3396 5355 3560 5410 inter-

294 5434 472 5505 pleta,
516 5437 632 5506 ipsa
673 5453 798 5514 quae
845 5437 1071 5493 dicenda
1113 5446 1239 5493 sunt
1324 5439 1585 5497 miracula
1630 5439 1876 5511 profera-
1976 5450 2221 5506 rogasse,
2259 5437 2307 5490 si
2336 5437 2539 5507 aliquid
2579 5439 2645 5493 de
2677 5438 2841 5492 rebus
2870 5440 2986 5494 suis
3014 5454 3298 5510 superesse
3335 5444 3557 5512 scirent,

298 5539 443 5579 111118.

1980 5527 2123 5596 quod
2152 5526 2221 5581 ad
2250 5536 2516 5601 martyres
2540 5528 2684 5585 mitti
2705 5529 2987 5600 potuisset.
3010 5562 3081 5573 -—
3105 5533 3273 5592 Erant
3296 5536 3440 5592 enim
3466 5535 3553 5595 ad-

375 5648 402 5677 ι
437 5635 493 5693 Id
519 5639 633 5710 jam
661 5656 822 5713 supra
840 5657 988 5700 num.
1011 5641 1083 5698 20
1110 5639 1381 5717 legimus:
1411 5645 1506 5702 sed
1531 5643 1706 5715 Pages
1736 5638 2177 5717 Portium—quis
2191 5642 2281 5712 sit,
2305 5642 2482 5700 adhuc
2504 5643 2852 5718 requirimus.
