3988 6178
403 211 506 266 559
1520 166 1532 176 ι
1727 208 2100 264 EGINHARDI
2135 208 2428 264 ABBATIS
3505 233 3508 235 ·
3570 206 3688 262 560

401 324 508 378 huc
539 323 594 377 in
623 322 1027 386 Michilinstadt,
1059 331 1114 375 et
1143 321 1378 376 nondum
1416 321 1682 391 aliquibus
1708 321 1874 392 signis
1906 322 1985 373 in—
2013 328 2063 381 Α
2089 321 2283 389 gratia,
2318 336 2415 389 per
2442 319 2606 374 multa
2639 327 2947 373 sanctorum
2977 319 3089 373 loca
3135 316 3432 380 trahentes.
3463 321 3680 372 tandem

403 415 700 479 claruerat,
754 415 896 483 quod
952 415 1076 468 inde
1122 415 1355 483 migrare
1405 414 1682 469 deberent.
1727 444 1798 452 —
1848 413 1984 466 Tum

402 505 690 576 quemdam
733 502 1099 572 respondisse,
1145 503 1402 572 quoniam
1441 503 1508 557 de
1541 503 1794 557 omnibus
1825 502 1986 555 rebus

392 595 516 663 ejus
545 609 686 650 unus
727 601 936 646 tantum
965 607 1163 661 porcus
1207 592 1580 687 remansisset,
1625 599 1681 646 et
1722 606 1831 644 non
1866 604 1987 644 esse

381 688 712 754 deputatum
735 700 844 753 quo
865 685 984 739 dari
1015 681 1270 750 deberet:
1287 692 1420 738 tunc
1448 683 1550 738 sibi
1572 681 1982 750 complacuisse,

393 792 564 845 seque
599 775 945 845 prmccpisse,
977 782 1037 829 ut
1066 774 1486 837 venundaretur,
1527 780 1582 826 et
1619 779 1742 842 post
1779 771 1986 825 obitum

396 869 817 938 suum'pretium
847 866 980 922 illud
1005 867 1072 921 ad
1097 873 1398 935 martyrum
1421 865 1712 919 luminaria
1739 863 1986 918 mittere-

397 969 506 1014 tur.
553 959 762 1026 Quibus
794 958 975 1012 verbis
1003 958 1253 1027 expletis,
1287 965 1396 1011 tam
1425 957 1658 1011 subitam
1691 969 1750 1009 se
1792 952 1982 1008 asserit

393 1051 633 1107 sensisse
671 1051 966 1114 medelam,
1007 1059 1066 1103 ut
1094 1049 1358 1118 protinus,
1395 1047 1541 1102 omni
1569 1046 1754 1101 dolore
1780 1045 1982 1115 fugato,

394 1143 560 1198 etiam
588 1140 779 1195 edendi
818 1139 1146 1193 desiderium
1178 1137 1456 1202 habuerit,
1489 1136 1720 1205 ciboque
1745 1143 1984 1205 sumpto,

395 1234 452 1288 in
487 1242 698 1287 tantum
741 1231 892 1286 brevi
924 1229 1263 1286 confortatus
1291 1230 1384 1295 sit,
1413 1237 1472 1284 ut
1503 1230 1558 1283 in
1588 1229 1887 1283 crastinum
1917 1229 1982 1282 ad

393 1340 556 1380 omne
588 1340 745 1394 opus,
774 1324 916 1393 quod
958 1324 1036 1377 rei
1067 1322 1353 1378 familiaris
1396 1323 1694 1376 necessitas
1722 1321 1986 1391 postulas-

391 1425 511 1482 set,
557 1415 957 1486 procurandum
1000 1414 1083 1468 vel
1127 1412 1431 1468 faciendum
1480 1414 1859 1483 percommode
1905 1413 1986 1468 ire

386 1507 678 1576 potuisset.
722 1504 851 1559 Post
883 1505 987 1558 hoc
1023 1519 1249 1573 porcum
1292 1502 1440 1556 illum
1476 1503 1644 1558 fuisse
1682 1503 1982 1568 venditum,

392 1605 452 1651 et
477 1597 582 1651 hoc
610 1609 734 1650 esse
767 1593 998 1664 pretium
1025 1594 1164 1664 ejus,
1193 1594 1338 1662 quod
1368 1608 1435 1648 ex
1477 1603 1604 1649 voto
1631 1594 1807 1649 beatis
1837 1610 1984 1649 mar-

387 1686 604 1757 tyribus
629 1685 909 1740 offerebat.

466 1776 552 1830 37.
595 1775 853 1845 Reliquas
873 1776 1100 1830 virtutes
1122 1785 1285 1846 atque
1315 1777 1595 1842 miracula,
1622 1791 1742 1846 quae
1767 1791 1866 1846 per
1889 1791 1982 1831 eos

393 1870 656 1925 Dominus
675 1870 743 1924 ad
766 1869 993 1923 salutem
1022 1869 1299 1923 hominum
1323 1879 1579 1938 operatus
1599 1876 1700 1934 est,
1726 1869 1981 1936 quuniam

395 1977 504 2031 quo
526 1961 717 2016 ordine
746 1959 1000 2015 dicantur
1025 1959 1160 2014 nihil
1190 1959 1394 2015 referre
1433 1959 1611 2024 video,
1657 1959 1732 2014 ita
1777 1969 1837 2013 ut
1866 1975 1982 2014 me-

395 2053 582 2106 moriae
608 2051 946 2106 occurrerint
989 2051 1176 2105 censui
1203 2049 1588 2116 describenda;
1636 2051 1763 2119 quia
1808 2051 1862 2104 in
1891 2065 1983 2104 ea-

395 2155 516 2194 rum
549 2139 811 2193 relatione
858 2141 1030 2208 magis
1063 2139 1191 2206 quid
1240 2147 1294 2192 et
1333 2153 1520 2207 quare,
1567 2154 1728 2208 quam
1770 2139 1986 2208 quando

395 2229 596 2297 aliquid
625 2237 834 2298 gestum
863 2229 956 2292 sit,
989 2228 1440 2283 considerandqu
1473 2237 1575 2283 est.

462 2319 754 2374 Colloeatis
793 2319 958 2390 igitur
1002 2319 1056 2373 iu
1097 2319 1289 2375 eadem
1316 2320 1541 2376 basilica
1579 2333 1730 2376 more
1759 2320 1986 2375 solemni

393 2410 676 2466 beatorum
708 2418 1010 2488 martyrum
1035 2411 1300 2481 reliquiis,
1331 2426 1454 2466 cum
1485 2413 1781 2467 secundum
1808 2412 1985 2467 eccle-

393 2502 627 2560 siastica:
658 2501 1015 2556 institutionis
1037 2503 1487 2558 consuetudinem
1509 2519 1663 2558 sacra
1696 2503 1985 2557 missarum

392 2593 652 2649 solemnia
682 2593 922 2662 quotidie
950 2592 1382 2658 celebrarentur,
1411 2593 1640 2664 contigit
1668 2602 1727 2648 ut
1751 2593 1984 2662 quadam

391 2686 498 2751 die,
524 2700 650 2739 cum
683 2685 866 2739 divina
894 2699 984 2740 res
1013 2694 1288 2755 ageretur,
1319 2693 1375 2739 et
1403 2699 1502 2739 nos
1532 2685 1585 2738 in
1616 2684 1985 2754 superioribus

392 2774 635 2845 ejusdem
678 2775 920 2831 ecclesia:
959 2774 1095 2830 locis
1139 2775 1440 2839 constituti,
1483 2791 1644 2844 super
1682 2774 1984 2842 subjectum

389 2874 556 2936 atque
589 2865 644 2918 in
687 2865 1035 2920 inferioribus
1062 2866 1415 2920 constitutum
1445 2865 1702 2935 populum
1734 2864 1981 2919 intende-

394 2971 594 3020 remus,
622 2953 851 3009 clericus
869 2953 1089 3024 quidam
1109 2954 1445 3019 seminudus,
1469 2954 1559 3023 qui
1584 2954 1725 3008 inter
1751 2959 1976 3007 caeteros

2089 409 2213 464 illuc
2263 409 2576 480 perductam
2632 411 2774 462 inter
2819 417 3043 463 eteteros
3102 409 3154 460 in
3206 409 3397 462 eadem
3452 409 3680 466 ecclesia

2087 508 2229 554 stare
2260 498 2522 563 fecerunt,
2553 499 2734 553 subito
2755 498 2895 553 velut
2925 499 3131 552 insania
3161 500 3390 568 quadam
3421 501 3681 568 excitata,

2086 589 2296 644 tabulas
2327 605 2556 660 quarum
2599 590 2806 659 crepitu
2852 591 2917 644 ad
2961 590 3360 659 eleemosynam
3387 592 3682 660 petendam

2087 681 2360 745 utebatur,
2390 690 2592 750 quanta
2620 683 2796 752 potuit
2833 683 3031 736 virtute
3079 684 3368 749 concussit,
3424 694 3589 754 atque
3628 686 3685 741 in

2085 771 2342 838 populum
2393 780 2520 827 ante
2573 788 2630 828 se
2686 774 3038 827 constitutum
3096 772 3383 830 furibunda
3429 774 3682 845 proiecit.

2086 862 2222 916 Tum
2248 865 2315 918 ad
2341 865 2620 919 sinistrum
2644 865 2887 920 ecclesiae
2907 866 3165 934 parietem
3193 881 3510 933 accurrens,
3532 869 3684 922 velut

2085 952 2138 1005 iu
2165 954 2413 1008 eumdem
2453 969 2764 1019 ascensura,
2797 955 2963 1008 trium
2998 954 3082 1008 vel
3123 971 3189 1009 eo
3220 956 3452 1027 amplius
3480 959 3683 1026 pedum

2085 1043 2223 1098 saltu
2269 1043 2322 1097 in
2369 1044 2538 1098 altum
2583 1044 2731 1109 dato,
2789 1045 2980 1114 supina
3024 1045 3268 1110 corruit;
3319 1053 3390 1111 et,
3432 1061 3554 1100 cum
3605 1048 3681 1102 ibi

2083 1136 2357 1205 paululum
2406 1145 2620 1191 mortuo
2669 1137 2850 1206 potius
2900 1152 3063 1206 quam
3110 1138 3401 1192 dormienti
3447 1139 3683 1194 similior

2076 1225 2353 1294 jacuisset,
2381 1235 2542 1295 atque
2581 1227 2861 1295 eruptione
2889 1227 3189 1295 sanguinis,
3222 1227 3312 1296 qui
3353 1241 3421 1282 ex
3465 1243 3562 1282 ore
3615 1245 3681 1283 ac

2084 1316 2310 1371 naribus
2336 1317 2536 1371 nimius
2564 1316 2884 1386 profluebat,
2915 1326 3058 1372 esset
3085 1333 3222 1388 pene
3264 1327 3375 1373 tota
3406 1335 3680 1388 respersa,

2084 1424 2114 1462 a
2140 1407 2615 1464 circumstantibus
2643 1407 2853 1462 sublata
2893 1416 3056 1476 atque
3087 1410 3140 1463 in
3171 1410 3407 1464 medium
3433 1411 3680 1466 basilica:

2083 1500 2362 1569 deportata
2410 1509 2512 1554 est.
2561 1498 2806 1569 Cumque
2846 1508 2902 1554 et
2933 1501 3004 1554 ibi
3051 1501 3361 1571 aliquandiu
3389 1503 3675 1572 iacuisset,

2048 1605 2052 1614 '
2086 1592 2232 1645 velut
2259 1591 2325 1646 de
2353 1591 2503 1662 gravi
2553 1606 2745 1646 somno
2770 1593 3356 1660 experrectaresedit:
3391 1609 3456 1648 ac
3483 1595 3681 1650 deinde

2008 1669 2057 1726 Β
2086 1698 2276 1726 manus
2304 1682 2390 1726 his
2423 1683 2514 1726 ηιιί
2545 1683 2829 1726 astiterant
2859 1683 3160 1726 nni-rigant,
3200 1693 3256 1726 nt
3285 1685 3339 1726 in
3374 1686 3541 1726 norbe
3566 1687 3681 1726 ori-

2085 1698 2276 1737 manus
2304 1682 2390 1736 his
2423 1683 2517 1751 qui
2545 1683 2829 1737 astiterant
2859 1683 3163 1754 porrigens,
3200 1693 3260 1738 ut
3285 1685 3340 1739 in
3374 1686 3541 1754 pedes
3566 1687 3681 1741 eri-

2083 1781 2319 1844 geretur,
2362 1773 2559 1843 quibus
2601 1781 2816 1843 poterat
2856 1775 3075 1830 nutibus
3121 1777 3315 1830 oravit.
3362 1776 3557 1832 Erecta
3611 1779 3683 1832 ad

2085 1864 2254 1918 altare
2303 1863 2586 1919 deducitur
2631 1879 2645 1918 :
2694 1864 2785 1919 ubi
2835 1880 2957 1920 cum
3011 1865 3310 1921 Ratleicum
3357 1867 3504 1922 inter
3542 1867 3682 1923 alios

2084 1957 2332 2020 clericos,
2361 1957 2453 2026 qui
2475 1955 2629 2025 juxta
2661 1957 2830 2012 altare
2859 1959 3234 2023 constiterant,
3263 1968 3497 2015 stantem
3524 1976 3589 2016 ac
3620 1977 3682 2016 se

2087 2048 2464 2116 respicientem
2510 2057 2780 2114 cerneret,
2826 2049 3072 2117 protinus
3113 2049 3166 2102 in
3203 2050 3319 2104 haec
3346 2051 3512 2105 verba
3547 2067 3680 2120 pro-

2086 2137 2266 2206 rupit:
2303 2154 2324 2189 ι
2363 2136 2442 2191 Tu
2471 2152 2551 2202 es,
2585 2138 2777 2206 inquit,
2826 2137 3133 2204 Ratleicus;
3175 2148 3250 2204 tu,
3297 2141 3391 2204 ait,
3427 2140 3528 2195 hoc
3573 2156 3681 2196 no-

2085 2228 2230 2283 mine
2271 2228 2529 2282 vocitaris
2575 2237 2631 2282 tu
2682 2244 2742 2283 es
2793 2244 2982 2284 servus
3041 2231 3234 2284 horum
3279 2239 3617 2286 sanctorum.
3657 2251 3676 2284 ι

2087 2317 2258 2384 Quam
2292 2333 2416 2373 cum
2447 2318 2534 2373 ille
2558 2327 2972 2390 percontaretur
2997 2321 3139 2376 unde
3183 2323 3284 2376 hoc
3332 2322 3547 2388 scisset,
3593 2325 3683 2378 vel

2084 2409 2207 2478 quis
2247 2409 2297 2463 ei
2349 2425 2544 2463 nomen
2587 2426 2741 2464 suum
2785 2411 3075 2466 indicasset
3116 2431 3128 2464 :
3178 2431 3197 2462 ε
3241 2411 3459 2478 Sancti,
3504 2415 3706 2483 inquit.

2087 2502 2198 2566 isti,
2227 2502 2318 2570 qui
2347 2501 2434 2556 hic
2461 2501 2828 2570 requiescunt,
2865 2503 3080 2572 quando
3106 2503 3250 2558 velut
3296 2504 3574 2558 dormiens
3594 2503 3681 2572 ja-

2086 2593 2193 2656 cui,
2237 2600 2585 2646 accesserunt
2613 2590 2680 2644 ad
2714 2606 2800 2646 me
2828 2601 2884 2646 et
2915 2592 3180 2648 miserunt
3224 2593 3420 2664 digitos
3468 2609 3600 2650 suos
3626 2595 3683 2651 in

2086 2682 2355 2737 auriculas
2389 2697 2539 2738 meas
2577 2683 2938 2752 dixeruntque
2980 2684 3111 2738 mihi
3139 2702 3152 2737 :
3185 2683 3318 2739 Cum
3349 2685 3679 2749 surrexeris,

2085 2784 2138 2830 et
2167 2775 2232 2828 ad
2269 2774 2439 2828 altare
2479 2777 2795 2840 accesseris,
2843 2775 3074 2830 clericus
3120 2775 3210 2829 ille
3251 2775 3486 2844 juvenis,
3516 2792 3679 2846 quem

2085 2877 2269 2917 coram
2295 2870 2347 2916 te
2373 2862 2631 2917 assistere
2654 2879 2718 2917 ac
2742 2872 2793 2918 te
2823 2863 3100 2918 intendere
3116 2863 3336 2929 videris,
3366 2864 3504 2919 scito
3533 2866 3680 2934 quod

2089 2953 2177 3008 ille
2223 2953 2500 3008 Ratleicus
2547 2963 2792 3018 vocatur,
2843 2961 2897 3008 et
2937 2953 3026 3008 ille
3079 2969 3266 3008 servus
3312 2964 3496 3009 noster
3539 2964 3626 3011 est
3662 2994 3679 3033 λ

393 3043 460 3098 ad
489 3019 632 3098 idem
661 3019 904 3098 officium
925 3052 1178 3110 venerat,
1209 3051 1374 3113 atque
1418 3019 1692 3098 iii—media
1729 3042 1975 3097 multitu-
2004 3019 2047 3080 C
2089 3059 2213 3098 nam
2240 3045 2356 3112 ipse
2384 3044 2574 3112 estqui
2599 3043 2665 3098 ad
2686 3045 2829 3098 hunc
2857 3043 3034 3097 locum
3065 3059 3292 3112 corpora
3320 3052 3504 3098 nostra
3525 3019 3683 3100 detu:

391 3134 517 3190 dine
541 3134 907 3199 consistebat,
957 3142 1069 3187 tam
1101 3135 1251 3205 gravi
1287 3134 1442 3188 ruina
1492 3133 1672 3188 subito
1713 3133 1982 3202 collapsus

393 3233 500 3291 est,
546 3234 606 3278 ut
650 3233 865 3280 mortuo
892 3225 1085 3280 similis
1117 3226 1169 3279 in
1203 3226 1511 3295 pavimento
1553 3225 1856 3280 diutissime
1897 3225 1982 3293 ja-

394 3317 616 3371 cuisset.
640 3316 808 3383 Quem
837 3332 961 3371 cum
990 3325 1310 3373 stertentem
1335 3317 1502 3386 aliqui
1531 3332 1598 3372 ex
1627 3317 1990 3374 circumstan-

393 3407 539 3462 tibus
567 3406 748 3462 levare
774 3416 935 3476 atque
963 3408 1173 3479 erigere
1198 3417 1548 3473 conarentur,
1574 3416 1725 3462 tanta
1751 3409 1834 3461 vis
1858 3423 1982 3463 san-

392 3497 572 3569 guinis
596 3513 664 3553 ex
681 3513 774 3553 ore
800 3507 856 3554 et
882 3499 1108 3554 naribus
1135 3499 1333 3568 erupit,
1356 3507 1416 3553 ut
1448 3507 1562 3554 tota
1588 3498 1828 3552 anterior
1855 3513 1982 3566 pars

391 3592 654 3660 corporis,
685 3592 737 3646 id
759 3600 864 3658 est,
889 3600 1078 3662 pectus
1099 3599 1154 3645 et
1173 3599 1381 3654 venter,
1409 3602 1464 3645 et
1487 3606 1658 3659 usque
1683 3591 1750 3644 ad
1774 3599 1980 3644 vestem

391 3695 496 3748 qua
526 3680 744 3750 inguina
773 3682 1112 3752 tegebantur,
1147 3681 1250 3734 hac
1276 3688 1424 3734 esset
1448 3680 1835 3734 exuberatione
1861 3695 1984 3750 per-

393 3763 533 3825 fusa.
585 3772 685 3839 Qui
727 3788 849 3828 cum
893 3771 1054 3826 allata
1099 3786 1238 3840 aqua
1268 3769 1846 3836 fuisset'refocillatus,
1896 3787 1981 3827 re—

392 3865 622 3935 sumptis
663 3865 872 3920 viribus
899 3865 1046 3920 clare
1075 3864 1288 3920 locutus
1313 3872 1416 3920 est.
1459 3863 1595 3918 Nam
1638 3865 1980 3935 postmodum

391 3974 423 4010 a
451 3957 609 4011 nobis
641 3957 1020 4027 interrogatus,
1054 3964 1284 4012 testatus
1315 3965 1400 4011 est
1429 3971 1488 4010 se
1518 3956 1586 4010 ab
1628 3954 1856 4010 infantia
1883 3970 1980 4010 sua

392 4062 564 4116 usque
608 4047 662 4101 in
694 4062 932 4117 praesens
978 4062 1152 4116 neque
1199 4047 1386 4101 audire
1427 4045 1652 4115 aliquid,
1691 4061 1792 4101 nec
1835 4046 1980 4116 loqui

393 4138 650 4208 potuisse.
682 4137 920 4190 Patriam
949 4137 1052 4191 sibi
1081 4153 1203 4192 esse
1247 4137 1607 4202 Britanniam,
1655 4152 1714 4192 se
1761 4137 1981 4191 natione

393 4227 658 4298 Anglum;
696 4236 927 4280 matrem
957 4242 1108 4281 suam
1144 4227 1399 4284 visitandi
1430 4227 1623 4296 gratia,
1653 4241 1772 4296 quae
1792 4226 1980 4282 Romae

2085 3133 2168 3188 lit.
2208 3154 2226 3185 ι
2262 3133 2328 3186 Ει
2355 3147 2544 3186 revera
2577 3132 2650 3186 ita
2681 3140 2817 3186 erat.
2848 3130 2906 3186 Si
2942 3132 3155 3201 quidem
3180 3133 3295 3202 ipse
3322 3141 3459 3200 erat,
3491 3150 3678 3203 quem,

2085 3229 2305 3291 propter
2331 3230 2646 3275 sanctorum
2673 3221 2930 3291 reliquias
2963 3236 2993 3274 a
3018 3222 3250 3291 quodam
3281 3222 3510 3278 diacono
3538 3225 3683 3279 reci-

2084 3313 2309 3383 piendas
2358 3313 2621 3383 nobisque
2667 3312 3006 3378 deferendas,
3057 3313 3283 3367 Romam
3323 3329 3423 3369 nos
3469 3316 3686 3371 misisse

2086 3405 2140 3458 iu
2171 3405 2348 3472 primo
2389 3404 2526 3459 libro
2552 3404 2990 3458 memoravimus.
3041 3404 3107 3458 Et
3154 3405 3271 3458 hmc
3317 3406 3537 3478 quidem
3581 3407 3686 3462 hoc

2085 3495 2245 3550 modo
2295 3509 2475 3549 coram
2533 3495 2724 3561 nobis,
2783 3510 2881 3564 per
2925 3495 3180 3550 virtutem
3241 3496 3680 3554 beatissimorum

2084 3593 2406 3656 martyrum,
2429 3585 2652 3656 depulso
2672 3587 3006 3642 infirmitatis
3028 3588 3244 3658 spiritu,
3267 3589 3677 3660 integerrimam

2083 3679 2328 3748 corporis
2355 3679 2437 3732 sui
2481 3680 2768 3734 sanitatem
2815 3689 2900 3734 est
2943 3690 3263 3745 consecuta;
3312 3698 3478 3752 quam
3525 3693 3682 3754 pater

2084 3786 2148 3824 ac
2193 3771 2378 3834 frater,
2401 3771 2493 3839 qui
2529 3786 2648 3825 eam
2677 3771 2768 3826 illo
2797 3771 3158 3836 deduxerunt,
3185 3789 3217 3826 ι
3252 3780 3500 3843 tempore
3533 3777 3678 3833 nati-

2083 3862 2272 3916 vitatis
2313 3877 2424 3916 sute
2465 3861 2686 3916 surdam
2715 3869 2769 3916 et
2805 3870 3011 3916 mutam
3053 3877 3265 3933 semper
3299 3863 3470 3920 fuisse
3493 3869 3677 3921 testati

2083 3965 2234 4011 sunt.

2153 4049 2242 4103 '59.
2272 4047 2588 4103 Miraculum
2621 4057 2820 4113 autem,
2854 4050 2998 4119 quod
3023 4066 3166 4106 nunc
3186 4059 3508 4106 narraturus
3533 4066 3670 4112 sum,

2083 4153 2182 4208 ego
2208 4139 2320 4208 ipse
2350 4154 2455 4193 non
2481 4139 2612 4203 vidi,
2649 4140 2743 4194 sed
2765 4140 2945 4194 verbis
2974 4155 3160 4194 eorum
3189 4156 3422 4211 quorum
3453 4141 3558 4195 hoc
3588 4155 3675 4194 re-

2081 4230 2281 4285 latione
2323 4232 2454 4286 mihi
2481 4239 2818 4300 compertum
2859 4241 2960 4296 est,
2990 4248 3095 4286 non
3144 4234 3322 4288 minus
3353 4248 3519 4303 quam
3550 4248 3679 4303 pro-

392 4316 852 4387 percgrinaretur,
879 4317 985 4371 iter
1007 4318 1322 4387 arripuisse,
1355 4328 1517 4388 atque
1555 4319 1628 4372 ita
1653 4318 1794 4372 inter
1821 4327 1980 4372 caste-
2005 4359 2058 4419 D
2083 4323 2218 4393 priis
2237 4323 2408 4377 oculis
2429 4323 2651 4378 credere
2668 4338 2918 4392 possum;
2945 4324 3171 4393 ideoque
3192 4339 3298 4379 non
3323 4332 3381 4378 ut
3408 4325 3675 4390 auditum,

393 4421 484 4462 ros
510 4405 847 4476 peregrinos,
875 4406 964 4478 qui
1009 4423 1116 4461 una
1143 4408 1370 4462 Romam
1399 4409 1478 4464 ire
1505 4409 1789 4474 volebant,
1817 4409 1871 4464 in
1917 4408 1981 4462 il-

390 4499 500 4553 lum
533 4498 710 4552 locum
751 4499 1082 4568 pervenisse,
1126 4501 1243 4564 sed,
1281 4501 1444 4556 sociis
1484 4502 1598 4556 suis
1637 4500 1978 4566 abeuntibus,

391 4604 448 4644 se
479 4589 818 4653 substitisse;
847 4589 1128 4658 ipsumque
1157 4589 1322 4655 diem,
1349 4605 1455 4660 quo
1481 4606 1644 4645 sanus
1674 4589 1848 4644 factus
1872 4598 1975 4654 est,

391 4680 681 4751 septimum
707 4696 825 4734 esse
847 4695 912 4734 ex
937 4697 1042 4750 quo
1078 4682 1132 4735 in
1162 4681 1340 4736 locum
1365 4682 1515 4735 illum
1545 4691 1785 4736 venerat.
1816 4681 1978 4738 Cum-

390 4790 496 4844 que
526 4774 594 4828 ab
621 4788 687 4828 eo
717 4787 910 4828 nomen
938 4773 1055 4842 ejus
1083 4788 1471 4842 qumreremus,
1497 4775 1772 4842 respondit
1795 4789 1852 4830 se
1874 4790 1973 4828 no-

390 4883 515 4922 men
561 4881 719 4920 suum
750 4865 966 4935 penitus
1012 4866 1280 4936 ignorare,
1317 4881 1417 4935 pro
1445 4883 1510 4922 eo
1551 4867 1694 4936 quod
1731 4884 1796 4925 ex
1831 4877 1970 4924 tem-

389 4975 554 5029 pore,
597 4972 707 5028 quo
753 4957 1069 5017 obsurduit.
1114 4973 1391 5028 nunquam
1436 4975 1630 5014 nomen
1680 4976 1837 5016 suum
1880 4977 1975 5014 au-

393 5051 573 5107 dierit.

461 5145 552 5198 58.
592 5143 729 5198 Exin
758 5150 882 5213 post
909 5142 1113 5212 aliquot
1140 5141 1276 5206 dies,
1316 5159 1438 5198 cum
1472 5159 1620 5198 more
1655 5146 1880 5199 solemni
1911 5147 1980 5201 ad

393 5235 759 5304 vespertinum
787 5234 1019 5290 cilicium
1060 5235 1112 5288 in
1158 5234 1386 5289 ecclesia
1423 5235 1710 5291 fuissemus
1746 5253 1976 5307 congre-

396 5325 529 5394 gati,
560 5325 736 5395 puella
771 5326 1020 5395 quadam
1063 5324 1227 5379 surda
1256 5334 1312 5378 et
1356 5333 1528 5389 muta,
1557 5340 1718 5393 quam
1748 5325 1815 5380 de
1842 5317 1981 5398 pago

397 5414 697 5487 Biturigum
732 5429 756 5457 α
785 5425 938 5486 pater
962 5415 1078 5486 ejus
1120 5431 1185 5470 ac
1219 5414 1411 5482 frater,
1443 5415 1673 5470 salutem
1707 5418 1982 5486 quaerendi

471 5559 496 5621 ξ
526 5547 740 5621 Scilicet
767 5550 819 5600 in
839 5549 1123 5617 Aquitania
1149 5549 1347 5621 prima,
1377 5551 1442 5604 ad
1465 5567 1626 5621 quam
1655 5549 1796 5606 fama
1822 5553 1985 5609 mira-

405 5617 647 5674 culorum
672 5619 978 5672 devenerat.

2087 4411 2182 4466 sed
2210 4413 2386 4480 potius
2415 4420 2472 4465 ut
2498 4426 2529 4465 a
2564 4425 2650 4465 me
2675 4412 2790 4480 ipso
2812 4413 3007 4477 visum,
3059 4414 3438 4470 incunctanter
3463 4430 3528 4469 ac
3560 4415 3678 4469 sine

2086 4503 2193 4557 ulla
2218 4503 2553 4557 dubitatione
2580 4503 2827 4572 proferre
2849 4503 3082 4558 decrevi.

2155 4593 2484 4647 Mercatores
2527 4594 2745 4661 quidam
2795 4595 2861 4650 de
2908 4592 3125 4648 civitate
3178 4594 3542 4664 Moguntiaca,
3583 4595 3674 4663 qui

2083 4684 2411 4740 frumentum
2462 4688 2516 4741 in
2561 4688 2929 4756 superioribus
2985 4685 3288 4742 Germania:
3354 4688 3606 4756 partibus
3648 4688 3674 4728 δ

2087 4791 2286 4839 emere,
2317 4793 2381 4832 ac
2407 4793 2504 4848 per
2531 4778 2750 4834 fluvium
2785 4779 3019 4834 anum
3063 4781 3131 4835 ad
3177 4780 3362 4834 urbem
3412 4780 3677 4835 devehere

2076 4872 2350 4935 solebant,
2377 4886 2578 4925 aecum
2619 4871 2906 4939 quemdam
2949 4871 3166 4926 natione
3207 4868 3557 4941 Aquitanum,
3583 4885 3677 4924 no-

2079 4961 2227 5016 mine
2272 4960 2575 5026 Albricum,
2607 4961 2873 5016 mercedis
2900 4977 2928 5014 a
2957 4961 3068 5016 Deo
3091 4961 3462 5032 promerendae
3502 4962 3674 5032 gratia

2080 5057 2202 5110 navi
2233 5071 2342 5110 suae
2371 5055 2703 5124 impositum,
2746 5057 2886 5110 sicut
2933 5056 3047 5124 ipse
3073 5054 3358 5124 petiverat,
3401 5053 3468 5106 ad
3495 5052 3676 5107 basili-

2081 5165 2204 5204 cam
2241 5149 2522 5204 beatorum
2567 5156 2866 5218 martyrum
2910 5147 3264 5202 deduxerunt.
3281 5143 3402 5212 ~Qui
3433 5159 3556 5199 cum
3601 5144 3673 5198 ibi

2079 5255 2351 5308 egressus,
2381 5247 2544 5308 atque
2587 5238 2641 5294 in
2672 5239 2832 5293 domo
2863 5239 3104 5294 custodis
3125 5237 3367 5293 ecclesiae
3406 5244 3549 5292 esset
3580 5236 3674 5290 ho-

2082 5332 2242 5400 spitio
2281 5341 2553 5400 receptus,
2588 5339 2795 5400 septem
2822 5331 2907 5386 vel
2943 5346 3008 5387 eo
3039 5331 3267 5401 amplius
3311 5329 3428 5384 dies
3472 5328 3671 5382 ibidem

2085 5430 2328 5477 moratus
2350 5430 2450 5474 est.
2475 5420 2718 5476 Habebat
2742 5421 2885 5474 enim
2908 5430 3106 5491 praeter
3133 5421 3436 5475 edacitatem
3457 5449 3531 5460 —
3552 5431 3675 5488 qua

2158 5555 2186 5594 ι)
2228 5554 2447 5608 Scilicet
2490 5569 2556 5607 ex
2610 5555 2986 5610 marchionatu
3018 5553 3432 5616 Culembachio,
3459 5553 3663 5623 episco-

2094 5635 2223 5696 patu
2248 5624 2650 5695 Bambergensi,
2682 5634 2736 5680 et
2767 5626 3035 5696 contiguis
3067 5625 3337 5682 Bobcmize
3368 5624 3520 5678 locis.
