3976 6170
252 433 349 491 am
404 502 407 505 _

1103 434 1282 492 lllST.
1324 432 1715 491 TRANSLAT.
1757 432 1865 489 BB.
1903 429 2327 491 MARCELLINI
2360 435 2449 491 ΕΤ
2487 434 2711 493 PETRI.

3425 430 3533 490 562

252 563 303 629 ei
322 551 612 617 propterea
639 545 785 615 quod
817 545 990 602 oculis
1017 547 1260 613 carebat,
1294 546 1555 602 naturalis
1581 545 1696 615 jam
1718 559 1839 602 esse
1865 547 1918 605 Α
1942 547 2312 616 quiescebant,
2340 551 2706 620 parvospatio
2738 549 2993 615 distabat,
3027 551 3217 606 orandi
3243 550 3417 622 gratia
3444 568 3536 606 ve-

260 636 538 695 ridebatur
561 667 635 680 —
668 638 987 695 horribilem
1028 653 1093 694 ac
1138 636 1339 694 fmdam
1386 639 1554 695 totius
1600 638 1849 708 carperis

253 731 647 788 inﬁrmitatem.
676 731 809 787 Erat
829 732 974 788 enim
995 734 1236 788 omnium
1260 735 1626 790 membrorum
1654 745 1843 803 ingens

253 832 481 890 tremor,
536 822 628 893 qui
676 824 928 879 eumdem
968 831 1079 880 tam
1118 824 1268 895 gravi
1314 824 1592 894 quatiebat
1640 823 1844 877 incom-

250 912 439 979 nodo,
464 921 525 969 ut
549 913 789 984 propriis
829 915 1080 970 manibus
1107 915 1288 970 cibum
1327 915 1413 970 ori
1448 929 1546 970 suo
1568 913 1844 985 porrigere

249 1003 469 1074 penitus
493 1019 603 1059 non
630 1004 855 1061 valeret.
886 1005 937 1060 ls
961 1020 1085 1060 cum
1112 1005 1201 1060 die
1233 1008 1486 1076 quadam,
1515 1006 1665 1061 boris
1692 1012 1845 1059 ante—

251 1094 569 1151 meridianis
600 1095 655 1149 in
681 1096 916 1167 hospitio
937 1096 1148 1166 iacens,
1176 1096 1552 1159 obdormisset,
1584 1096 1720 1151 vidit
1747 1110 1845 1165 per

249 1200 507 1255 soporem
532 1190 820 1257 quemdam
845 1187 945 1242 sibi
975 1187 1320 1242 assistentem
1348 1203 1513 1258 seque
1534 1196 1842 1243 monentem

250 1284 319 1331 ut
341 1273 456 1331 cito
481 1284 747 1346 surgeret,
775 1283 937 1347 atque
965 1276 1033 1330 ad
1058 1276 1342 1332 ecclesiam
1364 1276 1675 1343 festinaret;
1710 1284 1845 1331 tem-

250 1382 359 1437 pus
394 1367 581 1424 dicens
604 1367 911 1432 advenisse,
935 1384 1043 1440 quo
1068 1370 1135 1424 de
1160 1368 1250 1423 illa
1276 1369 1568 1425 miserabili
1593 1369 1846 1438 passione

249 1473 356 1528 per
377 1458 632 1515 virtutem
669 1464 977 1514 sanctorum
1022 1458 1242 1514 liberari
1288 1457 1527 1514 deberet.
1574 1458 1845 1528 Experge-

248 1548 435 1607 factus
475 1556 637 1618 atque
685 1549 755 1605 ad
796 1548 1083 1605 ecclesiam
1137 1549 1348 1614 ductus,
1397 1564 1498 1618 pro
1542 1547 1749 1604 foribus
1789 1549 1845 1603 in

248 1640 492 1711 quodam
521 1639 698 1711 lapide
740 1640 1004 1697 consedit.
1052 1638 1326 1711 Agebatur
1354 1648 1482 1695 tunc
1502 1640 1557 1694 in
1593 1640 1842 1704 ecclesia,

249 1745 409 1786 more
439 1729 690 1795 solemni,
736 1730 979 1785 divinum
1004 1729 1260 1794 cilicium,
1304 1736 1361 1783 et
1386 1728 1615 1798 expletis
1643 1728 1845 1784 oratio-

250 1824 417 1878 nibus
461 1838 582 1893 quze
624 1838 836 1878 sacram
881 1822 1154 1893 Evangelii
1203 1821 1489 1877 lectionem
1538 1821 1846 1890 praecedere

1945 640 2115 707 uisse,
2136 650 2194 696 et
2218 657 2341 696 cum
2364 657 2486 696 eam
2528 643 2768 697 clausam
2812 641 3149 707 offendisset,
3189 656 3291 713 pro
3328 642 3535 698 foribus

1945 747 2149 787 orasse.
2190 733 2394 789 Deinde
2414 749 2537 789 cum
2563 749 2622 789 sc
2646 735 2930 798 erexisset,
2957 744 3012 791 et
3043 736 3111 790 ad
3143 734 3427 790 ecclesiam
3453 736 3534 789 ire

1946 824 2222 892 ccepisset,
2250 824 2449 879 vidisse
2476 825 2766 894 quemdam
2794 825 3072 891 clericum,
3099 825 3408 880 veneranda
3448 840 3540 879 ca—

1945 915 2100 981 nitie,
2127 915 2263 970 stola
2289 915 2409 971 alba
2434 915 2702 981 indutum,
2731 930 2796 970 eo
2838 930 2945 986 quo
2973 924 3029 970 et
3063 915 3178 985 ipse
3202 915 3282 969 ire
3316 915 3536 970 volebat

1948 1022 2008 1063 se
2051 1005 2467 1078 praecedentem.
2499 1005 2689 1072 Quem,
2726 1014 2787 1060 ut
2811 1006 2925 1075 ipse
2952 1005 3170 1069 asserit,
3204 1012 3423 1060 secutus
3455 1012 3542 1059 est

1947 1113 2120 1167 usque
2147 1098 2214 1152 ad
2232 1097 2429 1153 ostium
2458 1097 2716 1152 basilicae.
2746 1096 2863 1164 Quo
2891 1112 3012 1151 cum
3045 1098 3206 1152 aml~o
3237 1095 3536 1161 venissent,

1949 1188 1997 1244 is
2017 1189 2106 1258 qui
2145 1187 2483 1258 przeeedebat
2510 1188 2769 1252 substitit,
2820 1188 3044 1242 sinistro
3082 1186 3226 1257 posti
3266 1201 3325 1242 se
3373 1187 3541 1257 appli-

1949 1294 2097 1342 cans,
2148 1279 2305 1347 quasi
2332 1277 2493 1333 vellet
2534 1288 2595 1331 ut
2632 1276 2724 1332 ille
2757 1277 2910 1346 prius
2948 1277 3345 1347 ingrederetur,
3378 1292 3540 1346 quem

1950 1372 2064 1441 ipse
2101 1372 2263 1442 paulo
2304 1379 2432 1427 ante
2469 1380 2867 1441 praecesserat:
2898 1373 3282 1442 cunctantique
3319 1380 3378 1427 ut
3414 1380 3543 1429 ante

1951 1478 2009 1519 se
2050 1463 2299 1528 intraret,
2341 1462 2630 1516 annueudo
2672 1461 2981 1531 imperavit.
3011 1462 3109 1529 Qui
3136 1478 3260 1517 cum
3287 1462 3545 1518 intrasset

1950 1562 2007 1609 et
2024 1554 2090 1609 ad
2109 1553 2375 1608 orandum
2403 1568 2461 1608 se
2485 1552 2819 1618 inclinasset,
2849 1560 2973 1623 post
2997 1562 3205 1624 tergum
3228 1554 3346 1624 ejus
3370 1554 3540 1618 stetit,

1950 1656 2005 1704 et
2039 1663 2162 1703 cum
2185 1662 2366 1717 pugno
2391 1646 2447 1701 in
2472 1645 2742 1701 cervicem
2781 1646 3050 1716 percussit
3097 1658 3260 1716 atque
3297 1653 3543 1716 prostra-

1949 1740 2049 1804 vit,
2078 1748 2133 1794 et
2169 1736 2456 1793 confestim
2486 1736 2724 1791 evanuit.
2764 1735 2934 1802 Quem
2968 1744 3145 1790 tamen
3189 1750 3350 1790 nemo
3379 1735 3541 1799 alius,

1951 1829 2056 1884 nisi
2093 1828 2240 1882 solus
2267 1826 2354 1881 ille
2380 1825 2472 1895 qui
2502 1836 2724 1880 sanatus
2753 1833 2858 1889 est,
2896 1824 3079 1879 videre
3104 1824 3298 1893 potuit.

249 1913 454 1980 solent,
502 1914 679 1983 ipsum
717 1912 821 1982 legi
853 1920 1087 1983 coeptum
1129 1910 1431 1981 esu-Cujus
1470 1926 1594 1967 cum
1619 1911 1707 1966 vix
1739 1911 1846 1966 duo
1874 1927 1921 1988 Β
2016 1919 2106 1973 Η.
2150 1917 2264 1972 Sub
2313 1917 2455 1971 idem
2508 1915 2625 1970 fere
2672 1922 2905 1984 tempus,
2951 1930 3074 1969 cum
3101 1917 3335 1984 quadam
3382 1921 3546 1969 nocte

251 2017 451 2059 versus
479 2001 711 2059 fuissent
732 2002 959 2073 legendo
985 2002 1264 2073 complcti,
1289 2017 1419 2057 ecce
1446 2010 1686 2072 repente,
1704 2000 1853 2057 velut

249 2097 371 2151 vim
404 2096 636 2167 patiens,
663 2097 988 2152 tremulosus
1019 2095 1108 2151 ille
1140 2096 1466 2152 vociferatus
1490 2105 1595 2162 est,
1623 2097 1810 2153 dicens
1835 2114 1849 2151 :

256 2206 283 2237 ε
319 2186 529 2256 Adjuva
575 2201 697 2253 me,
741 2196 927 2243 sancte
976 2186 1314 2243 Marcelline!
1371 2209 1389 2241 ι
1433 2188 1553 2256 Quo
1613 2189 1854 2244 clamore

250 2280 476 2335 tametsi
501 2294 694 2336 omnes
717 2279 809 2348 qui
838 2278 895 2333 in
931 2278 1161 2333 ecclesia
1197 2288 1375 2345 erant,
1407 2279 1549 2335 baud
1577 2296 1743 2349 parva
1772 2280 1858 2336 fo-

248 2377 382 2423 rent
421 2366 830 2437 perturbatione
871 2366 1170 2429 commoti,
1221 2366 1427 2435 majore
1476 2375 1655 2422 tamen
1701 2376 1857 2436 parte

244 2470 482 2529 propter
509 2458 870 2514 reverentiam
897 2456 1224 2527 evangelica:
1264 2457 1515 2512 lectionis
1543 2458 1594 2514 in
1623 2459 1744 2513 loco
1770 2473 1856 2512 re~

212 2530 225 2547 ’
243 2560 541 2615 manente,
573 2550 759 2619 plures
776 2551 844 2604 ad
870 2548 1156 2604 videndum
1179 2564 1427 2619 quamam
1452 2565 1613 2604 causa
1634 2550 1860 2620 hujusce

246 2642 524 2699 clamoris
551 2643 812 2697 existeret
838 2634 1223 2707 decurrerunt;
1254 2649 1327 2707 et,
1358 2650 1419 2696 ut
1444 2650 1630 2713 postea
1676 2643 1859 2709 testati

247 2741 415 2797 sunt,
467 2732 791 2787 invenerunt
836 2730 1118 2797 eumdem,
1165 2730 1220 2786 in
1270 2747 1338 2787 eo
1379 2748 1488 2803 quo
1535 2735 1858 2791 consederat

248 2824 406 2887 loco,
431 2831 655 2876 extento
683 2837 744 2877 ac
767 2822 1084 2891 resupinato
1118 2838 1347 2893 corpore
1383 2825 1676 2895 jacentcm,
1708 2842 1860 2882 men-

250 2922 488 2982 tumque
510 2926 577 2966 ac
604 2921 793 2982 pectus
815 2928 1013 2968 cruore
1039 2928 1103 2968 ex
1126 2914 1347 2970 naribus
1371 2914 1673 2987 profluente
1696 2917 1858 2971 inun—

249 3004 471 3059 datum.
509 3003 613 3070 Qui
643 3019 766 3059 cum
808 3004 878 3059 ab
919 3004 1001 3060 eis
1040 3013 1277 3073 erectus,
1304 3015 1360 3073 et
1397 3006 1675 3079 paululum
1707 3023 1862 3078 aqua:

253 3096 476 3167 frigidae
504 3112 728 3153 sumens
755 3096 944 3152 fuisset
990 3106 1286 3165 recreatus,
1325 3098 1509 3155 retulit
1554 3099 1659 3155 sibi
1684 3099 1859 3155 visum

251 3188 449 3255 fuisse,
474 3196 613 3244 tunc
641 3203 767 3243 cum
794 3188 941 3242 illam
962 3203 1150 3244 vocem
1189 3190 1464 3255 emiserat,
1491 3190 1636 3260 quod
1665 3190 1860 3260 aliquis

1951 2017 2253 2081 surgentes,
2291 2008 2358 2061 ad
2388 2007 2672 2062 ecclesiam
2715 2007 2937 2070 iremus,
2983 2005 3292 2061 invenimus
3335 2018 3435 2075 pro
3463 2003 3545 2059 fo—

1952 2102 2101 2157 ribus
2128 2099 2374 2156 ecclesiae
2401 2097 2688 2167 quemdam
2721 2112 2975 2167 puerum,
3006 2097 3061 2151 in
3091 2096 3304 2168 porticu
3342 2095 3535 2167 jacen-

1953 2199 2083 2256 tem,
2115 2190 2251 2244 adeo
2279 2187 2670 2243 miserabiliter
2696 2193 3055 2251 contractum,
3085 2193 3146 2241 ut
3167 2194 3350 2241 mento
3369 2200 3545 2257 genua

1948 2287 2326 2356 jungercntur.
2358 2281 2461 2350 Qui
2486 2297 2674 2348 unum,
2704 2296 2769 2336 ex
2799 2282 2888 2337 bis
2915 2282 3006 2351 qui
3027 2295 3128 2336 nos
3153 2280 3537 2349 sequebantur,
3568 2344 3577 2351 ,

1955 2375 2187 2446 rogavit,
2211 2382 2271 2427 ut
2294 2387 2354 2427 se
2383 2373 2438 2426 in
2464 2373 2752 2428 ecclesiam
2778 2372 3118 2441 deportaret;
3151 2378 3207 2425 et
3232 2370 3347 2435 ille,
3378 2370 3542 2423 mise-

1957 2466 2187 2520 ricordia
2223 2472 2425 2528 motus,
2471 2464 2688 2518 sustulit
2734 2478 2880 2528 eum,
2930 2471 2986 2517 et
3016 2464 3070 2517 in
3117 2462 3347 2517 ecclesia
3391 2461 3548 2531 juxta

1957 2553 2227 2609 cancellos
2243 2554 2428 2624 jacere
2452 2553 2600 2608 fecit.
2627 2553 2731 2621 Qui
2752 2552 3035 2607 confestim
3060 2553 3303 2615 irruente
3322 2567 3537 2621 sopore,

1959 2644 2050 2699 ubi
2091 2644 2265 2715 jacuit
2293 2643 2651 2708 obdormivit;
2703 2658 2805 2698 nec
2839 2644 2991 2712 prius
3028 2642 3302 2714 evigilavit
3347 2641 3540 2712 plene,

1958 2749 2123 2805 quam
2168 2733 2236 2789 de
2267 2733 2357 2788 illa
2403 2732 2701 2787 miserabili
2731 2732 3123 2798 contractione,
3161 2746 3259 2803 per
3286 2731 3548 2805 suffragia

1960 2834 2308 2890 sanctorum,
2358 2825 2433 2880 ita
2479 2824 2720 2895 perfecte
2771 2832 2996 2880 sanatus
3043 2833 3146 2890 est,
3176 2832 3238 2879 ut
3284 2823 3549 2893 evigilans

1958 2930 2058 2985 per
2080 2929 2157 2980 se,
2192 2916 2259 2969 de
2293 2916 2416 2970 loco
2446 2915 2499 2969 in
2553 2929 2714 2984 quem
2746 2914 2854 2969 alio
2884 2922 3137 2983 portante
3184 2914 3395 2970 delatus
3422 2921 3506 2969 est
3529 2955 3544 2979 ,

1961 3015 2234 3076 surgeret,
2267 3015 2432 3076 atque
2460 3006 2527 3061 ad
2560 3006 2732 3061 altare
2760 3005 2875 3061 Deo
2902 3007 3102 3078 gratias
3132 3016 3354 3062 acturus
3388 3021 3546 3062 accc-

1960 3096 2135 3152 deret.
2171 3097 2221 3153 Is
2250 3105 2457 3162 tamen,
2491 3098 2582 3152 ubi
2613 3097 2729 3153 dies
2760 3097 2958 3162 illuxit,
2991 3106 3048 3153 et
3076 3113 3177 3153 nos
3203 3112 3328 3154 cum
3354 3113 3420 3153 eo
3457 3098 3540 3152 lo-

1960 3186 2053 3255 qui
2099 3187 2399 3256 potuimus,
2450 3187 2632 3241 retulit
2672 3202 2730 3242 se
2760 3187 2934 3242 tribus
2975 3187 3201 3253 vicibus,
3227 3187 3545 3257 priusquam

251 3292 384 3332 eum
436 3293 619 3348 pugno
666 3278 721 3332 in
766 3278 1033 3334 cervicem
1085 3280 1480 3348 percussisset,
1525 3290 1686 3350 atque
1732 3280 1854 3335 ideo
1881 3271 1925 3334 C
1956 3277 2169 3346 signum
2223 3276 2471 3333 ecclesia:
2504 3277 2797 3344 sonuisset,
2846 3292 2877 3331 a
2923 3278 3157 3347 quodam
3208 3278 3312 3333 sibi
3356 3279 3544 3349 ignoto

252 3370 405 3425 beati
439 3370 696 3441 martyris
736 3369 995 3424 auxilium
1031 3369 1369 3440 implorasse.
1404 3370 1674 3426 Caeterum
1702 3371 1849 3426 hunc

252 3463 425 3518 ictum
470 3470 581 3517 tam
625 3462 917 3518 salutarem
968 3462 1032 3517 ei
1066 3460 1234 3518 fuisse
1276 3471 1490 3519 constat
1516 3471 1595 3528 ut,
1647 3478 1715 3519 ex
1756 3464 1848 3520 illo

256 3555 519 3625 temporis
565 3561 862 3620 momento,
905 3552 1112 3608 nullum
1158 3553 1302 3610 illius
1349 3553 1505 3609 feda:
1539 3554 1850 3625 agitationis

253 3647 548 3719 vestigium
604 3646 661 3700 in
709 3646 827 3717 ejus
875 3661 1104 3717 corpore
1153 3647 1379 3702 ulterius
1440 3655 1741 3716 appareret.
1798 3646 1850 3702 ls

253 3747 445 3808 postea
472 3752 572 3808 per
608 3739 743 3793 duos
770 3736 884 3793 fere
914 3752 1087 3793 annos
1123 3754 1179 3793 m
1225 3739 1417 3794 eodem
1456 3740 1575 3794 loco
1625 3740 1849 3804 mansit,

253 3836 311 3884 et
334 3836 397 3883 ut
422 3829 543 3897 ipse
570 3835 799 3884 testatus
824 3836 929 3895 est,
960 3828 1105 3884 nulla
1135 3844 1241 3885 nox
1273 3830 1327 3885 in
1356 3831 1459 3885 hoc
1485 3830 1703 3885 biennio
1726 3828 1847 3893 fuit,

254 3919 308 3971 in
332 3932 443 3987 qua
483 3932 582 3985 per
609 3917 878 3973 somnium
915 3919 1158 3983 eosdem,
1189 3919 1282 3988 qui
1308 3934 1431 3973 eum
1464 3918 1673 3974 salvum
1703 3918 1851 3974 fece-

256 4016 407 4074 runt,
452 4016 723 4080 martyres
758 4024 865 4063 non
906 4009 1158 4074 vidisset;
1202 4008 1370 4063 multa
1402 4021 1617 4078 quoque
1658 4010 1726 4065 ab
1772 4008 1854 4064 eis

254 4100 522 4165 audisset,
545 4115 666 4170 qua:
693 4101 814 4157 aliis
836 4100 1017 4156 dicere
1038 4098 1331 4169 jubebatur
1352 4114 1368 4154 :
1391 4116 1458 4157 ex
1503 4100 1700 4169 quibus
1743 4101 1857 4171 ple-

256 4209 427 4264 raque
452 4209 596 4251 nunc
638 4195 862 4266 implere
886 4195 1184 4261 cernimus,
1229 4209 1351 4265 quae.
1393 4194 1485 4250 ille
1517 4202 1647 4250 tunc
1672 4192 1854 4250 futura

255 4299 383 4340 esse
409 4285 684 4356 przedixit.

324 4376 417 4431 ω.
458 4377 588 4432 Post
611 4392 814 4447 paucos
847 4378 964 4433 dies
994 4377 1229 4433 vidimus
1266 4385 1322 4433 et
1345 4376 1512 4433 alium
1541 4377 1850 4447 quemdam,

254 4470 422 4525 simili
447 4471 638 4525 morbo
667 4470 1009 4542 implicitum,
1050 4470 1106 4525 in
1141 4470 1333 4527 eadem
1360 4470 1609 4537 basilica,
1644 4484 1744 4541 per
1765 4483 1861 4525 eo-

253 4562 504 4617 rumdem
517 4572 837 4617 sanctorum
860 4563 1075 4628 merita,
1103 4576 1213 4617 non
1232 4562 1481 4618 dissimili
1503 4561 1664 4617 modo
1690 4545 1869 4616 cura:

254 4662 389 4706 tum.
420 4651 559 4705 Nam
599 4652 831 4721 quadam
872 4625 1068 4718 nocte,
1096 4667 1220 4707 cum
1262 4652 1330 4707 ad
1367 4651 1695 4707 matutinum
1736 4650 1853 4706 olli-
1878 4625 1931 4685 D

253 4742 398 4794 cium
429 4740 816 4795 celebrandum
860 4749 917 4796 et
940 4740 1141 4798 divinas
1178 4740 1314 4811 legis
1342 4740 1602 4796 lectiones
1627 4740 1853 4796 audien-

253 4832 351 4887 das
394 4833 453 4887 in
476 4831 706 4887 ecclesia
749 4832 1082 4898 sederemus,
1133 4831 1359 4886 intravit
1401 4831 1623 4901 quidam
1661 4832 1852 4887 habitu

254 4923 519 4989 clericali,
570 4924 929 4979 trementibus
976 4922 1256 4988 membris,
1306 4922 1605 4993 baculoque
1649 4922 1850 4987 nitens,

256 5016 553 5081 titubantia
598 5015 830 5086 vestigia
877 5031 1021 5087 aegre
1078 5016 1433 5087 gubernabat.
1501 5015 1747 5086 Cumque
1794 5030 1854 5072 se

248 5106 408 5175 juxta
444 5108 708 5178 parietem
738 5109 806 5163 ad
839 5108 1103 5165 orandum
1136 5109 1443 5174 inclinaret,
1489 5109 1694 5180 ingenti
1722 5123 1856 5165 voce

254 5200 495 5263 emissa,
555 5201 839 5271 repentino
889 5216 1015 5257 casu
1070 5216 1306 5258 cernuus
1360 5200 1508 5266 ruit,
1569 5216 1633 5256 ac
1686 5215 1853 5270 parva

257 5291 523 5375 temporis
550 5306 703 5348 mora
734 5293 1074 5363 interposita,
1105 5294 1174 5349 ab
1214 5308 1280 5349 eo
1314 5308 1423 5363 quo
1464 5293 1749 5349 tenebatur
1774 5293 1855 5348 in-

255 5386 548 5441 commodo
572 5401 736 5443 sanus
761 5388 1015 5443 surrexit.
1042 5388 1115 5455 ls,
1147 5403 1269 5443 cum
1302 5388 1371 5443 ab
1394 5403 1461 5444 eo
1489 5402 1856 5459 quaereremus

257 5475 304 5530 si
331 5476 479 5532 aliud
509 5476 731 5548 aliquid,
765 5487 959 5549 praeter
984 5479 1127 5549 quod
1171 5494 1269 5535 nos
1310 5494 1500 5535 omnes
1534 5478 1717 5533 videre
1758 5491 1854 5549 po-

261 5566 485 5635 tuimus,
517 5569 620 5624 sibi
653 5569 827 5624 visum
857 5570 1051 5625 fuisset
1080 5585 1144 5624 ea
1172 5571 1329 5636 hora,
1373 5584 1478 5640 qua
1517 5568 1745 5625 salutem
1773 5576 1859 5623 est

260 5667 606 5723 consecutus,
630 5660 768 5714 dixit
794 5674 873 5725 se,
898 5659 1056 5730 paulo
1088 5668 1214 5714 ante
1234 5674 1394 5729 quam
1418 5657 1696 5715 basilicam
1727 5657 1857 5713 fuiso

260 5759 345 5805 set
370 5751 670 5821 ingressus,
708 5753 774 5806 ad
803 5752 1088 5806 ecclesiam
1130 5759 1393 5816 veterem,
1441 5766 1560 5821 qum
1604 5750 1856 5805 occiden-

263 5848 371 5896 tem
417 5857 609 5897 versus
645 5857 673 5896 a
719 5855 856 5896 nova
900 5840 1144 5911 basilica,
1191 5841 1246 5896 in
1275 5856 1381 5911 qua
1433 5850 1699 5913 martyres
1730 5848 1857 5896 tunc

1950 3366 2152 3422 clerico
2177 3368 2498 3433 excitatum,
2546 3374 2709 3438 atque
2739 3369 3071 3424 admonitum
3102 3376 3162 3425 ut
3196 3384 3540 3440 nequaquam

1950 3459 2394 3528 prmtermitteret
2422 3460 2553 3531 quin
2604 3467 2852 3532 tempore
2896 3462 3150 3517 matutini
3177 3461 3337 3518 ofﬁcii
3368 3463 3421 3517 in
3453 3477 3543 3518 ec-

1950 3549 2175 3605 clesiam
2213 3550 2442 3605 veniret.
2481 3548 2555 3605 Se
2583 3565 2800 3621 quoque
2825 3551 2897 3605 ita
2945 3551 3162 3617 fecisse,
3213 3566 3277 3605 ac
3313 3560 3502 3619 postea
3525 3592 3540 3615 ,

1951 3642 2094 3697 sicut
2124 3657 2224 3697 nos
2251 3641 2509 3707 vidimus,
2536 3642 2591 3695 in
2613 3642 2844 3697 ecclesia
2875 3641 3235 3696 dormientem
3268 3642 3534 3711 integram

1952 3732 2035 3785 sui
2069 3733 2316 3802 corporis
2344 3733 2632 3787 sanitatem
2660 3732 2949 3799 recepisse.
2980 3731 3048 3784 Et
3075 3730 3163 3784 hic
3191 3730 3409 3799 quidem
3439 3744 3539 3784 an—

1954 3836 2146 3875 norum
2175 3822 2397 3876 circiter
2424 3820 2738 3890 quindecim
2765 3834 2888 3874 esse
2911 3820 3216 3875 videbatur.
3293 3859 3305 3872 .

2025 3909 2115 3962 42.
2156 3908 2335 3962 Alium
2385 3908 2576 3963 itidem
2620 3908 2875 3973 vidimus,
2914 3922 3023 3962 non
3070 3923 3324 3976 puerum,
3352 3915 3413 3962 ut
3450 3910 3540 3965 hic

1954 4007 2097 4065 erat,
2127 3998 2221 4055 sed
2243 3998 2400 4054 valde
2425 4011 2608 4054 senem
2635 4005 2797 4067 atque
2822 3997 3178 4067 decrepitum,
3208 3997 3324 4067 pari
3353 3998 3546 4054 morbo

1956 4091 2233 4158 affectum,
2264 4093 2458 4148 eodem
2487 4091 2541 4147 in
2573 4091 2715 4157 loco,
2746 4082 2911 4147 simili
2937 4092 3116 4156 modo,
3149 4092 3313 4148 simili
3339 4093 3547 4149 intem-

1955 4199 2089 4256 pore
2126 4193 2397 4241 curatum.
2436 4183 2608 4254 Quem
2635 4192 2691 4239 et
2715 4184 2892 4254 ipsum
2921 4192 3082 4240 nocte
3112 4185 3385 4255 quadam,
3419 4200 3542 4242 cum

1956 4289 2182 4353 prepter
2208 4280 2533 4336 matutinum
2561 4278 2794 4336 ofﬁcium
2823 4280 3208 4337 celebrandum
3239 4282 3309 4338 ad
3341 4282 3543 4338 ostium

1957 4374 2202 4431 ecclesiae
2230 4373 2584 4437 venissemus,
2617 4373 2672 4427 in
2703 4373 2823 4444 ipso
2853 4373 3043 4429 limine
3078 4374 3405 4448 reperimus.
3440 4376 3542 4442 Qui

1958 4468 2188 4540 genibus
2214 4465 2414 4530 nitens,
2446 4464 2656 4520 duobus
2680 4479 2739 4520 se
2758 4463 2969 4519 baculis
2994 4467 3358 4530 sustentabat,
3382 4480 3446 4519 ac
3464 4466 3544 4521 sic

1960 4560 2051 4616 illo
2083 4558 2393 4613 tardissimo
2419 4563 2570 4612 metu
2599 4556 2667 4611 ad
2696 4556 3107 4626 ingrediendum
3145 4569 3248 4610 nos
3287 4557 3543 4611 moraba—
3596 4575 3601 4578 θ

1957 4661 2067 4709 tur.
2096 4650 2342 4722 Cumque
2378 4656 2502 4720 post
2528 4655 2743 4719 tergum
2786 4645 2905 4716 ejus
2941 4645 3245 4711 constituti,
3283 4643 3429 4700 illam
3459 4645 3544 4714 pi-

1958 4758 2109 4817 gram
2147 4743 2543 4816 promotionem
2570 4738 3028 4812 praestolaremur,
3056 4743 3202 4792 tanta
3232 4736 3537 4799 suavissimi

1959 4837 2143 4894 odoris
2171 4834 2489 4919 fragrantia,
2518 4832 2586 4889 de
2613 4830 2837 4886 basilica
2872 4828 3194 4901 procedens,
3235 4841 3397 4882 nares
3438 4841 3542 4882 no-

1961 4936 2105 4985 stras
2134 4926 2393 4995 implevit,
2423 4934 2485 4978 ut
2512 4923 2754 4979 omnium
2788 4929 3093 4977 aromatum
3119 4934 3184 4976 ac
3212 4917 3538 4990 thymiama-

1963 5025 2078 5073 tnm
2112 5015 2461 5071 artificiosam
2497 5002 2947 5084 compositionem
2975 5025 3071 5065 sua
3104 5007 3416 5080 praestantia
3445 5021 3541 5062 su-

1957 5115 2193 5180 peraret.
2230 5106 2456 5161 intravit
2483 5107 2723 5170 tandem,
2752 5114 2807 5160 et
2836 5116 3022 5160 coram
3052 5102 3210 5156 nobis
3232 5099 3387 5169 juxta
3409 5115 3541 5155 can-

1955 5200 2122 5257 cellos
2147 5198 2303 5268 quasi
2333 5197 2401 5252 ad
2430 5196 2806 5251 dormiendum
2836 5191 3125 5264 procubuit
3153 5208 3165 5244 :
3197 5203 3298 5245 nos
3323 5203 3539 5259 quoque

1955 5290 2233 5346 basilicam
2263 5287 2515 5359 ingressi,
2544 5285 2743 5341 nostris
2772 5284 2904 5338 locis
2933 5281 3299 5347 constitimus,
3348 5295 3412 5336 ac
3455 5281 3534 5336 si-

1954 5382 2067 5438 mul
2120 5397 2242 5437 cum
2288 5381 2409 5434 aliis
2450 5378 2709 5449 psalmos,
2761 5375 2855 5446 qui
2902 5372 3253 5438 dicebantur,
3310 5371 3539 5429 solemni

1956 5488 2111 5528 more
2138 5472 2498 5526 cantavimus.
2523 5469 2594 5523 At
2619 5468 2710 5522 ubi
2732 5466 2908 5537 prima
2930 5464 3092 5521 lectio
3117 5465 3335 5520 recitari
3358 5474 3537 5536 empta

1955 5574 2063 5633 est,
2118 5564 2422 5619 audivimus
2466 5561 2716 5616 eumdem
2765 5573 2951 5614 senem
3000 5572 3238 5628 gemere,
3269 5567 3346 5627 et,
3383 5559 3539 5630 quasi

1958 5655 2051 5726 qui
2101 5653 2210 5707 vim
2239 5660 2536 5722 pateretur,
2574 5649 2835 5704 auxilium
2868 5649 3189 5720 implorare;
3238 5665 3302 5705 ac
3340 5650 3536 5706 deinde

1957 5744 2242 5815 interjecto
2274 5741 2426 5813 parvi
2458 5741 2716 5811 temporis
2742 5740 2945 5811 spatio,
2978 5741 3215 5796 vidimus
3241 5741 3294 5795 in
3320 5754 3537 5797 sessum

1959 5854 2017 5895 se
2046 5836 2286 5907 erigere,
2319 5851 2381 5889 ac
2410 5835 2656 5906 protinus
2684 5834 2910 5902 baculis,
2933 5834 3131 5904 quibus
3158 5835 3431 5891 incessum
3456 5846 3536 5885 re-
