3976 6170
336 384 443 445 563

1684 362 2058 428 EGlNllARDl
2096 355 2387 419 ABBATIS

3511 343 3619 401 564

338 517 470 574 gere
497 499 726 563 solebat,
756 493 1070 566 assumptis,
1101 488 1269 547 etiam
1308 489 1363 545 in
1396 488 1564 558 pedes
1588 484 1921 541 constitisse.
1952 488 2005 547 Α
2027 478 2342 535 bibendum.
2401 473 2596 527 Datum
2627 475 2711 525 est
2756 466 2809 522 in
2840 476 2989 531 vase,
3026 463 3174 534 quod
3222 474 3354 566 casu
3389 472 3620 574 νέωιιιμι

340 593 410 650 Et
452 606 551 647 nos
577 589 796 659 quidem
843 587 961 642 haec
981 583 1236 639 vidimus.
1275 581 1397 651 Ipse
1432 586 1613 632 autem

343 681 447 738 sibi
480 679 656 734 visum
686 676 877 741 fuisse,
925 673 1070 744 quod
1094 686 1154 727 se
1186 669 1459 740 jacentem
1489 666 1643 736 quasi
1668 665 1775 719 duo
1803 662 1928 732 qui-

343 773 467 827 dam
494 767 1001 840 apprehendissent,
1016 779 1161 818 unus
1177 777 1278 832 per
1297 761 1556 815 humeros
1583 759 1652 811 ad
1672 755 1828 828 [Ms.,
1850 754 1929 827 et]

345 862 593 926 brachia,
622 859 761 915 alter
788 872 886 929 per
913 871 1074 913 crura
1100 863 1157 910 et
1189 854 1375 925 pedes,
1429 866 1494 905 ac
1543 848 1590 904 si
1642 846 1800 920 [Λίδη
1829 844 1932 917 sic]

348 950 643 1016 trahendo,
672 962 871 1004 nervos
915 959 1045 1000 suos
1068 942 1162 1013 qui
1188 939 1453 996 contracti
1482 944 1642 993 erant
1663 933 1938 990 extendis-

351 1050 495 1099 sent.
516 1040 586 1096 Et
606 1039 734 1109 quia
759 1044 955 1108 prmter
987 1036 1093 1089 hoc
1114 1028 1505 1087 contractionis
1534 1026 1937 1082 incommodum

351 1132 515 1188 etiam
547 1128 772 1184 surdum
795 1141 855 1180 se
883 1124 1048 1179 fuisse
1075 1122 1378 1186 asserebat,
1407 1117 1545 1176 dixit
1569 1116 1693 1180 sibi,
1726 1130 1849 1170 cum
1884 1114 1938 1167 in

352 1237 565 1279 sessum
593 1219 785 1274 fuisset
804 1224 1042 1279 erectus,
1061 1212 1209 1268 velut
1233 1211 1399 1267 ictum
1421 1209 1585 1280 pugni
1610 1205 1942 1261 validissime

354 1313 602 1370 ferientis
642 1312 697 1366 in
741 1316 905 1380 caput
953 1304 1334 1376 supervenisse
1377 1299 1520 1372 μισ,
1573 1312 1805 1368 superne
1847 1311 1942 1350 ve—

356 1404 590 1479 nisse];
652 1415 953 1470 vocemque
1015 1396 1174 1453 simul
1235 1403 1298 1449 ut
1360 1393 1416 1447 in
1476 1391 1716 1446 futurum
1785 1388 1943 1442 audi-

360 1505 449 1552 ret
496 1478 819 1565 imperantis
861 1488 1099 1543 audisse.
1151 1484 1251 1539 llic
1287 1498 1455 1537 senex
1506 1482 1611 1535 hoc
1657 1478 1818 1533 modo
1858 1491 1947 1531 sa—

362 1595 547 1650 natus,
583 1585 650 1640 de
679 1597 817 1654 pago
860 1577 1230 1634 Helvetiorum
1280 1572 1374 1643 qui
1404 1585 1552 1625 nunc
1579 1567 1887 1649 Aragaovin
1918 1578 1943 1605 ι

358 1685 611 1741 vocatur,
770 1670 1015 1734 venisse,
1064 1674 1120 1723 et
1165 1664 1383 1720 natione
1435 1644 1948 1715 Alamannutnesse

360 1774 597 1824 testatus
622 1769 729 1818 εει.

1659 574 1929 629 fatebatur
1952 528 2005 547 ﬂ
2031 587 2193 642 supra
2222 581 2438 639 cupam,
2472 566 2527 620 in
2560 578 2668 633 qua
2708 558 2939 617 cervisia
2978 528 3125 623 erat,
3156 553 3396 626 positum
3424 528 3623 607 fuerat.

2033 641 2140 715 Sed
2160 658 2249 713 ubi
2278 657 2382 712 hoc
2410 654 2704 708 bausturus
2727 649 2810 705 ori
2840 647 3102 710 admovit,
3139 659 3264 699 cum
3294 642 3502 713 ingenti
3532 641 3629 696 ad-

2035 751 2347 814 miratione,
2377 747 2565 801 vinum
2595 745 2719 808 hoc,
2769 755 2878 795 non
2926 737 3212 794 cervisiam
3250 749 3394 801 esse,
3425 733 3630 788 clama-

2035 845 2135 898 vit.
2165 841 2411 909 Cumque
2436 852 2561 892 eum
2590 836 2657 901 is,
2684 833 2780 904 qui
2806 839 2865 887 et
2890 830 3183 886 llasconem
3205 827 3552 897 impleverat,
3572 833 3632 880 et

2038 935 2293 1003 idipsum,
2344 928 2489 1000 quod
2533 927 2610 982 illi
2637 928 2822 980 datum
2871 921 2998 987 fuit,
3027 920 3094 976 de
3122 919 3316 975 eodem
3357 915 3630 973 foramine

2038 1032 2303 1088 traxerat,
2340 1019 2608 1077 mendacii
2641 1016 2898 1087 coepisset
2924 1026 3193 1084 arguere:
3219 1038 3291 1050 -
3324 1009 3516 1074 Sume,
3548 1008 3631 1062 in-

2034 1113 2179 1185 quit,
2211 1120 2267 1168 et
2313 1118 2503 1182 gusta;
2544 1116 2601 1164 et
2622 1116 2751 1162 tunc
2784 1121 2872 1161 me
2900 1119 3010 1159 non
3057 1100 3286 1166 falsum,
3322 1100 3420 1156 sed
3448 1098 3632 1169 potius

2042 1220 2231 1261 verum
2257 1204 2460 1259 dixisse
2513 1199 2789 1271 probabis.
2821 1226 2893 1238 —
2929 1194 3176 1265 Smnpsit
3196 1192 3287 1247 ille
3312 1199 3480 1260 atque
3505 1205 3634 1260 gus-

2044 1300 2201 1366 tavit,
2228 1298 2441 1367 sibique
2466 1294 2718 1350 similiter
2739 1292 2924 1346 vinum
2948 1290 3074 1355 hoc,
3097 1301 3206 1341 non
3232 1285 3524 1341 cervisiam
3545 1297 3634 1338 sa-

2044 1407 2175 1464 pere
2219 1397 2452 1446 testatus
2480 1395 2583 1442 est.
2637 1384 2790 1439 Tunc
2820 1382 3014 1437 tertius
3040 1388 3097 1435 et
3128 1386 3377 1449 quartus,
3424 1375 3635 1431 caeteri-

2046 1497 2152 1553 que
2184 1480 2276 1551 qui
2307 1478 2556 1542 aderant,
2607 1473 2920 1544 singillatim
2965 1470 3233 1537 gustando
3264 1475 3322 1522 et
3346 1466 3632 1529 mirando,

2049 1582 2222 1629 totum
2249 1569 2395 1641 quod
2436 1568 2493 1623 in
2520 1580 2652 1621 vase
2676 1563 2855 1619 fuerat
2878 1562 3187 1618 ebiberant.
3218 1559 3501 1629 Quotquot
3540 1571 3636 1610 au-

2050 1672 2156 1718 tem
2196 1663 2319 1717 inde
2352 1663 2726 1731 gustaverunt,
2776 1654 2935 1721 meri,
2965 1668 3075 1708 non
3103 1650 3351 1707 cervisia:
3398 1647 3454 1703 id
3480 1661 3639 1717 sapo-

2052 1768 2168 1809 rem
2201 1751 2475 1814 habuisse,
2502 1749 2687 1803 testati
2714 1752 2860 1800 sunt.

439 1854 535 1909 45.
575 1851 731 1907 Alius
779 1856 960 1904 autem
995 1845 1161 1901 simili
1195 1843 1358 1900 modo
1399 1854 1688 1897 nervorum
1733 1845 1950 1892 contra-
1977 1859 2025 1918 Β
2121 1845 2209 1899 45,
2262 1844 2473 1899 [Mel-ea
2502 1881 2517 1907 ,
2544 1855 2668 1895 ουκ,
2702 1839 2757 1893 in
2784 1836 2945 1907 hujus
2988 1836 3129 1907 signi
3165 1833 3529 1891 admiratione
3555 1839 3639 1887 ag.

362 1945 545 2001 ctione
573 1941 912 2003 debilitatus,
941 1937 1036 2007 qui
1077 1950 1139 1990 se
1162 1935 1228 1989 de
1252 1932 1372 1987 vico
1399 1929 1661 1994 Leodico,
1704 1928 1796 1983 ubi
1819 1941 1949 1982 san-

363 2044 486 2093 ctus
530 2032 857 2088 Lambertus
880 2028 910 2068 ι»
941 2041 1170 2097 corpore
1204 2023 1522 2094 requiescit,
1566 2019 1782 2076 venisse
1809 2018 1953 2073 dice-

362 2129 481 2191 bat,
509 2123 743 2194 quadam
770 2119 1041 2176 dominica
1070 2123 1253 2181 nocte,
1280 2121 1405 2184 post
1427 2119 1707 2180 peractum
1738 2108 1953 2163 matuti-

367 2215 492 2272 nale
518 2212 779 2276 cilicium,
816 2209 973 2265 nobis
995 2222 1109 2276 jam
1138 2206 1206 2261 de
1234 2204 1465 2260 ecclesia
1499 2198 1794 2272 regressis,
1829 2213 1952 2253 cum

366 2313 589 2376 propter
617 2312 714 2357 eos
739 2302 835 2370 qui
862 2300 930 2354 de
953 2298 1113 2366 longe
1140 2301 1424 2360 venerant,
1454 2302 1512 2348 et
1538 2291 1606 2346 ad
1649 2305 1748 2346 sua
1775 2288 1955 2344 redire

370 2394 731 2457 festinabant,
777 2390 972 2445 hostias
1019 2386 1276 2443 salutaris
1301 2390 1644 2440 sacramenta
1672 2378 1957 2451 presbyter

369 2503 438 2541 ex
468 2500 619 2541 more
648 2482 970 2547 celebraret,
998 2494 1183 2535 coram
1222 2477 1476 2533 omnibus
1499 2474 1592 2545 qui
1619 2472 1867 2538 aderant,
1901 2471 1955 2525 in

364 2578 740 2648 pavimentum
785 2572 1001 2636 cecidit,
1053 2570 1236 2639 ibique
1277 2582 1448 2638 parvo
1480 2564 1740 2635 temporis
1780 2562 1958 2634 spatio

373 2667 526 2723 velut
551 2671 841 2735 soporatus
856 2661 1039 2732 jacuit
1059 2676 1074 2726 ;
1095 2659 1244 2725 dein,
1265 2658 1421 2727 quasi
1450 2656 1518 2711 de
1546 2670 1737 2710 somno
1764 2669 1959 2723 exper-

369 2757 634 2829 gefactus,
682 2754 900 2809 nemine
930 2767 990 2807 se
1019 2750 1362 2813 sublevante,
1410 2746 1668 2802 surrexit.
1712 2744 1958 2814 Cumque

370 2864 516 2903 unus
545 2863 614 2903 ex
657 2842 1141 2901 circumstantibus
1168 2840 1416 2904 baculos,
1464 2836 1663 2907 quibus
1708 2843 1833 2891 ante
1878 2835 1959 2889 uti

372 2939 598 3005 solebat,
643 2944 722 3002 et,
773 2950 898 2991 cum
943 2934 1183 2998 caderet,
1231 2931 1299 2987 de
1343 2929 1594 2984 manibus
1621 2924 1741 2996 ejus
1786 2925 1957 2995 elapsi

373 3028 563 3098 procul
584 3027 856 3098 jaeebant,
887 3030 1151 3089 sumeret,
1181 3022 1342 3092 eique
1385 3020 1713 3091 porrigeret,
1757 3017 1958 3081 renuit,

374 3124 603 3179 dicens:
641 3140 661 3173 ι
695 3120 854 3175 Absit
896 3135 928 3173 a
958 3134 1065 3183 me,
1117 3125 1178 3171 ut
1199 3131 1295 3171 eos
1337 3114 1569 3170 ulterius
1611 3113 1899 3181 attingam.
1936 3130 1954 3163 ι

2056 1937 2216 1992 tonitl
2239 1941 2539 2006 stuperent,
2589 1932 2820 2003 contigit
2867 1938 2929 1985 ut
2969 1943 3181 1995 cereus,
3245 1925 3402 1995 cujus
3438 1925 3644 1981 lumine

2054 2027 2252 2083 ibidem
2306 2025 2621 2087 utebantur,
2665 2029 2722 2077 et
2751 2030 2881 2077 tunc
2926 2028 3148 2091 propter
3189 2034 3387 2089 eupam
3446 2017 3646 2088 parieti

2054 2116 2244 2172 atiixus
2296 2115 2543 2179 ardebat,
2603 2113 2823 2169 nemine
2876 2113 3252 2182 contingente,
3301 2110 3358 2164 in
3414 2109 3647 2163 madens

2053 2210 2281 2264 humore
2316 2206 2688 2277 pavimentum
2737 2204 2989 2267 caderet;
3037 2210 3200 2272 atque
3238 2201 3314 2255 ita
3344 2207 3493 2255 esset
3539 2214 3645 2253 ex-

2056 2300 2277 2363 tinctus,
2325 2304 2388 2351 ut
2438 2310 2507 2351 ne
2555 2293 2878 2365 parvissima
2923 2292 3143 2362 quidem
3185 2291 3241 2346 in
3296 2305 3363 2345 eo
3404 2287 3647 2344 scintilla

2056 2394 2383 2447 remaneret.
2431 2386 2604 2453 Quem
2624 2401 2765 2440 unus
2788 2398 2978 2440 eorum
3022 2383 3310 2452 arripiens,
3339 2381 3409 2435 ad
3436 2380 3647 2435 ostium

2055 2480 2330 2545 cucurrit;
2364 2478 2457 2534 sed
2482 2477 2711 2532 horrore
2748 2476 3095 2531 tenebrarum
3119 2480 3420 2545 permotus,
3464 2472 3649 2540 prius-

2058 2587 2224 2643 quam
2279 2569 2651 2641 egrederetur,
2700 2566 2765 2643 in
2801 2567 2919 2636 ipso
2962 2564 3151 2618 limine
3208 2572 3359 2618 stans
3392 2581 3405 2615 :
3438 2561 3651 2625 Sancti,

2059 2634 2256 2733 inquit,
2307 2634 2576 2732 martyres
2625 2634 2975 2713 Maéellinus
3018 2664 3075 2712 et
3130 2656 3327 2711 Petrus
3358 2670 3460 2709 nos
3499 2650 3658 2720 adju-

2062 2754 2221 2810 vent!
2266 2753 2349 2809 Ad
2378 2766 2543 2822 quam
2566 2749 2964 2804 invocationem
2992 2762 3185 2803 cereus
3208 2746 3321 2812 ille,
3345 2760 3508 2815 quem
3538 2758 3658 2796 ma-

2060 2861 2134 2900 nu
2156 2844 2395 2909 tenebat,
2451 2855 2712 2896 accensus
2738 2846 2841 2894 est.
2881 2858 2901 2891 ι
2948 2836 3075 2893 llaec
3102 2836 3194 2891 ubi
3226 2835 3430 2900 audivi,
3460 2832 3654 2889 conle-

2061 2936 2191 2990 Stim
2238 2934 2350 2990 Deo
2392 2929 2773 3001 omnipotenti,
2816 2935 2877 2982 ut
2922 2943 3023 2999 par
3075 2933 3216 2990 erat,
3277 2925 3492 2979 laudem
3541 2917 3658 2976 dixi

2064 3036 2120 3084 et
2169 3026 2379 3098 gratias
2404 3023 2489 3095 egi
2534 3063 2549 3087 ,
2613 3021 2704 3092 qui
2737 3027 2956 3076 sanctos
2979 3032 3108 3075 suos
3135 3030 3351 3086 semper
3379 3023 3437 3071 et
3456 3014 3660 3082 ubique

2066 3116 2359 3189 glorificat,
2410 3121 2466 3168 et
2499 3127 2600 3168 nos
2629 3110 2860 3166 famulos
2913 3124 3059 3173 suos,
3112 3108 3204 3178 qui
3243 3121 3428 3162 sacras
3466 3118 3659 3159 eorum

381 3212 490 3267 Sed
518 3222 573 3266 et
598 3213 701 3266 iste
727 3212 797 3267 ad
825 3212 969 3265 hunc
997 3209 1217 3264 modum
1237 3214 1480 3271 curatus,
1522 3205 1578 3258 in
1612 3204 1844 3273 patriam
1876 3217 1963 3256 re-
1990 3207 2034 3270 c
2067 3207 2325 3277 reliquias
2348 3212 2475 3258 tunc
2493 3201 2775 3258 nobiscum
2806 3200 3163 3263 habebamus,
3201 3198 3267 3253 de
3296 3196 3462 3250 tantis
3484 3194 3661 3248 virtu-

380 3302 618 3373 pedavit,
647 3300 725 3357 de
763 3315 893 3369 qua,
925 3298 1187 3368 reptando
1207 3297 1386 3368 potius
1425 3309 1590 3365 quam
1622 3293 1921 3348 incedendo
1948 3332 1964 3358 ,

382 3396 450 3450 ad
478 3402 779 3464 martyrum
804 3391 992 3447 limina
1022 3395 1366 3461 pervenerat.

448 3486 540 3541 44.
580 3483 693 3540 Nec
738 3483 910 3538 multo
934 3488 1078 3551 post,
1110 3495 1234 3535 cum
1265 3494 1367 3551 ego
1403 3491 1591 3533 mense
1618 3472 1967 3537 novembrio,

382 3575 683 3635 secundum
713 3572 1161 3630 consuetudinem
1193 3570 1249 3625 in
1271 3569 1475 3639 palatio
1498 3568 1871 3629 hiematurus,
1902 3562 1971 3618 ad

386 3671 704 3727 comitatum
729 3668 812 3723 ire
850 3667 1227 3736 disponerent;
1251 3661 1474 3732 jamque
1520 3660 1623 3715 iter
1649 3658 1931 3728 ingressus
1954 3696 1967 3721 ,

388 3760 710 3817 transmisso
757 3757 978 3813 ﬂumine
1020 3756 1222 3823 Hreno,
1273 3754 1329 3808 in
1378 3752 1561 3808 villam
1602 3749 1832 3820 regiam,
1885 3747 1971 3802 cui

389 3852 676 3908 Sinciacus
721 3859 745 3889 ο
800 3846 1120 3904 vocabulum
1171 3853 1277 3911 est,
1325 3844 1394 3900 ad
1447 3840 1773 3897 manendum
1825 3838 1975 3893 veni-

391 3958 528 4007 rem,
555 3949 613 3996 et
657 3949 781 4012 post
807 3954 1040 4006 coenam,
1092 3952 1214 4009 quae
1263 3935 1501 4006 aliquam
1546 3933 1725 3989 noctis
1761 3937 1974 4002 partem

390 4039 772 4104 occupaverat,
821 4032 876 4086 in
925 4029 1159 4085 cubiculi
1211 4035 1503 4091 secretum,
1551 4024 1644 4080 ubi
1692 4023 1977 4094 quieturus

396 4143 572 4193 eram,
604 4141 727 4181 cum
761 4123 1120 4179 familiaribus
1145 4121 1281 4176 meis
1310 4135 1399 4175 me
1427 4118 1786 4187 recepissem;
1814 4113 1975 4170 mini-

396 4228 508 4275 ster
531 4218 625 4287 qui
671 4223 858 4287 potum
907 4215 1063 4269 nobis
1091 4213 1367 4283 porrigere
1400 4210 1624 4273 solebat,
1669 4207 1823 4278 quasi
1853 4207 1977 4262 novi

397 4306 604 4377 aliquid
633 4305 1004 4368 nuntiaturus,
1042 4301 1365 4357 festinanter
1393 4299 1637 4355 intravit.
1670 4297 1842 4365 Quem
1877 4310 1978 4367 ego

400 4390 670 4457 intuitus:
706 4413 728 4450 ι
764 4396 906 4465 Quid
940 4403 1019 4461 tu,
1054 4395 1299 4463 inquam,
1345 4403 1570 4447 narrare
1602 4389 1719 4444 vis?
1759 4385 1893 4441 Nam
1920 4392 1981 4440 ut

400 4492 577 4556 video,
604 4488 776 4546 babes
804 4485 991 4542 nescio
1017 4484 1169 4555 quid,
1203 4482 1347 4553 quod
1374 4482 1442 4537 ad
1469 4488 1715 4537 nostram
1745 4478 1829 4534 vis
1857 4492 1980 4548 per—

2071 3299 2216 3355 tibus
2264 3295 2543 3351 lmtifieare
2571 3293 2825 3364 dignatus
2849 3298 2954 3346 est.
2996 3289 3153 3345 Illum
3194 3297 3401 3351 autem,
3424 3286 3519 3357 qui
3542 3286 3659 3340 haec

2069 3389 2205 3446 mihi
2242 3385 2530 3449 nuntiavit,
2590 3382 2807 3454 expleta
2850 3382 3187 3445 narratione,
3220 3379 3286 3433 ad
3314 3378 3663 3433 mansionem

2071 3495 2227 3536 suam
2285 3477 2539 3534 secedere
2562 3475 2721 3546 jussi.
2781 3472 3052 3529 Caeterum
3102 3486 3228 3527 cum
3252 3485 3342 3525 me
3368 3469 3438 3524 ad
3484 3468 3664 3536 quies-

2072 3570 2302 3627 cendum
2332 3570 2387 3623 in
2427 3567 2627 3624 lectulo
2663 3564 3037 3629 collocassem,
3067 3562 3205 3631 coepi
3248 3575 3465 3616 mecum
3492 3557 3660 3613 multa

2073 3661 2337 3718 volvendo
2359 3668 2597 3715 tractare
2625 3666 2789 3728 atque
2815 3655 3027 3721 mirari,
3055 3653 3313 3724 quidnam
3342 3651 3445 3707 sibi
3480 3649 3659 3713 vellet,

2075 3753 2271 3823 quidve
2294 3750 2618 3822 portendere
2636 3754 2822 3818 posset
2843 3745 2930 3799 illa
2956 3744 3186 3800 cervisia
3208 3741 3367 3814 [Νίκη
3394 3736 3661 3809 eervisim]

2074 3843 2131 3898 in
2151 3843 2359 3907 vinum,
2385 3841 2437 3896 id
2455 3848 2540 3896 est
2560 3838 2847 3895 deterioris
2875 3835 3110 3906 potionis
3129 3835 3184 3888 in
3212 3832 3495 3888 meliorem
3524 3828 3662 3884 facta

2075 3933 2335 4000 mutatio;
2358 3941 2451 3988 aut
2471 3948 2570 3988 cur
2597 3932 2652 3986 in
2678 3947 2745 3987 eo
2765 3930 2905 3995 loco,
2934 3930 2987 3984 id
3013 3936 3120 3993 est,
3144 3928 3197 3981 in
3220 3926 3366 3996 regia
3392 3925 3576 3980 domo.
3605 3938 3667 3977 ac

2075 4047 2183 4087 non
2210 4030 2392 4100 potius
2413 4029 2465 4083 in
2495 4043 2582 4093 eo,
2624 4027 2715 4081 ubi
2742 4026 3025 4081 beatorum
3063 4028 3382 4092 martyrum,
3410 4017 3505 4088 qui
3553 4018 3667 4071 haec

2077 4120 2321 4192 prodigia
2340 4134 2440 4191 per
2468 4119 2726 4173 virtutem
2768 4115 2970 4171 Christi
3000 4114 3268 4175 fecerunt,
3294 4109 3667 4164 sacratissima

2077 4226 2306 4281 corpora
2357 4209 2636 4265 recondita
2686 4214 2835 4272 sunt,
2882 4205 3109 4276 hujusce
3150 4201 3294 4257 modi
3345 4198 3668 4255 miraculum

2079 4300 2394 4357 evenisset?
2447 4297 2556 4353 Sed
2578 4298 2707 4353 licet
2751 4297 2819 4352 ad
2866 4295 3026 4366 hujus
3081 4291 3399 4363 quaestionis
3462 4296 3671 4345 certam

2080 4389 2388 4459 indaginem
2458 4388 2613 4458 longa
2640 4401 2707 4442 ac
2747 4384 2980 4441 sollicita
3024 4381 3356 4454 cogitatione
3383 4377 3672 4449 pervenire

2067 4479 2383 4549 ’nequirem,
2447 4486 2659 4532 eertum
2686 4485 2866 4531 tamen
2906 4474 3071 4530 habui
3114 4482 3171 4529 et
3210 4479 3425 4527 certum
3457 4482 3674 4537 semper

399 4583 547 4640 ferre
563 4552 845 4638 notitiam.
882 4598 903 4633 ι
935 4609 1006 4619 --
1034 4552 1172 4633 :l‘um
1198 4552 1286 4631 ille
1315 4594 1327 4628 :
1377 4593 1395 4625 ι
1432 4573 1620 4643 Signa,
1652 4570 1848 4640 inquit,
1877 4571 1983 4624 duo
2007 4552 2061 4612 Ῑ)
2086 4570 2317 4635 habebo,
2371 4569 2517 4624 illam
2544 4569 2785 4624 divinam
2836 4576 3000 4638 atque
3042 4578 3335 4635 supernam
3391 4562 3672 4625 virtutem,

402 4690 589 4732 coram
635 4673 793 4730 nobis
813 4670 983 4726 modo
1010 4670 1155 4725 facta
1189 4675 1337 4732 sunt,
1388 4680 1510 4734 quae
1557 4663 1713 4718 vobis
1742 4659 1983 4715 indicare

402 4768 547 4826 veni.
580 4787 599 4821 ι
639 4766 884 4834 Cumque
933 4777 1081 4827 eum,
1129 4757 1389 4830 quidquid
1436 4755 1618 4820 vellet,
1657 4753 1838 4809 dicere
1861 4749 1981 4819 jus-

404 4858 599 4913 sissem
630 4872 645 4908 :
684 4870 704 4905 ι
748 4852 930 4916 Modo,
959 4850 1055 4916 ait,
1090 4864 1211 4904 cum
1262 4847 1330 4902 de
1370 4859 1529 4901 ,cmna
1570 4842 1851 4913 surgentes
1881 4841 1985 4895 hoc

405 4944 712 5004 cubiculum
760 4940 1024 5005 intrastis,
1056 4952 1159 5007 ego
1187 4952 1310 4992 cum
1359 4934 1523 4991 sociis
1570 4933 1708 4989 meis
1733 4928 1987 4987 descendi

408 5042 464 5096 in
515 5037 815 5101 cellarium,
864 5032 1011 5104 quod
1045 5031 1172 5087 huic
1218 5027 1500 5085 ctenaculo
1538 5024 1844 5095 subjectum
1881 5029 1983 5076 est.

410 5129 512 5186 Ubi
541 5144 666 5185 cum
703 5125 991 5185 cervisiam
1024 5122 1289 5178 ministris
1315 5118 1624 5190 petentibus
1661 5114 1990 5172 distribuere

411 5221 788 5291 cmpissemus,
821 5215 1136 5289 supervenit
1161 5227 1296 5285 puer
1326 5211 1525 5266 missus
1551 5224 1583 5262 a
1613 5208 1847 5279 quodam
1861 5219 1990 5263 con-

413 5324 573 5368 servo
617 5318 827 5376 nostro,
882 5306 1176 5364 tlasconem
1226 5302 1407 5357 ferens
1447 5313 1609 5369 quem
1649 5296 1750 5351 sibi
1781 5294 1992 5365 impleri

415 5398 711 5471 ﬂagitabat.
749 5399 855 5467 Qui
901 5414 1024 5454 cum
1052 5403 1198 5453 esset
1243 5392 1515 5463 implctus,
1560 5387 1716 5459 petiit
1741 5395 1801 5440 ut
1828 5384 1989 5441 ctiam

417 5493 523 5547 sibi
564 5493 630 5547 de
655 5492 841 5548 eadem
866 5490 1095 5547 cervisia
1123 5485 1654 5559 quantulumcunque
1683 5478 1903 5532 daretur
1925 5474 1992 5530 ad

492 5614 519 5641 ι
548 5600 917 5671 Νυ-ῃοίΑτσοιο,
939 5603 1006 5656 ab
1028 5598 1370 5655 interfluente
1383 5595 1488 5648 Ara
1505 5594 1586 5648 sic
1601 5594 1778 5671 dictus
1802 5604 1991 5659 pagus,

421 5672 590 5727 totius
621 5662 875 5727 Helveiize
895 5662 1059 5726 veluti
1080 5678 1328 5726 centrum
1365 5673 1614 5735 occupat,
1641 5679 1701 5717 ac
1724 5662 1995 5716 Luccrna-
2024 5696 2033 5709 .

424 5742 567 5797 tibus
592 5748 761 5811 paret.

2088 4676 2187 4735 per
2238 4675 2400 4732 quam
2451 4662 2568 4716 bmc
2613 4668 2774 4729 atque
2820 4658 2924 4712 alia
2984 4656 3146 4726 hujus
3201 4654 3346 4709 modi
3409 4649 3671 4707 miracula

2091 4753 2208 4808 fieri
2255 4753 2572 4817 creduntur,
2628 4750 2763 4805 nihil
2810 4763 3048 4818 unquam
3095 4746 3213 4801 sine
3254 4759 3425 4799 causa
3473 4742 3554 4796 vel
3587 4739 3671 4794 fa-

2091 4859 2217 4900 cere
2270 4843 2356 4898 vel
2405 4842 2525 4899 fieri
2576 4844 2756 4898 sinere
2799 4842 2854 4896 in
2901 4838 3192 4902 creaturis,
3238 4851 3377 4906 quas
3423 4835 3492 4890 ad
3519 4847 3677 4888 suam

2091 4938 2485 5008 providentiam
2506 4947 2563 4993 et
2576 4937 3026 5008 gubernationem
3039 4934 3317 5006 pertinere
3335 4947 3447 4998 non
3464 4929 3674 4986 dubito.

2723 5064 2951 5122 CAPUT
2988 5064 3053 5121 Ἲς

2092 5161 2212 5218 Alia
2246 5159 2501 5216 miracula
2538 5157 2847 5213 Mulinheim
2881 5156 3044 5225 facta,
3068 5156 3244 5211 surdis
3284 5164 3331 5209 et
3360 5152 3545 5215 mutis,
3575 5168 3673 5221 pa-

2165 5231 2398 5304 ralyticis
2435 5239 2484 5284 et
2505 5227 2797 5285 amentibus
2817 5226 3360 5304 sanatis._—-__Lumen
3383 5226 3483 5277 iter
3513 5238 3677 5304 agen-

2164 5291 2301 5425 ἳὶιέἇε
2354 5310 2499 5355 nocte
2543 5314 2843 5353 concessum
2887 5327 2959 5337 —-
2998 5295 3228 5351 Libellus
3255 5291 3561 5365 imperatori
3584 5291 3680 5345 ob-

2188 5391 2218 5425 a
2246 5388 2327 5425 us.

2188 5388 2327 5425 atus.

2169 5463 2256 5518 46.
2284 5461 2448 5533 Igitur
2475 5460 2598 5515 inde
2632 5460 2930 5532 digressus,
2971 5459 3111 5514 sicut
3158 5457 3407 5528 superius
3433 5455 3565 5519 dixi,
3607 5453 3676 5507 ad

2173 5577 2201 5616 δ
2242 5574 2473 5643 Sanctus
2500 5571 2839 5643 Lainliertus,
2862 5573 3146 5643 episcopus
3166 5568 3557 5638 Trajectcnsis,
3589 5581 3683 5621 ω·-
3732 5594 3749 5601 -

2104 5647 2231 5702 litur
2264 5644 2329 5697 l7
2360 5642 2715 5713 Septembris.

2180 5729 2202 5753 ο
2245 5707 2546 5777 Sinciacus,
2570 5713 2729 5783 vulgo
2754 5711 2961 5766 Zinsich
2982 5752 2995 5774 ,
3026 5727 3058 5765 ο
3097 5711 3282 5781 pidum
3308 5708 3561 5768 diwccsis
3582 5707 3684 5762 Co-

2180 5785 2380 5835 lionsis.
2404 5799 2564 5835 sunra
2595 5782 2834 5835 Bonnam
2872 5782 3038 5835 lcueis

2104 5785 2380 5855 lonicnsis,
2404 5799 2564 5855 supra
2595 5782 2834 5839 Bonnam
2872 5782 3038 5838 lcueis
3063 5782 3113 5835 ὂ.
