3976 6170
308 354 410 413 565

1158 354 1336 409 lIlST.
1381 352 1766 410 TRANSLAT.
1811 353 1913 408 BB.
1959 351 2376 410 MARCELLINI
2418 356 2503 410 ET
2545 355 2770 410 PETRI.

3473 355 3576 410 556

312 470 624 528 comitatum
663 465 899 536 perrexi.
950 465 1084 521 Nam
1113 466 1413 537 imperator
1455 467 1800 522 Hludowicus
1829 481 1895 521 eo
1922 469 1974 528 Α
1997 468 2493 540 pavimentumque,
2525 473 2666 540 quod
2688 471 2770 525 ori
2811 471 2927 541 ejus
2971 470 3273 541 subjectum
3303 480 3442 532 erat,
3465 478 3576 541 ptu-

316 570 554 630 tempore
580 559 908 626 Aquisgrani
960 559 1162 629 palatio
1206 559 1536 623 consistens,
1563 567 1890 613 conventum

315 665 341 693 ε
365 666 651 722 procerum
682 650 754 705 ibi
801 650 918 705 fieri
960 652 1134 706 media
1167 650 1280 705 fere
1309 651 1488 705 hieme
1521 657 1890 720 praeceperat;

314 741 402 796 ubi
425 749 481 796 et
507 755 606 809 ego
630 740 773 794 inter
816 747 1044 796 caeteros
1083 740 1271 796 adesse
1299 741 1505 811 jussus,
1555 741 1682 810 quia
1711 741 1778 795 de
1812 741 1891 794 vi-

311 835 451 888 cinia
481 832 765 886 beatorum
807 843 1108 903 martyrum
1147 833 1338 888 abesse
1381 833 1637 904 cogebar,
1697 849 1891 902 parum

303 926 574 996 jucundas
602 925 657 978 in
685 924 888 994 palatio
928 940 1108 980 moras
1147 925 1432 980 faciebam.
1491 925 1723 994 Ideoque
1769 931 1891 993 post

310 1033 501 1083 unum,
533 1032 602 1071 ex
637 1032 744 1086 quo
769 1015 860 1071 illo
886 1031 1164 1083 veneram,
1196 1033 1436 1072 mensem
1466 1026 1740 1082 exactum,
1766 1017 1886 1070 misi

240 1110 244 1115 '
307 1110 600 1178 quemdam
631 1123 699 1162 ex
725 1108 948 1172 nostris,
997 1108 1218 1162 nomine
1243 1108 1648 1172 Ellenbardum,
1701 1109 1891 1176 praeci-

306 1199 466 1268 piens
513 1199 565 1252 ei
609 1206 670 1251 ut
715 1198 782 1252 ad
811 1197 997 1252 limina
1027 1198 1308 1252 beatorum
1339 1206 1650 1268 martyrum
1689 1205 1889 1266 quanta

305 1298 496 1361 posset
541 1288 824 1345 celeritate
880 1289 1194 1352 festinaret,
1247 1288 1590 1357 visitatisque
1631 1286 1892 1342 fratribus

305 1381 534 1445 nostris,
596 1393 732 1448 quos
762 1377 887 1433 inde
916 1378 1222 1448 digrediens
1248 1378 1315 1432 ad
1341 1377 1581 1431 divinum
1610 1377 1889 1432 servitium

304 1470 621 1528 faciendum
649 1470 724 1525 ibi
773 1469 1111 1534 dimiseram,
1173 1477 1337 1536 atque
1359 1467 1613 1522 omnibus
1647 1481 1768 1536 qua:
1791 1466 1892 1520 ibi-

303 1565 433 1620 dem
481 1570 774 1634 agerentur
817 1560 1104 1630 diligenter
1155 1558 1470 1628 exploratis,
1527 1557 1595 1610 ad
1634 1572 1734 1612 nos
1781 1555 1890 1610 cito

308 1661 640 1711 recurreret.
684 1652 934 1719 Quicum
963 1651 1089 1706 illuc
1126 1650 1383 1715 venisset,
1423 1649 1597 1703 tribus
1625 1647 1699 1702 ibi
1737 1662 1893 1700 man—

307 1750 372 1804 sit
417 1749 633 1807 diebus.
675 1746 879 1813 Quarto
903 1760 1034 1799 vero
1052 1758 1174 1798 eum
1200 1743 1312 1813 jam
1337 1741 1404 1796 ad
1431 1754 1528 1794 nos
1556 1738 1755 1794 reverti
1780 1737 1890 1792 dis-

305 1846 562 1910 poneret,
596 1852 772 1893 cazcus
803 1835 917 1900 ille,
963 1834 1180 1889 nomine
1225 1831 1494 1895 Albricus,
1538 1829 1693 1897 cujus
1719 1829 1774 1883 in
1801 1844 1892 1882 su-

305 1931 618 2000 perioribus
642 1928 870 1983 fecimus
913 1927 1238 1980 mentionem
1268 1924 1318 1990 δ,
1345 1923 1577 1978 detinuit
1606 1922 1754 1976 abire
1795 1936 1890 1990 pa-

305 2033 558 2087 rantem;
607 2020 883 2074 afﬁrmans
907 2032 1028 2072 eum
1056 2032 1164 2071 non
1193 2015 1347 2085 prius
1375 2015 1479 2069 iter
1499 2028 1658 2068 suum
1687 2013 1893 2083 ingres-

305 2131 499 2170 surum
545 2126 706 2183 quam
738 2109 844 2164 tale
893 2109 1107 2178 signum
1153 2105 1268 2160 ﬁeri
1306 2105 1552 2169 vidisset,
1608 2100 1762 2170 cujus
1806 2116 1893 2155 re-

307 2208 513 2261 latione
536 2218 623 2258 me
652 2203 832 2256 lietum
861 2208 1022 2268 atque
1047 2198 1243 2266 oppido
1280 2197 1606 2265 gaudentem
1629 2192 1886 2248 efﬁceret.

304 2295 534 2352 Addidit
567 2294 730 2348 etiam
759 2289 1102 2344 beatissimos
1133 2295 1400 2354 martyres
1431 2283 1704 2354 praeterita
1730 2289 1892 2337 noete

304 2391 415 2446 sibi
449 2390 506 2442 in
553 2386 761 2442 somnis
821 2381 1161 2451 apparuisse,
1195 2388 1356 2447 atque
1405 2379 1510 2432 boc
1542 2377 1596 2430 in
1623 2377 1894 2431 mandatis

305 2479 530 2535 dedisse
575 2483 636 2528 ut
688 2472 1026 2543 perquireret
1067 2469 1350 2538 quemdam
1409 2481 1696 2535 pauperem
1727 2506 1741 2530 ,
1795 2481 1895 2519 no-

308 2569 465 2622 mine
512 2564 898 2625 Gisalbertum,
962 2559 1188 2614 immani
1231 2555 1395 2627 gibbo
1444 2556 1780 2624 depressum,
1832 2569 1896 2608 ac

307 2657 543 2729 proinde
591 2669 816 2710 curvum
867 2661 922 2707 et
978 2651 1232 2706 brevibus
1282 2649 1492 2704 baculis
1539 2647 1892 2711 innitentem;

305 2760 480 2819 atque
525 2748 800 2801 inventum
832 2745 885 2798 in
915 2741 1215 2806 ccenaculo,
1269 2740 1411 2810 quod
1439 2754 1601 2808 supra
1623 2737 1892 2807 porticum

304 2841 549 2897 basilica:
600 2847 705 2900 est,
759 2844 1000 2905 tempore
1055 2834 1307 2888 matutini
1337 2831 1521 2896 ofIicii,
1559 2829 1717 2898 juxta
1763 2829 1892 2884 reli-

304 2932 469 3002 quias
513 2943 633 2999 quae
684 2927 756 2982 ibi
809 2934 988 2990 erant,
1031 2925 1364 2981 collocaret:
1395 2938 1460 2977 eo
1489 2921 1632 2990 quod
1673 2920 1768 2985 ibi,
1799 2935 1896 2989 per

305 3022 508 3076 merita
557 3027 613 3074 et
660 3018 917 3071 virtutem
971 3022 1302 3078 sanctorum,
1371 3026 1602 3083 quorum
1656 3011 1761 3066 illa:
1803 3023 1890 3064 re-

306 3113 494 3182 liquize
519 3119 720 3174 essent,
753 3109 819 3164 de
844 3108 930 3162 illa
971 3106 1115 3178 gibbi
1145 3104 1493 3160 deformitate
1520 3110 1683 3171 atque
1712 3102 1892 3157 curvi-

307 3207 444 3260 tatis
494 3201 835 3258 incommodo
878 3198 1098 3254 liberari
1151 3198 1391 3252 deberet.
1441 3195 1626 3249 Paruit
1649 3194 1737 3248 ille
1766 3210 1890 3248 sua—

305 3297 482 3361 denti,
521 3304 682 3363 atque
730 3293 854 3358 iter,
901 3291 1046 3360 quod
1077 3288 1294 3359 aggredi
1323 3296 1630 3356 paraverat,
1684 3285 1894 3340 distulit

307 3392 360 3445 in
397 3388 720 3444 crastinum.
762 3384 841 3439 Ac
864 3398 1039 3439 caecus
1067 3382 1156 3436 ille
1190 3381 1399 3451 jussum
1425 3392 1716 3448 pauperem
1763 3391 1888 3446 per—

305 3485 540 3555 quirens
594 3479 830 3542 invenit;
896 3485 972 3541 et,
1016 3484 1076 3530 ut
1119 3475 1219 3529 sibi
1255 3480 1584 3542 praeceptum
1641 3478 1780 3534 erat,
1834 3469 1888 3522 in

307 3571 686 3644 superioribus
733 3567 976 3624 ecclesia:
1005 3566 1249 3636 partibus
1287 3565 1441 3634 juxta
1493 3563 1775 3632 praedictas
1807 3575 1892 3614 re-

307 3663 537 3734 liquias,
585 3659 745 3714 oflicii
777 3656 1026 3712 matutini
1068 3665 1326 3725 tempore,
1380 3653 1684 3708 collocavit.
1723 3652 1894 3706 Erant

305 3766 496 3811 autem
546 3753 648 3808 illa;
685 3751 945 3820 reliquiae,
989 3749 1132 3818 quod
1167 3747 1407 3801 nondum
1455 3759 1777 3798 noveramus
1840 3751 1889 3806 ο,

305 3846 459 3902 beati
515 3843 666 3898 Marii
710 3841 986 3912 martyris,
1037 3848 1093 3892 et
1143 3837 1331 3892 uxoris
1378 3851 1444 3890 ac
1487 3835 1722 3888 filiorum
1750 3829 1890 3900 ejus,

303 3940 542 3996 Marthae
604 3936 870 4000 videlicet,
925 3933 1199 3988 Audifacis
1228 3938 1284 3984 et
1323 3929 1594 3982 llabacuc.
1629 3926 1759 3992 Quae
1787 3923 1896 3978 uti-

303 4046 423 4100 que
465 4028 626 4084 simul
653 4042 776 4082 cum
822 4032 1134 4081 sanctorum
1187 4017 1482 4074 Marcellini
1511 4024 1564 4071 et
1592 4015 1740 4070 Petri
1775 4027 1897 4068 cor-

307 4121 563 4193 poribus,
609 4127 664 4172 et
703 4117 756 4170 in
794 4115 983 4170 eodem
1033 4110 1208 4167 loculo
1237 4111 1304 4164 ad
1328 4124 1428 4164 nos
1467 4107 1686 4178 perlatae
1743 4111 1890 4160 sunt.

311 4210 430 4266 Sed
477 4211 525 4263 is
548 4209 640 4278 qui
667 4222 764 4262 eas
795 4204 1009 4269 detulit,
1042 4200 1197 4271 cujus
1235 4208 1418 4255 essent
1443 4196 1683 4267 reliquiae
1713 4194 1893 4250 nesci-

318 4305 432 4369 vit;
478 4318 602 4358 nam
643 4301 751 4367 ille,
798 4300 888 4371 qui
933 4313 1028 4354 eas
1068 4297 1201 4352 mihi
1252 4294 1501 4357 miserat,
1546 4289 1794 4360 promisit
1839 4303 1896 4344 se

316 4397 388 4452 ad
419 4411 504 4450 me
525 4411 648 4450 esse
674 4401 984 4455 venturum,
1036 4405 1099 4444 ac
1147 4387 1363 4442 nomina
1399 4392 1735 4445 sanctorum,
1763 4393 1898 4450 quo-

319 4504 442 4544 rum
490 4487 574 4542 liae
603 4483 846 4553 reliquis:
889 4481 1085 4545 forent,
1121 4493 1219 4547 per
1251 4475 1601 4544 semetipsum
1634 4470 1766 4525 mihi
1810 4469 1900 4523 in-
1920 4504 1973 4563 D

318 4584 626 4637 dicaturum
667 4576 850 4646 :quod
889 4581 1076 4644 postea
1123 4570 1326 4624 factum
1353 4575 1452 4622 est.
1503 4565 1715 4635 Pauper
1741 4575 1890 4624 vero,

319 4675 412 4744 qui
447 4672 603 4741 juxta
630 4670 751 4725 illas
799 4683 828 4722 a
853 4671 1154 4722 memorato
1178 4677 1323 4717 caeco
1377 4660 1552 4713 fuerat
1575 4657 1893 4719 collocatus,

319 4780 444 4821 cum
474 4762 708 4818 secunda
739 4758 896 4814 lectio
941 4755 1006 4810 ad
1035 4761 1357 4808 nocturnum
1383 4748 1616 4804 oflicium
1643 4761 1708 4801 ex
1747 4759 1898 4800 more

320 4858 608 4928 legeretur,
633 4853 777 4907 edito
829 4847 1033 4919 ingenti
1060 4845 1317 4906 clamore,
1373 4855 1480 4894 non
1511 4837 1780 4892 modicum
1804 4851 1898 4905 pa-

320 4965 509 5004 vorem
555 4943 895 5000 audientibus
941 4939 1182 4995 incussit.
1233 4935 1316 4989 Ad
1365 4948 1524 5004 quem
1592 4946 1714 4986 cum
1766 4944 1898 4984 non-

327 5038 455 5093 "ulli
507 5020 846 5098 clericorum,
885 5046 992 5086 una
1034 5045 1154 5085 cum
1201 5027 1291 5082 illo
1343 5025 1434 5094 qui
1467 5025 1569 5077 hoc
1607 5021 1678 5074 ibi
1727 5033 1893 5090 oppe—

328 5133 423 5187 riri
460 5132 647 5200 jussus
696 5127 890 5191 fuerat,
935 5122 1328 5184 accurrissent,
1398 5110 1722 5170 invenerunt
1774 5127 1896 5165 eum

327 5237 556 5296 pronum
599 5226 762 5288 atque
811 5222 1087 5270 extentum
1133 5217 1354 5282 propter
1391 5205 1561 5260 altare
1596 5201 1895 5272 jacentcm,

399 5371 424 5399 ι
457 5355 796 5426 Eginbardus
839 5344 1308 5426 iuAnnalibusde
1331 5341 1513 5426 gestis

326 5405 836 5492 asserit-adannu—m
859 5421 987 5492 828,
1009 5423 1332 5472 conventum
1349 5408 1674 5481 Aquisgrani
1699 5405 1900 5460 factum

328 5513 451 5552 esse
487 5490 673 5551 mense
704 5490 1020 5547 Februario.

405 5569 434 5608 δ
475 5565 607 5620 Vide
635 5578 792 5632 supra
816 5573 1005 5632 ,num.
1033 5555 1120 5611 59.
1147 5625 1158 5632 _
1203 5623 1234 5632 __
1378 5619 1436 5632 ,Α
1490 5617 1509 5632 .
1689 5616 1719 5627 η

403 5649 425 5675 ε
469 5617 725 5689 llaeclate
747 5617 1062 5684 deduximus
1094 5625 1158 5678 ad
1186 5623 1325 5676 diem
1372 5619 1452 5689 l9,
1482 5617 1754 5689 Januarii,
1799 5629 1906 5683 quo

331 5685 591 5761 coluntur
619 5685 672 5758 lii
721 5709 987 5770 martyres
1019 5693 1246 5756 Marius,
1301 5688 1542 5755 Martha,
1581 5685 1813 5741 Audifax
1853 5693 1906 5738 et

335 5777 610 5834 llabacuc.

1918 3149 1965 3214 C

1997 559 2136 613 rimo
2176 561 2437 630 sanguine
2493 563 2734 616 madens.
2779 561 2950 628 Quem
2999 561 3265 628 levantes,
3311 571 3368 618 et
3415 564 3575 619 allata

1995 663 2136 717 aqua
2171 650 2560 716 refocillantes,
2628 667 2820 706 sanum
2878 661 2934 706 et
2975 661 3205 717 rectum,
3250 669 3428 722 neque
3468 656 3573 710 ulla

1995 739 2274 794 camelinte
2330 742 2471 796 illius
2518 743 2854 796 tortitudinis
2908 744 3059 813 signa
3117 745 3471 809 retinentem,
3519 745 3573 800 in

1993 829 2281 886 inferiores
2306 833 2549 887 ecclesiae
2585 843 2769 902 partes
2797 835 3176 905 gratulabundi
3210 836 3572 892 deduxerunt.

1994 919 2110 984 Quo
2136 921 2394 977 miraculo
2440 922 2494 977 in
2542 924 2686 978 hunc
2734 924 2953 978 modum
3001 934 3247 994 peracto,
3302 927 3350 981 is
3406 943 3572 997 quem

1992 1009 2118 1063 illuc
2172 1011 2450 1078 miseram,
2506 1013 2572 1066 ad
2598 1029 2683 1068 me
2710 1030 2831 1068 cum
2862 1030 3072 1069 summa
3104 1013 3455 1073 festinatione
3482 1035 3571 1074 re-

1992 1113 2233 1169 gressus,
2284 1118 2405 1156 cum
2438 1118 2502 1156 ea
2528 1118 2646 1172 qua:
2671 1104 2882 1158 viderat
2907 1103 3198 1172 retulisset,
3239 1121 3437 1177 magno
3472 1123 3574 1163 nos

1991 1191 2187 1258 gaudio
2215 1199 2378 1260 atque
2410 1193 2746 1248 exultatione
2779 1193 3027 1262 replevit.

2061 1282 2128 1335 47
2188 1281 2297 1338 Nec
2350 1284 2518 1340 multo
2547 1294 2668 1354 post
2698 1285 2973 1341 Ratleicus
3007 1287 3098 1356 qui
3136 1301 3320 1343 sacros
3374 1298 3576 1361 marty-

1994 1389 2111 1428 rum
2150 1376 2384 1442 cineres,
2418 1379 2557 1432 sicut
2583 1380 2636 1433 in
2661 1382 3030 1448 superioribus
3062 1381 3570 1448 demonstravimus,

1993 1465 2160 1520 Roma
2175 1469 2382 1533 detulit,
2411 1478 2467 1522 ut
2489 1471 2602 1540 ipse
2625 1472 3117 1539 asserebat,jussus
3136 1476 3304 1540 venit,
3327 1477 3574 1532 deferens

1991 1557 2247 1625 libellum,
2273 1561 2550 1630 complura
2586 1563 2820 1632 capitula
2859 1566 3256 1632 continentem;
3302 1567 3457 1635 cujus
3484 1583 3570 1622 ra-

1991 1646 2194 1702 tionem
2225 1648 2387 1704 talem
2426 1665 2548 1706 esse
2598 1653 2800 1718 retulit,
2854 1655 3038 1710 dicens
3068 1674 3079 1708 :
3107 1656 3207 1712 sibi
3255 1672 3454 1712 caecum
3508 1657 3570 1711 il-

1996 1738 2134 1804 lum,
2191 1740 2344 1809 cujus
2389 1742 2550 1796 modo
2581 1743 2807 1798 fecimus
2855 1747 3205 1812 mentionem,
3253 1764 3316 1802 ex
3346 1748 3575 1802 auctori-

1920 1817 1967 1874 Β
1999 1837 2106 1884 tate
2153 1839 2455 1899 martyrum
2499 1834 2822 1904 praecepisse
2858 1844 2916 1889 ut
2966 1852 3028 1890 ea
3088 1839 3322 1908 capitula
3366 1838 3571 1892 descri-

1995 1926 2170 1991 beret,
2213 1927 2454 1995 mihique
2482 1927 2738 1992 deferret,
2783 1943 2848 1982 ac
2897 1931 3099 1985 diceret
3141 1941 3201 1986 ut
3237 1948 3300 1988 ea
3329 1932 3569 2001 suscipe—

1994 2031 2134 2082 rem,
2176 2025 2340 2086 atque
2381 2019 2695 2088 imperatori
2736 2021 2960 2092 legenda
3015 2024 3288 2080 offerrem.
3349 2023 3570 2093 Suscepi

1995 2110 2064 2162 ab
2099 2123 2164 2162 eo
2194 2107 2433 2163 libellum
2458 2118 2620 2180 atque
2650 2110 2875 2182 perlegi,
2907 2114 3358 2185 emendatumque
3381 2129 3444 2168 ac
3474 2129 3570 2168 no-

1996 2200 2136 2254 viter
2184 2200 2443 2270 scriptum
2472 2201 2810 2270 imperatori,
2866 2211 2924 2257 ut
2961 2202 3219 2272 jusserat,
3267 2203 3456 2259 obtuli.
3509 2204 3575 2259 Et

1996 2291 2086 2344 ille
2133 2290 2350 2359 quidem
2399 2293 2636 2362 suscepit
2669 2302 2833 2362 atque
2880 2295 3152 2366 perlegit:
3192 2297 3285 2350 scd
3333 2296 3400 2349 de
3456 2294 3564 2359 his,

1997 2397 2116 2451 qua!
2137 2395 2232 2450 per
2277 2383 2422 2438 bunc
2459 2383 2697 2438 libellum
2739 2384 2919 2440 facere
2952 2386 3138 2454 jussus
3181 2387 3262 2440 vel
3320 2387 3562 2440 admoni-

1999 2479 2086 2526 tus
2139 2470 2336 2536 fuerat,
2391 2488 2660 2543 perpauca
2693 2475 2988 2544 adimplere
3042 2476 3270 2531 curavit.
3305 2476 3444 2542 Quid
3470 2491 3567 2528 au-

1999 2570 2108 2616 tem
2141 2561 2230 2616 illa
2273 2563 2511 2631 capitula
2553 2564 2916 2629 continerent,
2971 2573 3063 2619 aut
3113 2565 3241 2635 quid
3270 2566 3337 2619 ab
3378 2581 3444 2620 eo
3496 2565 3571 2618 fa-

1999 2660 2165 2716 ctum,
2220 2652 2415 2721 quidve
2461 2653 2744 2708 dimissum
2801 2654 2896 2720 sit,
2948 2654 3052 2710 alio
3104 2655 3284 2724 potius
3333 2655 3386 2708 in
3431 2655 3569 2718 loco,

1999 2757 2163 2812 quam
2212 2743 2267 2797 in
2320 2743 2445 2807 isto,
2498 2745 3028 2800 commemorandum
3071 2755 3173 2799 est.
3227 2745 3358 2800 lllud
3395 2756 3572 2800 tamen

1999 2847 2106 2887 non
2149 2831 2324 2887 solum
2352 2847 2461 2886 non
2491 2833 2944 2902 praetereundum,
2995 2834 3126 2904 quin
3157 2834 3266 2889 imo
3303 2845 3488 2905 aperte
3512 2852 3575 2890 ac

1997 2924 2231 2980 dilucide
2271 2939 2466 2980 censeo
2493 2925 2969 2989 conscribendum,
3015 2926 3247 2994 qualiter
3273 2927 3566 2981 revelatum

1997 3023 2052 3071 et
2089 3012 2303 3082 jussum
2352 3015 2421 3071 sit
2466 3023 2526 3069 ut
2573 3014 2783 3070 libellus
2814 3015 2902 3070 ille
2957 3016 3074 3071 fieri
3125 3025 3286 3086 atque
3333 3017 3443 3089 regi
3483 3018 3574 3072 da-

1998 3107 2044 3160 ri
2102 3106 2392 3172 debuerit;
2443 3121 2562 3176 qua:
2603 3105 2876 3160 Ratleicus
2934 3107 3035 3161 hoc
3077 3107 3236 3162 modo
3278 3108 3572 3179 contigisse

1996 3197 2200 3253 retulit.

2071 3306 2089 3342 ι
2125 3287 2263 3343 Ante
2297 3286 2527 3358 paucos,’
2549 3288 2738 3357 inquit,
2769 3288 2905 3354 dies,
2944 3303 3067 3343 cum
3096 3289 3150 3342 in
3189 3287 3472 3344 ecclesiam
3507 3289 3574 3343 ad

1995 3382 2261 3451 agendum
2305 3389 2629 3436 nocturnum
2660 3381 2895 3437 cilicium
2940 3397 3005 3436 ex
3050 3396 3201 3437 more
3227 3383 3572 3440 convenisse-

1995 3487 2134 3537 mus,
2165 3472 2300 3526 adiit
2323 3487 2408 3526 me
2441 3487 2619 3529 caecus
2646 3473 2754 3538 ille,
2800 3489 2959 3542 quem
2989 3473 3180 3538 nostis,
3211 3489 3407 3544 rogans
3430 3483 3488 3528 ut
3519 3474 3572 3528 in

1993 3568 2201 3629 partem
2245 3560 2481 3629 aliquam
2537 3562 2887 3616 secretiorem
2937 3576 3059 3615 cum
3107 3561 3198 3615 illo
3244 3563 3570 3616 secederem.

1994 3653 2120 3708 Feci
2149 3660 2208 3707 ut
2232 3652 2447 3708 volebat
2471 3693 2486 3716 ,
2522 3661 2578 3707 et
2607 3668 2732 3708 cum
2773 3667 2838 3707 eo
2869 3650 3138 3714 cellulam,
3184 3649 3237 3702 in
3264 3665 3370 3717 qua
3397 3649 3575 3719 quies-

1994 3757 2120 3798 cere
2148 3743 2408 3806 solebam,
2433 3743 2708 3812 ingressus
2734 3756 2873 3795 sum.
2909 3738 3043 3793 Tum
3067 3738 3155 3792 ille
3185 3738 3331 3806 prior
3355 3757 3368 3792 :
3399 3757 3418 3789 ι
3440 3738 3571 3804 llac,

1997 3835 2194 3902 inquit,
2225 3840 2404 3897 nocte,
2441 3831 2602 3900 paulo
2647 3840 2934 3897 antequam
2965 3843 3096 3883 sono
3126 3829 3401 3897 signorum
3431 3829 3574 3883 exci-

1997 3925 2096 3980 tati
2127 3936 2472 3992 surgeremus
2495 3961 2510 3986 ,
2552 3919 2802 3990 apparuit
2843 3919 2974 3973 milii
3012 3933 3108 3986 per
3141 3919 3317 3973 visum
3354 3918 3572 3987 quidam

1997 4016 2098 4080 vir,
2129 4013 2328 4068 canitie
2355 4011 2698 4075 venerabilis,
2752 4018 2903 4065 veste
2931 4009 3159 4066 candida
3196 4009 3434 4075 indutus,
3465 4011 3574 4064 vir-

1997 4121 2118 4178 gam
2140 4119 2360 4160 auream
2386 4119 2547 4158 manu
2573 4111 2780 4166 tenens,
2812 4118 2876 4156 ac
2900 4101 3095 4156 talibus
3119 4117 3204 4155 me
3225 4101 3406 4156 verbis
3429 4116 3573 4157 com-

1997 4198 2251 4268 pellavit:
2313 4214 2330 4247 i
2362 4193 2522 4259 Vide,
2563 4195 2778 4265 inquit,
2816 4194 3033 4250 Albrice
3057 4236 3070 4256 ,
3122 4203 3180 4248 ut
3215 4202 3406 4248 cuncta
3455 4209 3574 4262 qua:

1999 4292 2096 4346 tibi
2136 4291 2342 4355 dixero,
2391 4289 2526 4343 bene
2555 4287 2853 4360 intelligas,
2892 4302 3063 4356 eaque
3093 4287 3228 4342 adeo
3257 4285 3429 4341 tenaci
3456 4300 3572 4340 me-

1998 4382 2170 4436 moria
2221 4381 2490 4444 retineas,
2541 4386 2601 4433 ut
2643 4379 2806 4434 etiam
2854 4377 2994 4441 aliis,
3045 4375 3136 4444 qui
3181 4375 3270 4428 illa
3317 4375 3572 4443 scripturi

2000 4483 2150 4539 sunt,
2187 4486 2456 4542 exponere
2482 4470 2683 4525 valeas.
2733 4468 2863 4522 Volo
2905 4467 3047 4521 enim
3079 4474 3138 4518 ut
3175 4464 3486 4519 scribantur
3520 4471 3574 4518 et

2003 4564 2314 4621 Hludowico
2360 4560 2672 4630 imperatori
2713 4558 2780 4612 ad
2836 4555 3116 4625 legendum
3160 4569 3256 4622 per
3303 4553 3573 4608 seniorem

2001 4665 2241 4711 vestrum
2271 4653 2628 4708 ostendantur
2656 4669 2669 4703 :
2709 4655 2834 4703 sunt
2860 4646 3054 4716 quippe
3088 4644 3240 4699 valde
3267 4644 3571 4698 necessaria

2001 4750 2026 4790 δ
2067 4765 2170 4804 non
2200 4747 2370 4804 solum
2395 4745 2460 4799 ad
2491 4741 2936 4814 cognoscendum,
2984 4752 3170 4793 verum
3207 4735 3370 4790 etiam
3399 4733 3466 4788 ad
3495 4733 3574 4788 fa-

2001 4841 2250 4897 ciendum
2286 4836 2534 4908 principi,
2581 4835 2634 4887 in
2662 4831 2814 4901 cujus
2838 4845 3061 4902 regnum
3091 4827 3177 4883 isti
3203 4833 3468 4895 martyres
3494 4823 3574 4878 di-

2003 4934 2123 4986 vina
2141 4931 2380 4998 jussione
2405 4933 2686 4980 venerunt.
2725 4942 2742 4974 ι

2071 5022 2158 5077 48.
2218 5038 2235 5070 i
2275 5019 2424 5073 Tunc
2469 5015 2732 5084 incipiens
2759 5053 2774 5076 ,
2823 5012 3066 5067 duodena
3111 5009 3194 5062 vel
3243 5021 3308 5061 eo
3345 5003 3572 5074 amplius

2000 5110 2229 5183 capitula
2257 5125 2354 5179 per
2387 5107 2633 5163 ordinem
2675 5101 3077 5174 pronuntiavit;
3112 5097 3351 5166 mihique
3372 5109 3573 5166 prince-

2000 5205 2096 5276 pit,
2125 5211 2183 5257 ut
2213 5201 2307 5256 tibi
2337 5208 2391 5254 et
2417 5198 2535 5253 aliis
2574 5206 2822 5269 quatuor,
2870 5208 3006 5262 quos
3035 5191 3129 5245 tibi
3165 5190 3408 5244 dicturus
3428 5203 3567 5252 sum,

2071 5336 2096 5376 d
2139 5332 2428 5387 Annalium
2470 5325 2816 5382 Fuldensium
2865 5329 3073 5384 auctor,
3099 5319 3166 5374 ad
3201 5333 3288 5373 an.
3323 5317 3448 5380 874,
3474 5332 3574 5386 pti-

2014 5416 2090 5460 lat
2124 5404 2265 5473 quod
2293 5403 2337 5456 si
2369 5400 2761 5473 Ludovicusea
2791 5392 3078 5445 observare
3092 5396 3381 5471 .curasset,
3412 5387 3570 5473 fors}:

2009 5457 2096 5529 tan
2127 5457 2392 5542 passurus
2403 5482 2518 5542 non
2553 5463 2792 5542 fueritin
2813 5461 3142 5542 'purg‘at'orio
3173 5457 3572 5542 perﬂannosﬁii

2007 5527 2335 5614 quiescpati
2366 5538 2473 5614 filio
2500 5551 2596 5614 suo
2625 5527 3322 5614 Luilovicon'Seligenstadii
3354 5527 3573 5614 cpiiiitizi

2010 5595 2247 5676 babenti,
2296 5606 2569 5669 revelavit,
2616 5611 2804 5673 petens
2848 5601 2972 5656 inde
2995 5595 3212 5656 suorum
3235 5598 3483 5669 precibus
3509 5595 3574 5648 li-

2008 5682 2190 5742 berari
