3976 6170
306 348 412 405 587

1591 342 1970 404 EGINHARDI
2007 344 2182 400 ABBA
2190 344 2300 402 TIS

305 462 397 519 illa
418 476 732 519 enumerem
758 470 921 532 atque
953 476 1259 534 exponam;
1288 469 1346 518 et
1366 469 1628 534 posthaec
1661 469 1720 518 tu
1744 459 1891 515 libel~
1915 458 1964 520 Α
1990 473 2241 528 possessa
2263 501 2278 527 ,
2315 462 2385 517 ad
2413 462 2693 520 basilicam
2736 472 3038 538 martyrum
3062 480 3094 521 a
3121 466 3445 537 parentibus
3468 471 3583 527 suis

302 560 415 616 lum
445 558 633 624 facias,
665 572 900 628 eumque
927 558 1129 614 seniori
1153 567 1270 624 tuo,
1314 558 1407 628 qui
1435 571 1579 613 nunc
1609 558 1665 612 in
1687 556 1890 625 palatio

303 659 568 715 moratur,
607 647 859 715 deferas;
911 650 1070 720 eique
1107 664 1176 704 ex
1219 658 1520 720 martyrum
1568 646 1891 703 auctoritate

300 741 607 812 praecipias,
654 746 716 795 ut
746 741 1017 805 eumdem,
1055 749 1258 810 quanto
1305 739 1535 795 celerius
1558 738 1750 809 possit,
1788 739 1890 793 im-

300 831 541 901 peratori
568 829 779 886 offerat.
826 831 1031 887 Deinde
1062 832 1428 902 subiungens:
1476 849 1495 881 ε
1530 830 1773 895 Nostine,
1806 830 1890 884 in-

300 926 434 995 quit,
466 925 591 995 quis
616 939 717 995 ego
742 926 869 991 sim,
914 925 1005 995 qui
1034 926 1132 980 tibi
1177 925 1280 980 ista
1323 924 1619 994 praecipio?
1651 954 1725 969 —
1749 923 1885 978 Tum

299 1032 401 1087 ego
431 1016 567 1071 nihil
606 1016 886 1081 haesitans,
926 1024 1177 1071 sanctum
1222 1014 1589 1070 Marcellinum
1615 1030 1740 1071 eum
1767 1030 1889 1071 esse

300 1106 576 1178 respondi.
604 1137 657 1150 -—
700 1107 771 1161 Et
799 1106 888 1161 ille
917 1125 931 1161 :
982 1122 1089 1161 non
1120 1107 1194 1161 ita
1218 1116 1334 1172 est,
1371 1105 1577 1176 inquit,
1608 1114 1670 1160 ut
1695 1106 1887 1176 opina—

304 1199 399 1264 ris,
428 1196 522 1253 sed
556 1197 776 1254 Gabriel
823 1197 1180 1268 archangelus
1220 1213 1321 1268 ego
1354 1212 1473 1251 sum
1504 1213 1518 1262 ;
1564 1211 1884 1267 personam-
1933 1243 1936 1246 .

300 1303 406 1358 que
438 1304 506 1344 ac
540 1287 770 1344 formam
816 1287 1110 1343 Marcellini
1157 1288 1361 1343 idcirco
1406 1286 1707 1356 assumpsi,
1756 1287 1882 1355 quia

298 1381 560 1436 Dominus
603 1380 747 1436 Deus
788 1380 1030 1436 omnium
1071 1395 1256 1435 rerum
1285 1388 1451 1448 atque
1498 1393 1785 1433 causarum
1816 1378 1883 1431 ad

298 1474 434 1528 istos
462 1479 731 1541 martyres
755 1470 1139 1540 pertinentium
1173 1484 1361 1525 curam
1392 1469 1525 1523 mihi
1567 1467 1879 1533 commisit;

298 1575 357 1621 et
383 1580 529 1621 nunc
554 1565 697 1629 veni,
749 1571 812 1617 ut
837 1564 957 1618 haec
999 1562 1100 1617 tibi
1134 1561 1434 1617 indicarem
1479 1575 1602 1630 quas
1644 1560 1887 1615 Scribere

297 1658 553 1731 praecepi,
606 1656 861 1727 quoniam
909 1654 1107 1711 divina:
1156 1654 1451 1711 voluntatis
1492 1662 1575 1710 est
1621 1660 1681 1707 ut
1721 1668 1786 1709 ea
1815 1668 1884 1709 ex

299 1750 624 1804 auctoritate
654 1762 842 1803 eorum
885 1748 954 1802 ad
983 1747 1231 1802 notitiam
1263 1748 1425 1817 regis,
1459 1747 1578 1802 sine
1603 1761 1883 1801 morarum

1993 551 2224 609 adducta
2256 559 2362 608 est.
2413 552 2545 621 Quas
2574 570 2699 610 cum
2724 565 2852 612 ante
2870 558 3134 614 tumbam
3165 573 3323 615 sacra
3349 576 3583 633 corpora

1991 641 2358 699 continentem
2385 644 2645 711 venisset,
2689 654 2745 701 et
2774 646 3060 719 presbyter
3091 664 3254 718 super
3279 659 3446 721 caput
3465 651 3586 720 eius

1989 732 2351 788 exemismum
2374 776 2391 801 ,
2439 737 2737 791 secundum
2787 740 3276 807 consuetudinem,
3317 742 3585 812 perlegis-

1989 831 2110 886 set;
2155 837 2221 877 ac
2270 824 2464 880 deinde
2489 824 2828 893 daemonem,
2873 829 3110 897 qualiter
3148 838 3207 886 et
3248 832 3473 901 quando
3521 834 3576 888 in

1989 928 2109 969 eam
2159 913 2351 970 fuisset
2394 916 2705 988 ingressus,
2762 922 3072 988 percontari
3120 923 3419 991 erupisset,
3474 922 3585 980 nou

1992 1004 2225 1058 barbara
2254 1005 2455 1076 lingua,
2498 1022 2664 1076 quam
2691 1008 2861 1063 solam
2896 1010 3072 1079 puella
3096 1021 3346 1078 noverat,
3376 1015 3471 1068 sed
3496 1031 3584 1070 ro-

1988 1110 2149 1150 mana
2171 1095 2442 1153 locutione
2466 1100 2785 1171 presbytero
2811 1102 3111 1171 reSpondit.
3150 1101 3398 1173 Cumque
3428 1120 3581 1174 pres-

1985 1185 2144 1256 byter
2170 1186 2465 1242 miraretur
2495 1196 2658 1258 atque
2681 1190 3067 1262 interrogaret,
3110 1194 3257 1248 unde
3284 1194 3363 1248 illi
3402 1194 3583 1250 latinae

1987 1274 2182 1346 lingua:
2218 1277 2429 1342 notitia,
2477 1295 2601 1334 cum
2627 1288 2880 1351 parentes
2922 1284 3074 1354 ejus,
3124 1286 3218 1355 qui
3246 1285 3319 1341 ibi
3346 1302 3583 1357 praesen-

1986 1377 2070 1424 tes
2105 1370 2391 1437 astabant,
2423 1371 2736 1441 huiusmodi
2777 1390 3086 1432 sermonem
3113 1379 3331 1448 penitus
3368 1379 3583 1449 ignora-

1988 1461 2148 1514 rent?
2169 1490 2239 1501 --
2275 1480 2294 1513 ι
2313 1461 2595 1529 Parentes,
2626 1465 2822 1534 inquit,
2856 1482 3011 1524 meos
3034 1485 3313 1540 nunquam
3332 1471 3532 1527 vidisti.
3557 1492 3576 1527 ο

1986 1577 2057 1593 -—
2091 1549 2228 1605 Tum
2256 1552 2575 1622 presbyter:
2633 1573 2651 1605 ι
2691 1555 2769 1609 Tu
2798 1572 2957 1626 ergo,
3006 1559 3203 1630 inquit,
3241 1562 3389 1618 unde
3416 1578 3498 1629 es,
3533 1565 3582 1620 si

1987 1639 2078 1694 isti
2106 1657 2215 1695 non
2244 1652 2370 1697 sunt
2406 1652 2659 1713 parentes
2688 1646 2765 1701 tui
2789 1648 2812 1701 ?
2842 1669 2861 1701 ι

2058 1732 2147 1787 50.
2180 1733 2249 1787 Ει
2275 1734 2484 1790 dmmon
2511 1752 2608 1806 per
2629 1738 2863 1807 puellam
2892 1758 2904 1795 :
2942 1758 2962 1792 ι
2990 1741 3122 1813 Ego,
3153 1744 3250 1809 ait,
3279 1760 3402 1801 sum
3421 1746 3587 1803 satel—

298 1840 731 1912 iuterpositione,
762 1839 1100 1909 perveniant.
1152 1838 1232 1893 Tu
1258 1808 1583 1903 vero,'sicut
1621 1838 1718 1893 tibi
1746 1853 1886 1909 prm-
1912 1808 1959 1868 B
1988 1823 2067 1879 138
2091 1832 2254 1894 διίιιιθ
2278 1825 2573 1896 (“3‘51"llus
2621 1826 2868 1896 Sanine,
2914 1840 2972 1886 ει
2999 1808 3171 1887 “lum
3192 1808 3307 1903 lim
3337 1843 3586 1905 κωνοτε

298 1930 418 1999 cepi
443 1969 459 1993 ,
504 1930 682 1999 primo
729 1928 964 1985 diluculo
1009 1936 1133 1997 post
1188 1927 1515 1996 completum
1558 1926 1887 1982 matutinum

298 2020 554 2087 ofﬁcium,
592 2020 781 2076 nuntia
805 2034 928 2089 quae
966 2017 1162 2074 audisti
1194 2017 1280 2073 his
1309 2018 1507 2087 quibus
1536 2032 1599 2073 ea
1632 2018 1886 2074 nuntiare

292 2112 450 2181 iussi.
472 2143 545 2154 -—
565 2113 703 2167 Tum
727 2127 826 2182 ego
852 2129 865 2165 :
918 2109 1088 2167 Nemo
1114 2119 1220 2175 est,
1274 2110 1518 2180 inquam,
1561 2110 1651 2179 qui
1674 2112 1882 2177 credat,

297 2206 442 2275 quod
472 2206 696 2277 angelus
729 2219 943 2260 mecum
983 2204 1197 2259 locutus
1223 2204 1314 2269 sit,
1366 2212 1462 2258 aut
1496 2219 1585 2259 me
1614 2204 1718 2259 ista
1745 2220 1885 2259 nun-

296 2297 436 2352 tiare
483 2296 838 2352 mandaverit.
883 2326 956 2337 —
994 2293 1114 2349 Non
1163 2295 1301 2360 erit,
1355 2295 1564 2365 inquit,
1618 2295 1735 2362 ita;
1788 2294 1887 2350 sed

296 2390 440 2445 dabo
462 2391 693 2461 signum,
726 2390 871 2460 quod
896 2389 1064 2446 facias
1098 2400 1283 2445 coram
1309 2389 1389 2443 eis
1414 2407 1428 2442 :
1456 2403 1566 2458 quo
1592 2389 1731 2454 viso,
1762 2388 1884 2443 nul-

296 2482 404 2537 lam
426 2482 569 2537 ultra
601 2483 991 2538 dubitationem
1021 2482 1300 2538 habebunt
1328 2482 1396 2538 de
1424 2483 1509 2538 his
1538 2497 1661 2552 quae
1684 2483 1753 2538 ad
1788 2499 1884 2539 eos

295 2587 359 2626 ex
386 2586 507 2629 mea
531 2571 773 2640 iussione
805 2573 1113 2642 pertuleris.
1161 2572 1396 2629 Proinde
1422 2573 1546 2629 volo
1581 2574 1732 2630 dicas
1752 2574 1885 2629 Rat-

294 2663 435 2719 leico
460 2671 519 2719 ut
540 2664 793 2721 exhibeat
823 2665 922 2720 tibi
951 2666 1086 2721 duos
1111 2680 1298 2722 cereos
1334 2680 1504 2723 novos
1525 2668 1615 2736 qui
1644 2669 1909 2749 nondum;

298 2756 515 2810 accensi
559 2754 820 2823 fuissent;
873 2763 931 2810 et
977 2770 1143 2811 unum
1175 2771 1241 2811 ex
1278 2756 1360 2811 eis
1389 2756 1613 2823 dextra,
1649 2758 1881 2813 alterum

296 2844 513 2900 sinistra
555 2852 775 2911 tenens,
824 2849 907 2901 sta‘
944 2860 1130 2902 coram
1172 2846 1374 2910 altari;
1416 2854 1471 2901 et
1506 2860 1630 2901 cum
1676 2849 1877 2913 omnia,

296 2952 417 3007 qum
443 2937 537 2991 tibi
569 2937 818 3008 μνωωρί,
845 2937 1120 2992 narrando
1144 2937 1529 3007 compleveris,
1573 2938 1661 2993 dic
1687 2938 1768 2994 eis
1787 2938 1879 3009 qui

294 3026 412 3083 haec
457 3026 709 3093 audiunt,
744 3034 806 3082 ut
855 3027 910 3082 in
942 3028 1045 3083 hoc
1085 3029 1312 3084 credant
1340 3043 1467 3083 vera
1506 3036 1562 3083 et
1593 3028 1661 3083 ab
1687 3028 1882 3100 angelo

294 3115 391 3171 Dei
572 3116 864 3212 mandata,
890 3131 1019 3212 quae
1042 3117 1243 3212 dixisti,
1294 3117 1599 3212 cerei
1630 3118 1882 3212 iumani-
1908 3147 1953 3212 ρ

293 3208 397 3263 bus
420 3206 547 3270 tuis,
578 3207 693 3261 sine
722 3205 1054 3261 adhibitione
1091 3206 1230 3277 ignis
1260 3207 1486 3262 visibilis
1506 3248 1520 3272 ,
1571 3207 1772 3263 fuerint
1796 3209 1880 3263 vi-

297 3294 547 3351 dentibus
574 3294 680 3349 illis
707 3294 1015 3350 illuminati.
1056 3315 1076 3347 ι

366 3386 488 3454 Quo
516 3384 679 3452 facto,
714 3386 949 3457 scriptus
981 3395 1065 3443 est
1109 3385 1344 3455 libellus,
1393 3389 1633 3460 mihique
1661 3389 1880 3457 allatus,

298 3495 364 3535 ae
386 3493 488 3551 per
515 3492 602 3534 me
637 3478 751 3549 regi
775 3478 1011 3545 oblatus,
1053 3480 1121 3535 ah
1145 3478 1236 3535 illo
1274 3495 1491 3551 quoque
1517 3489 1774 3550 acceptus
1799 3491 1883 3536 at—

297 3587 404 3643 que
438 3571 709 3642 perlectus
731 3577 835 3627 est.
864 3570 1072 3626 Idcirco
1096 3570 1270 3625 visum
1307 3579 1390 3626 est
1417 3571 1570 3636 mihi,
1604 3571 1746 3626 inter
1773 3586 1880 3627 ca:-

297 3676 413 3723 tera
440 3664 723 3731 miracula,
752 3663 918 3721 libelli
943 3662 1104 3732 huius
1146 3663 1326 3718 facere
1358 3662 1686 3718 mentionem
1711 3680 1726 3728 ;
1755 3665 1901 3735 quia

295 3773 395 3828 per
419 3757 792 3821 occasionem,
836 3769 944 3826 qua
980 3754 1069 3809 ille
1108 3754 1271 3810 scribi
1298 3753 1619 3824 jubebatur,
1656 3755 1884 3826 contigit

296 3848 388 3904 illa
410 3848 675 3904 mirabilis
714 3855 770 3903 et
793 3846 1050 3902 inusitata
1093 3859 1379 3901 cereorum
1407 3845 1680 3910 accensio,
1719 3861 1883 3915 quam

294 3954 395 4009 per
438 3939 631 3994 merita
676 3938 963 3994 beatorum
997 3944 1301 4006 martyrum
1344 3934 1461 3990 fieri
1511 3937 1709 3991 debere
1747 3936 1880 4005 ipse,

297 4030 389 4100 qui
420 4044 514 4084 eos
539 4028 882 4091 illuminavit,
909 4026 1132 4097 angelus
1160 4025 1563 4095 praenuntiavit.

366 4117 457 4173 L9.
500 4117 614 4172 Sub
637 4117 777 4171 idem
807 4114 922 4169 fere
944 4122 1178 4183 tempus,
1216 4128 1339 4167 cum
1368 4112 1643 4168 Ratleicus
1663 4128 1694 4167 a
1725 4114 1885 4170 nobis

299 4207 368 4262 ad
414 4206 694 4260 basilicam
741 4210 1041 4272 martyrum
1085 4216 1369 4272 regressus
1412 4210 1521 4265 est,
1576 4203 1772 4257 allatus
1800 4211 1885 4259 est

297 4295 455 4351 nobis
496 4294 619 4349 inde
642 4293 782 4348 alter
828 4291 1062 4358 libellus,
1109 4292 1396 4348 continens
1430 4293 1598 4350 verba
1626 4302 1681 4348 et
1716 4294 1883 4351 ratio-

299 4384 626 4441 cinationem
673 4381 955 4453 cujusdam
1003 4382 1293 4450 daemonis,
1344 4385 1437 4455 qui
1468 4400 1528 4440 se
1562 4385 1882 4457 Wiggonem

1987 1916 2131 1987 apud
2177 1915 2381 1972 inferos
2417 1915 2622 1985 ianitor
2662 1919 2782 1984 fui;
2834 1922 2931 1977 sed
2969 1924 3132 1978 modo
3154 1940 3254 1995 per
3280 1941 3457 1982 annos
3483 1927 3585 1981 ali-

1985 2014 2137 2076 quot,
2167 2021 2290 2062 cum
2318 2008 2486 2063 sociis
2509 2009 2648 2064 meis
2680 2011 2951 2078 undecim,
2993 2029 3219 2085 regnum
3243 2012 3584 2071 Francorum

1985 2097 2214 2152 vastavi.
2246 2096 2601 2154 Frumentum
2627 2108 2683 2156 et
2704 2103 2910 2169 vinum,
2934 2112 2990 2159 et
3010 2119 3200 2160 omnes
3219 2106 3354 2161 alias
3374 2107 3583 2178 fruges,

1985 2202 2107 2256 qua:
2131 2187 2200 2244 ad
2226 2204 2386 2245 usum
2440 2191 2725 2246 hominum
2755 2193 2823 2247 de
2871 2203 3019 2250 terra
3066 2204 3384 2263 nascuntur,
3426 2196 3587 2267 iuxta

1985 2279 2129 2347 quod
2170 2278 2308 2348 iussi
2349 2295 2604 2348 eramus,
2655 2286 2936 2341 enecando
2983 2285 3321 2353 delcvimus;
3378 2304 3581 2359 pecora

1986 2370 2188 2426 morbis
2230 2370 2641 2438 interfecimus,
2685 2373 2830 2429 luem
2867 2390 2931 2431 ac
2955 2376 3323 2446 pestilentiam
3350 2379 3406 2433 in
3429 2380 3583 2449 ipsos

1984 2463 2235 2519 homines
2280 2464 2646 2531 immisimus;
2711 2480 2903 2521 omnes
2955 2482 3174 2538 quoque
3221 2467 3585 2525 adversitates

1984 2564 2040 2612 et
2065 2567 2262 2613 cuncta
2302 2558 2462 2621 mala,
2513 2573 2635 2629 qua:
2670 2557 2785 2627 iam
2831 2560 2926 2617 diu
2957 2575 3058 2630 pro
3095 2562 3307 2617 meritis
3335 2562 3447 2617 suis
3476 2578 3580 2632 pa-

1986 2647 2212 2713 tiuntur,
2262 2648 2419 2704 nobis
2463 2648 2793 2705 facientibus
2832 2659 2998 2721 atque
3047 2652 3446 2721 ingerentibus,
3497 2654 3584 2709 eis

1984 2737 2319 2794 acciderunt.
2352 2759 2372 2792 »
2402 2768 2473 2778 -
2501 2738 2603 2795 Hic
2637 2755 2762 2795 cum
2785 2742 3070 2812 presbyter
3104 2744 3175 2798 ab
3207 2758 3275 2798 eo
3308 2753 3583 2813 quaereret

1982 2844 2219 2899 quanam
2241 2829 2309 2884 de
2337 2845 2500 2886 causa
2526 2832 2576 2887 ei
2618 2830 2811 2888 fuisset
2839 2833 3149 2903 huiusmodi
3185 2850 3442 2890 concessa
3478 2852 3579 2905 po-

1983 2923 2193 2978 testas?
2244 2941 2264 2975 (
2301 2921 2532 2994 Propter
2559 2924 2845 2991 malitiam,
2874 2925 3072 2995 inquit,
3101 2926 3283 2996 populi
3317 2925 3493 2995 huius,
3521 2935 3581 2983 et

1982 3015 2329 3070 multimodas
2366 3015 2686 3085 iniquitates
2732 3031 2923 3071 eorum
2959 3018 3050 3086 qui
3104 3033 3270 3088 super
3296 3032 3420 3074 eum
3450 3033 3578 3071 con-

1982 3107 2159 3162 stituti
2189 3115 2331 3162 sunt.
2385 3107 2488 3174 Qui
2514 3123 2743 3164 munera
2786 3117 2843 3165 et
2882 3125 2992 3165 non
3027 3110 3293 3180 iustitiam
3325 3110 3577 3182 diligunt,

1983 3200 2077 3270 qui
2105 3200 2226 3270 plus
2250 3200 2526 3256 hominem
2551 3216 2715 3270 quam
2751 3202 2919 3257 Deum
2948 3210 3216 3267 metuunt,
3254 3203 3349 3273 qui
3380 3217 3581 3272 paupe—

1985 3306 2072 3345 res
2101 3291 2433 3360 opprimunt,
2462 3291 2655 3346 viduas
2684 3299 2740 3347 et
2760 3292 2994 3363 pupillos
3039 3293 3107 3348 ad
3133 3307 3193 3348 se
3217 3292 3579 3348 vociferantes

1982 3380 2241 3435 exaudire
2284 3379 2496 3447 nolunt,
2547 3380 2681 3436 nulli
2712 3382 2986 3452 iustitiam
3031 3382 3135 3437 nisi
3180 3383 3449 3438 mercanti
3495 3383 3579 3437 fa-

1982 3471 2151 3527 ciunt.
2200 3470 2405 3527 Praeter
2432 3473 2550 3528 haec
2588 3481 2714 3529 sunt
2743 3482 2799 3530 et
2820 3473 2927 3529 alia
2953 3473 3124 3528 multa
3160 3489 3226 3531 ac
3254 3490 3394 3544 pene
3420 3476 3580 3530 innu-

1984 3565 2283 3631 merabilia,
2309 3582 2430 3636 quae
2456 3576 2567 3622 tam
2599 3568 2668 3623 ab
2689 3567 2807 3636 ipso
2833 3567 3053 3638 populo,
3105 3583 3269 3637 quam
3292 3583 3324 3622 a
3354 3569 3579 3624 rectori-

1983 3657 2086 3712 bus
2112 3655 2231 3726 eius
2265 3658 2508 3727 quotidie
2554 3660 3005 3725 committuntur;
3053 3668 3113 3713 ut
3140 3668 3270 3714 sunt
3316 3658 3577 3729 periuria,

1983 3749 2296 3815 ebrietates,
2328 3749 2615 3816 adulteria,
2656 3752 2981 3817 homicidia,
3014 3749 3178 3816 furta,
3209 3753 3433 3822 rapiam,
3459 3768 3578 3822 qua:

1984 3856 2144 3899 nemo
2174 3842 2289 3896 fieri
2331 3842 2605 3912 prohibet,
2647 3850 2722 3908 et,
2754 3857 2876 3897 cum
2915 3842 3058 3897 facta
3086 3841 3311 3908 fuerint,
3360 3859 3471 3899 non
3495 3851 3578 3899 est

1985 3934 2077 4003 qui
2104 3934 2365 3988 vindicet.
2394 3933 2735 3990 Potentiores
2780 3934 2982 4004 quique
3026 3934 3274 4003 turpibus
3299 3934 3468 3990 lucris
3496 3935 3579 3990 in—

1984 4022 2262 4088 serviunt;
2293 4029 2347 4077 et
2370 4022 2492 4077 loco
2518 4023 2797 4092 superiore
2814 4063 2831 4088 ,
2870 4037 3034 4092 quem
3062 4030 3285 4093 propter
3312 4022 3577 4095 regendos

1985 4114 2271 4171 inferiores
2306 4124 2653 4186 acceperunt,
2705 4115 2773 4170 ad
2802 4115 3110 4186 superbiam
3137 4124 3191 4171 et
3221 4116 3441 4172 inanem
3464 4114 3579 4185 glo-

1986 4206 2124 4259 riam
2153 4206 2485 4270 abutuntur;
2528 4205 2710 4260 odium
2740 4213 2797 4261 et
2825 4205 3105 4271 invidiam,
3135 4221 3243 4261 non
3288 4213 3401 4263 tam
3438 4207 3578 4261 inter

1985 4303 2295 4360 extraneos,
2344 4311 2507 4365 quam
2552 4295 2695 4350 inter
2721 4296 3055 4365 propinquos
3080 4304 3140 4351 et
3162 4294 3421 4351 aﬁinitate
3448 4311 3575 4351 con-

1978 4384 2200 4455 iunctos
2234 4392 2494 4439 exercent
2518 4401 2533 4448 ;
2591 4384 2801 4440 amicus
2822 4386 2999 4441 amico
3025 4401 3135 4441 non
3161 4386 3361 4451 credit,
3406 4384 3576 4441 frater

298 4474 615 4530 nominavit.
652 4472 783 4541 Quae
816 4473 960 4529 facta
991 4480 1075 4529 est
1100 4473 1169 4529 ab
1210 4489 1276 4530 eo
1297 4491 1482 4530 coram
1511 4477 1694 4533 multis
1724 4477 1880 4543 testi-
1905 4488 1959 4547 ι)
1985 4473 2207 4530 fratrem
2252 4475 2397 4539 odit,
2453 4483 2608 4543 pater
2640 4475 2810 4533 ﬁlium
2862 4493 2971 4533 non
3010 4478 3205 4549 diligit.
3258 4476 3393 4534 Rari
3428 4486 3568 4541 sunt,

298 4569 400 4622 bus
432 4573 557 4620 ante
578 4564 766 4631 altare,
797 4565 952 4637 iuxta
986 4564 1129 4634 quod
1164 4565 1308 4621 sacri
1337 4575 1637 4637 martyrum
1666 4567 1882 4624 cineres

299 4659 520 4732 repositi
569 4666 713 4725 sunt,
758 4659 825 4713 ad
873 4658 1359 4730 interrogationem
1402 4657 1736 4729 presbyteri,
1789 4660 1880 4728 qui

299 4751 664 4807 exorcismum
720 4763 886 4819 super
944 4764 1368 4819 euergumenum
1434 4749 1683 4818 legerat:
1738 4750 1880 4818 quod

297 4845 403 4899 hoc
430 4842 589 4898 modo
617 4840 907 4911 contigisse
935 4847 1207 4893 narratur.
1243 4839 1509 4894 Prandium
1546 4848 1631 4895 est
1658 4840 1714 4894 in
1741 4855 1881 4911 pago

299 4932 620 5005 Nithagome
651 4943 703 4996 ι,
737 4929 999 4984 vocabulo
1024 4928 1314 5001 llecgstat,
1360 4931 1640 5000 pertinens
1676 4933 1743 4987 ad
1768 4948 1883 4988 mo-

299 5024 597 5080 nasterium
632 5020 691 5077 S.
720 5020 934 5076 Nazarii
963 5019 1013 5085 δ,
1062 5020 1127 5077 de
1148 5035 1257 5090 quo
1278 5020 1453 5091 puella
1489 5023 1754 5091 quaedam,
1787 5039 1882 5078 an-

299 5130 495 5172 norum
521 5114 740 5172 circiter
765 5110 999 5168 sedecim
1016 5151 1033 5178 ,
1054 5129 1059 5135 ’
1081 5110 1150 5166 ab
1175 5111 1366 5167 eodem
1412 5114 1649 5169 erratico
1686 5114 1881 5184 spiritu

374 5301 402 5331 ι
436 5289 700 5346 Existimo
741 5287 1029 5358 legendum
1052 5328 1065 5349 ,
1096 5295 1206 5341 tum
1233 5287 1340 5351 hic,
1376 5295 1490 5358 tum
1518 5286 1657 5358 infra
1679 5328 1694 5349 ,
1727 5306 1874 5344 num.

300 5363 407 5431 53,,
434 5359 763 5431 Nithagauve
799 5357 938 5431 {est
969 5368 1151 5431 autem
1192 5366 1397 5431 tractus
1424 5357 1621 5431 illeusic
1642 5358 1819 5431 dictus
1848 5377 1879 5415 a

301 5430 465 5488 Nitha
503 5427 664 5486 ﬂuvio
691 5471 705 5495 ,
756 5428 919 5498 vulgo
960 5428 1071 5483 Nid
1097 5469 1111 5492 ,
1171 5428 1264 5499 qui
1301 5427 1471 5483 Mutuo
1510 5427 1749 5483 illabitur
1795 5430 1877 5484 in-

301 5503 384 5558 fra
424 5499 839 5569 Francofurtum
866 5538 880 5563 ,
919 5514 984 5554 eo
1024 5498 1143 5554 loco
1185 5498 1275 5554 ubi
1311 5514 1454 5553 nunc
1489 5506 1574 5553 est
1612 5500 1872 5569 iuppidum

303 5571 558 5634 chhst;
600 5568 742 5638 quod
773 5568 861 5621 hic
891 5569 1157 5624 nominari
1188 5569 1487 5633 llcccoslaf,
1538 5568 1703 5622 nolim
1736 5570 1873 5623 divi-

301 5639 482 5709 nando
516 5651 840 5709 suggerere;
878 5653 1001 5709 cum
1042 5639 1184 5709 inter
1221 5640 1543 5709 Moguntina:
1574 5639 1871 5695 dimcesees

301 5656 482 5699 naqu
516 5656 840 5709 suggerere;
882 5656 1001 5690 cum
1042 5656 1184 5693 inter
1221 5656 1543 5762 moguntina:
1574 5656 1869 5695 eumcesees

301 5714 417 5771 loca
451 5708 719 5763 inveniam
744 5708 1010 5776 nominari
1036 5708 1242 5763 Hetslat
1264 5750 1278 5772 ,
1328 5709 1447 5763 laud
1480 5724 1699 5776 prorsus
1727 5711 1869 5763 absi-

302 5782 417 5843 mili
439 5778 723 5847 V'oeabulo,
750 5774 845 5833 sed
868 5775 921 5830 in
946 5780 1327 5850 topographica
1365 5774 1543 5833 tabula
1566 5780 1861 5848 praeterito.

1987 4565 2080 4634 qui
2129 4564 2361 4620 fideliter
2404 4581 2468 4622 ac
2497 4567 2689 4622 devote
2735 4567 2975 4625 decimas
3006 4568 3153 4635 deut,
3200 4569 3439 4625 rariores
3481 4568 3571 4638 qui

1987 4656 2357 4726 eleemosyuas
2379 4653 2621 4722 faciant;
2651 4664 2708 4712 et
2731 4656 2835 4713 hoc
2861 4656 3005 4723 ideo,
3030 4657 3156 4727 quia
3183 4656 3445 4728 quidquid
3468 4657 3573 4721 Deo

1987 4744 2071 4799 vel
2099 4745 2426 4816 pauperibus
2476 4746 2609 4802 dare
2649 4745 2929 4815 iubentur,
2979 4747 3033 4803 id
3077 4745 3182 4802 sibi
3219 4747 3405 4817 perire
3434 4745 3573 4801 arbi-

1988 4844 2222 4892 trantur.
2274 4837 2493 4907 lniquas
2522 4853 2808 4893 mensuras
2832 4847 2888 4893 et
2911 4837 3114 4908 iniusta
3148 4838 3389 4907 pondera
3407 4879 3422 4904 ,
3451 4852 3575 4892 cou—

1988 4941 2072 4984 tra
2102 4929 2197 4985 Dei
2228 4939 2576 4999 praeceptum,
2611 4930 2810 4986 habere
2836 4946 2941 4986 non
2972 4940 3265 4996 verentur;
3296 4931 3487 4987 fraude
3516 4944 3574 4985 se

1988 5020 2306 5076 alterutrum
2351 5021 2819 5085 circumveniunt;
2876 5020 3011 5076 falsa
3058 5022 3369 5077 testimonia
3398 5022 3574 5077 dicere

1986 5129 2097 5169 non
2121 5113 2481 5178 erubescunt;
2512 5111 2631 5168 dies
2659 5112 2959 5170 dominicus
3002 5129 3067 5169 ac
3090 5113 3316 5173 feriatos
3340 5131 3448 5170 non
3478 5131 3572 5171 cu-

2060 5292 2085 5331 δ
2126 5289 2510 5346 Monasterium
2543 5288 2601 5343 S.
2644 5287 2858 5344 Nazarii
2886 5289 3026 5343 ultra
3056 5288 3277 5343 ﬂuvium
3300 5288 3571 5349 Rhenum,

1987 5360 2146 5431 vulgo
2174 5360 2486 5414 Laurisham
2508 5369 2602 5414 aut
2622 5358 2940 5431 Lorishaim,
2970 5360 3063 5431 ubi
3087 5374 3287 5431 corpus
3317 5358 3380 5431 ετ
3406 5357 3575 5412 Naza-

1986 5432 2051 5484 rii
2084 5428 2411 5501 depositum
2439 5443 2563 5501 esse
2600 5445 2630 5482 a
2671 5438 2862 5501 saneto
2900 5428 3271 5501 Godegrando
3297 5428 3573 5501 episeopo,

1981 5498 2217 5555 diximus
2235 5501 2300 5555 ad
2326 5498 2484 5568 huius
2507 5498 2703 5563 Vitam,
2728 5499 2760 5553 6
2786 5499 2961 5555 Martii
2988 5519 3000 5551 :
3022 5498 3164 5554 idem
3186 5498 3349 5553 latius
3369 5498 3572 5553 dictum

1978 5572 2046 5625 ad
2090 5571 2267 5625 Vitam
2299 5570 2357 5623 S.
2390 5569 2633 5632 Nazarii,
2693 5571 2760 5623 l2
2805 5568 2971 5625 Junii.
3007 5569 3240 5624 Consule
3294 5568 3575 5636 Marquar-

1976 5641 2103 5694 dum
2132 5642 2496 5764 6Frcherum,
2560 5648 2715 5711 parte
2771 5656 2786 5695 ι
2835 5640 2903 5696 de
2947 5639 3264 5711 Originibus
3306 5637 3572 5694 Palatinis

1976 5727 2092 5764 can.
2174 5751 2185 5764 .

1976 5727 2092 5781 cap.
2132 5727 2185 5764 υ.
