3976 6170
256 331 359 389 569

1081 339 1257 398 HlST.
1300 342 1688 401 TRANSLAT.
1728 345 1832 402 BB.
1877 348 2297 409 MARCELle
2332 351 2423 408 ET
2458 351 2687 408 PETRI.
3428 352 3533 409 570

262 447 524 512 studium,
560 446 659 503 sed
695 447 750 504 in
796 448 903 515 his,
950 466 1018 507 ac
1043 455 1090 511 si
1119 456 1173 511 in
1197 455 1443 522 ceteris,
1471 467 1633 526 prout
1657 458 1847 514 volun-
1871 465 1923 522 Α
1948 463 2230 520 commodo
2254 463 2561 520 liberatam.
2591 462 2724 531 Quae
2765 474 2856 517 res
2894 462 3000 519 hoc
3036 460 3197 517 modo
3229 465 3385 534 gesta
3410 476 3533 518 esse

261 545 343 593 tas
374 552 568 595 eorum
606 536 815 607 tulerit,
862 553 1177 611 operantur.
1226 546 1456 617 Propter
1501 546 1618 603 hanc
1643 556 1701 603 et
1742 548 1847 603 alia

259 628 453 694 multa,
496 644 618 698 quce
660 628 804 685 Deus
831 639 925 687 aut
963 636 1219 706 praecepit
1263 636 1573 692 hominibus
1598 645 1660 692 ut
1699 637 1849 694 face-

257 727 400 785 rent,
432 727 527 774 aut
551 718 831 789 prohibuit
850 737 919 779 ne
945 723 1205 791 facerent,
1236 727 1363 797 quia
1384 728 1612 798 populus
1636 730 1726 785 hie
1748 744 1847 800 per

255 812 660 866 contumaciam
696 815 966 871 mandatis
989 815 1106 885 ejus
1134 818 1449 876 inobediens
1474 819 1699 876 ell‘eetus
1736 829 1843 888 est,

250 907 541 978 permissi,
590 907 704 963 imo
735 906 875 976 jussi
919 925 1106 968 sumus
1145 927 1210 967 ea
1239 912 1421 969 facere
1448 914 1507 969 in
1539 913 1703 970 rebus
1744 915 1846 969 hu-

248 997 461 1063 manis,
508 1012 633 1067 qua:
678 999 927 1069 superius
960 1003 1313 1069 enumeravi,
1359 1010 1422 1058 ut
1446 1002 1689 1074 perﬁdiae
1732 1018 1845 1059 sum

246 1101 445 1158 poenas
489 1088 661 1143 luant.
716 1087 855 1144 Sunt
896 1091 1044 1146 enim
1086 1093 1279 1162 perﬁdi
1320 1102 1484 1164 atque
1531 1095 1841 1161 mendaces,

246 1195 375 1235 cum
402 1180 513 1235 hoc
542 1195 769 1236 servare
796 1196 906 1236 non
935 1192 1150 1253 curant,
1176 1185 1322 1254 quod
1349 1185 1406 1240 in
1432 1185 1702 1256 baptismo
1720 1201 1843 1256 pro-

242 1270 539 1325 miserunt.
585 1289 604 1323 ι
662 1269 793 1326 Haec
847 1273 1033 1327 omnia
1079 1274 1440 1344 damen‘per
1487 1290 1551 1331 os
1597 1275 1842 1331 barbara:

242 1357 443 1427 puellae
465 1357 639 1414 latine
665 1357 878 1415 locutus
897 1368 999 1415 est.

314 1470 409 1525 5L
445 1472 661 1528 Etcum
692 1474 975 1545 presbyter
1010 1476 1324 1547 imperando
1356 1492 1551 1549 urgere
1586 1480 1842 1550 cmpisset

241 1568 303 1615 ut
346 1562 549 1618 exiret.
588 1581 608 1615 ι
644 1564 846 1631 Exibo,
873 1566 1067 1636 inquit,
1099 1583 1207 1623 non
1244 1579 1467 1639 propter
1494 1577 1643 1626 tuum
1669 1572 1841 1642 impe-

237 1651 410 1717 rium,
441 1652 540 1708 sed
568 1663 790 1724 propter
814 1665 1123 1713 sanctorum
1150 1668 1474 1729 potestatem
1493 1703 1507 1727 ,
1538 1663 1630 1731 qui
1654 1678 1744 1718 me
1781 1664 1836 1719 in

236 1741 327 1796 illa
353 1744 562 1799 diutius
580 1759 801 1801 manere
826 1762 933 1803 non
952 1750 1290 1818 permittunt.
1324 1771 1342 1804 ι
1374 1753 1471 1808 His
1490 1753 1668 1820 dictis,
1685 1756 1836 1823 puel-

1949 556 2310 625 cognoscitur.
2341 557 2398 613 ln
2423 571 2562 627 pago
2597 556 2917 624 Nitbagowe
2942 554 3143 611 fundus
3182 560 3285 619 est,
3318 553 3532 613 Ursella

1946 655 2193 708 vocatus,
2222 646 2316 717 qui
2341 662 2372 701 a
2398 646 2624 702 basilica
2653 656 2957 719 martyrum
2986 661 3081 703 sex
3109 646 3226 701 fere
3250 645 3529 703 leucarum

1946 734 2231 790 intervallo
2274 736 2568 791 dirimitur.
2601 736 2660 791 In
2705 752 2815 807 quo
2858 736 3052 792 mulier
3077 734 3361 806 quedam,
3406 751 3532 793 eum

1945 839 2107 880 mane
2139 824 2283 881 facto
2322 825 2391 882 de
2419 839 2611 881 somno
2640 825 2902 896 evigilans
2937 827 2993 881 in
3019 826 3160 882 lecto
3188 841 3289 882 suo
3319 826 3527 885 reside-

1945 926 2123 983 ret,et
2136 918 2294 989 juxta
2316 918 2759 975 consuetudinem
2780 919 3290 990 expergiscentium,
3314 928 3534 990 proteri.

1946 1005 2101 1061 sione
2128 1007 2480 1062 brachiorum
2526 1014 2583 1061 et
2622 1006 2841 1067 assidua
2875 1005 3212 1071 oscitatione,
3248 1006 3317 1060 ad
3351 1005 3534 1063 discu-

1944 1094 2187 1151 tiendum
2225 1110 2550 1162 marcorem,
2582 1109 2648 1151 se
2673 1095 3025 1161 extenderet,
3073 1109 3137 1150 os
3178 1094 3339 1165 paulo
3376 1094 3534 1150 didu-

1943 1187 2108 1252 ctius,
2130 1202 2295 1257 quam
2316 1188 2564 1252 debebat,
2587 1187 2820 1256 aperuit,
2849 1185 3240 1256 disjunctisque
3255 1184 3411 1255 juxta
3433 1202 3531 1241 au-

1943 1289 2032 1330 res
2074 1277 2417 1332 maxillarum
2460 1279 2821 1348 coagmentis,
2862 1277 3022 1333 hians
3069 1277 3240 1335 rictus
3286 1277 3533 1333 constitit

1941 1367 2273 1434 immobilis;
2310 1384 2412 1425 nec
2440 1368 2555 1438 jam
2590 1384 2654 1426 os
2690 1370 2944 1429 claudere
2983 1372 3201 1438 valens,
3230 1386 3478 1442 persona:
3501 1371 3531 1412 ιι

1942 1472 2104 1526 quam
2134 1458 2342 1514 homini
2386 1459 2617 1516 similior
2652 1459 2874 1527 et'fecta',
2907 1463 3257 1532 gravissimas
3298 1463 3531 1520 incauta:

1939 1551 2278 1607 oscitationis
2301 1566 2494 1620 pennas
2521 1552 2724 1609 luebat.
2753 1553 2869 1611 Hoc
2889 1555 2981 1612 ubi
3009 1556 3341 1613 mulierculis
3362 1556 3419 1612 in
3437 1571 3530 1612 eo-

1940 1643 2062 1698 dem
2090 1643 2258 1699 fundo
2285 1644 2659 1702 habitantibus
2686 1647 2940 1712 innotuit,
2975 1656 3289 1713 accurrunt,
3321 1648 3531 1703 herbis-

1939 1749 2047 1802 que
2082 1743 2139 1790 et
2165 1733 2375 1790 frivolis
2408 1736 2869 1795 incantationibus
2893 1737 3034 1793 male
3060 1737 3280 1799 habenti
3302 1753 3529 1795 succur-

237 1834 347 1889 επ,
381 1836 440 1890 in
471 1836 839 1906 pavimentum
877 1808 1107 1913 mal-ec“
1131 1860 1145 1909 ς
1197 1856 1358 1915 atque
1401 1846 1477 1901 ibi
1522 1808 1833 1918 aliqu'armﬁ,
1862 1808 1910 1868 Β
1938 1842 2063 1882 rere
2088 1826 2403 1883 moliuntur.
2435 1826 2542 1884 Sed
2558 1844 2671 1884 non
2688 1828 2881 1885 habuit
2905 1828 3160 1887 eﬂ‘ectum
3184 1844 3325 1886 vana
3350 1844 3417 1887 ac
3436 1846 3530 1889 su-

236 1925 374 1989 lum.
406 1926 561 1981 velut
585 1928 963 1997 dormientem,
996 1948 1168 2003 prono
1196 1951 1424 2007 corpore
1459 1938 1644 2008 jacere
1681 1937 1831 1994 fecit.

239 2017 374 2073 Post
401 2019 683 2088 paululum
722 2037 852 2077 vero
877 2023 972 2079 illo
999 2025 1317 2093 recedente,
1346 2030 1499 2099 quasi
1540 2031 1607 2086 de
1643 2046 1836 2088 somno

234 2108 529 2177 evigilans,
570 2124 669 2179 per
708 2112 965 2167 virtutem
1005 2113 1207 2170 Christi
1232 2124 1287 2171 et
1323 2118 1519 2173 merita
1550 2118 1835 2176 beatorum

233 2207 573 2269 martyrum,
603 2201 803 2269 puella,
834 2204 1046 2258 cunctis
1088 2206 1180 2274 qui
1219 2207 1447 2261 aderant
1490 2212 1836 2268 cernentibus

233 2297 410 2358 atque
461 2291 818 2357 mirantibus,
853 2307 983 2347 sana
1011 2296 1266 2356 surrexit,
1307 2311 1406 2352 nec
1434 2307 1557 2368 post
1582 2310 1836 2356 exactum

232 2395 264 2433 a
296 2394 361 2436 se
386 2382 693 2436 daemonem
721 2382 889 2438 latine
918 2384 1065 2454 loqui
1096 2386 1311 2453 potuit;
1352 2396 1412 2442 ut
1435 2388 1614 2457 palam
1652 2401 1837 2461 posset

230 2470 498 2538 intelligi,
530 2485 637 2524 non
666 2471 814 2525 illam
838 2488 938 2543 per
961 2489 1038 2541 se,
1066 2476 1161 2530 sed
1187 2478 1481 2533 daemonem
1509 2494 1610 2549 per
1633 2496 1697 2537 os
1718 2483 1838 2553 ejus

234 2559 423 2614 fuisse
457 2560 718 2619 locutum.
746 2563 860 2619 Heu
887 2567 901 2621 ι
932 2569 1068 2637 prob
1098 2568 1293 2624 dolor!
1330 2571 1399 2624 ad
1422 2579 1655 2642 quantas
1683 2574 1840 2629 mise-

231 2649 358 2705 rias
404 2658 649 2721 tempora
698 2664 884 2710 nostra
931 2664 1057 2712 sunt
1087 2658 1353 2725 devoluta,
1394 2661 1447 2715 in
1492 2663 1688 2733 quibus
1726 2680 1834 2721 non

226 2742 369 2798 boni
398 2743 670 2812 homines,
696 2749 792 2804 sed
830 2751 957 2804 mali
994 2753 1267 2809 daemones
1304 2756 1553 2811 doctores
1579 2768 1738 2825 sunt;
1779 2771 1834 2818 et

228 2832 561 2921 incentores
584 2836 836 2893 vitiorum
864 2856 928 2896 ac
955 2857 1306 2911 persuasores
1330 2847 1620 2904 criminum
1646 2853 1712 2907 de
1738 2868 1833 2909 no-

231 2934 350 2980 stra
380 2941 486 2981 nos
518 2931 854 2987 correctione
878 2943 1243 2991 commonent.

302 3039 399 3093 52.
446 3040 649 3096 Eodem
678 3043 793 3102 fere
821 3053 1064 3119 tempore
1097 3052 1523 3111 sanctimonialis
1549 3058 1824 3129 quaedam,

228 3134 461 3189 nomine
486 3135 869 3206 Marethrudis,
896 3140 962 3196 de
983 3158 1121 3215 pago
1147 3142 1456 3203 Wetareiba
1482 3161 1530 3216 ε,
1562 3166 1683 3221 quae
1709 3151 1827 3207 dira

221 3223 505 3296 paralysis
542 3231 860 3300 {egritudine
889 3248 986 3303 per
1015 3237 1200 3292 decem
1235 3253 1406 3295 annos
1436 3249 1548 3297 tam
1575 3243 1826 3300 immani-

225 3325 307 3373 ter
344 3321 653 3389 tenebatur,
680 3332 739 3377 ut
769 3331 919 3380 tanto
948 3330 1203 3398 temporis
1231 3332 1406 3401 spatio
1432 3348 1571 3403 pene
1592 3334 1737 3392 nullo
1757 3337 1827 3394 ad

227 3408 507 3466 humanos
533 3427 661 3469 usus
685 3418 928 3485 corporis
960 3417 1136 3475 officio
1170 3418 1519 3493 fungeretur;
1560 3434 1616 3482 et
1641 3427 1755 3498 jam
1792 3443 1826 3481 a

226 3501 557 3567 parentibus
592 3503 704 3560 suis
748 3514 869 3560 erat
895 3508 1204 3579 desperata,
1245 3514 1501 3583 quoniam
1537 3517 1605 3571 ad
1641 3519 1823 3575 omnia

228 3597 555 3645 sanctorum
598 3592 748 3659 loca,
801 3596 869 3651 ad
903 3612 1022 3666 qua:
1065 3600 1166 3670 ipsi
1206 3609 1457 3670 poterant
1501 3608 1820 3676 pervenire,

228 3680 483 3735 eamdem
509 3683 862 3743 deduxerant.
892 3687 997 3745 Sed
1028 3691 1242 3749 tandem
1270 3695 1338 3750 ab
1368 3696 1570 3753 eisdem
1600 3707 1727 3756 tunc
1754 3701 1824 3757 ad

228 3771 519 3827 basilicam
547 3786 850 3848 martyrum
874 3780 1126 3849 adducta,
1151 3792 1208 3838 et
1228 3793 1467 3855 tempore
1487 3791 1825 3848 uocturnalis

225 3861 394 3917 cilicii
418 3863 572 3934 juxta
604 3870 876 3926 cancellos
904 3873 1103 3941 posita,
1133 3889 1232 3944 per
1262 3877 1457 3931 merita
1483 3874 1538 3934 et
1560 3880 1823 3938 interces-

227 3953 444 4009 sionem
469 3958 783 4015 eorumdem
823 3971 1158 4031 sanctorum,
1187 3966 1280 4021 diu
1325 3968 1629 4026 desiderata
1676 3973 1824 4031 sani-

227 4050 343 4099 tate
374 4045 493 4129 sine
520 4063 671 4104 mora
702 4051 897 4107 donata
924 4061 1030 4119 est,
1063 4055 1199 4111 adeo
1221 4057 1428 4129 integre
1455 4068 1617 4131 atque
1643 4062 1823 4132 perfe—

228 4144 313 4190 cte
346 4124 427 4201 ut,
455 4140 694 4194 omnium
726 4144 1092 4200 membrorum
1130 4146 1385 4203 ﬁrmitate
1411 4159 1624 4222 recepta
1644 4193 1659 4217 ,
1700 4169 1823 4224 qua:

228 4224 356 4280 illuc
380 4225 570 4283 lectica
615 4240 853 4299 venerat,
886 4235 1113 4304 pedibus
1156 4237 1225 4292 ad
1270 4239 1491 4310 propria
1529 4252 1814 4299 remearet.

230 4312 339 4370 Sed
363 4314 455 4370 ubi
479 4316 696 4373 domum
725 4320 902 4377 redire
930 4326 1113 4395 cmpit,
1144 4327 1200 4381 in
1238 4327 1355 4397 ipso
1384 4328 1578 4386 itinere
1602 4333 1814 4401 eadem,

227 4422 335 4476 qua
378 4406 666 4465 liberatam
696 4427 754 4468 se
800 4415 1102 4485 gaudebat,
1147 4419 1464 4478 inﬁrmitate
1502 4425 1813 4495 corripitur.

1935 1918 2247 1987 perstitiosa
2273 1920 2660 1991 praesumptio;
2698 1922 3038 1993 vexabatque
3058 1922 3239 1992 potius
3268 1923 3529 1980 laboran-

1936 2016 2047 2063 tem
2087 2014 2249 2078 atque
2287 2008 2516 2066 lmdebat
2543 2010 2807 2081 quidquid
2844 2011 3111 2082 imperita
3138 2028 3351 2080 manus,
3381 2014 3531 2069 velut

1936 2099 2116 2154 studio
2156 2099 2439 2166 medendi,
2481 2100 2658 2157 eidem
2686 2101 3070 2158 adhibuerunt.
3112 2102 3322 2161 Interea
3358 2102 3529 2161 frater

1936 2188 2118 2243 mariti
2144 2188 2385 2259 ejusdem
2415 2190 2659 2247 mulieris
2685 2193 3018 2262 supervenit,
3042 2193 3360 2265 salubrique
3390 2209 3525 2251 con-

1937 2280 2061 2334 silio
2091 2281 2304 2350 rogavit
2343 2288 2407 2335 ut
2448 2282 2518 2337 ad
2554 2282 2840 2338 basilicam
2868 2294 3169 2355 martyrum
3211 2286 3330 2342 sine
3374 2302 3525 2343 mora

1937 2369 2266 2436 duceretur;
2306 2371 2383 2426 ibi
2408 2370 2683 2429 afﬁrmans
2708 2388 2828 2430 esse
2852 2375 3146 2430 sanandam
3167 2416 3183 2442 ,
3210 2377 3257 2432 si
3286 2393 3524 2448 unquam

1938 2456 2079 2512 foret
2106 2467 2392 2527 receptura
2411 2462 2723 2518 sanitatem.
2758 2461 3063 2533 Statimque
3084 2464 3332 2535 jumento
3353 2463 3528 2538 impo-

1938 2546 2098 2601 sitam
2128 2547 2329 2604 ducere
2357 2548 2662 2619 incipiunt;
2700 2552 3198 2622 appropinquantes
3221 2564 3403 2611 autem
3431 2558 3526 2614 ba-

1936 2637 2125 2703 silicae,
2153 2638 2218 2694 de
2241 2639 2492 2710 jumento
2532 2639 2835 2711 depositam
2880 2643 3110 2712 pedibus
3147 2646 3399 2705 incedere
3441 2647 3528 2705 fu-

1937 2729 2105 2784 ciunt.
2128 2728 2372 2800 Cumque
2398 2745 2464 2786 eo
2485 2730 2588 2787 loci
2616 2740 2838 2787 ventum
2855 2742 3001 2790 esset
3023 2743 3083 2790 ut
3096 2735 3212 2806 jam
3240 2736 3526 2807 turricula,

1935 2834 2057 2890 quae
2073 2819 2226 2891 signa
2249 2820 2487 2878 basilicae
2507 2822 2841 2890 continebat,
2864 2825 2934 2881 ab
2957 2825 3037 2882 eis
3057 2826 3296 2897 conspici
3318 2827 3527 2897 potuis-

1935 2920 2051 2977 set,
2093 2913 2255 2983 eique
2287 2921 2349 2968 ut
2375 2913 2446 2969 ad
2493 2930 2621 2970 eam
2658 2916 2946 2972 videndam
2979 2918 3167 2975 oculos
3207 2920 3436 2986 levaret,
3467 2921 3527 2977 hi

1934 3003 2028 3075 qui
2077 3020 2197 3061 eam
2235 3006 2504 3062 ducebant
2549 3008 2900 3079 imperarent,
2946 3012 3190 3081 aspexit,
3245 3014 3415 3080 vidit,
3457 3030 3525 3070 ac

1935 3093 2054 3150 sine
2080 3094 2189 3150 ulla
2214 3096 2533 3167 interposita
2558 3114 2715 3155 mora
2741 3102 3032 3158 sanitatem
3061 3105 3284 3176 recepit.
3308 3106 3385 3163 lbi
3402 3122 3526 3163 om-

1856 3164 1900 3227 C
1932 3199 2029 3240 nes
2068 3186 2277 3256 pariter
2302 3187 2355 3242 in
2383 3196 2585 3243 terram
2614 3199 2892 3258 corruunt,
2923 3192 3163 3249 divinam
3203 3196 3518 3253 misericor-

1926 3276 2073 3332 diam
2094 3278 2293 3347 quibus
2319 3279 2500 3335 valent
2524 3280 2774 3339 laudibus
2805 3284 3093 3349 extollunt,
3124 3295 3565 3359 surgentesque-

1927 3369 1995 3424 ad
2031 3370 2315 3426 basilicam
2338 3382 2695 3444 properanter
2722 3385 2990 3447 pergunt;
3021 3387 3101 3441 et,
3125 3378 3367 3436 adoratis
3395 3395 3527 3435 san-

1925 3460 2183 3517 ctissimis
2212 3463 2563 3534 martyribus,
2604 3479 2671 3520 ac
2696 3466 2839 3522 votis
2868 3482 2967 3537 pro
3001 3468 3164 3523 modo
3199 3469 3521 3524 facultatum

1924 3550 2230 3619 persolutis,
2249 3553 2320 3607 ad
2353 3554 2572 3625 propria
2601 3571 2724 3611 cum
2750 3556 2921 3612 multa
2946 3558 3307 3613 exsultatione
3336 3574 3522 3615 rever-

1927 3649 2129 3698 tuntur.
2165 3644 2411 3702 Vidimus
2439 3662 2541 3702 nos
2568 3648 2816 3704 eamdem
2846 3647 3127 3715 feminam,
3174 3657 3226 3704 et
3264 3665 3388 3705 cum
3424 3650 3515 3705 illa

1922 3734 2088 3791 locuti
2118 3750 2338 3803 sumus;
2369 3745 2426 3793 et
2451 3753 2538 3803 ea,
2567 3755 2689 3809 quae
2720 3740 2868 3795 circa
2895 3740 3046 3796 illam
3075 3750 3229 3812 gesta
3262 3742 3517 3810 fuerunt,

1923 3824 2041 3894 ipsa
2071 3833 2331 3880 narrante
2351 3827 2660 3909 didicimus.

1993 3979 2082 4036 54.
2115 3979 2271 4036 Nunc
2291 3980 2422 4037 illud
2452 3980 2658 4038 referre
2681 3982 2824 4048 volo,
2854 3983 3000 4054 quod
3030 3985 3144 4055 ipse
3170 3986 3222 4042 in
3253 3986 3340 4043 die
3361 3997 3515 4045 nata-

1922 4075 2040 4130 litio
2065 4074 2346 4130 beatorum
2376 4082 2674 4146 martyrum
2703 4076 2997 4147 contigisse
3031 4077 3162 4133 vidi.
3210 4077 3353 4135 Puer
3388 4082 3511 4153 qui-

1921 4169 2045 4223 dam
2074 4167 2271 4223 surdus
2296 4174 2352 4222 et
2375 4174 2576 4233 mutus,
2600 4169 2693 4239 qui
2723 4176 2850 4224 ante
2878 4169 3172 4226 triennium
3201 4170 3327 4228 illuc
3348 4189 3510 4232 vene-

1920 4269 2027 4326 rat,
2057 4267 2113 4315 et
2137 4260 2194 4314 in
2217 4259 2376 4315 domo
2402 4259 2642 4315 cusmdis
2671 4260 2913 4317 ecclesia:
2933 4262 3190 4319 ostiarius
3214 4265 3284 4321 ab
3302 4280 3370 4321 eo
3394 4264 3508 4322 fue-

1918 4358 2005 4405 rat
2034 4348 2378 4414 constitutus,
2406 4347 2546 4404 festo
2579 4348 2670 4405 die
2688 4348 2802 4419 jam
2825 4352 2980 4408 ﬁnito
2996 4361 3058 4409 et
3078 4352 3257 4412 cilicio
3282 4372 3507 4426 vesper-

1922 4442 2038 4496 tino
2065 4448 2463 4506 consummato,
2491 4455 2613 4497 cum
2631 4440 2786 4510 juxta
2806 4443 3005 4498 ostium
3031 4445 3269 4512 sederet,
3285 4455 3509 4516 repente

2450 4496 2462 4506 .
2631 4496 2651 4510 .
3034 4496 3507 4516 μ-ν--ηιτ-,ν--ν

227 4496 415 4602 Itaque
459 4502 785 4559 reversionis
821 4522 933 4560 sua:
978 4509 1352 4578 penitentiam
1385 4528 1580 4584 agens,
1620 4515 1817 4572 iterum
1842 4508 1896 4567 D
1921 4547 2256 4602 consurgens
2291 4530 2569 4588 basilicam
2609 4532 2867 4598 intravit,
2896 4540 2953 4587 et
2994 4548 3025 4586 a
3067 4534 3275 4590 dextris
3321 4535 3509 4593 altaris

222 4600 284 4641 se
307 4588 377 4642 ad
404 4597 704 4661 martyrum
733 4594 895 4649 limen
918 4597 1102 4653 reduci
1129 4600 1358 4670 rogavit.
1390 4601 1620 4674 Moxque
1643 4614 1703 4659 ut
1731 4621 1817 4661 re-

228 4677 389 4732 ducta
413 4687 521 4744 est,
543 4697 706 4751 quam
733 4684 1063 4744 discedendo
1091 4689 1348 4745 amiserat
1369 4692 1676 4761 sanitatem,
1699 4696 1816 4751 sine

228 4766 334 4821 ulla
360 4768 623 4828 dilatione
646 4776 870 4847 recepit.
890 4778 1026 4833 Veto
1048 4779 1215 4848 igitur
1235 4780 1400 4846 facto,
1424 4791 1484 4836 ut
1505 4797 1601 4837 sua
1625 4793 1814 4854 sponte

228 4858 293 4910 de
324 4869 635 4916 sanctorum
678 4866 937 4937 obsequio
965 4868 1079 4938 jam
1124 4871 1355 4942 amplius
1402 4873 1678 4929 discedere
1703 4891 1813 4930 non

229 4947 474 5017 deberet,
503 4968 723 5023 parvam
748 4959 850 5013 sibi
871 4958 1120 5016 cellulam
1145 4962 1288 5017 haud
1323 4963 1512 5033 procul
1539 4964 1609 5019 ab
1639 4964 1812 5020 eccle-

228 5036 308 5090 sia
340 5039 408 5093 ad
437 5043 762 5099 manendum
797 5050 1117 5115 construxit,
1151 5066 1216 5105 ac
1241 5051 1529 5122 deinceps,
1562 5052 1810 5125 religiose

230 5139 550 5215 conversata
573 5132 626 5188 in
642 5136 903 5208 obsequio
922 5140 1204 5197 beatorum
1225 5153 1543 5215 martyrum,
1560 5160 1682 5200 cum
1697 5162 1809 5202 ma-

231 5204 344 5285 gna
360 5219 648 5280 devotione
673 5230 993 5296 permansit.

294 5331 387 5389 53.
418 5335 596 5392 Aliam
642 5355 857 5412 quoque
902 5342 1157 5400 feminam
1202 5355 1450 5413 constat,
1488 5364 1595 5405 non
1637 5350 1809 5407 multo

230 5433 369 5496 post,
391 5442 495 5497 per
524 5431 742 5486 eosdem
779 5433 1123 5490 beatissimos
1160 5445 1457 5509 martyres,
1496 5455 1693 5511 magno
1720 5441 1806 5494 in—

295 5640 321 5670 ι
363 5626 482 5686 Hoc
529 5646 769 5707 quoque
807 5650 1001 5707 nomen
1077 5643 1135 5689 ut
1187 5643 1333 5707 recte
1393 5637 1653 5707 scriptum
1705 5638 1803 5703 sit,

232 5712 455 5790 yercolr;
478 5702 604 5783 quia
626 5705 888 5786 suspicor,
910 5702 1646 5790 Wetteraviamlcgi'dcbere,
1661 5702 1807 5790 Wet-

233 5774 346 5825 tcra
386 5770 553 5829 fluvio
585 5770 845 5846 irriguam
892 5777 1191 5846 regionem,
1225 5770 1381 5833 inter"
1400 5770 1803 5849 Licham’oppi-

1919 4637 2124 4693 pronus
2144 4623 2369 4678 corruit.
2408 4621 2652 4693 Cumque
2675 4636 2800 4677 eum
2828 4621 3092 4688 aedituus,
3129 4624 3221 4695 qui
3251 4626 3506 4682 candela-

1918 4714 2074 4771 brum
2106 4729 2228 4769 cum
2252 4729 2411 4770 cereo
2436 4721 2563 4769 ante
2607 4711 2779 4768 altare
2819 4714 3076 4784 ponebat,
3121 4715 3197 4771 ibi
3235 4715 3506 4786 jacentem

1918 4805 2228 4868 invenisset,
2265 4806 2521 4861 continuo
2562 4804 2695 4860 mihi
2722 4805 2827 4861 hoc
2858 4804 3101 4860 indicare
3135 4807 3365 4862 curavit.
3396 4807 3505 4866 Nos

1922 4904 2124 4963 autem,
2155 4898 2248 4966 qui
2277 4906 2405 4953 tunc
2430 4912 2536 4951 una
2571 4912 2808 4963 eramus,
2833 4898 3120 4954 ecclesiam
3140 4899 3392 4957 celeriter
3419 4901 3502 4957 in-

1916 4986 2110 5057 gressi,
2138 4988 2408 5054 eumdem,
2435 4988 2575 5042 sicut
2599 4988 2668 5044 ab
2692 4989 2889 5045 mdituo
2910 4999 3157 5061 repertus
3186 5000 3290 5059 est,
3310 4990 3500 5061 jacen-

1913 5079 2024 5128 tem
2070 5074 2395 5131 invenimus.
2430 5074 2601 5142 Quem
2649 5092 2773 5135 cum
2800 5077 2967 5133 levari
2990 5078 3326 5148 juberemus,
3355 5081 3504 5138 velut

1912 5165 2237 5235 gravissimo
2283 5180 2475 5237 sopore
2509 5166 2827 5237 depressus,
2870 5169 3096 5224 excitari
3140 5186 3250 5226 non
3292 5174 3490 5241 potuit.

1914 5255 2154 5310 Tandem
2184 5256 2349 5327 igitur
2384 5256 2539 5326 quasi
2568 5256 2828 5327 evigilans
2852 5257 3027 5313 erexit
3054 5274 3132 5322 se,
3162 5276 3500 5333 cernensque

1911 5367 2012 5407 nos
2036 5351 2448 5407 circumstantes
2472 5351 2729 5416 surrexit,
2758 5362 2920 5420 atque
2959 5350 3027 5405 ad
3075 5368 3171 5411 eos
3198 5355 3289 5424 qui
3325 5372 3497 5429 prope

1913 5443 2017 5498 sibi
2046 5443 2391 5504 assistebant,
2429 5440 2598 5495 latine
2626 5440 2838 5496 locutus
2862 5448 2964 5496 est.
2997 5441 3135 5498 Sunt
3167 5444 3385 5514 quidam
3422 5462 3492 5504 ex

1913 5640 2039 5713 dum
2048 5680 2075 5713 ,_
2076 5637 2164 5692 ubi
2184 5637 2268 5692 his
2282 5636 2475 5701 oritur,
2498 5643 2553 5713 et
2565 5636 2900 5713 Assenbcim,
2916 5638 3010 5713 ubi
3024 5656 3082 5694 se
3103 5640 3275 5713 Nithae
3284 5640 3483 5713 jungit.

1982 5708 2009 5746 ⁸)
2051 5710 2315 5779 Persona,
2337 5706 2550 5779 proprie
2591 5722 2655 5761 ac
2681 5706 2865 5777 latine,
2897 5710 3096 5767 dicitur
3123 5706 3305 5779 larva;
3359 5706 3493 5771 hinc

1912 5787 2236 5851 personatus,
2267 5778 2320 5834 id
2347 5784 2429 5832 est
2461 5777 2720 5833 larvatus.
