3976 6170
422 392 530 451 571

1706 383 2086 445 EGINHARDI
2123 382 2415 441 ABBATIS
3589 383 3686 441 57!

420 509 624 566 nostris
649 506 740 578 qui
781 504 966 562 dicunt
1010 503 1259 560 eurndem
1299 515 1530 573 puerum
1574 501 1691 557 fere
1723 508 1851 557 ante
1895 515 1995 555 sex
2023 501 2070 561 Α
2097 512 2260 567 quam
2284 511 2468 552 moras
2496 496 2700 563 facere,
2735 498 3055 553 decernunt.
3085 495 3255 570 igitur
3287 494 3566 568 paululum
3599 511 3678 568 per

419 615 653 662 menses,
683 611 806 653 cum
830 597 884 650 in
913 593 1190 664 cujusdam
1209 593 1445 649 hominis
1464 591 1636 648 nostri
1656 592 1817 647 domo
1836 597 2000 645 noctu

421 690 747 753 dormisset,
772 688 896 741 'duo
939 684 1185 755 quaedam
1226 684 1391 739 verba
1432 697 1531 752 per
1556 694 1806 749 soporem
1836 677 2003 733 fuisse

421 781 663 835 locutum
693 786 748 833 et
788 777 1052 841 auditum,
1078 790 1186 845 quo
1213 781 1440 829 eatenus
1471 772 1658 826 itidem
1692 778 1753 825 ut
1789 767 2001 839 loquela

420 870 663 934 carebat,
694 868 748 922 in
775 867 871 922 illa
896 867 1029 921 hora
1054 864 1345 932 recepisse.
1369 860 1524 929 Quod
1550 860 1625 914 ita
1652 858 1854 914 factum
1876 857 2004 912 inde

420 961 844 1032 conjiciebatur,
873 958 1022 1028 quia,
1052 962 1337 1026 postquam
1368 953 1433 1007 de
1468 952 1559 1006 illo
1596 965 1786 1005 somno
1810 962 2003 1018 exper-

423 1060 605 1108 rectus
633 1058 737 1115 est,
763 1056 953 1105 cuncta
985 1060 1106 1116 qua:
1142 1045 1193 1100 ei
1233 1060 1265 1099 a
1307 1042 1547 1113 quolibet
1573 1040 2000 1111 imperabantur,

423 1160 487 1198 ac
514 1143 559 1199 si
590 1140 939 1211 intelligeret,
969 1136 1149 1192 facere
1173 1132 1404 1190 curavit.
1437 1130 1544 1186 Sed
1570 1130 1675 1185 hoc
1703 1128 1918 1184 videtur
1945 1126 2000 1180 in

423 1234 525 1287 bac
553 1231 753 1285 virtute
780 1226 1133 1299 prmeipuum,
1164 1223 1309 1294 quod
1339 1222 1502 1287 idem,
1543 1236 1651 1275 non
1678 1219 1875 1280 latine,
1907 1217 2001 1271 sed

424 1321 706 1376 barbarice
746 1319 849 1374 sibi
890 1316 1201 1387 loquentem
1229 1311 1599 1383 intelligebat;
1636 1316 1858 1364 curatus
1901 1321 1999 1360 au-

427 1390 535 1465 tem
545 1451 559 1477 ,
584 1425 692 1465 non
706 1408 962 1472 barbam,
980 1405 1076 1461 sed
1100 1404 1270 1458 latino
1284 1415 1535 1457 sermone
1550 1399 1884 1468 loquebatur.
1900 1395 2002 1462 Qui

423 1503 589 1557 etiam
622 1503 811 1558 beatos
838 1506 1107 1568 martyres
1135 1510 1194 1551 se
1217 1494 1434 1556 vidisse,
1460 1499 1518 1548 et
1542 1490 1711 1545 multa
1738 1504 1859 1559 qua:
1880 1488 2003 1543 aliis

424 1593 607 1649 dicere
631 1592 872 1655 deberet,
896 1589 964 1644 ab
994 1587 1101 1642 illis
1128 1600 1190 1641 se
1208 1584 1425 1639 audisse
1451 1581 1715 1637 narravit.
1748 1580 1857 1634 Sed
1878 1595 1999 1634 cum

425 1698 508 1746 ea,
536 1683 685 1736 velut
712 1681 767 1735 in
796 1679 1094 1736 crastinum
1121 1677 1396 1740 dicturus,
1430 1672 1487 1728 in
1512 1670 1764 1743 praesenti
1794 1669 2002 1725 referre

424 1773 744 1838 distulisset,
769 1772 824 1826 in
850 1778 1062 1826 tantum
1082 1769 1159 1824 illi
1183 1783 1282 1839 per
1301 1765 1626 1822 oblivionem
1651 1762 1827 1819 deleta
1850 1768 1997 1828 sunt,

2103 587 2357 643 tenebras
2382 588 2740 659 procedentes
2760 629 2774 651 ,
2804 590 2873 644 ad
2892 603 3130 654 crucem,
3182 604 3303 659 quae
3343 589 3398 644 in
3442 590 3551 657 via,
3599 605 3691 661 per

2102 692 2268 746 quam
2312 679 2443 734 ituri
2491 688 2670 744 erant,
2722 680 2793 735 ob
2836 680 3158 735 memoriam
3202 678 3350 735 beati
3398 680 3691 739 Marcellini

2102 776 2223 823 erat
2242 770 2439 838 posita,
2474 771 2816 840 perveniunt.
2857 769 3033 826 Causa
3067 778 3249 826 autem
3286 769 3536 838 ejusdem
3574 787 3694 830 cru-

2103 858 2184 913 cis
2201 857 2281 913 ibi
2303 860 2565 928 ponendae
2594 868 2735 926 erat,
2760 861 2903 930 quod
2927 861 2983 915 in
3005 875 3073 916 eo
3096 861 3217 916 loco
3251 861 3592 919 habitatores
3615 865 3695 919 vi—

2101 948 2172 1012 ci,
2204 948 2257 1002 iu
2284 963 2393 1017 quo
2419 949 2609 1003 eadem
2631 958 2790 1004 nocte
2828 948 3151 1014 mansimus,
3191 951 3324 1005 mihi
3363 960 3498 1007 ante
3538 953 3692 1009 bien-

2102 1041 2251 1095 nium
2277 1041 2344 1094 de
2364 1040 2565 1109 palatio
2590 1041 2906 1107 revertenti,
2938 1048 2996 1096 et
3027 1040 3287 1112 reliquias
3313 1043 3461 1098 beati
3495 1052 3698 1116 marty-

2103 1130 2179 1185 ris
2210 1129 2526 1198 Marcellini,
2556 1144 2677 1202 qua
2704 1139 2838 1187 tunc
2855 1130 2988 1185 mihi
3018 1130 3244 1186 redditae
3272 1130 3516 1198 fuerunt,
3552 1132 3697 1188 defe-

2103 1219 2265 1287 renti,
2294 1230 2681 1286 occurrerunt;
2713 1235 2942 1291 eamque
2969 1222 3038 1277 ob
3066 1222 3500 1277 recordationem
3533 1222 3692 1292 hujus

2102 1310 2255 1374 facti,
2285 1310 2357 1364 ad
2385 1310 2790 1364 venerationem
2824 1310 2968 1364 beati
2999 1311 3275 1381 martyris,
3306 1312 3465 1381 quasi
3500 1328 3602 1382 pro
3630 1314 3693 1367 ti-

2102 1401 2215 1457 tulo
2259 1400 2344 1456 vel
2386 1402 2717 1456 monimento
2758 1416 2961 1472 ponere
2997 1410 3344 1456 curaverunt.
3404 1402 3526 1469 Quo
3569 1419 3690 1460 cum

2100 1492 2339 1563 praedicti
2382 1493 2559 1562 pueri,
2603 1492 2838 1549 errando
2884 1493 3065 1563 potius
3103 1508 3266 1563 quam
3310 1494 3414 1551 iter
3458 1497 3686 1567 agendo,

2100 1581 2495 1650 pervenissent,
2533 1582 2771 1637 inierunt
2804 1583 3088 1639 consilium
3128 1591 3190 1638 ut
3236 1584 3312 1640 ibi
3350 1586 3533 1642 socios
3566 1601 3691 1642 suos

2101 1671 2195 1741 qui
2221 1672 2587 1742 sequebantur
2608 1673 2845 1742 opperiri
2865 1673 3152 1740 deberent;
3177 1688 3400 1743 eosque,
3427 1690 3496 1729 ne
3536 1676 3692 1731 aber-

2105 1770 2310 1828 rarent,
2339 1763 2521 1818 sonitu
2550 1764 2789 1818 buccinae
2815 1763 2885 1817 ad
2913 1778 2972 1819 se
2999 1773 3422 1835 congregarent;
3453 1780 3519 1820 ac
3546 1765 3693 1821 dein-

425 1874 487 1919 ut
530 1864 665 1919 nihil
708 1863 777 1918 de
810 1864 896 1918 his
919 1862 1139 1916 omnino
1179 1874 1240 1916 se
1275 1858 1493 1914 audisse
1519 1854 1801 1911 recoleret.
1848 1853 2005 1907 Hunc
2033 1842 2080 1901 Β
2106 1855 2192 1920 de,
2224 1869 2346 1911 cum
2375 1855 2536 1910 simul
2559 1862 2766 1921 essent,
2795 1855 2983 1910 beatos
3004 1865 3272 1926 martyres
3301 1858 3370 1911 ad
3397 1872 3559 1926 opem
3591 1859 3693 1915 sibi

424 1971 544 2027 ego,
564 1956 690 2027 quia
712 1968 909 2010 nomen
930 1968 1086 2009 suum
1113 1950 1415 2023 ignorabat,
1442 1957 1664 2019 propter
1681 1959 2002 2016 prosperum

425 2047 643 2103 virtutis
667 2045 940 2111 eﬂ'ectum,
968 2044 1296 2114 Prosperum
1317 2040 1500 2097 vocari
1517 2039 1677 2109 jussi.
1704 2037 1805 2104 Qui
1825 2037 2004 2091 adhuc

426 2145 695 2206 superest,
729 2143 786 2191 et
808 2135 949 2205 apud
977 2133 1255 2189 custodem
1281 2130 1543 2196 ecclesiae,
1574 2129 1629 2185 in
1656 2128 1867 2193 eodem,
1896 2140 2004 2195 quo

425 2228 579 2298 prius
605 2227 801 2293 fuerat,
834 2234 1114 2298 permanet
1136 2224 1332 2281 oﬂicio.

497 2315 585 2371 55.
626 2314 806 2371 Pridie
832 2330 962 2370 vero
995 2329 1158 2385 quam
1186 2313 1276 2368 hic
1301 2311 1533 2382 Prosper
1559 2309 1827 2379 loquelam
1856 2321 2006 2364 rece-

425 2408 616 2478 pisset,
644 2408 749 2461 hoc
774 2414 859 2463 est
896 2408 949 2461 in
986 2406 1167 2478 vigilia
1198 2405 1442 2476 ejusdem
1483 2404 1815 2467 festivitatis,
1859 2402 2008 2457 venit

425 2486 643 2570 quidam
661 2499 893 2569 juvenis,
925 2500 1173 2555 similiter
1199 2499 1394 2555 surdus
1424 2506 1481 2554 et
1504 2503 1707 2561 mutus,
1740 2496 1796 2549 in
1823 2493 2005 2550 basili-

422 2603 578 2654 cam;
606 2596 683 2655 et,
711 2602 836 2644 cum
859 2588 1086 2659 supplici
1115 2595 1267 2659 gestu
1292 2602 1448 2657 opem
1478 2585 1801 2641 Sanctorum
1823 2582 2010 2653 implo-

427 2689 595 2746 raret,
619 2679 906 2749 adjuvante
931 2681 1179 2745 Domino,
1202 2687 1260 2734 et
1286 2680 1403 2749 ipse
1426 2679 1726 2749 plenariam
1755 2677 1821 2731 de
1858 2682 2007 2729 utro-

425 2785 532 2840 que
554 2770 742 2826 morbo
767 2771 967 2824 meruit
989 2768 1232 2839 recipere
1260 2768 1569 2823 sanitatem.
1610 2767 1767 2822 Hunc
1793 2763 2005 2828 itidem,

425 2871 487 2919 ut
526 2864 793 2934 priorem,
835 2863 961 2932 quia
1000 2876 1198 2916 nomen
1235 2875 1393 2916 suum
1425 2873 1701 2928 nunquam
1739 2855 2005 2920 audierat,

426 2954 810 3010 Godescalcum
848 2952 1129 3024 appellavi.
1176 2951 1228 3007 ls
1262 2959 1469 3016 tamen,
1511 2966 1620 3006 non
1657 2956 1718 3003 ut
1754 2946 2006 3017 Prosper,

428 3046 544 3113 sed,
565 3054 627 3101 ut
652 3046 752 3102 sibi
778 3046 1102 3118 gentilitium
1119 3050 1260 3110 erat,
1287 3044 1518 3099 barbaro
1538 3055 1790 3098 sermone
1820 3039 2010 3110 loque-

429 3136 605 3203 batur,
637 3146 920 3208 postquam
947 3136 999 3191 ei
1026 3150 1126 3205 per
1145 3136 1336 3190 merita
1358 3144 1675 3192 sanctorum
1703 3131 1859 3204 copia
1888 3130 2007 3186 fan-

430 3227 484 3280 di
507 3241 767 3281 concessa
794 3234 898 3281 est.

406 3340 435 3357 ν
500 3317 589 3371 56.
630 3316 763 3371 Cum
795 3332 883 3372 me
911 3318 1156 3387 quedam
1186 3319 1506 3383 necessitas,
1545 3316 1841 3373 secundum
1875 3328 2007 3369 con-

430 3406 787 3471 suetudinem,
801 3408 1115 3462 comitatum
1129 3409 1270 3479 regis
1291 3409 1440 3462 adire
1461 3407 1806 3477 compelleret
1821 3417 2008 3460 mense

431 3497 760 3563 decembrio,
790 3498 844 3553 in
876 3498 1030 3568 ipsis,
1057 3500 1101 3554 si
1124 3500 1259 3554 bene
1287 3498 1486 3564 recolo,
1517 3497 1784 3563 kalendis,
1805 3495 2008 3551 deloco

431 3595 726 3659 martyrum
747 3576 1090 3657 promOvens,
1114 3587 1359 3658 sequenti
1383 3587 1471 3642 die
1493 3586 1560 3641 ad
1581 3593 1841 3651 castrum,
1864 3585 2007 3656 quod

431 3685 690 3739 modemo
725 3690 967 3753 tempore
1004 3681 1282 3739 Wisibada
1313 3694 1340 3722 ι
1372 3688 1618 3747 vocatur,
1658 3680 1735 3736 ibi
1771 3680 2008 3735 mansio-

430 3787 555 3827 nem
582 3771 882 3838 habiturus,
905 3771 1118 3826 adveni.
1153 3771 1230 3826 lbi
1260 3786 1406 3837 cum,
1437 3776 1658 3841 propter
1677 3770 1894 3835 saltum,
1915 3770 2007 3839 qui

429 3863 602 3919 eidem
637 3861 754 3918 loco
773 3862 1058 3933 contiguus
1090 3869 1192 3929 est,
1230 3860 1566 3917 commodius
1592 3859 2003 3925 transeundum,

430 3954 590 4010 solito
616 3955 879 4010 maturius
907 3970 1269 4026 surgeremus,
1298 3952 1528 4024 profecti
1555 3961 1680 4008 sunt
1709 3951 1883 4022 pueri,
1913 3950 2007 4021 qui

430 4060 531 4101 nos
571 4058 694 4102 cum
740 4045 1140 4116 impedimentis
1184 4044 1489 4115 praecedere
1533 4043 1851 4098 debuerunt.
1898 4039 2008 4096 Sed

432 4141 739 4204 postquam,
774 4134 840 4188 de
867 4136 988 4187 vico
1022 4134 1077 4187 in
1106 4148 1213 4202 quo
1257 4133 1557 4188 mansimus
1595 4131 1822 4203 egressi,
1860 4130 2003 4187 viam

433 4236 655 4292 carpere
686 4230 984 4293 coeperunt,
1016 4229 1164 4276 tanta
1202 4229 1298 4278 eos
1327 4231 1480 4278 tetra)
1506 4222 1682 4278 noctis
1710 4221 1883 4291 caligo
1907 4221 2009 4276 cir-

431 4310 725 4377 cumdedit,
751 4319 810 4365 ut
837 4327 944 4381 quo
973 4326 1032 4366 se
1062 4318 1275 4366 vertere
1302 4313 1584 4377 deberent,
1615 4313 1837 4368 omnino
1865 4313 2007 4368 scire

2103 1945 2381 2001 ferendam
2418 1947 2756 2014 invocarent,
2795 1947 3130 2019 sublatisque
3166 1948 3222 2003 in
3265 1949 3431 2004 altum
3474 1952 3698 2009 vocibus

2104 2037 2267 2110 Kyrie
2289 2039 2494 2096 eleison
2516 2049 2599 2096 ter
2619 2041 2986 2097 decantarent.

2174 2129 2263 2183 57.
2305 2129 2425 2199 Quo
2459 2130 2627 2198 facto,
2669 2140 2853 2188 tantus
2894 2149 3058 2204 super
3092 2149 3186 2191 eos
3221 2134 3446 2190 totidem
3485 2134 3696 2191 vicibus

2103 2222 2329 2285 etelitns,
2344 2225 2528 2280 emissi
2554 2224 2775 2280 luminis
2800 2224 2979 2297 fulgor
3005 2227 3249 2292 emicuit,
3272 2235 3332 2281 ut
3355 2226 3567 2282 diurnae
3584 2229 3698 2283 cla-

2104 2316 2281 2373 ritatis
2329 2316 2619 2373 candorem
2672 2317 2999 2387 adaequaret.
3057 2317 3188 2385 Quae
3226 2319 3537 2397 coruscatio
3582 2328 3697 2374 tan-

2104 2415 2218 2461 tum
2248 2408 2328 2462 eis
2352 2408 2621 2463 commodi
2647 2409 2716 2462 ad
2751 2408 2856 2464 iter
2881 2424 3039 2464 suum
3075 2410 3342 2480 agendum
3370 2410 3576 2475 attulit,
3611 2419 3693 2475 ut,

2104 2505 2421 2567 consumpta
2452 2497 2647 2553 nebula
2678 2499 3021 2568 tenebrisque
3050 2499 3329 2565 discussis,
3360 2500 3449 2554 via
3472 2516 3697 2571 quoque

2104 2601 2212 2655 qua
2235 2586 2314 2641 ire
2336 2587 2605 2643 debebant
2640 2587 2784 2643 clare
2814 2596 3121 2659 conspecta,
3151 2588 3257 2644 iter
3292 2604 3473 2655 suum,
3500 2606 3699 2659 quam-

2105 2676 2188 2730 vis
2222 2690 2320 2747 per
2349 2676 2513 2732 silvas
2549 2685 2608 2733 et
2638 2692 2836 2747 opacos
2866 2680 3181 2735 nemoribus
3214 2688 3450 2747 montes,
3488 2682 3699 2751 absque

2105 2768 2306 2822 erroris
2328 2768 2733 2839 impedimento,
2753 2785 2924 2840 usque
2951 2772 3020 2827 ad
3039 2780 3219 2827 ortum
3240 2788 3451 2830 aurora:
3471 2790 3698 2847 perage-

2108 2868 2246 2914 rent.
2300 2860 2358 2915 ln
2399 2862 2573 2932 prima
2610 2862 2876 2933 siquidem
2911 2864 3289 2921 coruscatione
3328 2873 3513 2921 tantus
3545 2865 3700 2922 calor

2107 2969 2213 3008 una
2243 2969 2365 3009 cum
2397 2955 2486 3009 illo
2512 2955 2716 3010 lumine
2742 2956 2910 3022 venit,
2942 2965 3001 3011 ut
3032 2972 3159 3012 eum
3192 2972 3252 3013 se
3280 2957 3425 3012 velut
3449 2972 3698 3013 accensae

2108 3042 2347 3100 fornacis
2386 3059 2640 3116 vaporem
2687 3046 2889 3101 sentire
2928 3045 3246 3101 faterentur.
3304 3045 3471 3115 Cujus
3515 3049 3697 3104 afllatu

2109 3151 2217 3190 non
2240 3135 2415 3191 solum
2454 3135 2668 3201 nebula,
2711 3153 2900 3192 verum
2940 3137 3102 3192 etiam
3146 3137 3260 3204 illa,
3307 3153 3429 3208 quae
3477 3147 3591 3194 tum
3643 3150 3698 3196 et

2032 3203 2077 3265 (ἶ
2110 3236 2319 3281 montes
2345 3210 2620 3297 totam'que
2669 3228 2860 3283 silvam
2896 3237 3205 3299 operuerat,
3230 3203 3425 3301 pruina
3459 3231 3533 3286 ita
3561 3248 3695 3288 con—

2109 3324 2322 3387 sumpta
2365 3325 2450 3373 est
2474 3325 2532 3371 ut
2551 3359 2565 3382 ,
2597 3318 2755 3373 tertia
2784 3319 3161 3374 coruscatione
3190 3327 3406 3390 peracta
3428 3361 3443 3385 ,
3486 3321 3693 3376 nullum

2107 3405 2251 3461 illius
2271 3405 2471 3478 algoris
2494 3405 2782 3480 vestigium
2802 3410 3014 3480 penitus
3040 3419 3344 3482 appareret.
3386 3411 3513 3468 ﬂare
3538 3415 3695 3469 nobis

2107 3494 2176 3548 ad
2204 3493 2485 3565 vesperam
2518 3496 2761 3567 ejusdem
2789 3497 2916 3563 dici,
2944 3507 3228 3570 postquam
3256 3501 3323 3556 ad
3352 3502 3695 3558 mansionem

2106 3582 2375 3651 venimus,
2406 3586 2462 3639 hi
2492 3586 2585 3656 qui
2614 3586 2867 3642 viderunt
2893 3595 3055 3657 atque
3087 3590 3294 3661 experti
3324 3600 3474 3659 sunt,
3507 3609 3696 3648 narra-

2105 3681 2320 3727 verunt.
2359 3673 2596 3741 Quorum
2622 3676 2803 3731 verbis
2834 3675 2993 3732 fidem
3023 3678 3355 3745 adhibentes,
3390 3682 3486 3738 Dei
3517 3684 3693 3738 omni-

2106 3764 2340 3836 potentis
2368 3764 2800 3822 misericordiam
2830 3783 2951 3823 cum
2985 3770 3282 3838 gratiarum
3325 3772 3541 3828 actione
3578 3774 3690 3828 lau-

2108 3856 2377 3921 davimus,
2404 3870 2469 3914 eo
2498 3856 2642 3927 quod
2684 3872 2784 3913 nos
2829 3873 2927 3927 per
2973 3859 3164 3913 merita
3205 3868 3517 3916 sanctorum
3565 3878 3691 3917 suo-

2108 3961 2229 4000 rum
2268 3946 2323 4000 in
2360 3948 2613 4003 omnibus
2642 3948 3060 4005 necessitatibus
3099 3951 3300 4006 nostris
3340 3951 3596 4022 adjuvare
3639 3963 3695 4010 et

2106 4035 2374 4092 consolari
2406 4037 2658 4107 dignatus
2686 4046 2789 4093 est.

2176 4126 2265 4182 58.
2303 4127 2625 4198 Quanquam
2661 4128 2843 4184 omnia
2868 4145 3062 4202 magna
3090 4132 3221 4199 sint,
3256 4142 3311 4189 et
3346 4135 3413 4189 ad
3453 4134 3688 4190 divinam

2106 4220 2333 4276 debeant
2373 4220 2561 4276 referri
2606 4220 2920 4292 potentiam,
2966 4241 3084 4295 quae
3124 4234 3345 4297 propter
3382 4228 3689 4282 mortalium

2105 4310 2331 4366 salutem
2354 4327 2418 4367 ex
2452 4312 2664 4367 meritis
2691 4312 2974 4369 beatorum
2998 4325 3296 4387 martyrum
3319 4325 3467 4388 gesta
3494 4334 3691 4390 cogno-

434 4418 543 4461 non
574 4412 813 4474 possent.
856 4403 988 4459 Erat
1019 4411 1280 4475 praeterea
1315 4404 1483 4476 frigus
1513 4405 1734 4476 ingens;
1765 4413 1822 4459 et
1860 4412 2005 4461 tecta
2094 4400 2302 4465 vimns,
2330 4400 2384 4455 in
2421 4417 2486 4456 eo
2516 4409 2696 4457 tamen
2726 4403 3008 4468 miraculo,
3055 4405 3197 4474 quod
3232 4422 3374 4462 nunc
3415 4410 3689 4464 memoria:

431 4494 640 4565 pruinis
669 4503 811 4549 terra
844 4494 1089 4550 videndae
1129 4495 1229 4550 vite
1268 4496 1479 4566 copiam
1518 4497 1834 4568 denegabat.
1881 4496 2002 4567 lpsa
2031 4566 2065 4568 _
2105 4494 2362 4548 mandare
2388 4492 2623 4559 decrevi,
2652 4501 2760 4548 tam
2781 4502 3031 4565 patenter
3054 4495 3149 4551 Dei
3171 4497 3558 4567 omnipotentis
3580 4499 3687 4554 vir-

429 4599 644 4656 quoque
678 4585 939 4641 montium
959 4584 1107 4656 juga,
1129 4601 1226 4657 per
1255 4601 1374 4657 qua:
1405 4585 1641 4642 eundum
1664 4566 1811 4652 erat,
1842 4566 2002 4641 nubi-
2030 4566 2081 4624 D
2109 4597 2193 4643 tus
2221 4589 2365 4644 clare
2389 4588 2544 4660 [Ms.,
2574 4588 2802 4662 clarere]
2826 4592 3190 4661 cognoscitur,
3223 4601 3283 4646 ut
3308 4566 3439 4646 nulli
3467 4593 3685 4648 dubium

430 4679 530 4733 bus
550 4678 794 4743 obsessa,
821 4693 981 4748 quam
1007 4678 1165 4749 longe
1188 4679 1273 4733 vel
1299 4692 1465 4749 prope
1488 4685 1672 4733 essent
1697 4679 1866 4733 videri
1896 4694 2002 4733 non

430 4775 698 4839 poterant.
743 4768 987 4824 Accessit
1032 4770 1101 4823 ad
1142 4770 1256 4823 haec
1298 4770 1461 4824 etiam
1498 4768 1726 4821 vallibus
1764 4767 2004 4822 insidens

432 4861 648 4925 nebula,
674 4875 814 4930 quae,
843 4877 938 4915 sua
969 4860 1326 4915 crassitudine
1353 4861 1526 4914 visum
1554 4858 1872 4928 impediens,
1901 4860 2006 4916 iter

433 4954 610 5009 moliri
647 4954 923 5023 cupientes
958 4954 1346 5009 remorabatur.
1399 4954 1502 5021 Qui
1547 4969 1669 5009 cum
1709 4961 1787 5010 tot
1821 4955 2006 5011 obsta-

432 5045 569 5101 culis
612 5059 672 5101 se
712 5044 971 5113 impedire
1019 5052 1325 5110 cernerent,
1375 5059 1477 5099 nec
1523 5044 1652 5115 quid
1688 5052 1910 5116 agerent
1953 5046 2005 5101 in

434 5142 681 5207 promptu
716 5133 995 5201 haberent,
1035 5135 1189 5204 equis
1227 5135 1503 5203 desiliunt,
1541 5145 1598 5192 et
1637 5137 1800 5203 viam,
1843 5152 2003 5207 quam

435 5226 616 5281 videre
644 5240 752 5281 non
781 5232 1051 5297 poterant,
1082 5225 1347 5297 palpando
1368 5243 1608 5297 quaerere
1620 5214 1856 5285 tentant.
1898 5229 2004 5286 Sed

438 5316 527 5372 ubi
560 5319 663 5373 hoc
685 5333 873 5389 parum
903 5319 1184 5383 successit,
1231 5320 1469 5375 ascensis
1507 5319 1683 5375 denuo
1717 5322 1891 5391 equis,
1927 5336 2009 5378 er-

438 5408 570 5476 rori,
610 5425 770 5481 quem
800 5410 1278 5477 abominabantur,
1313 5425 1373 5465 se
1407 5411 1586 5480 potius
1624 5411 1963 5466 committere
1988 5452 2003 5480 ,

510 5595 536 5623 ι
576 5582 746 5650 Vulgo
778 5583 1112 5650 Wiesbaden,
1149 5585 1311 5640 idest
1347 5585 1709 5647 alba-balnea,
1751 5585 1805 5639 in
1835 5584 2006 5638 Rhin-

439 5653 591 5776 gayia
617 5693 633 5717 ,
675 5653 788 5708 fere
820 5668 855 5708 e
896 5655 1113 5723 regione
1159 5654 1442 5726 Moguntina
1466 5697 1480 5718 ,
1536 5656 1872 5725 sesquileuca
1939 5655 2005 5709 ab

441 5740 507 5776 nr
528 5738 592 5776 te.

441 5738 844 5849 urgelt‘ortassis
884 5790 1219 5863 Suntilinga,
1274 5795 1652 5851 terminatione
1687 5794 2003 5850 Alamannis

2107 4677 2472 4749 relinquatur,
2496 4680 2625 4749 quin
2653 4680 2705 4733 in
2730 4680 2876 4734 omni
2906 4688 3155 4736 creatura
3189 4697 3284 4737 sua
3312 4682 3569 4755 quidquid
3593 4698 3686 4737 vo—

2107 4768 2270 4824 luerit
2291 4768 2541 4825 facillime
2569 4771 2742 4841 possit
2767 4770 2998 4825 ellicere.

2176 4861 2474 4929 Suntiligua
2515 4862 2543 4902 δ
2580 4862 2775 4917 dicitur
2807 4861 2932 4916 villa
2971 4862 3024 4917 in
3060 4877 3197 4933 pago
3236 4860 3596 4933 Nitlzagonne,
3631 4865 3681 4918 in

2104 4966 2209 5021 qua
2238 4953 2522 5023 presbyter
2555 4953 2796 5022 quidam,
2828 4953 3046 5007 nomine
3078 4953 3431 5020 Waltbertus,
3470 4956 3683 5010 tenebat

2107 5040 2410 5096 ecclesiam.
2445 5040 2496 5096 Is
2523 5050 2700 5096 mente
2729 5049 2933 5110 captus,
2959 5057 3154 5112 magno
3181 5058 3402 5096 suorum
3428 5057 3680 5105 maerore,

2108 5133 2177 5188 ad
2220 5133 2498 5188 basilicam
2552 5142 2850 5205 martyrum
2899 5133 3164 5189 adductus
3208 5140 3311 5189 est.
3370 5133 3451 5187 Ex
3493 5135 3682 5204 quibus

2107 5231 2218 5279 tres
2243 5231 2400 5278 erant
2426 5221 2623 5277 fratres
2650 5222 2785 5291 ejus,
2822 5239 2962 5278 unus
2988 5224 3269 5295 presbyter
3303 5230 3359 5279 et
3395 5224 3503 5280 duo
3528 5222 3679 5282 laici:

2105 5324 2331 5384 quartus
2351 5321 2468 5369 erat
2492 5315 2810 5377 monachus,
2841 5315 3175 5384 propinquus
3197 5315 3387 5385 ipsius,
3410 5314 3479 5370 de
3501 5327 3687 5370 moun-

2111 5407 2277 5461 sterio
2304 5405 2592 5460 Hornbach
2623 5417 2673 5472 ο,
2699 5406 2753 5460 in
2781 5420 2890 5475 quo
2923 5413 2979 5461 et
3005 5407 3120 5476 ipse
3151 5402 3432 5476 presbyter
3457 5421 3489 5461 a
3520 5418 3677 5478 parva

2112 5584 2400 5657 familiari;
2461 5584 2633 5654 ipsam
2688 5593 2867 5643 tamen
2924 5602 3189 5657 nusquam
3243 5586 3558 5657 exprimunt
3604 5591 3677 5641 ινιν

2112 5656 2563 5797 Ιῗᾳέωὶιονεηὸιιειι
2584 5765 2597 5790 ,
2652 5726 2857 5781 duabus
2900 5727 3069 5781 leucis
3096 5744 3124 5779 a
3150 5726 3434 5797 Bipoutiua
3464 5723 3678 5797 civitate

2113 5795 2334 5862 distans,
2386 5795 2637 5865 oppidum
2667 5798 2766 5853 sub
2798 5798 3016 5854 dioecesi
3071 5795 3292 5853 MClCllSl
3321 5837 3336 5863 ,
3382 5796 3436 5851 in
3486 5795 3675 5851 linibus
