3976 6170
302 365 407 421 573

1118 359 1295 417 HIST.
1338 357 1729 417 TRANSLAT.
1769 357 1875 413 BB.
1919 356 2336 418 MARCELLINI
2375 363 2463 418 ET
2503 362 2723 420 PETRI.

3459 367 3565 422 574

300 487 464 535 aetate
486 479 658 533 fuerat
686 477 963 532 educatus.
1004 475 1053 530 Α
1085 485 1281 545 quibus
1301 490 1424 531 cum
1455 487 1811 545 requirerem,
1839 471 1886 525 si
1912 473 1966 531 Α
1989 482 2164 540 esset,
2201 476 2500 545 inquisivit.
2549 477 2618 532 Et
2644 476 2770 530 ille:
2805 495 2825 529 ι
2854 476 3079 545 Catena,
3110 479 3315 552 inquit,
3342 496 3450 554 qua
3476 497 3565 537 me

300 570 480 626 adhuc
507 568 707 639 aliquid
734 568 956 623 medela:
988 582 1018 621 a
1045 568 1284 638 quolibet
1312 568 1524 622 medico
1553 567 1729 622 eidem
1758 563 1886 618 fuis-

301 666 383 714 set
421 658 763 727 impensum?
818 655 1074 723 «Statim,
1130 658 1401 727 inquiunt,
1449 671 1573 712 cum
1616 668 1740 709 eum
1784 654 1887 708 hac

297 747 553 819 passione
579 746 946 817 comperimus
974 746 1138 803 fuisse
1158 755 1487 817 correptum,
1519 746 1586 801 ad
1614 752 1887 799 monaste-

297 839 464 904 rium,
496 839 551 893 in
572 853 680 909 quo
700 838 938 893 nutritus
963 837 1083 902 fuit,
1106 855 1137 892 a
1168 838 1322 893 nobis
1344 837 1606 891 adductus
1634 841 1737 890 est.
1779 834 1883 889 Ubi

295 944 421 987 cum
446 930 501 985 ei
531 928 724 985 medici
766 929 1062 983 secundum
1100 928 1234 983 artis
1277 943 1388 983 suae
1425 925 1677 997 peritiam
1717 924 1885 978 multa

240 1086 241 1089 η
295 1016 577 1083 fecissent,
606 1033 708 1073 nec
742 1015 989 1072 morbum
1034 1017 1103 1073 ab
1145 1031 1211 1072 eo
1251 1014 1520 1085 depellere
1558 1013 1883 1083 potuissent,

210 1126 219 1136 ο
295 1118 589 1166 suaserunt
615 1108 771 1165 nobis
800 1110 963 1165 amici
990 1109 1183 1175 nostri,
1212 1116 1272 1163 ut
1295 1123 1419 1164 eum
1446 1106 1514 1162 ad
1536 1107 1731 1161 horum
1759 1120 1885 1160 san-

294 1211 511 1259 ctorum
541 1202 969 1258 misericordiam
995 1203 1314 1258 duceremus
1343 1219 1356 1256 :
1388 1200 1711 1257 conﬁdimus
1737 1200 1884 1254 enim

292 1294 437 1363 quod
463 1294 614 1349 illum
645 1294 856 1350 salvare
882 1295 1110 1365 possint,
1135 1295 1279 1350 sicut
1316 1293 1452 1349 alios
1489 1293 1689 1348 multos
1724 1307 1883 1348 acce-

291 1388 474 1457 pimus
494 1388 586 1443 hie
611 1386 778 1443 fuisse
805 1386 1058 1444 salvatos.
1086 1407 1105 1440 ›
1148 1387 1279 1443 Post
1311 1388 1427 1442 haec
1453 1385 1688 1455 hospitio
1727 1399 1883 1439 rece-v

292 1481 395 1550 pti,
423 1487 662 1551 quatuor
699 1479 889 1535 diebus
924 1480 1078 1534 fuere
1120 1479 1424 1543 nobiscum,
1460 1478 1718 1533 ducentes
1758 1491 1882 1531 eum
1930 1517 1934 1520 ‹

290 1569 540 1643 quotidie
559 1569 627 1624 ad
655 1568 962 1633 ecclesiam,
994 1577 1051 1624 et
1074 1583 1257 1623 coram
1287 1566 1461 1622 sacris
1486 1574 1783 1635 martyrum
1811 1563 1886 1617 ci-

291 1662 522 1717 neribus
531 1660 715 1731 jacere
733 1659 1014 1716 facientes.
1052 1659 1249 1727 Quinta
1278 1673 1409 1713 vero
1437 1657 1545 1723 die,
1569 1657 1743 1713 frater
1765 1654 1882 1724 ejus

290 1756 599 1826 presbyter,
628 1761 685 1809 et
706 1754 1003 1809 monachus
1036 1753 1129 1823 qui
1157 1766 1278 1806 cum
1321 1765 1387 1805 eo
1422 1756 1666 1813 venerat,
1712 1747 1882 1817 petie-

1985 567 2230 633 vinxisti,
2255 569 2403 623 salva
2427 577 2512 624 est
2537 586 2552 624 :
2587 578 2644 623 et
2669 570 2715 625 si
2741 570 2824 624 vis
2849 571 2992 625 scire
3014 571 3106 626 ubi
3134 572 3223 638 sit,
3241 588 3423 643 quare
3443 589 3566 630 eam

1985 666 2041 713 et
2088 658 2349 714 invenies.
2383 678 2405 712 ι
2460 660 2709 716 Accenso
2750 661 2934 731 itaque
2963 662 3198 729 lumine,
3246 664 3570 721 invenerunt

1985 764 2107 803 eam
2134 756 2263 803 ante
2289 749 2487 805 lectum
2506 788 2521 817 ,
2555 751 2610 805 in
2635 766 2747 820 quo
2783 752 2960 822 ipsum
2986 755 3266 824 quiescere
3291 754 3566 822 fecerant,

1978 841 2281 912 jacentem,
2300 856 2368 896 eo
2395 842 2557 896 modo
2582 844 2960 912 compositam,
2989 854 3153 915 atque
3179 845 3382 901 eisdem
3411 845 3571 902 nodis

1985 931 2332 996 adstrictam,
2377 931 2574 1001 quibus
2612 938 2741 987 tunc
2770 931 2982 1000 fuerat,
3022 935 3241 1003 quando
3280 947 3404 988 eum
3443 949 3568 989 cum

1984 1033 2049 1074 ea
2078 1021 2133 1074 in
2162 1020 2354 1075 eodem
2381 1020 2524 1076 lecto
2548 1020 2903 1089 collocarunt,
2948 1038 3014 1080 ac
3059 1023 3232 1079 solum
3277 1023 3333 1079 in
3377 1025 3569 1080 eodem

1985 1112 2231 1168 cubiculo
2280 1112 2626 1169 dimiserunt.
2695 1112 2829 1181 Quis
2874 1115 2980 1171 hoc
3020 1114 3218 1171 fecisse
3261 1114 3572 1171 credendus

1983 1213 2096 1270 est,
2143 1206 2246 1261 nisi
2274 1205 2366 1261 ille
2396 1206 2487 1275 qui
2514 1206 2582 1261 de
2610 1206 2780 1261 nihilo
2804 1206 3016 1262 creavit
3043 1207 3258 1272 omnia;
3307 1213 3363 1262 et
3392 1206 3486 1276 qui
3512 1206 3568 1260 in

1986 1297 2148 1351 rebus
2191 1312 2328 1366 quas
2371 1297 2613 1351 condidit
2658 1296 2786 1351 talia
2827 1305 3005 1368 potest
3043 1296 3257 1362 facere,
3306 1311 3428 1367 quae
3468 1311 3571 1351 nec

1986 1389 2260 1444 intellectu
2290 1389 2708 1458 comprehendi,
2760 1403 2861 1444 nec
2903 1388 3154 1443 humanis
3191 1395 3422 1458 possunt
3456 1402 3572 1442 ser-

1984 1480 2235 1535 monibus
2262 1480 2560 1551 explicari?
2589 1480 2721 1547 Quis
2746 1482 2890 1536 enim
2917 1489 3013 1535 aut
3038 1483 3373 1553 cogitatione
3397 1480 3570 1551 conji-

1984 1587 2111 1627 cere
2138 1611 2153 1636 ,
2218 1579 2313 1625 aut
2361 1572 2545 1626 verbis
2594 1573 2774 1626 valeat
2826 1587 3085 1628 enarrare
3111 1614 3127 1639 ,
3194 1574 3435 1644 qualiter
3479 1574 3572 1629 ille

1982 1666 2266 1736 presbyter
2293 1666 2379 1720 his
2417 1665 2648 1720 vinculis
2691 1663 2857 1719 fuerit
2898 1663 3208 1730 absolutus;
3255 1679 3379 1718 cum
3411 1664 3573 1719 nobis

1985 1756 2350 1810 certissimum
2389 1756 2459 1810 sit
2499 1755 2775 1810 neminem
2816 1769 2939 1808 esse
2976 1754 3069 1824 qui
3111 1769 3171 1808 se
3210 1752 3357 1808 solus
3399 1754 3574 1823 possit

291 1854 420 1899 runt
449 1853 511 1900 ut
535 1859 659 1899 eum
688 1859 809 1898 cum
834 1842 1044 1898 duobus
1068 1840 1331 1897 fratribus
1355 1840 1471 1896 suis
1499 1839 1654 1895 laieis
1674 1839 1885 1908 recipe—

1989 1848 2252 1920 ejusmodi
2281 1847 2510 1902 nexibus
2539 1860 2761 1911 exuere,
2804 1844 2848 1899 si
2885 1845 2966 1899 eis
2994 1842 3161 1898 fuerit
3204 1844 3370 1899 simili
3410 1845 3574 1899 modo

294 1951 409 1991 rem
433 1933 588 2007 [Ms.,
617 1933 781 2003 recipi
795 1931 1086 2011 juberem],
1111 1932 1282 1988 donec
1303 1932 1404 2002 ipsi
1428 1937 1833 1986 reverterentur
1865 1948 1878 1982 :

290 2042 423 2081 nam
447 2033 571 2096 post
599 2023 831 2079 triduum
867 2022 1210 2080 se'dicebant
1232 2037 1356 2079 esse
1384 2036 1721 2078 reversuros.
1754 2019 1881 2075 Feci

292 2116 676 2177 utvoluerunt,
697 2113 1135 2183 eumquepresby
1143 2120 1259 2168 tero
1273 2120 1460 2168 nostro
1474 2110 1730 2166 Hiltl‘rido
1742 2124 1885 2164 com-

293 2205 569 2262 mendavi.
586 2204 636 2259 ls
645 2219 768 2259 cum
782 2219 811 2257 a
824 2203 1140 2272 presbytero
1156 2210 1423 2271 receptus,
1453 2211 1507 2255 et
1532 2202 1585 2254 in
1608 2198 1881 2264 cellulam,

300 2300 358 2352 in
377 2313 486 2368 qua
510 2297 628 2367 ipse
649 2295 921 2360 manebat,
937 2292 1128 2348 fuisset
1148 2292 1419 2356 inductus,
1435 2293 1581 2347 circa
1602 2305 1884 2360 vesperam

288 2389 544 2459 ejusdem
557 2388 687 2452 diei,
703 2393 972 2441 commota
993 2383 1367 2438 vehementius
1381 2398 1487 2452 qua
1504 2381 1787 2436 tenebatur
1802 2380 1886 2433 in-

289 2483 475 2544 sania,
493 2493 661 2534 unum
674 2494 705 2532 e
718 2476 979 2532 fratribus
1001 2475 1132 2540 suis,
1149 2474 1243 2543 qui
1256 2488 1378 2530 eum
1395 2472 1790 2537 custodiebant,
1806 2486 1888 2525 ar-

293 2580 459 2643 repto
485 2570 681 2637 cultro,
702 2570 844 2639 quod
866 2568 1065 2624 furenti
1082 2582 1241 2623 casus
1260 2564 1547 2630 obtulerat,
1560 2562 1730 2618 voluit
1751 2562 1890 2617 oeci~

293 2665 460 2730 dere;
482 2665 578 2719 sed
591 2664 680 2719 ille
694 2676 881 2718 necem
904 2659 1157 2730 fugiendo
1171 2657 1479 2722 declinavit,
1496 2663 1553 2710 et
1566 2654 1770 2711 nostris
1790 2655 1890 2709 ho-

290 2756 562 2821 minibus,
590 2756 683 2825 qui
710 2768 876 2825 prope
898 2759 1080 2818 erant,
1114 2751 1181 2806 de
1202 2748 1420 2804 vesania
1444 2747 1584 2802 illius
1606 2745 1882 2802 indicavit.

293 2849 438 2904 Tum
460 2846 768 2917 presbyter,
792 2845 877 2900 cui
891 2859 1022 2900 cura
1043 2857 1166 2899 eum
1188 2839 1526 2897 custodiendi
1547 2855 1579 2894 a
1600 2838 1759 2894 nobis
1770 2844 1888 2892 erat

292 2941 567 3011 injuncta,
586 2937 857 3009 suggessit
882 2936 1039 3002 mihi,
1068 2933 1336 3002 simulque
1362 2931 1649 3002 persuasit,
1679 2936 1740 2984 ut
1760 2944 1885 2984 eum

292 3030 493 3087 vinciri
530 3028 920 3099 permitterem.
962 3026 1189 3081 Vinetus
1225 3023 1391 3094 igitur
1427 3020 1634 3077 catenis
1669 3018 1923 3083 ferreis,”

292 3121 350 3177 in
386 3121 531 3174 lecto
565 3117 889 3180 collocatur;
943 3112 1317 3185 obseratisque
1354 3109 1592 3175 foribus,
1638 3108 1786 3164 solus
1827 3108 1883 3163 in

292 3303 441 3371 ejus,
472 3311 528 3356 et
555 3300 705 3357 velut
726 3312 1007 3368 erumpere
1038 3296 1305 3353 valentem
1343 3295 1587 3366 pervigili
1625 3308 1755 3349 cura
1791 3308 1883 3347 cu—

294 3395 562 3451 stodiunt.
618 3392 887 3449 Cancrum
931 3389 1164 3455 vincula,
1210 3389 1407 3458 quibus
1455 3386 1763 3447 teuebatur_
1790 3386 1887 3441 ad«

293 3487 545 3563 strictus,
572 3484 835 3555 ejusmodi
864 3489 1022 3538 erant
1048 3490 1125 3548 ut,
1157 3482 1285 3537 dum
1308 3481 1363 3535 in
1386 3481 1473 3536 his
1498 3488 1660 3546 esset,
1694 3495 1800 3534 non
1828 3479 1881 3533 iu

292 3577 554 3631 dextrum
578 3584 673 3630 aut
697 3575 977 3631 sinistrum
995 3572 1138 3629 latus
1157 3587 1217 3628 se
1235 3579 1572 3638 convertere,
1589 3583 1765 3640 neque
1786 3568 1885 3624 ali-

294 3678 383 3726 ter
416 3669 523 3725 nisi
549 3668 740 3738 supino
768 3681 997 3737 corpore
1017 3663 1204 3734 jacere
1230 3663 1510 3735 potuisset.

370 3783 465 3839 59.
507 3781 774 3837 Dormivit
800 3780 1007 3850 itaque,
1044 3786 1104 3833 ut
1134 3778 1249 3848 ipse
1278 3784 1529 3843 testatur,
1555 3790 1732 3846 neque
1758 3782 1885 3828 ante

300 3877 543 3934 mediam
593 3884 807 3931 noctem
855 3872 1151 3942 evigilavit.
1223 3870 1295 3924 At
1340 3870 1433 3925 ubi
1482 3868 1609 3942 galli
1662 3874 1887 3922 cantare

300 3974 590 4038 cmperunt
624 3961 1070 4035 expergefactus,
1109 3961 1248 4016 vidit
1276 3975 1335 4015 se
1360 3974 1468 4015 non
1497 3959 1669 4013 solum
1696 3958 1886 4012 vincu-

298 4058 482 4113 lorum
513 4056 742 4112 nexibus
768 4054 1001 4110 solutum
1028 4093 1042 4118 ,
1092 4067 1280 4107 verum
1323 4050 1489 4105 etiam
1526 4049 1715 4103 morbo
1742 4047 1886 4101 insa-

300 4147 429 4211 niae,
458 4160 568 4217 quo
600 4146 965 4211 laboraverat,
994 4143 1315 4207 liberatum;
1351 4140 1643 4209 statimque
1668 4138 1736 4193 ad
1764 4136 1883 4192 lau-

298 4240 398 4295 des
434 4239 546 4294 Deo
574 4238 833 4294 dicendas
861 4246 972 4293 tota
1004 4243 1185 4292 mente
1213 4247 1538 4298 conversus,
1578 4230 1800 4302 psalmis
1829 4236 1885 4285 et

297 4332 541 4403 hymnis,
568 4346 725 4402 quos,
754 4346 864 4403 prae
891 4330 1056 4386 nimia
1086 4326 1463 4401 gratulatione,
1496 4325 1710 4381 tametsi
1737 4323 1884 4380 solus

296 4431 441 4488 erat,
490 4422 624 4477 satis
663 4421 809 4477 clare
849 4420 1190 4485 decantabat,
1221 4433 1411 4474 omnes
1439 4418 1490 4472 in
1518 4416 1714 4473 vicinia
1739 4414 1883 4485 ejus-

292 3210 547 3268 cubiculo
587 3178 928 3278 relinquitur.
977 3178 1261 3263 Eacuban't
1289 3214 1418 3259 ante
1446 3202 1644 3259 ostium
1684 3200 1883 3256 fratres
1902 3178 1955 3244 ί]

1983 1940 2335 2004 constrictus,
2364 1938 2505 1993 sicut
2533 1938 2675 1992 idem
2705 1937 2993 2007 presbyter
3025 1935 3149 2000 fuit,
3179 1935 3397 2005 quando
3424 1934 3574 1990 solus

1984 2032 2038 2087 in
2070 2031 2163 2086 illo
2203 2029 2452 2085 cubiculo
2495 2028 2735 2083 inclusus
2761 2028 2887 2082 est?
2924 2053 2999 2067 —
3039 2024 3106 2079 Hi
3141 2040 3270 2081 vero
3311 2025 3404 2095 qui
3445 2040 3572 2080 eum

1982 2123 2185 2178 ibidem
2209 2121 2553 2186 dimiserunt,
2575 2127 2860 2191 postquam
2888 2119 3092 2174 reversi
3119 2132 3313 2174 sanum
3339 2125 3394 2172 et
3420 2133 3574 2172 men-

1984 2214 2056 2268 tis
2083 2228 2148 2267 ac
2184 2211 2464 2267 memoriae
2498 2225 2611 2266 sua:
2639 2218 2946 2281 compotem
2975 2211 3333 2276 invenerunt,
3371 2208 3481 2263 lani
3516 2216 3575 2262 et

1984 2303 2269 2359 laudantes
2303 2302 2509 2367 Deum,
2553 2302 2714 2357 simul
2738 2317 2868 2358 cum
2896 2318 2963 2358 eo
2988 2304 3055 2357 ad
3080 2302 3301 2372 propria
3336 2300 3572 2372 regressi

1985 2401 2131 2448 sunt.
2174 2423 2245 2432 —
2285 2393 2399 2447 Hoc
2428 2394 2502 2447 ita
2533 2404 2777 2464 gestum,
2819 2411 2925 2450 non
2956 2395 3323 2464 quorumlibet
3353 2396 3571 2450 testium

1985 2484 2249 2540 relatione
2295 2485 2581 2541 didicimus
2606 2527 2621 2552 ,
2669 2487 2765 2542 sed
2816 2487 2918 2556 ipsi
2946 2502 3046 2557 per
3071 2502 3187 2552 nos,
3217 2486 3345 2557 quia
3373 2487 3572 2541 ibidem

1989 2582 2117 2630 tunc
2144 2590 2387 2641 eramus,
2420 2574 2535 2630 Deo
2561 2575 2798 2641 volente,
2828 2577 3215 2647 cognovimus;
3262 2585 3425 2646 atque
3453 2576 3576 2631 ideo

1985 2667 2310 2722 ﬁducialiter
2336 2666 2650 2733 scribimus,
2680 2668 2825 2737 quod
2856 2683 2956 2723 nos
2980 2669 3207 2740 contigit
3238 2668 3483 2734 oculata,
3514 2676 3575 2722 ut

1986 2758 2194 2823 dicunt,
2225 2757 2331 2813 fide
2357 2772 2713 2828 cognoscere.
2750 2758 2949 2814 Verum
2976 2759 3102 2828 quia
3129 2768 3323 2814 cuncta
3353 2774 3473 2828 qum
3500 2759 3568 2812 de

1985 2859 2289 2921 martyrum
2324 2849 2617 2904 virtutibus
2662 2848 2953 2904 scribenda
2997 2851 3338 2920 suscepimus
3372 2864 3576 2919 nequa-

1986 2957 2148 3011 quam
2177 2949 2406 3013 possunt
2431 2942 2686 3011 prmsenti
2717 2954 2972 2996 sermone
2999 2940 3289 3011 compleri,
3320 2941 3413 2995 hie
3438 2939 3579 2998 liber

1987 3035 2089 3089 iste
2118 3033 2281 3088 finem
2310 3033 2561 3104 accipiat,
2587 3040 2650 3087 ut
2673 3048 2738 3087 ea
2768 3048 2890 3102 quae
2920 3039 3130 3088 restant
3155 3034 3223 3089 ab
3249 3033 3356 3089 alio
3383 3044 3575 3087 rursus

1986 3124 2210 3181 exordio
2236 3125 2576 3182 eurnmodius
2601 3124 2946 3181 inchoentur.
3532 3120 3535 3125 ’

2594 3259 2824 3317 CAPUT
2877 3246 2973 3318 vt

1985 3378 2250 3435 Hiracula
2288 3380 2345 3436 in
2384 3381 2583 3453 palatio
2622 3382 2958 3453 imperatoris
2995 3381 3066 3436 ad
3107 3381 3356 3453 reliquias
3387 3382 3576 3453 horum

2052 3460 2360 3506 sanctorum
2401 3451 2566 3519 facta.
2618 3451 2862 3517 Circitas,
2913 3451 3227 3517 contractio,
3273 3452 3577 3523 paralysis,

2054 3521 2218 3589 febris
2247 3520 2474 3574 sublata.

2057 3612 2145 3667 60.
2185 3612 2243 3667 lu
2274 3612 2541 3669 relatione
2577 3614 2857 3685 signorum
2899 3622 3065 3684 atque
3104 3614 3398 3678 virtutum,
3441 3628 3579 3682 quas

1985 3719 2072 3759 me
2121 3704 2177 3759 in
2226 3704 2332 3759 hoc
2376 3703 2516 3759 libro
2560 3705 2804 3760 scribere
2846 3705 2987 3760 velle
3030 3705 3327 3775 proposui,
3375 3703 3478 3759 ill-.e
3524 3705 3577 3759 in

1986 3796 2162 3866 capite
2191 3795 2452 3866 ponenda:
2480 3796 2755 3860 videntur,
2788 3812 2910 3865 qua:
2937 3797 2992 3850 in
3020 3797 3220 3867 palatio
3254 3796 3438 3861 factm,
3470 3813 3578 3852 non

1984 3885 2160 3942 solum
2187 3884 2256 3940 ad
2280 3884 2473 3954 plebis,
2508 3900 2701 3939 verum
2729 3887 2897 3940 etiam
2925 3885 2995 3940 ad
3025 3886 3197 3955 ipsius
3223 3886 3488 3958 principis
3513 3901 3577 3941 ac

1983 3993 2270 4050 procerum
2299 3975 2446 4045 ejus,
2491 3977 2877 4047 omniumque,
2918 3986 2980 4033 ut
3007 3978 3081 4032 ita
3114 3978 3324 4044 dicam,
3365 3978 3574 4034 aulico-

1986 4082 2106 4123 rum
2154 4082 2457 4138 pervenere.
2503 4068 2787 4135 notitiam;
2841 4078 2898 4125 et
2953 4085 3061 4125 non
3108 4078 3321 4125 tantum
3352 4078 3578 4141 propter

1984 4158 2120 4223 hoc,
2167 4157 2262 4213 sed
2298 4158 2463 4212 etiam
2497 4166 2722 4229 propter
2756 4159 2926 4227 illud,
2974 4160 3120 4232 quod
3168 4160 3225 4215 in
3271 4159 3570 4215 oratoriolo

1984 4256 2197 4314 nostro,
2242 4248 2332 4303 ubi
2374 4249 2568 4304 eadem
2595 4249 2859 4305 miracula
2887 4259 3039 4323 gesta
3069 4258 3197 4307 sunt
3222 4263 3270 4316 α,
3309 4266 3416 4306 non
3455 4248 3577 4305 aliae

1983 4350 2112 4396 tunc
2142 4340 2421 4409 temporis,
2465 4356 2630 4410 quam
2670 4341 2955 4397 beatorum
2988 4339 3283 4397 Marcellini
3325 4349 3382 4396 et
3423 4339 3573 4396 Petri

1983 4432 2224 4502 reliquiae
2252 4431 2512 4486 fuerunt:
2552 4439 2612 4486 ut
2652 4432 2915 4502 quidquid
2961 4433 3034 4487 ibi
3076 4433 3369 4487 sanitatum
3413 4440 3577 4500 atque

298 4514 422 4569 dem
465 4507 701 4568 cnbic’uli
741 4512 1073 4567 dormientes
1113 4510 1391 4565 excitavit.
1445 4507 1581 4563 Tum
1625 4522 1875 4578 surgens,

1989 4522 2261 4594 signorum
2290 4520 2492 4575 factum
2540 4536 2663 4576 esse
2705 4522 3069 4593 cognoscitur,
3120 4521 3468 4591 singulariter
3512 4535 3577 4575 ac

301 4602 369 4657 ad
393 4604 599 4658 ostium
628 4604 891 4667 accessit,
927 4601 1233 4671 fratresque
1262 4616 1412 4664 suos,
1459 4600 1553 4669 qui
1597 4600 1671 4654 ibi
1716 4613 1881 4655 excu-

302 4693 544 4759 babant,
583 4701 642 4748 ut
680 4708 739 4749 se
775 4693 843 4748 ad
882 4692 1138 4761 requisita
1173 4699 1383 4745 natura:
1413 4690 1560 4746 foras
1583 4690 1732 4747 exire
1758 4705 1881 4761 per-

303 4789 619 4854 mitterent,
665 4787 890 4859 rogavit.
931 4787 1010 4841 llli
1042 4794 1220 4841 autem
1250 4785 1395 4840 hunc
1420 4785 1743 4841 insanientis
1781 4787 1879 4840 do-

304 4878 414 4931 lum
446 4879 586 4941 rati,
632 4893 973 4948 nequaquam
1018 4878 1067 4932 ei
1117 4877 1378 4931 assentire
1423 4876 1539 4931 ausi
1580 4884 1743 4941 sunt;
1786 4876 1882 4931 sed

306 4971 575 5026 accersito
618 4971 829 5041 hospite
867 4986 985 5034 suo,
1028 4969 1119 5039 qui
1164 4984 1285 5024 eum
1326 4968 1528 5023 ibidem
1568 4966 1878 5032 incluserat,

305 5073 362 5119 ut
388 5078 514 5120 cum
543 5078 610 5119 eo
632 5063 886 5134 loquatur
910 5073 1155 5117 exorant.
1199 5061 1300 5130 Qui
1336 5068 1621 5132 postquam
1656 5075 1779 5115 cum
1814 5074 1880 5114 eo

307 5153 518 5210 locutus
544 5161 629 5209 est
646 5194 662 5220 ,
706 5161 870 5223 atque
893 5168 955 5207 ex
986 5154 1194 5209 ratione
1220 5153 1629 5224 responsionum
1659 5166 1880 5208 suarum

306 5258 454 5300 same
482 5246 683 5300 mentis
711 5260 833 5300 esse
863 5244 1155 5309 intellexit,
1200 5254 1387 5316 aperto
1418 5246 1576 5311 ostio,
1607 5259 1714 5315 quo
1740 5243 1885 5300 vole-

309 5335 402 5390 bat
429 5336 511 5390 ire
536 5334 820 5405 permisit;
867 5349 1257 5405 reversumque
1297 5336 1596 5406 recipiens,
1642 5335 1771 5405 quid
1817 5336 1885 5391 de

309 5424 568 5492 vinculis,
611 5425 808 5496 quibus
832 5438 956 5481 eum
984 5434 1267 5481 oneratum
1307 5425 1632 5493 incluserat,
1680 5424 1883 5482 factum

310 5600 668 5667 Palatinatus,
689 5602 850 5727 paulo
876 5600 1234 5674 propinquius
1261 5604 1327 5657 ad
1357 5604 1568 5669 urbem,
1596 5604 1761 5659 habet
1781 5605 1884 5660 sibi

312 5673 626 5727 contiguum
642 5674 683 5727 A
709 5684 726 5727 ι
750 5672 1084 5727 ﬂorenbach.
1110 5671 1163 5727 id
1184 5671 1458 5727 cst.Vetus
1474 5689 1487 5727 :
1504 5677 1645 5727 mmd
1666 5675 1734 5727 ibi
1751 5674 1884 5727 forte

312 5673 626 5744 contiguum
642 5671 726 5728 Alt
750 5671 1097 5744 Horénbdch,
1110 5671 1163 5727 id
1184 5671 1458 5737 cst,Vetus
1474 5689 1487 5738 ;
1504 5677 1645 5743 quod
1666 5675 1734 5729 ibi
1751 5674 1887 5730 forte

317 5743 705 5801 monasterium
753 5743 954 5812 fuerit,
996 5752 1214 5814 postea,
1266 5744 1458 5800 haeresi
1508 5746 1703 5802 ibidem
1749 5762 1889 5816 ιηἰιξ-

1983 4612 2202 4684 proprie
2231 4612 2299 4666 ad
2330 4611 2450 4667 illos
2477 4611 2755 4680 pertinere
2803 4627 2867 4667 ac
2912 4610 3108 4667 referri
3160 4612 3388 4676 debeat,
3437 4626 3572 4680 quo-

1987 4718 2107 4759 rum
2151 4702 2294 4758 solas
2340 4709 2556 4758 constat
2612 4701 2685 4757 ibi
2746 4700 2915 4757 fuisse
2963 4690 3244 4772 reliquias.
3302 4701 3576 4756 Fecerunt

1985 4797 2162 4853 eidem
2208 4796 2508 4853 beatissimi
2562 4804 2873 4868 martyres,
2934 4797 3075 4852 sicut
3119 4796 3173 4851 in
3223 4794 3576 4864 sequentibus

1987 4890 2497 4953 demonstrabimus,
2533 4888 2586 4943 in
2616 4888 2844 4943 aliorum
2873 4896 3183 4943 sanctorum
3210 4886 3344 4942 locis
3374 4884 3574 4939 multas

1987 4980 2218 5034 virtutes
2245 4988 2409 5047 atque
2437 4977 2717 5040 miracula,
2750 4994 2870 5049 quae
2902 4977 3222 5047 quibusdam
3254 4974 3400 5029 velut
3427 4989 3575 5029 com-

1990 5069 2172 5124 munia
2213 5068 2347 5134 illis,
2399 5084 2521 5123 cum
2570 5068 2658 5123 his
2706 5069 2911 5123 sanctis
2958 5068 3011 5122 in
3056 5082 3285 5137 quorum
3331 5064 3573 5121 basilicis

1990 5158 2133 5215 facta
2178 5167 2337 5225 sunt,
2386 5175 2493 5214 non
2540 5159 2814 5214 immerito
2842 5158 3014 5213 videri
3042 5164 3305 5228 possunt;
3352 5158 3423 5213 ob
3468 5157 3574 5212 hoc

1988 5252 2279 5323 praecipue,
2306 5251 2560 5322 quoniam
2588 5251 2681 5322 qui
2711 5250 2851 5320 apud
2881 5248 3048 5303 Deum
3086 5248 3312 5317 aequalis
3340 5249 3573 5303 credun—

1990 5353 2079 5398 tur
2105 5342 2306 5407 meriti,
2338 5357 2445 5396 non
2472 5335 2711 5397 absurde.
2729 5346 2988 5410 putantur
3016 5339 3068 5393 in
3099 5339 3377 5410 patrandis
3406 5339 3573 5394 mira-

1986 5436 2122 5493 culis
2148 5433 2509 5491 communiter
2531 5432 2767 5502 operari.
2799 5430 2905 5485 Sed
2930 5430 3033 5485 hoc
3057 5430 3214 5486 aliter
3241 5444 3363 5486 esse
3391 5446 3456 5486 ea
3487 5446 3573 5486 ra-

1989 5608 2224 5673 valente,
2252 5606 2305 5661 in
2327 5603 2584 5676 profanos
2609 5618 2739 5658 usus
2757 5618 3100 5676 conversum,
3131 5611 3268 5658 teste
3290 5600 3568 5676 Bacchae.

2061 5693 2085 5719 ιι
2129 5672 2245 5733 lluc
2271 5672 2516 5747 spectant
2535 5690 2653 5747 qua!
2676 5690 2836 5744 supra
2864 5674 3130 5747 habentur
3159 5690 3305 5729 num.
3333 5673 3394 5727 2|
3424 5683 3479 5731 ct
3502 5672 3573 5726 22

1992 5752 2059 5807 dc
2078 5744 2322 5818 reliquiis
2350 5747 2405 5802 in
2433 5745 2733 5801 oratorium
2755 5744 2999 5815 perlatis.
