3904 6174
233 345 343 404 575

1512 331 1890 391 EGINHARDI
1926 331 2219 389 ABBATIS

3404 333 3506 390 576

234 470 387 517 tione
418 452 777 518 convincitur,
813 465 921 521 qua
948 448 1156 520 liquido
1180 447 1606 511 demonstratur,
1638 446 1818 502 nullas
1845 450 1897 510 Α
1922 448 2038 505 Hoc
2075 463 2173 503 cur
2213 463 2324 504 non
2376 448 2449 503 sit
2501 456 2875 518 percuratum,
2921 448 3110 504 dicant
3149 448 3244 519 qui
3291 448 3510 505 velint:

235 552 297 606 in
331 551 419 607 bis
453 549 589 604 locis
622 546 798 599 factas
828 543 997 599 fuisse
1024 542 1289 607 virtutes,
1334 548 1625 610 antequam
1654 540 1709 594 in
1736 539 1827 593 illa

236 646 549 696 memorata:
586 638 871 691 beatorum
900 642 1204 703 martyrum
1249 640 1435 687 essent
1479 631 1672 686 delatae
1700 630 1830 685 reli-

235 728 396 796 quiae.
432 724 539 780 Sed
559 722 675 792 jam
703 738 870 787 nunc,
897 730 960 777 ut
984 721 1358 792 promisimus,
1381 735 1443 776 ea
1466 736 1589 791 quae
1616 720 1671 774 in
1697 734 1833 790 prae-

238 821 387 875 dicto
410 817 616 890 palatio
641 824 772 872 sunt
791 824 951 887 gesta
976 813 1236 869 miracula
1260 813 1620 883 proferamus.

311 911 404 966 6|.
445 911 579 965 Erat
604 910 827 979 quidam
857 905 1074 975 juvenis
1102 906 1245 961 inter
1273 905 1637 961 cubicularios
1662 903 1828 974 regis,

237 1003 465 1058 natione
503 999 762 1066 Graecus,
802 999 1026 1055 nomine
1061 998 1328 1068 Drogoe:
1376 997 1470 1065 qui
1514 994 1665 1051 febre
1704 1009 1828 1050 cor-

238 1106 459 1167 reptus,
508 1103 604 1149 aut
629 1093 957 1165 negligentia
987 1107 1242 1156 suorum,
1295 1098 1387 1145 aut
1417 1089 1632 1145 inscitia
1662 1088 1834 1143 medi-

238 1200 447 1249 eorum,
475 1184 589 1253 jam
617 1198 718 1252 per
743 1182 952 1251 aliquot
976 1196 1197 1237 menses
1220 1181 1380 1251 longa
1409 1186 1574 1250 atque
1601 1176 1830 1233 adversa

240 1273 553 1330 valetudine
582 1272 886 1327 laborabat.
933 1271 1014 1336 Is,
1045 1278 1401 1341 posteaquam
1427 1269 1710 1324 Hildoinus
1736 1267 1835 1322 ab-

239 1367 340 1422 bas
366 1364 628 1433 reliquias
655 1364 798 1419 beati
827 1362 1150 1428 Marcellini,
1178 1363 1322 1418 sicut
1349 1362 1405 1416 in
1429 1360 1668 1416 secundo
1693 1359 1832 1415 libro

242 1456 676 1512 demonstratum
721 1462 809 1509 est
832 1494 847 1521 ,
900 1454 1056 1510 nobis
1102 1453 1375 1517 reddidit,
1427 1451 1735 1507 admonitus
1776 1450 1830 1505 in

246 1547 456 1602 somnis
489 1553 551 1600 ut
596 1545 665 1601 ad
712 1546 1013 1601 oratorium
1060 1552 1308 1601 nostrum
1354 1545 1600 1610 veniret,
1650 1543 1833 1613 ibique

244 1648 464 1694 cereum
503 1645 741 1706 quatuor
776 1637 1015 1693 denariis
1062 1647 1303 1707 emptum
1350 1637 1711 1702 accenderet,
1769 1650 1833 1690 ac

244 1736 495 1783 sanctum
520 1727 887 1781 Marcellinum
916 1734 1234 1796 martyrem,
1253 1724 1409 1795 cujus
1426 1733 1590 1796 caput
1615 1724 1686 1779 ibi
1711 1739 1834 1780 esse

1930 556 2032 611 ego
2057 541 2203 595 enim
2250 540 2303 595 id
2330 555 2417 594 me
2451 540 2610 594 video
2654 555 2764 595 non
2810 539 2968 594 aliter
3008 553 3170 609 posse
3214 541 3512 612 conjicere,

1929 632 2035 686 nisi
2076 640 2135 685 ut
2182 630 2491 686 existimem
2522 630 2769 685 interiori
2811 628 2931 698 ejus
2975 630 3137 685 saluti
3181 641 3516 702 competere,

1929 728 1991 774 ut
2012 720 2191 789 aliqua
2234 719 2291 775 in
2316 734 2383 776 eo
2408 720 2697 775 exterioris
2728 720 3027 775 debilitatis
3061 721 3294 785 vestigia
3338 738 3521 778 rema-

1928 819 2139 869 nereut.

2001 902 2091 957 65.
2131 901 2371 958 Juliacus
2397 903 2427 943 δ
2453 909 2683 958 vocatur
2730 902 3015 971 antiquum
3061 903 3441 973 municipium,
3484 919 3519 959 a

1931 995 2053 1051 vico
2077 995 2315 1065 Aquensi
2347 1003 2473 1051 octo
2516 995 2796 1067 leugarum
2837 994 3015 1063 spatio
3048 994 3400 1063 disparatum.
3438 997 3522 1052 De

1931 1087 2083 1157 cujus
2109 1088 2382 1143 territorio
2406 1088 2581 1157 puella
2611 1087 2880 1157 quaedam,
2924 1086 3089 1141 simili
3119 1086 3329 1152 morbo,
3359 1086 3518 1142 simi-

1930 1180 2076 1249 lique
2107 1179 2268 1235 modo
2304 1179 2516 1244 ati‘ecta,
2562 1193 2593 1233 a
2623 1186 2796 1233 matre
2840 1185 3003 1247 atque
3031 1177 3153 1233 aliis
3194 1178 3523 1248 propinquis

1932 1272 2044 1325 suis
2090 1270 2158 1324 ad
2203 1278 2562 1325 memoratum
2607 1267 2909 1325 oratorium
2956 1268 3212 1333 adducta,
3243 1283 3369 1322 eum
3407 1283 3527 1338 pra

1932 1361 2275 1417 multitudine
2311 1361 2617 1424 hominum,
2660 1357 2752 1428 qui
2786 1366 2900 1412 tum
2936 1355 3078 1412 forte
3126 1364 3349 1427 propter
3386 1358 3525 1412 mis-

1932 1467 2116 1506 sarum
2161 1451 2425 1507 audienda
2455 1450 2715 1505 solemnia
2764 1448 2894 1504 illuc
2927 1455 3317 1513 convenerant,
3351 1448 3526 1503 intro—

1932 1542 2064 1598 ferri
2087 1558 2194 1599 non
2217 1552 2418 1613 posset,
2443 1541 2782 1597 extrinsecus
2801 1555 2923 1595 eam
2949 1541 3016 1596 ad
3039 1540 3357 1595 orientalem
3386 1555 3515 1595 ora-

1936 1637 2060 1692 torii
2086 1635 2379 1691 fenestram
2404 1634 2760 1699 collocarunt,
2797 1640 3179 1703 exspectantes
3205 1633 3529 1703 opportuni-

1936 1736 2103 1785 tatem
2128 1769 2144 1793 ,
2194 1735 2293 1793 ut,
2340 1727 2626 1782 recedente
2675 1725 2859 1795 populi
2914 1723 3217 1795 frequentia
3245 1765 3261 1789 ,
3311 1724 3534 1779 facilius

246 1820 623 1885 asserebatur,
655 1819 759 1873 sibi
791 1819 846 1872 in
872 1818 1203 1889 adjutorium
1231 1818 1534 1884 invocaret,
1562 1817 1833 1887 sciretque
1862 1802 1909 1860 Β
1935 1820 2175 1874 oratorio
2201 1817 2390 1874 inferri
2416 1817 2701 1889 potuisset.
2743 1815 2851 1871 Sed
2896 1816 2987 1871 ubi
3034 1816 3103 1871 ad
3144 1817 3382 1871 medium
3410 1815 3531 1872 fere

244 1924 305 1965 se
325 1909 374 1965 si
396 1910 501 1963 hoc
523 1908 643 1964 loco
665 1907 889 1974 faceret,
917 1924 982 1962 ea
1005 1924 1111 1978 qua
1132 1908 1248 1978 jam
1268 1907 1361 1961 diu
1382 1906 1725 1962 laboraverat
1751 1908 1839 1962 in-

247 1998 505 2054 ﬁrmitate
532 2000 641 2054 cito
666 2013 790 2054 esse
814 1999 1138 2064 cariturum,
1164 1998 1398 2054 credidit
1421 1999 1754 2063 admonenti,
1783 2006 1839 2054 et

247 2089 303 2143 id
339 2090 488 2159 quod
515 2090 844 2158 imperatum
872 2086 1087 2153 fuerat,
1126 2097 1328 2159 quanta
1358 2089 1536 2160 potuit
1562 2089 1840 2145 celeritate

246 2181 560 2251 complevit.
628 2179 936 2251 Statimque
992 2196 1162 2236 sanus
1216 2180 1394 2236 factus
1422 2221 1438 2246 ,
1500 2188 1556 2237 et
1606 2181 1841 2251 receptis

251 2272 619 2326 membrorum
643 2271 873 2333 viribus.
895 2271 1133 2342 propriis
1161 2272 1388 2341 pedibus
1417 2272 1485 2327 ad
1512 2288 1609 2328 sua
1634 2286 1843 2344 regres-

249 2375 347 2415 sus
373 2367 479 2414 est.

310 2447 408 2503 .62.
447 2449 582 2503 Erat
610 2449 811 2504 ibidem
836 2449 976 2505 alter
1003 2466 1157 2520 aeque
1174 2450 1413 2521 juvenis,
1443 2454 1665 2511 nomine
1702 2454 1843 2511 Ger-

250 2538 423 2603 lacus,
468 2538 537 2595 de
566 2540 700 2595 urbe
739 2539 1094 2608 Rhemorum,
1135 2542 1279 2598 inter
1310 2559 1407 2600 eos
1445 2544 1574 2613 qui,
1621 2554 1846 2616 propter

249 2630 480 2686 :edilicia
527 2631 715 2702 palatii
765 2635 1149 2702 construenda,
1189 2634 1330 2705 jussi
1375 2637 1442 2692 de
1484 2637 1575 2691 illa
1624 2637 1845 2694 civitate

256 2733 539 2778 venerunt.
567 2723 618 2779 ls
656 2732 783 2780 ante
830 2725 1114 2782 dimidium
1158 2726 1272 2783 fere
1299 2744 1496 2783 annum
1546 2730 1603 2784 in
1652 2729 1844 2785 eodem

248 2811 393 2877 vico,
442 2820 554 2867 tam
581 2812 759 2868 valida
803 2822 969 2885 atque
1014 2815 1238 2871 immani
1279 2830 1570 2873 nervorum
1621 2827 1846 2874 contra-

251 2901 431 2957 ctione
482 2911 769 2971 correptus
815 2911 920 2969 est,
978 2912 1040 2958 ut
1086 2906 1251 2974 pedes
1300 2907 1519 2963 natibus
1564 2915 1620 2962 et
1670 2923 1844 2979 genua

255 3002 440 3048 mento
488 2994 842 3051 cohzererent.
887 2994 1044 3052 Hunc
1081 2996 1215 3053 socii
1252 3006 1415 3067 atque
1455 2999 1745 3069 propinqui
1789 3000 1845 3055 in

252 3083 397 3139 ulnis
440 3085 553 3140 suis
578 3085 831 3149 ferentes,
875 3088 943 3143 ad
968 3098 1329 3145 memoratum
1353 3092 1654 3147 oratorium
1688 3091 1847 3147 detu-

1937 1912 2171 1968 olllcium
2200 1919 2418 1967 ventum
2450 1919 2554 1975 est,
2583 1917 2661 1976 et,
2708 1909 2926 1979 expleto
2968 1907 3282 1980 Evangelio,
3332 1909 3529 1965 hostia

1939 2003 2192 2058 salutaris
2220 2002 2423 2057 oblatio
2465 2008 2682 2072 peracta
2729 2009 2826 2062 est,
2861 2007 3090 2055 cernunt
3114 2015 3234 2055 eam
3263 2001 3535 2071 angustiis

1940 2096 2099 2164 afﬁci,
2133 2104 2210 2162 et,
2240 2103 2562 2165 erumpente
2602 2108 2704 2165 per
2751 2101 2927 2148 totum
2958 2107 3155 2162 corpus
3196 2093 3411 2158 sudore,
3442 2107 3537 2147 ve-

1940 2191 2021 2246 lut
2051 2190 2107 2245 in
2149 2203 2399 2245 somnum
2445 2186 2575 2242 labi.
2608 2186 2814 2253 Quibus
2860 2184 3031 2256 signis
3057 2184 3296 2238 divinam
3338 2183 3536 2239 adesse

1939 2282 2196 2336 virtutem
2231 2278 2377 2334 baud
2405 2278 2643 2333 inaniter
2671 2275 3044 2346 conjicientes,
3070 2272 3138 2329 de
3174 2274 3267 2328 illo
3305 2273 3427 2329 loco
3453 2273 3536 2328 le-

1940 2381 2143 2437 vatam,
2174 2371 2382 2441 quadro
2408 2368 2593 2440 lapidi,
2622 2368 2714 2437 qui
2740 2374 2963 2437 propter
2980 2366 3217 2436 iacebat,
3257 2371 3535 2435 soporatur

1941 2460 2173 2516 similem
2199 2464 2588 2530 superponunt.
2616 2456 2695 2511 lbi
2725 2470 2907 2511 coram
2933 2454 3208 2518 omnibus,
3244 2453 3336 2523 qui
3369 2451 3538 2520 hujus

1943 2549 2191 2607 miraculi
2214 2548 2581 2619 conspiciendi
2607 2546 2780 2617 gratia
2802 2551 3220 2609 concurrerunt,
3246 2543 3537 2609 integerri-

1943 2656 2087 2697 mam
2108 2640 2351 2697 omnium
2378 2639 2745 2694 membrorum
2775 2637 3087 2701 sanitatem,
3115 2636 3171 2689 in
3199 2634 3361 2689 unius
3383 2635 3539 2689 hora:

1944 2738 2239 2794 momento,
2262 2729 2493 2784 Domino
2512 2728 2830 2797 opitulante,
2854 2727 3077 2797 recepit.
3100 2726 3270 2781 Erant
3290 2725 3364 2780 ibi
3391 2725 3540 2782 inter

1944 2834 2171 2882 caeteros
2197 2830 2533 2894 spectatores
2558 2828 2613 2876 et
2649 2819 2852 2886 Judaei;
2904 2834 3132 2890 quorum
3180 2833 3322 2874 unus
3366 2817 3539 2872 David

1945 2914 2184 2978 nomine,
2214 2920 2338 2982 post
2370 2910 2530 2981 hujus
2558 2911 2695 2981 signi
2721 2908 3103 2980 expletionem,
3136 2908 3205 2962 ad
3237 2908 3537 2964 fenestram

1950 3003 2209 3069 cubiculi,
2240 3003 2294 3057 in
2320 3017 2429 3073 quo
2454 3017 2554 3073 ego
2580 3011 2709 3055 tunc
2738 3015 2913 3065 eram,
2941 2999 3194 3055 celeriter
3221 3013 3534 3059 accurrens,

1952 3108 2148 3165 meque
2198 3091 2550 3161 compellans,
2592 3089 2917 3147 miraculum
2965 3089 3109 3158 quod
3146 3087 3358 3142 viderat
3401 3086 3542 3141 indi-

253 3174 466 3238 lerunt;
511 3184 567 3230 et
609 3177 736 3245 quia
766 3177 924 3232 aliter
969 3194 1078 3233 non
1123 3189 1355 3249 poterat,
1387 3197 1617 3252 pronum
1658 3180 1845 3251 jacere
1873 3158 1918 3221 C
1948 3158 2110 3251 cavit,
2160 3158 2365 3257 gratias
2403 3198 2569 3254 agens
2612 3184 2745 3247 Deo,
2802 3183 2895 3252 qui
2953 3197 3052 3252 per
3094 3190 3365 3252 martyres
3408 3196 3543 3235 suos

254 3264 525 3331 fecerunt,
565 3275 922 3336 sanctumque
963 3274 1281 3338 martyrem,
1308 3278 1369 3323 ut
1391 3270 1442 3324 ei
1481 3271 1688 3325 sanitas
1722 3270 1845 3325 red-

258 3355 503 3419 deretur,
553 3369 679 3410 cum
730 3372 929 3428 magna
981 3358 1269 3413 devotione
1320 3367 1665 3429 rogaverunt.
1721 3361 1849 3416 Dies

256 3454 379 3501 erat
407 3447 696 3513 dominica,
729 3456 893 3517 atque
937 3449 1071 3505 hora
1113 3449 1219 3503 diei
1250 3450 1430 3515 tertia,
1479 3450 1694 3520 quando
1722 3450 1850 3507 illuc

258 3541 458 3598 allatus
486 3550 569 3597 est
600 3561 612 3595 :
654 3541 937 3612 jacuitque
983 3543 1057 3598 ibi
1087 3558 1260 3612 usque
1297 3544 1364 3598 ad
1393 3543 1581 3599 horam
1627 3558 1846 3599 nonam.

258 3631 505 3704 Cumque
548 3633 786 3689 ofﬁcium
831 3632 1075 3702 ejusdem
1117 3633 1265 3688 liora:
1292 3649 1321 3688 a
1351 3633 1566 3689 clericis
1593 3642 1740 3690 esset
1764 3650 1853 3690 so-

259 3720 520 3780 lemniter
556 3724 861 3794 impletum,
892 3738 1020 3780 ecce
1047 3725 1113 3780 de
1145 3741 1333 3796 capsa,
1359 3742 1480 3797 qua:
1502 3741 1686 3781 sacras
1705 3724 1851 3782 beati

259 3821 520 3891 martyris
553 3820 815 3891 reliquias
850 3820 1183 3886 continebat,
1220 3827 1366 3874 tanta
1411 3818 1718 3875 suavissimi
1767 3827 1851 3873 at-

260 3929 370 3984 que
413 3912 611 3968 insueti
663 3913 848 3969 odoris
888 3910 1183 3984 fragrantia
1234 3911 1518 3984 egrediens
1565 3911 1644 3967 sic
1685 3919 1855 3966 totam

265 4002 493 4058 oratorii
533 4002 783 4058 cellulam
807 4001 1069 4072 implevit,
1097 4013 1160 4056 ut
1194 4001 1248 4055 in
1274 4001 1687 4057 admirationem
1718 3999 1855 4070 ejus,

261 4112 456 4152 omnes
483 4095 577 4166 qui
604 4095 852 4158 aderant,
896 4095 1277 4150 incunctanter
1303 4105 1675 4163 assurgerent,
1706 4109 1769 4148 ac
1800 4108 1859 4148 se

260 4195 473 4249 mutuo,
502 4202 571 4239 an
597 4184 740 4239 idem
770 4197 960 4240 omnes
1004 4184 1282 4253 aequaliter
1321 4185 1610 4251 sentirent,
1643 4185 1858 4240 curiosa

262 4274 696 4345 interrogatione
761 4274 1165 4344 perquirerent.
1243 4273 1377 4329 Cum
1435 4274 1613 4329 subito
1676 4272 1863 4329 vident

262 4382 410 4433 eum,
437 4366 528 4435 qui
551 4364 706 4434 juxta
746 4365 984 4436 iacebat,
1018 4365 1170 4421 velut
1200 4382 1231 4420 a
1261 4367 1589 4439 quibusdam
1624 4367 1862 4422 tenenti-

267 4460 372 4514 bus
400 4458 583 4524 trahi;
620 4466 676 4513 et
705 4459 974 4525 membra,
1002 4472 1122 4528 qua:
1150 4459 1341 4513 morbo
1370 4467 1529 4514 erant
1553 4466 1857 4515 contracta,

265 4547 483 4603 extendi
516 4566 529 4601 :
569 4547 1039 4620 intelligentesque
1069 4549 1308 4603 divinam
1351 4549 1542 4604 adesse
1569 4548 1852 4615 virtutem,

265 4640 508 4695 tulerunt
545 4640 842 4707 hominem,
886 4650 941 4695 et
985 4656 1168 4697 coram
1214 4640 1372 4695 altari
1427 4641 1852 4696 collocaverunt.

267 4731 369 4799 Qui
401 4747 521 4786 cum
550 4731 623 4786 ibi
653 4733 879 4802 positus,
911 4748 1036 4786 cum
1076 4732 1262 4786 multis
1307 4732 1565 4801 lacrymis
1606 4732 1852 4788 divinum

267 4824 580 4897 imploraret
607 4825 888 4891 auxilium,
929 4825 1139 4880 cunctis
1180 4824 1528 4880 cernentibus
1558 4824 1630 4880 ita
1671 4841 1853 4882 corrc-

267 4924 391 4970 ctus
418 4924 603 4982 estut,
636 4915 728 4985 qui
753 4916 1003 4971 manibus
1042 4915 1234 4971 alienis
1258 4917 1548 4972 subvectus
1583 4917 1636 4972 in
1672 4925 1853 4973 orato-

271 5006 410 5060 rium
433 5016 679 5071 venerat,
710 5005 947 5077 propriis
985 5005 1213 5076 pedibus
1238 5005 1305 5061 de
1328 5006 1568 5061 oratorio
1595 5007 1856 5077 procede-

270 5105 374 5151 ret.
408 5096 803 5152 Testimonium
832 5104 1012 5151 tamen
1040 5111 1205 5167 quam
1224 5112 1515 5167 perpessus
1542 5104 1625 5152 est
1648 5098 1858 5167 passio-

272 5185 381 5252 nis,
412 5186 588 5241 adhuc
614 5185 669 5240 in
702 5199 799 5240 suo
820 5200 1050 5256 corpore
1083 5184 1437 5240 circumferre
1464 5187 1814 5256 cognoscitur
1840 5205 1853 5241 :

273 5290 401 5328 nam
425 5291 585 5332 crure
609 5292 674 5331 ac
715 5274 851 5346 pede
877 5275 1098 5331 sinistro
1123 5275 1202 5329 sic
1237 5282 1425 5344 postea
1451 5274 1773 5331 claudicavit
1798 5286 1860 5332 ut

276 5367 342 5421 ad
392 5369 684 5439 regendum
732 5369 1008 5426 incessum
1050 5367 1242 5426 baculo
1286 5382 1497 5440 semper
1539 5368 1853 5438 indigner-it.

354 5556 380 5583 ιι
418 5543 775 5617 Teutonicum
806 5560 1000 5617 nomen
1023 5563 1165 5617 (egre
1196 5545 1518 5601 crediderim
1546 5544 1765 5599 allatum
1796 5561 1862 5617 ex

283 5612 527 5684 Graacia,
580 5615 673 5670 sed
712 5615 913 5684 potius,
937 5618 992 5671 in
1020 5612 1307 5672 Gérmania
1353 5624 1723 5684 assumptum;
1758 5616 1862 5670 nisi

284 5683 427 5755 forte
464 5684 750 5755 legendum
778 5685 849 5737 sit
876 5683 1112 5741 Grrrcius
1147 5702 1241 5741 seu
1281 5683 1623 5755 Grrrricns’is,
1676 5686 1729 5741 id
1758 5696 1861 5754 cst,

288 5754 488 5810 Gra'cit'
517 5752 573 5809 in
608 5752 790 5823 Styria
819 5762 996 5809 natus.

1949 3285 2100 3331 tanta
2129 3273 2395 3330 miracula
2420 3274 2490 3329 ad
2518 3273 2747 3329 salutem
2774 3272 3084 3327 mortalium
3105 3273 3320 3341 operari
3349 3270 3542 3342 digua~

1951 3376 2039 3423 tus
2066 3375 2169 3421 est.
2375 3376 2381 3381 ”

2022 3455 2110 3510 64.
2149 3455 2281 3511 Erat
2309 3454 2365 3509 in
2407 3453 2601 3509 eodem
2626 3453 2749 3508 vico
2793 3467 2975 3508 caecus
3011 3452 3231 3522 quidam
3270 3460 3544 3522 provecta:

1952 3548 2151 3613 aetatis,
2182 3546 2296 3616 qui,
2328 3555 2391 3600 ut
2419 3545 2536 3614 ipse
2567 3544 2869 3609 asserebat,
2892 3551 3022 3598 ante
3044 3542 3338 3598 triennium
3364 3544 3544 3598 subita

1954 3639 2200 3694 caecitate
2247 3650 2541 3707 percussus
2562 3676 2578 3701 ,
2633 3635 2778 3690 inter
2828 3634 2964 3689 alios
3014 3648 3284 3704 pauperes
3340 3634 3541 3703 stipem

1954 3730 2196 3787 ostiatim
2223 3728 2536 3784 mendicare
2563 3725 2789 3782 solebat.
2820 3725 2872 3781 ls
2907 3740 3028 3780 cum
3060 3725 3113 3780 in
3140 3725 3415 3796 tuguriolo
3444 3740 3545 3779 suo

1956 3819 2237 3883 dormiret,
2264 3817 2401 3872 vidit
2423 3832 2520 3888 per
2544 3830 2794 3886 soporem
2823 3816 3111 3885 quemdam
3142 3815 3247 3871 sibi
3279 3815 3543 3871 assisten~

1957 3917 2066 3967 tem
2107 3917 2270 3978 atque
2308 3909 2577 3965 dicentem
2620 3917 2700 3973 ut,
2737 3910 2783 3964 si
2820 3910 3003 3966 videre
3029 3909 3211 3976 vellet,
3257 3910 3327 3965 ad
3351 3916 3539 3966 orato-

1961 4000 2102 4055 rium
2142 4007 2387 4055 nostrum
2412 3999 2545 4065 iret;
2576 3999 2648 4055 ibi
2673 4014 2793 4057 esse
2814 4001 3101 4063 medicum,
3134 4000 3225 4070 qui
3248 4015 3296 4056 ei
3325 4001 3545 4072 roganti

1959 4089 2140 4145 lumen
2199 4089 2427 4145 reddere
2499 4091 2782 4161 potuisset.
2839 4089 3042 4145 [ienuit
3096 4090 3206 4158 ille,
3255 4098 3310 4147 et
3363 4091 3547 4147 lumen

1961 4184 2107 4254 quod
2152 4181 2483 4239 offerebatur
2531 4184 2872 4240 abominatus
2920 4203 2934 4240 :
2987 4205 3005 4238 ι
3060 4183 3230 4254 Quid,
3269 4187 3367 4252 ait,
3413 4186 3549 4241 mihi

1964 4291 2110 4332 nunc
2157 4290 2282 4331 cum
2315 4277 2454 4342 visu,
2505 4291 2666 4346 quem
2716 4275 2832 4347 jam
2874 4277 3005 4334 olim
3057 4278 3308 4348 perdidi?
3359 4278 3550 4334 Melius

1965 4366 2227 4447 mihiest,
2267 4367 2314 4421 si
2356 4381 2422 4422 eo
2466 4382 2716 4432 caruere,
2766 4383 2929 4437 quam
2976 4367 3023 4422 si
3072 4367 3333 4423 habuero.
3390 4368 3549 4424 Modo

1968 4459 2363 4514 mendicantem
2411 4475 2600 4514 omnes
2636 4460 2948 4525 exaudiunt,
2974 4467 3030 4515 et
3052 4475 3116 4516 ea
3146 4475 3268 4530 quae
3300 4474 3550 4515 necessa-

1961 4551 2040 4607 ria
2086 4559 2234 4617 sunt,
2282 4559 2579 4623 praestant:
2628 4568 2756 4609 nam
2781 4553 3051 4609 videntem
3087 4553 3398 4609 mendicare
3440 4568 3547 4608 non

1960 4643 2151 4727 decctx;
2181 4657 2346 4699 senex
2375 4650 2554 4698 autem
2575 4651 2632 4698 et
2666 4642 2858 4699 debilis
2877 4645 3091 4714 operari
3115 4660 3223 4698 non
3246 4659 3484 4714 possum.
3520 4662 3542 4696 ι

1959 4763 2030 4773 -
2060 4731 2197 4788 Tum
2227 4733 2317 4787 ille
2354 4733 2445 4804 qui
2472 4749 2595 4788 cum
2629 4748 2695 4789 eo
2715 4733 3036 4803 loquebatur
3062 4752 3074 4787 :
3107 4751 3126 4784 ‹
3154 4733 3322 4799 Vade,
3348 4733 3547 4803 inquit,

1959 4832 2016 4880 et
2040 4824 2153 4881 noli
2193 4824 2431 4890 morari;
2466 4838 2616 4889 nam,
2647 4823 2783 4879 velis
2825 4824 2984 4890 nolis,
3014 4824 3191 4880 visum
3231 4833 3551 4895 recepturus

1960 4932 2039 4971 es.
2079 4937 2097 4969 ι
2146 4914 2334 4970 Paruit
2376 4914 2465 4970 ille
2512 4915 2822 4986 imperanti,
2859 4916 3206 4986 perrexitque
3249 4917 3318 4971 ad
3360 4927 3549 4974 orato-

1963 5006 2124 5070 rium,
2160 5014 2323 5075 atque
2372 5005 2426 5059 in
2468 5020 2534 5060 co
2578 5006 2947 5075 pernoctavit;
2996 5016 3053 5062 et
3094 5022 3217 5061 cum
3255 5007 3347 5061 illa
3388 5017 3549 5064 nocte

1961 5099 2095 5154 nihil
2125 5106 2271 5154 esset
2299 5097 2525 5165 factum,
2563 5099 2632 5154 ad
2658 5099 2934 5169 tuguriqu
2966 5116 3125 5156 suum
3163 5116 3416 5156 reversus
3441 5110 3547 5157 est.

1962 5188 2060 5244 Cui
2090 5189 2266 5245 denuo
2294 5189 2340 5243 is
2370 5189 2464 5259 qui
2512 5189 2667 5258 prius
2714 5204 2814 5259 per
2867 5205 3120 5260 soporem
3175 5192 3448 5262 apparuit,
3493 5199 3551 5247 et

1964 5279 2214 5335 similiter
2237 5287 2298 5333 ut
2322 5287 2447 5335 ante
2473 5280 2859 5351 imperaverat,
2888 5281 2955 5336 ad
2982 5282 3285 5341 oratorium
3322 5296 3551 5352 pergere

1962 5372 2237 5442 praecepit.
2283 5372 2435 5427 Fecit
2478 5372 2587 5437 ille,
2633 5381 2697 5427 ut
2729 5370 2916 5442 jussus
2948 5372 3146 5439 fuerat.
3189 5374 3285 5431 sed
3318 5389 3386 5430 ne
3421 5382 3551 5430 tunc

2035 5553 2064 5592 ι)
2102 5551 2365 5627 Iuliacum
2386 5590 2399 5615 ,
2428 5548 3137 5627 pppidum_n}nnitiss_imum
3164 5565 3287 5627 cum
3306 5563 3472 5627 arce.
3494 5556 3553 5627 ct

1965 5620 2380 5749 Eajlmtillustris
2410 5619 2639 5677 ducatus
2682 5619 3005 5677 Juliaccusis
3032 5621 3134 5678 sub
3172 5619 3550 5677 arcbidimccsi

2009 5712 2041 5748 υ
2064 5708 2290 5748 unumst.
