3976 6170
264 197 377 308 .577
1089 243 1267 299 HIST.
1313 239 1703 297 TRANSLAT.
1747 240 1852 296 BB.
1893 236 2319 296 MARCELLINI
2357 237 2448 293 ET
2482 237 2709 293 PETRI.

3440 235 3546 298 578

288 362 489 436 quidem
522 354 727 429 aliquid
751 363 933 413 actum
969 364 1070 411 est.
1118 355 1304 410 Tertio
1336 368 1465 410 vero
1493 351 1858 408 commonitus
1885 361 1933 423 Α
1960 355 2208 405 nostrum
2235 347 2557 418 inquireret,
2592 347 2754 417 inque
2780 358 2925 401 eose
2954 344 3204 403 collocari
3224 344 3448 416 faceret,
3492 359 3549 406 et

292 457 439 521 renit,
466 461 521 508 et
546 451 638 507 ubi
662 465 847 507 coram
881 449 1041 505 altari
1068 449 1135 504 ad
1161 447 1425 503 orandum
1455 460 1515 501 se
1541 443 1854 516 prostravit,

292 550 448 605 risum
485 542 710 612 recepit.
746 540 902 596 Hunc
927 555 1047 606 nos,
1089 540 1218 597 dum
1266 540 1443 595 adhuc
1480 552 1659 595 caecus
1694 542 1859 602 esset,

287 639 414 699 inter
447 635 587 692 alios
627 647 896 704 pauperes
938 647 1007 688 ac
1035 632 1243 688 debiles
1280 630 1559 687 multoties
1601 629 1658 684 in
1702 628 1862 683 domo

288 741 457 794 nostra
480 726 884 784 mendicantem
907 724 1180 779 vidimus:
1206 723 1436 791 ideoque
1457 720 1627 775 alium
1659 717 1860 773 illumi-

284 819 506 881 nationis
530 816 649 887 ejus
676 822 872 870 testem
903 828 1013 868 non
1053 812 1420 882 quaesivimus,
1448 809 1576 879 quia
1611 806 1863 864 sutiicere

284 912 425 971 nobis
469 907 830 965 credebamus
875 903 1244 960 testimonium
1293 916 1401 957 non
1451 898 1692 954 fallentis
1729 913 1862 954 con-

283 1002 511 1062 scientia:
535 1007 756 1057 nostrae.

340 1094 425 1151 65.
468 1092 607 1149 Cum
649 1105 719 1147 ex
765 1091 853 1145 his
894 1088 1126 1159 aliisque
1175 1086 1550 1157 compluribus
1597 1085 1863 1140 virtutum

277 1185 693 1258 operationibus,
743 1197 843 1252 per
894 1180 1311 1250 circumpositos
1361 1180 1513 1234 vicos
1559 1188 1615 1232 et
1666 1189 1860 1246 pagos,

277 1272 522 1330 salutaris
546 1271 690 1327 fama
718 1270 1108 1332 crebresceret,
1134 1268 1330 1323 mulier
1354 1267 1606 1338 quietiam
1634 1265 1700 1320 de
1722 1278 1863 1335 pago

280 1363 597 1420 Ribuarensi
632 1374 694 1427 ι,
721 1359 894 1415 multo
911 1358 1026 1428 jam
1062 1366 1307 1430 tempore
1333 1373 1496 1422 caeca,
1528 1356 1707 1412 visum
1732 1356 1866 1410 reci—

276 1455 452 1525 piendi
500 1460 557 1509 et
597 1451 931 1508 desiderium
957 1450 1121 1505 simul
1147 1462 1203 1505 et
1244 1449 1498 1505 ﬁduciam
1525 1448 1756 1512 habens,
1797 1446 1865 1502 ad

279 1551 635 1601 memoratum
659 1541 963 1599 oratorium
1005 1554 1063 1595 se
1105 1539 1318 1610 rogavit
1362 1538 1579 1594 adduci.
1622 1536 1866 1606 Cumque

278 1635 366 1691 illo
390 1634 655 1699 venisset,
679 1640 793 1690 tres
835 1640 980 1688 totos
1005 1631 1139 1696 dies,
1186 1630 1521 1699 totidemque
1549 1636 1738 1684 noctes
1764 1628 1867 1682 ibi-

278 1728 396 1784 dem
432 1728 643 1783 orando
668 1734 727 1781 et
765 1723 1062 1795 jejunando
1089 1721 1447 1777 continuavit.
1495 1717 1605 1776 Sed
1644 1734 1767 1775 cum
1799 1719 1868 1773 ad

277 1832 518 1887 praesens
552 1814 760 1871 nullum
800 1814 857 1868 in
887 1828 946 1869 se
988 1820 1259 1881 exoptata
1305 1810 1559 1867 sanitatis
1607 1808 1870 1864 sensisset

278 1909 557 1972 indicium,
593 1908 815 1963 domum
843 1906 1068 1961 reducta
1110 1910 1222 1971 est;
1256 1903 1554 1973 paucisque
1580 1900 1869 1971 interposi-

278 2000 346 2054 tis
375 1999 586 2063 diebus,
628 2012 725 2067 spe
750 1996 1049 2066 recipiendi
1091 1995 1311 2051 luminis
1334 1995 1483 2050 haud
1508 2006 1647 2048 vane
1670 2003 1869 2047 conce-

277 2098 393 2158 pta,
431 2090 627 2145 iterum
666 2103 727 2144 se
768 2088 837 2143 ad
867 2100 1056 2143 sacras
1099 2084 1357 2155 reliquias
1402 2082 1599 2139 deduci
1632 2080 1865 2153 rogavit.

277 2181 396 2249 Quo
421 2197 547 2238 cum
574 2182 643 2236 ab
667 2194 778 2235 uno
814 2193 991 2250 puero
1012 2177 1305 2233 duceretur
1339 2205 1409 2216 --
1451 2189 1579 2229 nam
1603 2175 1695 2244 qui
1721 2171 1872 2244 prius

276 2285 400 2326 eam
451 2270 545 2327 illo
581 2269 944 2332 deduxerunt,
991 2279 1146 2336 spem
1192 2265 1313 2335 ejus
1351 2263 1500 2318 velut
1548 2263 1766 2318 inanem
1806 2276 1872 2315 ac

274 2374 674 2433 supervacuam
693 2359 1023 2431 iudicantes,
1054 2356 1286 2411 ulterius
1309 2370 1434 2411 cum
1457 2355 1545 2409 illa
1578 2355 1660 2409 ire
1685 2353 1875 2409 nolue-

275 2461 409 2508 runt
434 2480 514 2492 -—-
551 2450 645 2505 ubi
674 2448 744 2503 ad
777 2447 1154 2503 cmmeterium
1183 2445 1453 2515 Aquensis
1488 2444 1698 2514 palatii,
1731 2444 1874 2512 quod

269 2544 329 2597 in
374 2549 591 2605 monte,
622 2540 714 2609 qui
752 2537 930 2595 eidem
966 2537 1089 2594 vico
1119 2538 1188 2593 ab
1215 2536 1466 2593 orientali
1503 2542 1659 2605 parte
1690 2535 1875 2590 immi-

272 2641 395 2695 net,
446 2631 618 2686 situm
663 2640 770 2696 est,
822 2628 1014 2685 eodem
1063 2629 1360 2685 comitante
1412 2637 1577 2698 atque
1622 2628 1873 2694 ducente,

277 2721 557 2792 pervenit,
588 2721 683 2788 ibi,
729 2721 886 2791 quasi
911 2721 1166 2776 obviante
1190 2720 1293 2776 sibi
1331 2719 1514 2775 divina
1556 2719 1754 2790 gratia,
1786 2718 1877 2773 diu

277 2813 655 2871 desideratum
679 2812 861 2868 lumen
886 2811 1110 2881 recepit.
1144 2811 1281 2866 Tum
1303 2810 1516 2866 mirans
1541 2818 1707 2881 atque
1733 2817 1877 2864 atto-

278 2904 395 2957 nita
421 2902 693 2967 constitit,
718 2915 996 2973 pueroque
1022 2901 1239 2956 ducenti
1265 2908 1325 2955 ut
1349 2908 1672 2971 sequeretur
1699 2900 1875 2970 impe-

280 2997 429 3053 ravit
452 3013 470 3050 :
527 3013 546 3047 ‹
577 2995 873 3060 Hactenus,
904 2994 1175 3064 inquiens,
1204 3009 1313 3063 quo
1335 3001 1393 3048 tu
1433 2994 1747 3064 praecedens
1779 2992 1877 3047 du-

1960 449 2091 496 ante
2124 440 2364 496 triduum
2412 439 2742 509 completum
2767 439 2892 495 inde
2928 454 3034 495 non
3060 440 3341 497 recederet
3389 460 3402 495 :
3445 443 3550 499 hoc

1960 530 2123 586 modo
2143 529 2445 600 plenariam
2470 543 2594 584 eum
2617 537 3037 584 consecuturum
3059 530 3370 587 sanitatem.
3393 531 3551 599 Quod

1964 622 2060 679 ubi
2084 623 2136 677 ei
2167 622 2549 677 annuntiatum
2571 628 2676 687 est,
2719 621 3028 677 convocatis
3063 622 3255 678 amicis
3275 637 3341 679 ac
3368 624 3556 694 proxi-

1962 711 2086 777 mis,
2118 711 2277 781 petiit
2298 722 2359 765 ut
2391 726 2523 781 erga
2551 725 2611 765 se
2634 710 2777 765 illius
2824 711 3174 767 revelationis
3206 712 3361 784 jussa
3404 727 3557 771 com-

1961 801 2193 872 plerent.
2234 800 2337 868 Qui
2366 816 2494 856 mox
2514 799 2764 869 jumento
2792 801 3125 872 impositum,
3152 803 3221 859 ad
3248 804 3551 860 oratorium

1964 897 2269 963 adducunt;
2294 905 2456 966 atque
2488 895 2541 950 in
2584 910 2668 961 eo,
2701 905 2760 951 ut
2794 894 3008 965 iussum
3038 895 3234 964 fuerat,
3281 896 3557 955 collocan«

1964 999 2069 1056 tes,
2093 991 2309 1055 abeunt,
2334 998 2460 1061 post
2497 990 2737 1047 triduum
2772 991 3066 1046 reversuri.
3097 992 3190 1048 Ille
3226 1001 3408 1049 autem
3450 994 3554 1050 ibi-

1962 1083 2090 1138 dem
2127 1083 2403 1148 dimissus,
2449 1097 2549 1153 per
2587 1092 2699 1138 tres
2722 1082 2838 1139 dies
2860 1092 2916 1138 et
2936 1093 3145 1151 noctes,
3192 1086 3423 1142 Domino
3457 1101 3558 1157 pro

1964 1172 2158 1229 salutis
2209 1186 2320 1228 suae
2347 1173 2759 1243 recuperatione
2784 1172 2928 1227 haud
2958 1174 3196 1230 inaniter
3220 1176 3556 1246 supplicans,

1966 1264 2040 1319 ita
2081 1263 2323 1334 perfecte
2351 1272 2576 1319 sanatus
2597 1272 2702 1330 est,
2753 1271 2815 1318 ut
2841 1264 3047 1319 nullum
3074 1264 3131 1319 in
3178 1266 3292 1320 suis
3334 1266 3558 1322 visceri-

1964 1355 2067 1411 bus
2123 1356 2320 1422 morbi,
2361 1370 2470 1425 quo
2515 1354 2686 1410 multo
2722 1364 2968 1426 tempore
3020 1357 3328 1423 tenebatur,
3352 1371 3561 1414 assere-

1968 1453 2053 1501 ret
2077 1446 2403 1501 remansisse
2440 1446 2755 1517 vestigium.
2783 1445 2908 1502 Suis
2930 1447 3098 1517 igitur
3123 1449 3265 1504 sicut
3290 1449 3558 1518 promise-

1966 1545 2092 1593 rant
2115 1537 2184 1591 ad
2212 1551 2271 1592 se
2297 1536 2560 1602 reversis,
2607 1551 2673 1592 ac
2700 1552 2892 1592 sanum
2923 1537 3065 1593 sicut
3110 1547 3432 1609 optaverant
3478 1540 3564 1594 in-

1968 1630 2333 1695 venientibus,
2381 1643 2491 1684 non
2540 1629 2702 1684 dorso
2747 1627 3005 1699 jumenti,
3061 1638 3124 1684 ut
3175 1637 3422 1696 venerat,
3463 1630 3562 1685 sed

1895 1713 1943 1773 B
1969 1722 2169 1792 pedum
2191 1736 2413 1776 suorum
2455 1719 2631 1775 cilicio
2668 1721 2736 1775 ad
2782 1722 3020 1791 propria,
3075 1736 3199 1776 cum
3247 1722 3454 1792 ingenti
3506 1730 3564 1777 et

1967 1823 2067 1864 sua
2112 1816 2169 1862 et
2221 1807 2439 1865 illorum
2481 1808 2843 1880 gratulatione
2895 1816 3058 1879 atque
3105 1809 3313 1876 laetitia,
3350 1824 3563 1882 regres-

1967 1914 2062 1955 SIIS
2089 1907 2193 1955 εει.

2038 1990 2127 2044 6⁵1.
2150 1990 2248 2046 Est
2282 1991 2413 2047 item
2442 1991 2643 2048 fundus
2670 1991 2854 2063 regius
2880 1991 2935 2045 in
2956 2005 3099 2063 pago
3150 1990 3396 2057 Mosano,
3432 1999 3559 2049 octo

1969 2081 2190 2137 circiter
2217 2081 2387 2138 leucis
2409 2082 2479 2137 ab
2507 2082 2748 2153 Aquensi
2790 2081 2911 2137 vico
2948 2082 3279 2151 disparatus,
3328 2081 3567 2153 Ganglu-

1970 2172 2076 2227 den
2099 2183 2122 2211 ο
2146 2170 2483 2229 habitatores
2508 2173 2787 2243 appellant
2815 2191 2828 2226 :
2860 2172 2917 2227 in
2943 2187 3052 2242 quo
3073 2172 3268 2227 mulier
3291 2175 3564 2243 quaedam,

1973 2278 2098 2334 qua:
2131 2272 2259 2319 octo
2292 2264 2407 2319 fere
2429 2258 2698 2319 annOrum
2722 2264 2892 2319 ﬁliam
2914 2265 3029 2319 dira
3052 2265 3321 2336 paralySIs
3349 2268 3566 2338 aegritu-

1973 2354 2100 2410 dine
2125 2358 2264 2412 adeo
2292 2355 2599 2412 confectam
2627 2356 2884 2421 habebat,
2925 2354 3113 2424 utjam
3141 2370 3211 2411 ex
3240 2355 3401 2427 longo
3430 2365 3569 2412 tem-

1973 2458 2107 2515 pere
2145 2443 2349 2499 nullum
2398 2460 2539 2516 pene
2575 2447 2880 2502 membrum
2905 2448 2971 2501 ad
3000 2446 3235 2502 otﬁcium
3267 2463 3425 2504 suum
3451 2464 3567 2504 ωσι

1975 2549 2104 2590 vere
2150 2536 2436 2605 potuisset.
2489 2537 2689 2592 Audita
2731 2538 2994 2592 virtutum
3050 2537 3230 2605 fama,
3288 2555 3443 2610 spem
3502 2541 3571 2596 de

1975 2628 2345 2698 recuperanda
2373 2628 2497 2683 ﬁliae
2517 2629 2689 2684 salute
2703 2630 2794 2699 pio
2814 2630 2978 2685 corde
2995 2631 3246 2700 concepit
3265 2649 3279 2696 ;
3297 2632 3574 2702 protinus-

1974 2734 2084 2790 que
2141 2719 2411 2776 sublatam
2439 2721 2586 2777 ulnis
2605 2723 2863 2793 propriis,
2886 2720 2954 2779 ad
2995 2733 3351 2779 memoratum
3383 2732 3570 2780 orato-

1976 2810 2117 2863 rium
2142 2809 2433 2879 deportare
2449 2812 2679 2879 curavit.
2718 2811 2851 2879 Qua:
2879 2828 3001 2867 cum
3026 2812 3118 2867 illo
3143 2814 3575 2869 antemeridiano

1978 2906 2241 2969 tempore,
2286 2901 2420 2955 hora
2440 2900 2693 2957 videlicet
2721 2902 2955 2972 prandii,
2988 2904 3345 2973 pervenisset,
3387 2914 3444 2964 et
3463 2905 3576 2962 cle-

1976 2988 2218 3044 ricorum
2267 2991 2541 3046 neminem
2579 2992 2783 3047 ibidem
2836 2992 3139 3049 invenisset
3171 3025 3243 3035 -—
3276 3012 3403 3050 nam
3444 2997 3574 3052 reﬁ-

280 3088 452 3144 cebas
479 3094 668 3141 secuta
699 3100 844 3150 sum,
867 3084 1028 3139 modo
1059 3090 1240 3139 autem
1270 3092 1362 3139 tuo
1384 3082 1549 3138 ductu
1577 3098 1687 3138 non
1708 3096 1875 3153 egeo;
1906 3073 1951 3135 C
1983 3079 2160 3135 ciendi
2212 3096 2379 3137 causa
2416 3081 2579 3152 paulo
2606 3081 2733 3138 ante
2776 3082 3146 3139 discesserant
3172 3113 3241 3124 —-
3270 3094 3452 3141 tamen
3495 3086 3579 3141 in-

282 3179 413 3248 quia
437 3177 605 3241 viam,
634 3190 740 3245 qua
783 3174 864 3229 ire
889 3173 1171 3239 debemus,
1215 3172 1371 3227 video
1396 3189 1411 3237 ;
1448 3179 1504 3227 et
1528 3173 1674 3227 hunc
1695 3172 1875 3226 vicum

284 3269 341 3323 in
368 3283 481 3337 quo
508 3280 680 3323 sacra:
702 3263 946 3334 reliquiae
969 3270 1120 3329 sunt,
1151 3263 1219 3317 ad
1239 3277 1376 3332 quas
1396 3262 1582 3316 venire
1613 3261 1878 3331 disposui,

285 3365 522 3422 Domino
571 3361 880 3432 adiuvante,
932 3359 1228 3429 conspicio.
1273 3358 1354 3413 Tu
1405 3365 1615 3413 tantum
1653 3357 1778 3412 vide
1806 3366 1881 3412 .et

287 3467 447 3518 cura,
486 3459 550 3506 ut
581 3465 667 3505 me
704 3456 855 3504 recta
896 3447 984 3502 via
1013 3446 1082 3501 ad
1128 3445 1427 3501 oratorium
1479 3454 1784 3516 martyrum
1827 3445 1883 3500 in

287 3543 407 3613 ipso
428 3542 559 3597 vico
598 3539 851 3595 adducas.
889 3557 909 3590 ι
950 3536 1047 3592 His
1094 3536 1277 3603 dictis,
1326 3536 1396 3592 ad
1422 3536 1723 3591 oratorium
1765 3550 1883 3607 per-

287 3630 452 3696 rexit,
497 3628 709 3701 gratias
750 3627 881 3697 egit,
930 3624 1172 3695 factique
1219 3626 1276 3680 in
1319 3639 1380 3681 se
1430 3625 1680 3680 miraculi
1728 3625 1887 3682 nobis

289 3723 557 3781 indicium
581 3721 731 3788 fecit,
761 3720 1058 3789 vidensque
1089 3725 1142 3775 et
1181 3718 1422 3790 gaudens
1441 3718 1510 3774 ad
1548 3719 1768 3789 propria
1800 3732 1886 3773 re-

288 3814 515 3870 meavit.

369 3906 461 3961 66.
512 3903 856 3961 Ascvilarem
911 3902 941 3943 δ
992 3908 1194 3957 vocant
1236 3899 1468 3958 fundum
1509 3897 1720 3968 regium
1749 3935 1764 3961 ,
1818 3897 1887 3952 ab

287 3996 533 4066 Aquensi
590 3994 791 4065 palatio
845 3999 1083 4062 quatuor
1116 3990 1410 4061 .leugarum
1455 3988 1632 4058 spatio
1681 3987 1890 4043 distan-

290 4096 425 4154 tem,
444 4089 505 4143 in
526 4101 643 4158 quo
664 4086 881 4156 quidam
904 4086 1069 4140 homo
1088 4080 1442 4138 eratdiutina
1462 4080 1889 4150 praecordiorum

288 4178 621 4236 inﬁrmitate
665 4178 913 4234 detentus
938 4184 1103 4246 atque
1130 4174 1422 4239 laborans;
1446 4172 1670 4244 jamque
1698 4187 1729 4227 a
1772 4172 1890 4228 suis

290 4282 357 4322 eo
398 4270 568 4324 modo
614 4268 930 4337 desperatus
948 4307 963 4332 ,
1001 4273 1062 4320 ut
1082 4280 1192 4320 non
1214 4264 1375 4319 aliter
1398 4263 1504 4319 nisi
1530 4263 1774 4319 cauterio
1794 4277 1889 4319 cu-

1987 3179 2286 3241 trogressa,
2333 3170 2501 3226 ﬁliam
2525 3172 2681 3242 juxta
2725 3186 2786 3228 se
2826 3188 2883 3227 in
2919 3173 3231 3244 pavimento
3270 3176 3574 3232 collocavit.

1982 3259 2105 3331 Ipsa
2136 3269 2316 3318 autem
2342 3277 2669 3332 perparvum
2700 3278 2938 3330 cereum,
3000 3281 3162 3337 quem
3201 3283 3301 3338 pro
3352 3285 3581 3327 munere

1983 3351 2275 3420 detulerat,
2301 3353 2628 3419 accendens,
2656 3362 2782 3409 ante
2803 3352 2948 3410 illam
2972 3356 3027 3411 in
3050 3357 3242 3414 eodem
3267 3361 3583 3430 pavimento

1982 3442 2184 3511 posuit,
2208 3457 2374 3514 seque
2421 3443 2488 3497 ad
2521 3444 2786 3498 orandum
2813 3460 2996 3501 coram
3048 3449 3220 3504 sacris
3271 3450 3578 3516 cineribus,

1985 3546 2110 3586 cum
2161 3546 2374 3586 summa
2406 3533 2693 3588 devotione
2732 3536 3047 3604 prostravit.
3104 3536 3220 3604 Quo
3251 3538 3416 3606 facto,
3462 3541 3581 3597 sine

1986 3621 2095 3676 ulla
2123 3622 2441 3692 interposita
2466 3638 2639 3689 mora,
2674 3624 2875 3694 puella,
2911 3641 3012 3696 per
3039 3642 3327 3696 supernam
3349 3631 3579 3698 gratiam

1985 3712 2229 3767 omnium
2256 3713 2625 3768 membrorum
2678 3716 2913 3769 sanitate
2955 3731 3019 3771 ac
3044 3717 3302 3774 ﬁrmitate
3334 3731 3574 3792 recepta,

1987 3814 2165 3860 matre
2227 3820 2335 3859 non
2384 3807 2655 3860 sentiente
2682 3846 2699 3872 ,
2757 3809 3044 3875 surrexit;
3103 3826 3431 3886 cereumque
3486 3821 3581 3888 qui

1987 3908 2174 3949 coram
2196 3907 2257 3947 se
2288 3894 2509 3963 iacebat
2547 3894 2782 3960 sustulit,
2836 3911 2901 3950 ac
2925 3906 3050 3968 post
3098 3909 3309 3974 tergum
3343 3906 3581 3976 jacentis

1990 3986 2254 4041 constitit.
2282 3986 2415 4053 Quae
2437 4001 2559 4041 cum
2580 3987 2827 4042 oratione
2853 3990 3146 4061 completa,
3180 3996 3344 4067 caput
3373 4000 3439 4056 de
3484 4017 3582 4073 pa-

1990 4083 2230 4136 vimento
2280 4081 2530 4147 levasset,
2587 4092 2642 4138 et
2671 4098 2775 4139 nec
2807 4098 3047 4153 cereum,
3079 4100 3181 4142 nec
3224 4086 3391 4146 ﬁliam
3421 4092 3477 4147 in
3516 4109 3583 4149 eo

1990 4192 2098 4248 quo
2150 4185 2408 4248 posuerat
2446 4177 2565 4233 loco
2610 4192 2732 4233 esse
2777 4177 3023 4247 vidisset,
3057 4182 3319 4250 surrexit,
3354 4200 3585 4242 conver-

1992 4285 2180 4339 saque,
2204 4268 2370 4324 ﬁliam
2408 4284 2546 4340 pone
2568 4285 2626 4326 se
2648 4286 2770 4326 cum
2797 4286 2957 4328 cereo
2986 4281 3241 4341 stantem,
3278 4277 3449 4333 Deum
3471 4279 3585 4335 lau-

292 4361 401 4415 rari
452 4373 626 4430 posse
670 4358 963 4413 videretur.
1000 4356 1277 4424 Quaeritur
1297 4356 1367 4410 ad
1410 4356 1514 4411 hoc
1536 4354 1804 4420 medicus,
1835 4363 1889 4411 et
1994 4359 2132 4414 dans
2179 4374 2244 4414 ac
2272 4359 2599 4427 iretabunda,
2642 4364 2941 4433 conspexit.
2990 4366 3160 4437 Igitur
3205 4385 3330 4425 cum
3377 4373 3583 4430 nullum

294 4451 495 4507 nationi
530 4465 651 4507 non
672 4448 970 4518 profutura:
996 4448 1114 4504 dies
1138 4447 1511 4504 constituitur.
1537 4447 1749 4503 Interea
1777 4449 1892 4504 cui-
1918 4440 1970 4501 D
1996 4450 2094 4517 ibi,
2143 4451 2230 4506 cui
2261 4451 2328 4506 de
2355 4450 2557 4507 virtute
2584 4467 2704 4523 qua:
2738 4462 2889 4524 gesta
2940 4455 3117 4512 fuerat
3144 4460 3348 4518 referre
3374 4473 3582 4534 posset,

292 4540 419 4599 dam
460 4540 712 4621 feminae,
756 4541 813 4596 in
840 4539 1053 4599 eodem
1077 4540 1242 4594 fundo
1263 4539 1548 4605 habitanti,
1595 4538 1651 4593 in
1682 4540 1895 4595 somnio
1996 4542 2188 4598 adesse
2211 4541 2438 4606 videret,
2469 4572 2541 4582 —
2560 4558 2686 4598 nam
2712 4548 2909 4614 praeter
2934 4561 3220 4617 pauperes,
3253 4552 3347 4621 qui
3378 4553 3582 4609 ibidem

294 4620 607 4687 revelatum
628 4638 727 4695 est.
760 4645 866 4686 non
887 4630 1086 4686 debere
1108 4629 1260 4684 illum
1289 4631 1358 4685 ad
1380 4645 1533 4684 suam
1556 4630 1896 4686 curationem
1997 4630 2337 4687 mendicandi
2369 4631 2544 4704 gratia
2572 4633 2937 4700 excubabant,
2987 4652 3148 4692 nemo
3193 4620 3333 4694 intra
3357 4644 3587 4700 oratorii

290 4722 567 4792 ejusmodi
618 4721 884 4779 medelam
927 4721 1234 4786 admittere,
1286 4734 1408 4789 qua:
1433 4729 1612 4791 et'pro
1649 4722 1735 4776 sui
1780 4736 1898 4777 mo—
1995 4724 2252 4794 parietes,
2287 4731 2513 4794 excepta
2556 4739 2616 4780 se
2644 4739 2707 4780 ac
2746 4723 2853 4780 ﬁlia
2885 4742 3003 4793 sua,
3036 4738 3165 4785 tunc
3193 4740 3333 4799 erat,
3366 4734 3586 4803 quando

295 4812 456 4870 lestia
508 4816 613 4871 vix
642 4813 860 4870 tolerari
902 4820 1107 4883 posset,
1130 4819 1188 4868 et
1213 4811 1341 4882 quia
1364 4826 1698 4881 supervacua
1724 4820 1892 4879 esset,
1994 4813 2127 4870 illud
2150 4814 2472 4870 miraculum
2514 4813 2718 4871 factum
2746 4824 2833 4872 est
2859 4850 2929 4859 —
2956 4819 3099 4876 votis
3128 4837 3250 4878 cum
3285 4823 3587 4896 gratiarum

294 4904 537 4963 salutem
593 4904 825 4974 patienti
878 4919 988 4959 non
1035 4902 1276 4959 aﬁ‘erret.
1325 4901 1597 4957 Caeterum
1637 4903 1682 4958 si
1731 4918 1896 4959 sanus
2000 4905 2212 4960 actione
2232 4905 2443 4973 solutis,
2467 4906 2686 4962 domum
2714 4902 2971 4965 cum'lilia
2988 4926 3120 4967 sana
3142 4919 3307 4984 atque
3330 4913 3589 4974 incolumi

297 4993 419 5050 ﬁeri
477 4996 673 5061 vellet,
728 4995 797 5050 ad
836 4994 1089 5066 Aquense
1132 4994 1391 5066 palatium
1427 4994 1550 5060 iret,
1599 4996 1901 5052 oratorium
2001 4996 2302 5067 repedavit.

373 5166 403 5195 ι
442 5153 704 5232 Bibuarii
741 5167 839 5209 seu
889 5153 1134 5232 Bipuarii
1162 5194 1177 5219 ,
1205 5169 1265 5232 __a
1306 5152 1428 5232 ripa
1482 5151 1657 5232 Rheni
1721 5158 1904 5232 custo-
2005 5152 2074 5208 ab
2108 5152 2280 5232 altero
2306 5151 2710 5232 duabus__l_eucis
2746 5168 3045 5225 remotiort,
3074 5160 3237 5232 vulgo
3256 5156 3573 5229 Holtzwt‘ler,

311 5205 703 5289 ῧίθηδεῖ-(Ῐῖἆῖξ
727 5205 1141 5293 ᾇᾶἇτυίιῖιῖὲέίἒὲ
1163 5205 1904 5293 Βιῖέηῧὸιοηίαλετίμρίρι
2006 5205 2149 5293 ἦῇοσ
2164 5205 2706 5293 ἐξείισάιῆθηῶδῖ
3086 5205 3234 5232 ·--ον
3256 5205 3588 5231 -ν--ννν-νυο

308 5302 429 5348 erat
464 5311 497 5373 ε⁸
530 5295 629 5373 sic
648 5291 789 5373 intra
832 5309 981 5373 num.
1019 5291 1089 5373 θῇ
1127 5294 1354 5355 dicitur,
1416 5291 1901 5373 haecmmetropolis
2025 5291 2040 5293 ί
2075 5305 2104 5373 _c
2149 5291 2370 5373 (iunget-2
2415 5302 2499 5373 est
2550 5295 2806 5373 oppidum
2842 5298 2959 5373 agri
2989 5294 3346 5373 Juliacensis,
3384 5316 3592 5373 exiquo

308 5378 431 5444 esse
482 5365 545 5444 in
597 5364 797 5420 ﬁnibus
847 5363 1231 5419 Ribnariorum
1256 5402 1272 5428 ,
1318 5376 1483 5432 super
1521 5360 1775 5417 Rhenum
1809 5377 1906 5433 po-
2009 5360 2921 5444 oriu_ndu§'.Jacob_us—Krietzradt
2945 5367 3208 5444 indicavit
3226 5360 3417 5444 nobis,
3447 5360 3593 5429 ea...

308 5434 498 5507 sitit-ﬂ"
614 5503 633 5507 _
744 5505 754 5507 A
955 5503 989 5507 __
1065 5502 1099 5507 η
1239 5502 1253 5507 _
1388 5431 1431 5507 λ
1513 5501 1535 5507 _
1575 5503 1609 5507 __
2013 5433 2210 5501 gluden
2244 5431 2412 5487 fuisse
2456 5434 2675 5507 circum
2699 5435 2831 5491 illud
2871 5436 3127 5507 oppidum
3158 5431 3466 5498 districiu'm
3495 5444 3595 5500 an-

380 5504 410 5544 ι)
447 5503 572 5559 IIoc
606 5503 1028 5578 fere_interv_allo
1048 5502 1214 5578 distat
1239 5502 1471 5578 locusin
1506 5501 1907 5578 Juliaccnsidi-
2012 5516 2177 5573 quem
2220 5510 2468 5578 certum,
2522 5512 2584 5578 et_
2631 5504 2711 5558 sic
2758 5501 2957 5578 smpiu's'
2999 5509 3257 5578 appellari
3308 5514 3395 5568 her
3446 5512 3595 5569 (and:

308 5573 462 5629 tione
511 5589 686 5656 prope
715 5575 1088 5655 Linnicbium,
1117 5573 1278 5643 vulgo
1306 5572 1486 5655 .Wiler
1526 5574 1744 5656 dictus;
1779 5573 1908 5629 olim
2014 5569 2128 5654 ian.
2160 5569 2302 5625 mille
2327 5612 2341 5637 ,
2382 5572 2640 5654 (ξαῃθειε,
2697 5569 2850 5633 εηάί
2887 5569 3279 5654 γαεήὶ’θει(ιιιθ
3329 5584 3452 5641 loca
3488 5585 3597 5643 dici

310 5643 459 5699 forte
490 5645 681 5700 addita
709 5647 831 5714 Asc,
863 5647 1008 5719 quod
1043 5658 1254 5700 cineres
1275 5643 1576 5715 signiﬁcat,
1621 5644 1908 5700 distinctus
2016 5641 2317 5697 funiculum
2358 5641 2647 5713 triplicem.

817 5685 831 5714 ν
863 5679 1008 5714 \‘uvu
1043 5679 1181 5700 υιιιυι
1195 5679 1254 5700 με
1275 5679 1576 5714 ῦιδιιιμιιαι,
1621 5679 1908 5700 ωδδιιιυιυθ
2016 5679 2317 5697 ιυιιιυωυω
2359 5679 2397 5698 ιι
2411 5679 2647 5713 ιιιιιννιιιο
