3904 6174
273 212 374 267 579

1549 196 1924 255 EGINHARDI
1965 194 2256 252 ABBATIS

3430 199 3540 254 580

341 322 508 392 Cujus
536 319 751 375 virtutis
786 318 1043 374 indicium
1071 314 1309 385 qualiter
1335 314 1403 368 ad
1443 327 1541 367 nos
1581 311 1849 382 perlatum
1881 316 1931 372 Α
1957 310 2128 364 nimio
2158 309 2401 364 dentium
2431 309 2643 371 dolore,
2677 323 2837 379 quem
2861 349 2874 373 ,
2907 313 2968 362 ut
2995 308 3110 377 ipse
3140 306 3390 370 dicebat,
3423 307 3544 362 diu-

272 415 365 478 sit,
414 412 604 482 paucis
651 410 998 479 expediam:
1027 407 1378 470 Cerwardus,
1421 404 1607 474 palatii
1661 403 1853 458 biblio—

275 503 565 564 thecarius,
590 500 674 554 cui
701 511 825 552 tunc
853 496 1112 566 temporis
1140 497 1306 550 etiam
1333 494 1694 564 palatinorum
1720 507 1852 560 ope-

273 610 392 649 rum
423 609 488 646 ac
513 598 912 646 structurarum
945 604 974 642 a
1001 603 1127 656 rege
1148 602 1279 642 cura
1305 585 1593 641 commissa
1625 591 1766 648 erat,
1789 583 1857 637 de

273 685 602 753 Noviomago
646 683 886 743 veniens,
918 681 1178 751 palatium
1205 680 1455 749 Aquense
1512 678 1747 746 petebat.
1806 673 1856 729 ls

274 790 398 828 cum
447 774 500 827 in
551 782 852 826 memorato
880 771 1047 824 tundo
1068 769 1299 838 quadam
1329 775 1487 822 nocte
1543 765 1855 828 mansisset,

274 863 523 933 quaesivit
569 862 638 915 ab
665 861 878 930 hospite
928 875 1048 924 suo,
1087 860 1129 913 si
1156 857 1357 927 aliquid
1385 855 1509 910 novi
1568 855 1634 909 de
1658 852 1860 921 palatio

273 968 450 1023 nuper
481 952 738 1005 audisset.
762 949 860 1003 Cui
884 949 970 1004 ille
996 968 1008 1001 :
1045 967 1062 998 ι
1111 947 1273 1011 Nihil,
1301 946 1494 1014 inquit,
1527 943 1688 997 modo
1720 941 1861 1010 apud

275 1045 480 1100 aulicos
510 1052 618 1096 tam
645 1040 857 1096 celebre
891 1047 996 1104 est,
1021 1053 1183 1108 quam
1204 1038 1356 1106 signa
1393 1043 1450 1089 et
1487 1033 1716 1087 virtutes
1741 1047 1862 1100 quae

275 1136 412 1190 ﬁunt
441 1137 494 1189 in
526 1135 685 1189 domo
711 1130 1002 1200 Eginhardi
1035 1145 1132 1198 per
1158 1128 1422 1198 quosdam
1470 1133 1706 1190 sanctos,
1731 1138 1864 1191 quo-

277 1242 398 1280 rum
425 1223 682 1292 reliquias
713 1223 765 1274 in
795 1221 1038 1275 oratorio
1065 1221 1256 1274 domus
1276 1232 1387 1272 sum
1407 1217 1609 1271 habere
1629 1214 1860 1277 dicitur;

279 1321 347 1375 ad
375 1333 604 1389 quarum
633 1316 1034 1371 venerationem
1056 1329 1246 1367 omnes
1285 1311 1451 1365 vicini
1490 1309 1662 1362 nostri
1688 1306 1865 1376 quoti-

278 1415 367 1470 die
393 1413 670 1475 festinant,
699 1417 755 1464 et
807 1409 1115 1478 quicunque
1153 1405 1402 1459 inﬁrmus
1437 1403 1529 1456 illo
1557 1399 1721 1453 fuerit
1767 1399 1864 1452 ad-

278 1505 508 1567 ductus,
559 1501 702 1554 illico
751 1507 995 1553 curatur.
1047 1517 1065 1548 ›
1096 1526 1166 1534 -
1207 1494 1492 1563 Cmpitque
1535 1491 1585 1545 ei
1631 1490 1697 1544 de
1756 1487 1864 1542 ﬁlia

277 1592 520 1648 mulieris
555 1591 718 1653 illius,
768 1589 1001 1658 qualiter
1027 1595 1152 1640 ante
1203 1598 1408 1654 paucos
1437 1583 1553 1638 dies
1597 1580 1744 1634 salva
1787 1577 1867 1631 fa-

1960 399 2130 453 tinum
2170 400 2494 469 patiebatur,
2532 400 2702 453 nimio
2751 407 2963 454 tumore
2999 398 3287 462 distentis,
3333 395 3544 452 furcam

1959 489 2219 543 ferratam
2260 490 2313 543 in
2353 489 2491 543 collo
2527 488 2708 542 ferens
2732 528 2746 552 ,
2789 488 2929 542 idem
2964 494 3179 556 pratum
3219 485 3549 539 furibundus

1959 577 2213 642 intravit,
2250 585 2306 632 et
2335 592 2434 631 cur
2463 584 2678 646 pratum
2729 591 2888 630 suum
2938 576 3382 645 depascerentur,
3430 583 3548 627 sto-

1962 668 2263 723 machando
2289 675 2660 738 percontatur.
2701 666 2801 721 Cui
2829 667 3113 730 diaconus,
3161 666 3252 734 qui
3283 665 3552 734 reliquias

1959 766 2263 829 martyrum
2291 758 2532 823 ferebat,
2557 767 2612 812 et
2638 773 2732 812 eas
2759 765 2889 811 tunc
2919 757 2973 811 in
3001 757 3315 811 summitate
3343 755 3546 825 virgae,

1961 864 2125 919 quam
2154 849 2224 903 ob
2255 849 2358 902 hoc
2389 849 2442 901 in
2471 849 2660 903 eodem
2692 847 2810 901 loco
2838 846 3062 911 ﬁxerat,
3093 845 3427 916 suspendere
3453 860 3552 915 pa-

1965 939 2120 992 rabat
2145 953 2159 991 :
2190 955 2208 988 (
2238 937 2457 1003 Melius,
2491 937 2695 1007 inquit,
2734 937 2830 992 tibi
2859 945 2972 1002 est,
3004 944 3064 990 ut
3089 952 3275 992 coram
3306 936 3392 990 his
3421 951 3551 990 san-

1963 1037 2178 1084 ctorum
2215 1028 2462 1097 reliquiis
2481 1067 2496 1092 ,
2524 1042 2661 1096 quas
2692 1028 2782 1082 hic
2811 1027 2865 1080 in
2896 1026 3146 1081 manibus
3179 1025 3353 1080 habeo
3374 1066 3388 1090 ,
3423 1040 3555 1094 pro-

1966 1121 2250 1182 sternaris,
2284 1119 2564 1188 Deumque
2591 1134 2749 1186 roges
2775 1127 2835 1173 ut
2865 1127 2918 1173 te
2936 1160 2950 1184 ,
2981 1134 3080 1188 per
3107 1119 3301 1172 merita
3331 1132 3553 1172 comm-

1963 1211 2087 1265 dem
2117 1218 2462 1274 sanctorum,
2495 1211 2561 1264 de
2594 1209 2778 1264 dolore
2798 1249 2812 1274 ,
2845 1223 3005 1278 quem
3043 1208 3278 1276 pateris,
3319 1207 3556 1261 liberare

1963 1299 2254 1368 dignetur:
2286 1314 2411 1352 nam
2450 1305 2647 1361 tumor,
2681 1297 2775 1367 qui
2808 1297 2864 1351 in
2899 1295 3037 1351 facie
3069 1305 3159 1350 tua
3197 1295 3428 1357 videtur,
3468 1304 3554 1349 te-

1965 1397 2142 1444 statur
2175 1388 2411 1457 aliquem
2449 1402 2702 1459 magnum
2736 1387 2790 1440 in
2819 1402 2916 1441 ore
2944 1394 3040 1441 tuo
3069 1400 3191 1440 esse
3221 1385 3482 1439 dolorem.
3527 1405 3546 1437 ι

1965 1480 2049 1535 Ad
2087 1482 2203 1536 haec
2240 1481 2433 1544 homo,
2463 1479 2704 1548 projecta
2737 1476 2889 1531 furca
2918 1492 3082 1546 quam
3112 1491 3277 1530 manu
3304 1474 3551 1538 ferebat,

1969 1579 2094 1625 ante
2116 1569 2374 1639 reliquias
2394 1583 2600 1638 pronus
2621 1567 2858 1632 corruit,
2883 1575 2956 1630 et,
2984 1574 3044 1619 ut
3069 1566 3332 1620 diaconus
3352 1565 3404 1618 ei
3429 1579 3555 1618 sua-

269 1675 367 1737 ~cta
400 1683 501 1746 sit,
535 1655 808 1732 intimare.
834 1695 906 1716 '——
930 1678 1066 1730 Tum
1094 1674 1424 1730 Gerwardus
1455 1691 1467 1726 :
1502 1691 1520 1722 ι
1562 1670 1730 1734 Vade,
1765 1667 1861 1730 ait,
1891 1660 1940 1718 B
1968 1662 2038 1716 sit
2059 1703 2073 1727 ,
2111 1676 2212 1732 pro
2250 1660 2426 1716 salute
2461 1675 2557 1715 sua
2593 1658 2825 1713 Domino
2863 1657 3203 1726 supplicavit.
3244 1655 3357 1710 Nec
3392 1655 3555 1725 longa

280 1783 338 1829 et
363 1773 607 1829 eamdem
641 1772 921 1826 mulierem
971 1770 1146 1824 adduc
1196 1769 1261 1823 ad
1300 1782 1408 1832 me,
1453 1773 1514 1820 ut
1569 1765 1683 1834 ipsa
1732 1761 1860 1816 mihi

282 1867 428 1920 dicat
450 1864 591 1934 quod
614 1863 802 1918 audire
830 1862 1097 1918 desidero.
1123 1881 1140 1912 ›
1168 1858 1564 1921 Venitmulier,
1587 1865 1644 1910 et
1661 1854 1861 1918 omnia,

281 1965 444 2027 prout
459 1965 610 2027 gesta
633 1962 809 2019 erant,
823 1961 1072 2024 patenter
1090 1951 1358 2022 exposuit.
1379 1947 1704 2004 Gerwardus
1715 1960 1862 2010 vero,

282 2063 406 2102 cum
427 2048 482 2102 in
509 2047 805 2100 crastinum
822 2045 890 2099 ad
916 2058 1096 2113 regem
1111 2042 1370 2104 venisset,
1384 2054 1448 2094 ea
1463 2052 1584 2108 quae
1600 2038 1665 2092 de
1680 2038 1782 2090 hoc
1796 2036 1866 2090 si-

283 2153 393 2208 gno
421 2135 748 2191 revelatione
775 2133 928 2205 [Ms.,
952 2129 1236 2202 relatione]
1260 2130 1403 2184 illius
1419 2127 1633 2183 feminas
1653 2141 1869 2195 compe-

281 2235 449 2293 rerat,
492 2227 665 2280 eidem
699 2223 973 2278 indicavit.
1005 2222 1122 2276 Rex
1163 2229 1366 2286 autem,
1394 2234 1517 2273 cum
1547 2231 1649 2288 ego
1677 2231 1870 2270 secun-

282 2319 411 2373 dum
453 2315 897 2371 consuetudinem
953 2314 1229 2384 ingressus
1277 2324 1462 2365 coram
1509 2308 1602 2362 illo
1643 2316 1865 2371 starem,

280 2407 411 2478 quid
446 2407 544 2462 sibi
568 2406 892 2461 Cerwardus
917 2404 981 2458 de
1011 2405 1113 2458 hoc
1146 2400 1409 2457 miraculo
1439 2398 1734 2463 retulisset,
1757 2405 1868 2450 tam

280 2499 433 2564 mihi,
480 2512 642 2567 quam
691 2495 902 2551 cazteris
931 2494 1032 2549 sibi
1069 2492 1392 2554 astantibus,
1429 2490 1669 2545 divinam
1695 2488 1864 2541 mise-

282 2587 572 2642 ricordiam
614 2592 778 2654 atque
807 2583 1106 2652 potentiam
1149 2579 1469 2636 admirando
1507 2576 1669 2632 simul
1707 2585 1870 2645 atque

281 2678 570 2740 laudando.
595 2675 907 2730 insinuavit.
943 2673 1035 2728 Sic
1052 2688 1149 2727 nos
1188 2671 1417 2740 contigit
1442 2669 1678 2739 signum,
1724 2666 1870 2737 quod

242 2808 243 2811 η
281 2767 440 2821 nobis
490 2763 863 2835 ignorantibus
892 2763 947 2815 in
986 2762 1145 2816 domo
1183 2766 1370 2814 nostra
1399 2765 1611 2828 gestum
1656 2764 1762 2820 est,
1801 2768 1869 2808 ex

286 2857 595 2928 hujusmodi
621 2856 882 2912 relatione
903 2865 1246 2923 cognoscere.

883 2961 1108 3020 CAPUT
1144 2960 1253 3018 VII.

291 3076 556 3131 Miracuta
593 3072 902 3129 Valcncem’s
940 3073 997 3126 in
1037 3070 1324 3124 Hannonia
1360 3076 1570 3131 patrata
1615 3067 1685 3120 ad
1739 3065 1865 3120 reli-

360 3148 513 3217 quias
548 3147 734 3217 horum
772 3142 1110 3217 sanctorum.
1153 3140 1292 3194 (Ιαιεὶ
1329 3136 1505 3192 decem
1540 3136 1856 3200 illuminati,

361 3213 454 3269 ἀιΞί
486 3216 612 3284 a'gri
648 3213 843 3267 sanati.

361 3305 450 3360 68.
492 3304 620 3358 Hcec
649 3304 715 3358 de
743 3301 1020 3356 miraculis
1051 3301 1334 3355 beatorum
1371 3306 1674 3366 martyrum
1697 3336 1711 3360 ,
1745 3310 1866 3363 qua:

296 3396 350 3450 in
381 3393 584 3464 palatio
612 3401 762 3462 gesta
789 3399 942 3454 sunt,
974 3391 1028 3444 in
1056 3388 1309 3458 praesenti
1338 3401 1501 3456 opere
1532 3399 1867 3440 commemo-

291 3499 444 3541 rasse
474 3482 721 3538 sutﬁciat.
755 3480 910 3536 Nunc
942 3481 1009 3535 ad
1035 3494 1129 3534 eas
1149 3478 1379 3531 virtutes
1402 3476 1725 3531 veniendum
1753 3481 1866 3539 est,

293 3592 413 3648 quae
450 3575 502 3628 in
542 3558 675 3648 loris
713 3573 871 3626 facta:
909 3577 1068 3634 sunt,
1110 3568 1177 3622 ad
1230 3583 1383 3636 quae,
1421 3565 1691 3636 religiosis
1737 3564 1870 3618 viris

291 3667 600 3738 petentibus
635 3680 700 3720 ac
735 3679 822 3718 me
859 3662 1122 3734 largiente
1144 3702 1158 3727 ,
1193 3659 1516 3715 veneranda:
1553 3655 1870 3712 earumdem

288 3769 593 3829 martyrum
622 3756 864 3825 reliquis:
892 3762 1187 3817 venerunt,
1217 3762 1273 3809 et
1302 3752 1354 3806 in
1384 3751 1580 3822 quibus
1608 3751 1871 3805 hactenus

289 3865 413 3904 cum
447 3843 643 3916 magna
679 3845 985 3901 reverentia
1026 3844 1294 3899 coluntur.
1338 3842 1486 3910 Quas
1517 3842 1726 3913 primus
1751 3856 1870 3896 om—

292 3941 442 3995 nium
491 3938 754 4008 Georgius
798 3937 1084 4008 presbyter
1131 3945 1189 3990 et
1232 3945 1413 3989 rector
1457 3934 1773 3988 monasterii
1811 3931 1868 3987 S.

292 4029 464 4083 Salvii
495 4029 522 4067 ιι
551 4027 806 4101 martyris
827 4066 841 4091 ,
883 4027 1024 4094 quod
1059 4026 1114 4079 in
1151 4040 1289 4095 pago
1327 4024 1776 4089 Fanomartensi,
1817 4024 1870 4077 in

292 4121 413 4175 vico
446 4118 778 4174 Valentianis
810 4117 1113 4185 appellato,
1149 4117 1203 4169 in
1232 4117 1350 4186 ripa
1382 4115 1592 4170 Scaldis
1621 4114 1769 4172 ﬂuvii
1799 4114 1874 4169 si-

291 4226 406 4271 tum
435 4221 552 4278 est,
582 4228 669 4267 me
706 4213 866 4267 dante
903 4211 1177 4279 suscepit,
1207 4219 1260 4263 et
1293 4224 1392 4280 per
1429 4208 1721 4279 quemdam
1758 4207 1874 4262 dia-

291 4321 492 4363 conum
547 4305 612 4358 ad
663 4311 1021 4357 memoratum
1072 4303 1461 4359 monasterium
1514 4301 1581 4356 de
1629 4298 1868 4368 Aquensi

293 4396 497 4469 palatio
527 4394 835 4450 destinavit.
876 4392 926 4447 ιε
956 4409 1122 4448 unum
1151 4400 1360 4448 tantum
1391 4391 1647 4446 comitem
1687 4403 1870 4444 secum

294 4490 531 4551 habens,
567 4501 692 4542 cum
731 4487 785 4540 in
818 4501 955 4556 pago
995 4485 1267 4540 Hasbanio
1302 4483 1371 4538 ad
1407 4484 1586 4539 vicum
1625 4483 1832 4553 regium
1855 4523 1869 4548 ,

292 4594 455 4652 quem
486 4577 806 4633 Vuasidium
840 4588 861 4615 ο
895 4584 1120 4642 vocant,
1149 4577 1424 4639 venisset,
1453 4583 1617 4642 atque
1655 4573 1711 4627 in
1749 4588 1874 4642 pra-

294 4677 385 4733 to,
439 4665 583 4738 quod
630 4666 750 4720 vico
796 4665 1102 4735 proximum
1139 4671 1293 4729 erat,
1328 4663 1746 4720 reﬁciendorum
1778 4661 1871 4731 ju-

294 4766 600 4814 mentorum
637 4757 808 4827 gratia
847 4756 1248 4821 descendisset,
1289 4770 1418 4810 ecce
1457 4769 1598 4809 unus
1625 4754 1692 4808 de
1719 4753 1873 4808 habi-

294 4848 561 4904 tatoribus
595 4847 698 4902 loci
738 4846 898 4917 gibbo
933 4847 1253 4915 depressus,
1295 4844 1532 4901 maxillis
1564 4845 1730 4900 etiam
1751 4885 1765 4910 ,
1797 4860 1866 4900 ex

361 5034 388 5062 ι
428 5017 568 5076 Huic
587 5019 865 5076 Gervardo
889 5020 1163 5090 scribens
1186 5019 1526 5090 Eginhardus
1583 5019 1866 5090 epistolam

292 5091 383 5154 M,
404 5091 545 5147 inter
564 5092 667 5146 alia
707 5091 872 5146 habet
896 5091 997 5144 ista
1026 5109 1038 5143 :
1071 5108 1090 5139 ι
1121 5089 1400 5156 Hortaris,
1444 5091 1552 5146 imo
1583 5089 1865 5146 consilium

289 5161 409 5225 das,
440 5170 496 5216 ut
531 5161 748 5216 omissis
773 5170 1074 5230 martyrum
1107 5159 1369 5223 excubiis,
1426 5161 1624 5230 quibus
1669 5160 1868 5215 indesi-

292 5240 484 5351 itienter
518 5232 704 5287 adesse
730 5239 784 5286 et
811 5232 1074 5291 interesse
1093 5230 1276 5300 jussus
1301 5245 1439 5294 sum,
1478 5230 1734 5298 palatium
1770 5245 1866 5299 pe-

319 5315 424 5351 am.
465 5320 483 5351 ι

319 5315 424 5353 am.
465 5320 483 5353 ι

363 5369 389 5406 δ
411 5368 616 5424 Colitur
639 5369 696 5424 S.
713 5369 925 5424 Salvius
944 5369 1013 5423 26
1031 5367 1198 5432 Junii,
1223 5368 1314 5421 ubi
1338 5367 1683 5422 ostendemus
1706 5367 1869 5422 fuisse

293 5440 596 5509 emnobium
629 5441 966 5504 clericorum,
989 5438 1129 5509 quod
1155 5437 1481 5509 Baldericus,
1509 5437 1602 5492 lib.
1631 5454 1669 5492 ιι
1699 5437 1870 5492 Chro-

295 5506 399 5559 nici
451 5510 876 5572 Cameracensis,
931 5506 1049 5578 cap.
1091 5509 1152 5561 51
1202 5507 1433 5578 appellat
1480 5509 1868 5562 monasterium

295 5579 604 5633 canonicale
643 5578 701 5632 S.
727 5578 891 5634 Salvii
916 5578 1154 5650 episcopi
1184 5587 1238 5633 et
1265 5578 1535 5649 martyris.
1585 5578 1680 5634 Est
1709 5579 1868 5633 modo

1966 1750 2284 1820 interposita
2323 1765 2508 1814 mora,
2547 1750 2620 1803 ita
2669 1764 2834 1803 sanus
2884 1749 2952 1803 ab
2989 1748 3239 1802 oratione
3277 1747 3557 1811 surrexit,

1964 1848 2024 1896 ut
2053 1856 2155 1894 nec
2187 1849 2368 1894 tumor
2399 1840 2453 1892 in
2483 1838 2658 1903 facie,
2701 1852 2802 1894 nec
2837 1838 2992 1893 dolor
3045 1837 3099 1890 in
3133 1837 3386 1891 dentibus
3407 1876 3422 1900 ,
3453 1851 3558 1891 nec

1965 1929 2159 1998 gibbus
2208 1944 2317 1998 quo
2363 1929 2735 1997 premebatur,
2789 1935 3099 1984 remaneret
3139 1927 3194 1980 in
3240 1927 3427 1983 dorso.
3475 1928 3559 1982 Ac

1967 2021 2192 2090 proinde
2220 2020 2434 2075 concito
2463 2020 2634 2090 gradu
2661 2020 2842 2074 vicum
2869 2019 3178 2089 ingressus,
3211 2032 3404 2073 omnes
3429 2033 3560 2086 pro-

1967 2112 2200 2181 pinquos
2229 2125 2294 2165 ac
2320 2110 2533 2164 vicinas
2561 2124 2688 2164 suos
2708 2150 2723 2175 ,
2757 2110 2813 2163 in
2841 2109 3032 2164 eodem
3058 2107 3178 2162 loco
3205 2108 3556 2172 constitutos,

1968 2201 2038 2255 ad
2064 2199 2279 2254 laudem
2301 2199 2413 2255 Deo
2435 2199 2744 2265 dicendam,
2771 2207 2826 2254 et
2848 2198 3297 2270 gratias‘Christo
3319 2197 3558 2253 Domino

1969 2293 2316 2359 referendas,
2365 2293 2632 2348 invitavit.
2683 2291 2956 2349 Confluxit
2998 2293 3052 2346 in
3099 2300 3315 2362 pratum
3363 2292 3560 2362 ingens

1968 2389 2152 2459 populi
2206 2388 2532 2454 multitudo,
2579 2397 2633 2444 et
2678 2403 2779 2458 pro
2826 2403 2892 2443 eo
2939 2388 3031 2456 qui
3079 2394 3305 2441 sanatus
3335 2384 3556 2452 fuerat,

1969 2482 2172 2550 gratias
2194 2489 2380 2535 actura
2408 2480 2841 2550 circumjacentis
2875 2479 3108 2550 regionis
3135 2479 3293 2533 turba
3323 2492 3557 2548 congre—

1971 2581 2095 2643 gata
2126 2582 2228 2628 est.
2264 2573 2477 2641 Rogant
2508 2587 2699 2627 omnes
2728 2572 3015 2626 diaconum
3055 2579 3115 2624 ut
3150 2570 3299 2624 illam
3336 2577 3558 2624 noctem

1973 2664 2044 2718 ibi
2099 2672 2444 2719 moraretur:
2497 2679 2597 2718 nec
2643 2664 2731 2718 ille
2769 2665 2850 2719 eis
2898 2664 3002 2717 hoc
3051 2677 3253 2734 negare
3301 2671 3554 2733 poterat,

1971 2754 2096 2823 quia
2143 2754 2319 2824 parati
2371 2763 2560 2820 erant,
2603 2754 2706 2808 nisi
2755 2755 3082 2818 assentiret,
3120 2754 3284 2809 etiam
3325 2754 3555 2807 invitum

1972 2844 2235 2898 detinere.
2276 2845 2488 2898 Ducunt
2519 2843 2714 2899 deinde
2752 2844 3066 2914 pervigilem
3104 2852 3355 2909 noctem,
3392 2851 3448 2897 et
3499 2845 3555 2896 in

1973 2935 2069 2989 Dei
2120 2935 2370 2990 laudibus
2420 2943 2534 2989 tota
2583 2936 2734 3005 regio
2788 2935 3096 2989 resonabat.
3147 2935 3204 2988 ln
3254 2935 3555 2988 crastinum

1896 3006 1941 3068 (ἶ
1976 3035 2192 3089 autem,
2231 3039 2354 3080 cum
2391 3025 2650 3079 diaconus
2685 3025 2788 3077 iter
2825 3039 2981 3078 suum
3022 3037 3218 3094 capere
3259 3024 3554 3091 cmpisset,

1973 3115 2154 3169 omnis
2190 3114 2280 3168 illa
2321 3115 2628 3185 congregati
2676 3115 2858 3184 populi
2913 3114 3218 3183 frequentia
3263 3115 3554 3168 abeuntem

1970 3222 2092 3261 cum
2134 3208 2338 3278 ingenti
2377 3208 2663 3262 devotione
2699 3208 2952 3262 Comitata
2990 3215 3113 3272 est,
3153 3221 3250 3261 nec
3299 3216 3426 3260 ante
3467 3207 3556 3260 vel

1970 3296 2268 3350 subsistere
2299 3297 2384 3351 vel
2414 3295 2693 3351 discedere
2722 3297 2921 3362 voluit,
2948 3312 3110 3366 quam
3141 3296 3210 3352 ab
3237 3295 3390 3360 aliis,
3419 3310 3558 3365 quos

1971 3388 2219 3442 miraculi
2249 3389 2410 3458 hujus
2441 3388 2584 3443 fama
2620 3398 3027 3452 commoverat,
3068 3389 3283 3444 obviam
3323 3388 3425 3442 sibi
3461 3403 3558 3442 ve-

1971 3478 2244 3533 nientibus
2278 3478 2469 3534 fuisset
2499 3490 2778 3548 exceptus.
2822 3480 2936 3535 Hoc
2961 3481 3124 3536 modo
3152 3495 3322 3534 sacrze
3351 3491 3561 3550 marty-

1969 3587 2093 3626 rum
2134 3571 2410 3640 reliquiae,
2447 3587 2514 3626 ex
2553 3573 2714 3642 hujus
2750 3573 3038 3628 occasione
3075 3572 3354 3636 miraculi,
3385 3589 3414 3624 a
3452 3587 3556 3641 po-

1970 3663 2109 3733 pulis
2137 3663 2352 3717 illarum
2383 3663 2662 3734 regionum
2693 3673 2964 3733 exceptae,
2994 3673 3050 3717 et
3079 3663 3146 3717 ad
3175 3662 3456 3717 basilicam
3489 3662 3552 3716 S.

1975 3753 2174 3819 Salvii,
2217 3769 2324 3823 quo
2355 3769 2449 3808 eas
2485 3763 2820 3809 memoratus
2855 3754 3118 3824 Georgius
3157 3754 3413 3817 miserat,
3452 3754 3557 3809 Do—

1975 3843 2123 3896 mino
2175 3843 2434 3906 ducente,
2489 3843 2712 3912 perlata:
2765 3851 2912 3898 sunt.
2969 3843 3082 3898 Hoc
3127 3843 3339 3912 signum
3385 3844 3558 3914 ipsius

1973 3936 2191 4006 Georgii
2225 3935 2491 3991 relatione
2521 3946 2737 3991 constat
2765 3938 2894 3991 mihi
2923 3953 3043 3992 esse
3075 3949 3412 4007 compertum
3445 3957 3458 3991 :
3493 3940 3560 3994 de

1975 4026 2188 4080 czeteris
2225 4034 2438 4091 autem,
2477 4042 2599 4096 qua:
2637 4043 2782 4082 nunc
2820 4028 3046 4082 dicenda
3087 4037 3245 4094 sunt,
3285 4031 3354 4084 ab
3376 4024 3453 4084 'eo
3487 4031 3554 4084 li-

1974 4116 2173 4172 bellum
2210 4117 2423 4185 accepi,
2463 4117 2620 4186 cujus
2655 4119 2790 4174 ordo
2828 4120 2913 4174 vel
2948 4121 3122 4176 series
3154 4120 3299 4175 hunc
3335 4121 3555 4176 modum

1976 4208 2178 4262 habere
2205 4208 2574 4278 cognoscitur.

2051 4299 2138 4354 69.
2178 4299 2336 4354 Anno
2361 4307 2560 4368 quarto
2591 4299 2804 4355 decimo
2832 4300 2884 4365 ἀ,
2915 4300 3137 4356 Christo
3171 4303 3428 4372 propitio,
3461 4303 3560 4356 im-

1975 4392 2111 4461 perii
2160 4389 2460 4446 Hludowici
2509 4391 2770 4462 Augusti,
2820 4408 2942 4446 cum
2992 4393 3060 4447 ad
3094 4395 3556 4448 corroborandam

1975 4483 2259 4538 christiani
2310 4483 2490 4551 populi
2541 4483 2734 4547 ﬁdem,
2789 4485 2929 4538 sicut
2975 4485 3031 4538 in
3078 4485 3235 4540 initio
3286 4488 3560 4542 nascentis

1974 4573 2254 4638 ecclesize,
2291 4574 2447 4643 signa
2485 4583 2540 4628 et
2577 4574 2825 4644 prodigia
2863 4576 2916 4628 in
2964 4574 3083 4644 ipso
3128 4578 3273 4647 regis
3319 4578 3558 4646 palatio,

1975 4680 2073 4734 per
2102 4665 2295 4718 merita
2323 4661 2918 4737 sanctorum'suorum,
2950 4663 3213 4720 Dominus
3241 4665 3561 4737 dignaretur

1976 4757 2296 4821 ostendere,
2347 4755 2503 4824 petiit
2549 4765 2604 4810 et
2647 4736 3195 4827 obtinuit‘Georgius
3243 4736 3554 4827 presbyter,

1969 4845 2298 4914 Aquisgrani
2331 4845 2536 4914 palatio
2555 4885 2570 4911 ,
2602 4846 2670 4900 ab
2699 4845 3012 4915 Eginhardo
3043 4847 3270 4913 abbate,
3299 4847 3559 4917 reliquias

1969 5021 2242 5092 pirioratus
2282 5018 2489 5092 ordinis
2520 5017 2892 5092 Cluniacensis
2930 5019 2998 5073 ab
3027 5015 3349 5092 anno_lio3,
3391 5032 3561 5092 prope

1972 5087 2305 5145 Valcncenas
2332 5104 2395 5144 ac
2416 5087 2528 5142 fere
2567 5089 2621 5142 in
2651 5090 2946 5154 suburbiis,
2977 5104 3139 5156 quem
3177 5088 3356 5142 locum
3397 5087 3562 5158 vulgo

1971 5159 2220 5215 Famam
2250 5160 2354 5216 dici
2387 5167 2536 5212 notat
2566 5158 2798 5213 Mabilio.

2048 5241 2070 5268 ο
2125 5229 2436 5284 Vuasidium
2492 5228 2670 5282 forsan
2725 5227 2919 5292 Weset,
2978 5244 3071 5283 seu
3112 5225 3371 5281 Veltweset
3419 5226 3563 5280 inter

1974 5300 2284 5426 giratjectum
2331 5308 2386 5354 ct
2419 5297 2719 5362 Bilsenam,
2760 5300 2902 5368 quod
2933 5299 3125 5355 Wesed
3164 5305 3344 5367 potest
3389 5297 3560 5350 fuisse

2011 5385 2060 5424 lC
2088 5384 2196 5422 um.

2011 5371 2196 5424 ictum.

2043 5439 2070 5478 ιι
2099 5439 2192 5492 Est
2218 5439 2263 5492 is
2293 5453 2467 5492 annus
2493 5436 2698 5492 Christi
2727 5438 2856 5505 827,
2881 5439 3222 5509 potissimum
3252 5453 3438 5494 mense
3464 5434 3562 5493 Ju-

1974 5510 2066 5568 nio
2092 5524 2198 5580 quo
2227 5510 2340 5564 htec
2370 5509 2736 5578 contigerunt.
