  <div class='ocr_page' id='page_1' title='image "/cluster/home/n/w/nwhite01/storage/ocr_20150623/104/hvd.32044052819794/296.png"; bbox 0 0 3976 6170; ppageno 0'>
   <div class='ocr_carea' id='block_1_1' title="bbox 290 223 379 280">
    <p class='ocr_par' dir='ltr' id='par_1_1' title="bbox 290 223 379 280">
     <span class='ocr_line' id='line_1_1' title="bbox 290 223 379 280; baseline -0.011 -1"><span class='ocrx_word' id='word_1_1' title='bbox 290 223 379 280; x_wconf 74' lang='grc'><strong>581</strong></span> 
     </span>
    </p>
   </div>
   <div class='ocr_carea' id='block_1_2' title="bbox 1113 226 2710 291">
    <p class='ocr_par' dir='ltr' id='par_1_2' title="bbox 1113 226 2710 291">
     <span class='ocr_line' id='line_1_2' title="bbox 1113 226 2710 291; baseline 0.004 -8"><span class='ocrx_word' id='word_1_2' title='bbox 1113 226 1290 286; x_wconf 78' lang='lat' dir='ltr'><strong>HlST.</strong></span> <span class='ocrx_word' id='word_1_3' title='bbox 1327 230 1718 289; x_wconf 79' lang='lat' dir='ltr'><strong>TRANSLAT.</strong></span> <span class='ocrx_word' id='word_1_4' title='bbox 1758 233 1863 289; x_wconf 92' lang='lat' dir='ltr'><strong>BB.</strong></span> <span class='ocrx_word' id='word_1_5' title='bbox 1905 232 2323 290; x_wconf 78' lang='lat' dir='ltr'><strong>MARCELLINI</strong></span> <span class='ocrx_word' id='word_1_6' title='bbox 2362 234 2450 290; x_wconf 86' lang='lat' dir='ltr'><strong>ET</strong></span> <span class='ocrx_word' id='word_1_7' title='bbox 2488 235 2710 291; x_wconf 79' lang='lat' dir='ltr'><strong>PETRI.</strong></span> 
     </span>
    </p>
   </div>
   <div class='ocr_carea' id='block_1_3' title="bbox 3438 238 3591 297">
    <p class='ocr_par' dir='ltr' id='par_1_3' title="bbox 3438 238 3591 297">
     <span class='ocr_line' id='line_1_3' title="bbox 3438 238 3591 297; baseline -0.02 0"><span class='ocrx_word' id='word_1_8' title='bbox 3438 238 3591 297; x_wconf 72' lang='lat'><strong>582‘</strong></span> 
     </span>
    </p>
   </div>
   <div class='ocr_carea' id='block_1_4' title="bbox 286 335 3536 425">
    <p class='ocr_par' dir='ltr' id='par_1_4' title="bbox 286 335 3536 425">
     <span class='ocr_line' id='line_1_4' title="bbox 286 335 3536 425; baseline 0.006 -34"><span class='ocrx_word' id='word_1_9' title='bbox 286 336 565 391; x_wconf 89' lang='lat' dir='ltr'><strong>beatorum</strong></span> <span class='ocrx_word' id='word_1_10' title='bbox 620 335 823 392; x_wconf 91' lang='lat' dir='ltr'><strong>Christi</strong></span> <span class='ocrx_word' id='word_1_11' title='bbox 874 347 1179 410; x_wconf 78' lang='lat' dir='ltr'><strong>martyrum</strong></span> <span class='ocrx_word' id='word_1_12' title='bbox 1229 342 1526 399; x_wconf 81' lang='lat' dir='ltr'><strong>Marcellini</strong></span> <span class='ocrx_word' id='word_1_13' title='bbox 1574 354 1631 400; x_wconf 90' lang='lat' dir='ltr'><strong>et</strong></span> <span class='ocrx_word' id='word_1_14' title='bbox 1678 345 1856 413; x_wconf 87' lang='lat' dir='ltr'><strong>Petri,</strong></span> <span class='ocrx_word' id='word_1_15' title='bbox 1887 352 1939 412; x_wconf 79' lang='grc' dir='ltr'><strong>Α</strong></span> <span class='ocrx_word' id='word_1_16' title='bbox 1960 347 2151 413; x_wconf 86' lang='lat' dir='ltr'><strong>Pauli,</strong></span> <span class='ocrx_word' id='word_1_17' title='bbox 2179 347 2231 403; x_wconf 89' lang='lat' dir='ltr'><strong>id</strong></span> <span class='ocrx_word' id='word_1_18' title='bbox 2258 356 2371 415; x_wconf 91' lang='lat' dir='ltr'><strong>est,</strong></span> <span class='ocrx_word' id='word_1_19' title='bbox 2398 359 2594 420; x_wconf 85' lang='lat' dir='ltr'><strong>quarto</strong></span> <span class='ocrx_word' id='word_1_20' title='bbox 2618 350 2887 407; x_wconf 75' lang='lat' dir='ltr'><strong>Kalendas</strong></span> <span class='ocrx_word' id='word_1_21' title='bbox 2905 349 3067 418; x_wconf 91' lang='lat' dir='ltr'><strong>Julii,</strong></span> <span class='ocrx_word' id='word_1_22' title='bbox 3089 351 3266 423; x_wconf 88' lang='lat' dir='ltr'><strong>puella</strong></span> <span class='ocrx_word' id='word_1_23' title='bbox 3292 353 3536 425; x_wconf 62' lang='lat' dir='ltr'><strong>quaedam</strong></span> 
     </span>
    </p>
   </div>
   <div class='ocr_carea' id='block_1_5' title="bbox 283 429 1859 503">
    <p class='ocr_par' dir='ltr' id='par_1_5' title="bbox 283 429 1859 503">
     <span class='ocr_line' id='line_1_5' title="bbox 283 429 1859 503; baseline 0.007 -23"><span class='ocrx_word' id='word_1_24' title='bbox 283 444 511 497; x_wconf 87' lang='lat' dir='ltr'><strong>quorum</strong></span> <span class='ocrx_word' id='word_1_25' title='bbox 562 442 790 499; x_wconf 88' lang='lat' dir='ltr'><strong>corpora</strong></span> <span class='ocrx_word' id='word_1_26' title='bbox 841 429 955 499; x_wconf 90' lang='lat' dir='ltr'><strong>ipse</strong></span> <span class='ocrx_word' id='word_1_27' title='bbox 1002 430 1070 485; x_wconf 88' lang='lat' dir='ltr'><strong>de</strong></span> <span class='ocrx_word' id='word_1_28' title='bbox 1108 430 1281 487; x_wconf 85' lang='lat' dir='ltr'><strong>Roma</strong></span> <span class='ocrx_word' id='word_1_29' title='bbox 1314 448 1414 503; x_wconf 90' lang='lat' dir='ltr'><strong>per</strong></span> <span class='ocrx_word' id='word_1_30' title='bbox 1450 434 1695 490; x_wconf 86' lang='lat' dir='ltr'><strong>homines</strong></span> <span class='ocrx_word' id='word_1_31' title='bbox 1731 449 1859 491; x_wconf 88' lang='lat' dir='ltr'><strong>suos</strong></span> 
     </span>
    </p>
   </div>
   <div class='ocr_carea' id='block_1_6' title="bbox 282 520 1857 595">
    <p class='ocr_par' dir='ltr' id='par_1_6' title="bbox 282 520 1857 595">
     <span class='ocr_line' id='line_1_6' title="bbox 282 520 1857 595; baseline 0.004 -21"><span class='ocrx_word' id='word_1_32' title='bbox 282 520 437 575; x_wconf 84' lang='lat' dir='ltr'><strong>allata</strong></span> <span class='ocrx_word' id='word_1_33' title='bbox 488 535 661 590; x_wconf 86' lang='lat' dir='ltr'><strong>nuper</strong></span> <span class='ocrx_word' id='word_1_34' title='bbox 707 529 1035 590; x_wconf 86' lang='lat' dir='ltr'><strong>acceperat:</strong></span> <span class='ocrx_word' id='word_1_35' title='bbox 1090 537 1291 592; x_wconf 90' lang='lat' dir='ltr'><strong>easque</strong></span> <span class='ocrx_word' id='word_1_36' title='bbox 1346 524 1398 577; x_wconf 92' lang='lat' dir='ltr'><strong>in</strong></span> <span class='ocrx_word' id='word_1_37' title='bbox 1450 539 1643 595; x_wconf 89' lang='lat' dir='ltr'><strong>capsa,</strong></span> <span class='ocrx_word' id='word_1_38' title='bbox 1693 540 1857 594; x_wconf 87' lang='lat' dir='ltr'><strong>quam</strong></span> 
     </span>
    </p>
   </div>
   <div class='ocr_carea' id='block_1_7' title="bbox 281 612 1858 687">
    <p class='ocr_par' dir='ltr' id='par_1_7' title="bbox 281 612 1858 687">
     <span class='ocr_line' id='line_1_7' title="bbox 281 612 1858 687; baseline 0.006 -22"><span class='ocrx_word' id='word_1_39' title='bbox 281 624 413 666; x_wconf 85' lang='lat' dir='ltr'><strong>auro</strong></span> <span class='ocrx_word' id='word_1_40' title='bbox 440 619 496 666; x_wconf 90' lang='lat' dir='ltr'><strong>et</strong></span> <span class='ocrx_word' id='word_1_41' title='bbox 523 612 755 681; x_wconf 88' lang='lat' dir='ltr'><strong>gemmis</strong></span> <span class='ocrx_word' id='word_1_42' title='bbox 781 612 1039 669; x_wconf 88' lang='lat' dir='ltr'><strong>decenter</strong></span> <span class='ocrx_word' id='word_1_43' title='bbox 1063 622 1387 681; x_wconf 90' lang='lat' dir='ltr'><strong>ornaverat,</strong></span> <span class='ocrx_word' id='word_1_44' title='bbox 1426 617 1733 673; x_wconf 89' lang='lat' dir='ltr'><strong>reconditas</strong></span> <span class='ocrx_word' id='word_1_45' title='bbox 1759 633 1858 687; x_wconf 88' lang='lat' dir='ltr'><strong>per</strong></span> 
     </span>
    </p>
   </div>
   <div class='ocr_carea' id='block_1_8' title="bbox 279 701 1856 774">
    <p class='ocr_par' dir='ltr' id='par_1_8' title="bbox 279 701 1856 774">
     <span class='ocr_line' id='line_1_8' title="bbox 279 701 1856 774; baseline 0.004 -17"><span class='ocrx_word' id='word_1_46' title='bbox 279 701 565 757; x_wconf 82' lang='lat' dir='ltr'><strong>diaconum</strong></span> <span class='ocrx_word' id='word_1_47' title='bbox 602 717 793 766; x_wconf 90' lang='lat' dir='ltr'><strong>suum,</strong></span> <span class='ocrx_word' id='word_1_48' title='bbox 832 705 1052 760; x_wconf 87' lang='lat' dir='ltr'><strong>nomine</strong></span> <span class='ocrx_word' id='word_1_49' title='bbox 1087 705 1526 774; x_wconf 87' lang='lat' dir='ltr'><strong>Theothardum,</strong></span> <span class='ocrx_word' id='word_1_50' title='bbox 1566 707 1635 762; x_wconf 92' lang='lat' dir='ltr'><strong>ad</strong></span> <span class='ocrx_word' id='word_1_51' title='bbox 1670 709 1856 764; x_wconf 84' lang='lat' dir='ltr'><strong>basili-</strong></span> 
     </span>
    </p>
   </div>
   <div class='ocr_carea' id='block_1_9' title="bbox 277 792 1855 870">
    <p class='ocr_par' dir='ltr' id='par_1_9' title="bbox 277 792 1855 870">
     <span class='ocr_line' id='line_1_9' title="bbox 277 792 1855 870; baseline 0.004 -22"><span class='ocrx_word' id='word_1_52' title='bbox 277 809 392 848; x_wconf 86' lang='lat' dir='ltr'><strong>cam</strong></span> <span class='ocrx_word' id='word_1_53' title='bbox 428 792 485 848; x_wconf 89' lang='lat' dir='ltr'><strong>S.</strong></span> <span class='ocrx_word' id='word_1_54' title='bbox 530 792 698 867; x_wconf 88' lang='lat' dir='ltr'><strong>Salvii</strong></span> <span class='ocrx_word' id='word_1_55' title='bbox 732 797 1020 867; x_wconf 86' lang='lat' dir='ltr'><strong>martyris,</strong></span> <span class='ocrx_word' id='word_1_56' title='bbox 1057 812 1221 866; x_wconf 90' lang='lat' dir='ltr'><strong>quam</strong></span> <span class='ocrx_word' id='word_1_57' title='bbox 1267 798 1381 867; x_wconf 89' lang='lat' dir='ltr'><strong>ipse</strong></span> <span class='ocrx_word' id='word_1_58' title='bbox 1426 807 1555 852; x_wconf 88' lang='lat' dir='ltr'><strong>tunc</strong></span> <span class='ocrx_word' id='word_1_59' title='bbox 1596 801 1855 870; x_wconf 87' lang='lat' dir='ltr'><strong>temporis</strong></span> 
     </span>
    </p>
   </div>
   <div class='ocr_carea' id='block_1_10' title="bbox 275 872 1854 956">
    <p class='ocr_par' dir='ltr' id='par_1_10' title="bbox 275 872 1854 956">
     <span class='ocr_line' id='line_1_10' title="bbox 275 872 1854 956; baseline 0.005 -20"><span class='ocrx_word' id='word_1_60' title='bbox 275 897 371 954; x_wconf 88' lang='lat' dir='ltr'><strong>per</strong></span> <span class='ocrx_word' id='word_1_61' title='bbox 397 883 724 938; x_wconf 90' lang='lat' dir='ltr'><strong>beneﬁcium</strong></span> <span class='ocrx_word' id='word_1_62' title='bbox 755 872 901 956; x_wconf 85' lang='lat' dir='ltr'><strong>regis</strong></span> <span class='ocrx_word' id='word_1_63' title='bbox 938 887 1187 951; x_wconf 86' lang='lat' dir='ltr'><strong>tenebat,</strong></span> <span class='ocrx_word' id='word_1_64' title='bbox 1217 887 1450 956; x_wconf 81' lang='lat' dir='ltr'><strong>dirigere</strong></span> <span class='ocrx_word' id='word_1_65' title='bbox 1483 889 1710 943; x_wconf 87' lang='lat' dir='ltr'><strong>curavit.</strong></span> <span class='ocrx_word' id='word_1_66' title='bbox 1752 890 1854 956; x_wconf 86' lang='lat' dir='ltr'><strong>Qui</strong></span> 
     </span>
    </p>
   </div>
   <div class='ocr_carea' id='block_1_11' title="bbox 275 974 1853 1049">
    <p class='ocr_par' dir='ltr' id='par_1_11' title="bbox 275 974 1853 1049">
     <span class='ocr_line' id='line_1_11' title="bbox 275 974 1853 1049; baseline 0.005 -21"><span class='ocrx_word' id='word_1_67' title='bbox 275 974 533 1029; x_wconf 85' lang='lat' dir='ltr'><strong>diaconus</strong></span> <span class='ocrx_word' id='word_1_68' title='bbox 579 990 705 1030; x_wconf 92' lang='lat' dir='ltr'><strong>cum</strong></span> <span class='ocrx_word' id='word_1_69' title='bbox 750 976 819 1030; x_wconf 89' lang='lat' dir='ltr'><strong>ad</strong></span> <span class='ocrx_word' id='word_1_70' title='bbox 861 976 1045 1031; x_wconf 86' lang='lat' dir='ltr'><strong>villam</strong></span> <span class='ocrx_word' id='word_1_71' title='bbox 1088 977 1326 1049; x_wconf 80' lang='lat' dir='ltr'><strong>regiam,</strong></span> <span class='ocrx_word' id='word_1_72' title='bbox 1373 994 1494 1049; x_wconf 72' lang='lat' dir='ltr'><strong>qum</strong></span> <span class='ocrx_word' id='word_1_73' title='bbox 1534 979 1853 1036; x_wconf 81' lang='lat' dir='ltr'><strong>Vuasidium</strong></span> 
     </span>
    </p>
   </div>
   <div class='ocr_carea' id='block_1_12' title="bbox 272 1067 1854 1139">
    <p class='ocr_par' dir='ltr' id='par_1_12' title="bbox 272 1067 1854 1139">
     <span class='ocr_line' id='line_1_12' title="bbox 272 1067 1854 1139; baseline 0.006 -21"><span class='ocrx_word' id='word_1_74' title='bbox 272 1073 516 1131; x_wconf 80' lang='lat' dir='ltr'><strong>vocatur,</strong></span> <span class='ocrx_word' id='word_1_75' title='bbox 548 1067 810 1131; x_wconf 78' lang='lat' dir='ltr'><strong>venisset,</strong></span> <span class='ocrx_word' id='word_1_76' title='bbox 842 1069 1080 1123; x_wconf 89' lang='lat' dir='ltr'><strong>occurrit</strong></span> <span class='ocrx_word' id='word_1_77' title='bbox 1117 1070 1169 1124; x_wconf 93' lang='lat' dir='ltr'><strong>ei</strong></span> <span class='ocrx_word' id='word_1_78' title='bbox 1204 1071 1367 1126; x_wconf 91' lang='lat' dir='ltr'><strong>homo</strong></span> <span class='ocrx_word' id='word_1_79' title='bbox 1407 1069 1756 1139; x_wconf 87' lang='lat' dir='ltr'><strong>gibberosus,</strong></span> <span class='ocrx_word' id='word_1_80' title='bbox 1799 1081 1854 1128; x_wconf 90' lang='lat' dir='ltr'><strong>et</strong></span> 
     </span>
    </p>
   </div>
   <div class='ocr_carea' id='block_1_13' title="bbox 270 1157 1851 1230">
    <p class='ocr_par' dir='ltr' id='par_1_13' title="bbox 270 1157 1851 1230">
     <span class='ocr_line' id='line_1_13' title="bbox 270 1157 1851 1230; baseline 0.004 -20"><span class='ocrx_word' id='word_1_81' title='bbox 270 1170 333 1210; x_wconf 78' lang='lat' dir='ltr'><strong>ex</strong></span> <span class='ocrx_word' id='word_1_82' title='bbox 372 1157 617 1212; x_wconf 79' lang='lat' dir='ltr'><strong>dentium</strong></span> <span class='ocrx_word' id='word_1_83' title='bbox 655 1157 839 1214; x_wconf 90' lang='lat' dir='ltr'><strong>dolore</strong></span> <span class='ocrx_word' id='word_1_84' title='bbox 880 1158 957 1212; x_wconf 89' lang='lat' dir='ltr'><strong>ita</strong></span> <span class='ocrx_word' id='word_1_85' title='bbox 997 1170 1223 1215; x_wconf 79' lang='lat' dir='ltr'><strong>vexatus</strong></span> <span class='ocrx_word' id='word_1_86' title='bbox 1243 1168 1409 1230; x_wconf 76' lang='lat' dir='ltr'><strong>atque</strong></span> <span class='ocrx_word' id='word_1_87' title='bbox 1438 1161 1751 1228; x_wconf 84' lang='lat' dir='ltr'><strong>confectus,</strong></span> <span class='ocrx_word' id='word_1_88' title='bbox 1791 1171 1851 1216; x_wconf 92' lang='lat' dir='ltr'><strong>ut</strong></span> 
     </span>
    </p>
   </div>
   <div class='ocr_carea' id='block_1_14' title="bbox 264 1244 1848 1322">
    <p class='ocr_par' dir='ltr' id='par_1_14' title="bbox 264 1244 1848 1322">
     <span class='ocr_line' id='line_1_14' title="bbox 264 1244 1848 1322; baseline 0.004 -23"><span class='ocrx_word' id='word_1_89' title='bbox 264 1244 371 1314; x_wconf 88' lang='lat' dir='ltr'><strong>jam</strong></span> <span class='ocrx_word' id='word_1_90' title='bbox 398 1261 501 1316; x_wconf 90' lang='lat' dir='ltr'><strong>per</strong></span> <span class='ocrx_word' id='word_1_91' title='bbox 524 1248 640 1302; x_wconf 91' lang='lat' dir='ltr'><strong>dies</strong></span> <span class='ocrx_word' id='word_1_92' title='bbox 673 1248 983 1318; x_wconf 89' lang='lat' dir='ltr'><strong>quindecim</strong></span> <span class='ocrx_word' id='word_1_93' title='bbox 1011 1249 1218 1304; x_wconf 91' lang='lat' dir='ltr'><strong>nullum</strong></span> <span class='ocrx_word' id='word_1_94' title='bbox 1244 1251 1412 1305; x_wconf 92' lang='lat' dir='ltr'><strong>alium</strong></span> <span class='ocrx_word' id='word_1_95' title='bbox 1445 1251 1651 1307; x_wconf 91' lang='lat' dir='ltr'><strong>victum</strong></span> <span class='ocrx_word' id='word_1_96' title='bbox 1688 1267 1848 1322; x_wconf 87' lang='lat' dir='ltr'><strong>quam</strong></span> 
     </span>
    </p>
   </div>
   <div class='ocr_carea' id='block_1_15' title="bbox 268 1334 1849 1408">
    <p class='ocr_par' dir='ltr' id='par_1_15' title="bbox 268 1334 1849 1408">
     <span class='ocr_line' id='line_1_15' title="bbox 268 1334 1849 1408; baseline 0.004 -19"><span class='ocrx_word' id='word_1_97' title='bbox 268 1334 436 1390; x_wconf 87' lang='lat' dir='ltr'><strong>solam</strong></span> <span class='ocrx_word' id='word_1_98' title='bbox 477 1352 675 1407; x_wconf 86' lang='lat' dir='ltr'><strong>aquam</strong></span> <span class='ocrx_word' id='word_1_99' title='bbox 712 1344 896 1408; x_wconf 84' lang='lat' dir='ltr'><strong>posset</strong></span> <span class='ocrx_word' id='word_1_100' title='bbox 935 1353 1236 1395; x_wconf 86' lang='lat' dir='ltr'><strong>assumere.</strong></span> <span class='ocrx_word' id='word_1_101' title='bbox 1273 1339 1378 1407; x_wconf 85' lang='lat' dir='ltr'><strong>Qui</strong></span> <span class='ocrx_word' id='word_1_102' title='bbox 1415 1356 1541 1395; x_wconf 90' lang='lat' dir='ltr'><strong>cum</strong></span> <span class='ocrx_word' id='word_1_103' title='bbox 1595 1342 1849 1396; x_wconf 84' lang='lat' dir='ltr'><strong>hortante</strong></span> 
     </span>
    </p>
   </div>
   <div class='ocr_carea' id='block_1_16' title="bbox 267 1424 1849 1500">
    <p class='ocr_par' dir='ltr' id='par_1_16' title="bbox 267 1424 1849 1500">
     <span class='ocr_line' id='line_1_16' title="bbox 267 1424 1849 1500; baseline 0.006 -22"><span class='ocrx_word' id='word_1_104' title='bbox 267 1424 498 1481; x_wconf 89' lang='lat' dir='ltr'><strong>diacono</strong></span> <span class='ocrx_word' id='word_1_105' title='bbox 524 1442 710 1482; x_wconf 91' lang='lat' dir='ltr'><strong>coram</strong></span> <span class='ocrx_word' id='word_1_106' title='bbox 740 1428 1017 1498; x_wconf 90' lang='lat' dir='ltr'><strong>reliquiis,</strong></span> <span class='ocrx_word' id='word_1_107' title='bbox 1067 1446 1205 1500; x_wconf 86' lang='lat' dir='ltr'><strong>quas</strong></span> <span class='ocrx_word' id='word_1_108' title='bbox 1247 1429 1336 1485; x_wconf 92' lang='lat' dir='ltr'><strong>ille</strong></span> <span class='ocrx_word' id='word_1_109' title='bbox 1388 1430 1632 1498; x_wconf 84' lang='lat' dir='ltr'><strong>ferebat,</strong></span> <span class='ocrx_word' id='word_1_110' title='bbox 1678 1447 1737 1486; x_wconf 90' lang='lat' dir='ltr'><strong>se</strong></span> <span class='ocrx_word' id='word_1_111' title='bbox 1781 1432 1849 1487; x_wconf 88' lang='lat' dir='ltr'><strong>ad</strong></span> 
     </span>
    </p>
   </div>
   <div class='ocr_carea' id='block_1_17' title="bbox 264 1516 1848 1586">
    <p class='ocr_par' dir='ltr' id='par_1_17' title="bbox 264 1516 1848 1586">
     <span class='ocr_line' id='line_1_17' title="bbox 264 1516 1848 1586; baseline 0.004 -18"><span class='ocrx_word' id='word_1_112' title='bbox 264 1516 529 1570; x_wconf 86' lang='lat' dir='ltr'><strong>orandum</strong></span> <span class='ocrx_word' id='word_1_113' title='bbox 558 1524 888 1586; x_wconf 88' lang='lat' dir='ltr'><strong>prostrasset</strong></span> <span class='ocrx_word' id='word_1_114' title='bbox 904 1558 919 1585; x_wconf 89' lang='lat'><strong>,</strong></span> <span class='ocrx_word' id='word_1_115' title='bbox 942 1525 998 1573; x_wconf 89' lang='lat' dir='ltr'><strong>et</strong></span> <span class='ocrx_word' id='word_1_116' title='bbox 1024 1518 1312 1573; x_wconf 89' lang='lat' dir='ltr'><strong>Dominum</strong></span> <span class='ocrx_word' id='word_1_117' title='bbox 1337 1518 1615 1576; x_wconf 87' lang='lat' dir='ltr'><strong>Christum</strong></span> <span class='ocrx_word' id='word_1_118' title='bbox 1633 1560 1650 1585; x_wconf 92' lang='lat'><strong>,</strong></span> <span class='ocrx_word' id='word_1_119' title='bbox 1678 1529 1739 1575; x_wconf 88' lang='lat' dir='ltr'><strong>ut</strong></span> <span class='ocrx_word' id='word_1_120' title='bbox 1764 1522 1848 1576; x_wconf 87' lang='lat' dir='ltr'><strong>sui</strong></span> 
     </span>
    </p>
   </div>
   <div class='ocr_carea' id='block_1_18' title="bbox 267 1606 1848 1682">
    <p class='ocr_par' dir='ltr' id='par_1_18' title="bbox 267 1606 1848 1682">
     <span class='ocr_line' id='line_1_18' title="bbox 267 1606 1848 1682; baseline 0.005 -23"><span class='ocrx_word' id='word_1_121' title='bbox 267 1606 636 1675; x_wconf 73' lang='lat' dir='ltr'><strong>misereretur,</strong></span> <span class='ocrx_word' id='word_1_122' title='bbox 680 1608 875 1665; x_wconf 79' lang='lat' dir='ltr'><strong>devote</strong></span> <span class='ocrx_word' id='word_1_123' title='bbox 924 1625 988 1664; x_wconf 90' lang='lat' dir='ltr'><strong>ac</strong></span> <span class='ocrx_word' id='word_1_124' title='bbox 1019 1610 1333 1681; x_wconf 88' lang='lat' dir='ltr'><strong>suppliciter</strong></span> <span class='ocrx_word' id='word_1_125' title='bbox 1362 1611 1704 1678; x_wconf 77' lang='lat' dir='ltr'><strong>invocasset,</strong></span> <span class='ocrx_word' id='word_1_126' title='bbox 1750 1627 1848 1682; x_wconf 90' lang='lat' dir='ltr'><strong>per</strong></span> 
     </span>
    </p>
   </div>
   <div class='ocr_carea' id='block_1_19' title="bbox 1959 439 3543 510">
    <p class='ocr_par' dir='ltr' id='par_1_19' title="bbox 1959 439 3543 510">
     <span class='ocr_line' id='line_1_19' title="bbox 1959 439 3543 510; baseline 0.006 -20"><span class='ocrx_word' id='word_1_127' title='bbox 1959 452 2151 507; x_wconf 89' lang='lat' dir='ltr'><strong>parva,</strong></span> <span class='ocrx_word' id='word_1_128' title='bbox 2182 439 2401 495; x_wconf 87' lang='lat' dir='ltr'><strong>nomine</strong></span> <span class='ocrx_word' id='word_1_129' title='bbox 2432 439 2791 507; x_wconf 87' lang='lat' dir='ltr'><strong>Theotbalda,</strong></span> <span class='ocrx_word' id='word_1_130' title='bbox 2820 442 3026 498; x_wconf 85' lang='lat' dir='ltr'><strong>habens</strong></span> <span class='ocrx_word' id='word_1_131' title='bbox 3054 444 3232 498; x_wconf 71' lang='lat' dir='ltr'><strong>tetatis</strong></span> <span class='ocrx_word' id='word_1_132' title='bbox 3258 458 3450 510; x_wconf 81' lang='lat' dir='ltr'><strong>annos,</strong></span> <span class='ocrx_word' id='word_1_133' title='bbox 3480 453 3543 500; x_wconf 85' lang='lat' dir='ltr'><strong>ut</strong></span> 
     </span>
    </p>
   </div>
   <div class='ocr_carea' id='block_1_20' title="bbox 1956 528 3539 605">
    <p class='ocr_par' dir='ltr' id='par_1_20' title="bbox 1956 528 3539 605">
     <span class='ocr_line' id='line_1_20' title="bbox 1956 528 3539 605; baseline 0.006 -22"><span class='ocrx_word' id='word_1_134' title='bbox 1956 528 2274 598; x_wconf 83' lang='lat' dir='ltr'><strong>putabatur,</strong></span> <span class='ocrx_word' id='word_1_135' title='bbox 2313 546 2506 587; x_wconf 89' lang='lat' dir='ltr'><strong>novem</strong></span> <span class='ocrx_word' id='word_1_136' title='bbox 2526 574 2541 597; x_wconf 91' lang='lat'><strong>,</strong></span> <span class='ocrx_word' id='word_1_137' title='bbox 2576 548 2696 602; x_wconf 84' lang='lat' dir='ltr'><strong>quae</strong></span> <span class='ocrx_word' id='word_1_138' title='bbox 2735 534 2907 589; x_wconf 87' lang='lat' dir='ltr'><strong>tribus</strong></span> <span class='ocrx_word' id='word_1_139' title='bbox 2940 535 3097 591; x_wconf 89' lang='lat' dir='ltr'><strong>annis</strong></span> <span class='ocrx_word' id='word_1_140' title='bbox 3124 537 3262 591; x_wconf 88' lang='lat' dir='ltr'><strong>nihil</strong></span> <span class='ocrx_word' id='word_1_141' title='bbox 3291 536 3539 605; x_wconf 81' lang='lat' dir='ltr'><strong>viderat,</strong></span> 
     </span>
    </p>
   </div>
   <div class='ocr_carea' id='block_1_21' title="bbox 1957 620 3539 695">
    <p class='ocr_par' dir='ltr' id='par_1_21' title="bbox 1957 620 3539 695">
     <span class='ocr_line' id='line_1_21' title="bbox 1957 620 3539 695; baseline 0.005 -23"><span class='ocrx_word' id='word_1_142' title='bbox 1957 626 2205 688; x_wconf 91' lang='lat' dir='ltr'><strong>tempore</strong></span> <span class='ocrx_word' id='word_1_143' title='bbox 2233 620 2490 675; x_wconf 86' lang='lat' dir='ltr'><strong>salutaris</strong></span> <span class='ocrx_word' id='word_1_144' title='bbox 2512 620 2673 676; x_wconf 82' lang='lat' dir='ltr'><strong>ollicii</strong></span> <span class='ocrx_word' id='word_1_145' title='bbox 2703 622 2756 676; x_wconf 93' lang='lat' dir='ltr'><strong>in</strong></span> <span class='ocrx_word' id='word_1_146' title='bbox 2787 624 2961 678; x_wconf 90' lang='lat' dir='ltr'><strong>media</strong></span> <span class='ocrx_word' id='word_1_147' title='bbox 2989 624 3173 695; x_wconf 84' lang='lat' dir='ltr'><strong>populi</strong></span> <span class='ocrx_word' id='word_1_148' title='bbox 3197 624 3539 682; x_wconf 69' lang='lat' dir='ltr'><strong>multitudine</strong></span> 
     </span>
    </p>
   </div>
   <div class='ocr_carea' id='block_1_22' title="bbox 1955 711 3537 784">
    <p class='ocr_par' dir='ltr' id='par_1_22' title="bbox 1955 711 3537 784">
     <span class='ocr_line' id='line_1_22' title="bbox 1955 711 3537 784; baseline 0.004 -18"><span class='ocrx_word' id='word_1_149' title='bbox 1955 711 2276 778; x_wconf 83' lang='lat' dir='ltr'><strong>constituta,</strong></span> <span class='ocrx_word' id='word_1_150' title='bbox 2306 720 2608 784; x_wconf 84' lang='lat' dir='ltr'><strong>martyrum</strong></span> <span class='ocrx_word' id='word_1_151' title='bbox 2639 714 3063 783; x_wconf 76' lang='lat' dir='ltr'><strong>suffragantibus</strong></span> <span class='ocrx_word' id='word_1_152' title='bbox 3092 718 3322 783; x_wconf 90' lang='lat' dir='ltr'><strong>meritis,</strong></span> <span class='ocrx_word' id='word_1_153' title='bbox 3353 717 3537 773; x_wconf 88' lang='lat' dir='ltr'><strong>lumen</strong></span> 
     </span>
    </p>
   </div>
   <div class='ocr_carea' id='block_1_23' title="bbox 1955 802 3539 877">
    <p class='ocr_par' dir='ltr' id='par_1_23' title="bbox 1955 802 3539 877">
     <span class='ocr_line' id='line_1_23' title="bbox 1955 802 3539 877; baseline 0.004 -21"><span class='ocrx_word' id='word_1_154' title='bbox 1955 802 2214 857; x_wconf 85' lang='lat' dir='ltr'><strong>amissum</strong></span> <span class='ocrx_word' id='word_1_155' title='bbox 2241 818 2309 857; x_wconf 82' lang='lat' dir='ltr'><strong>ex</strong></span> <span class='ocrx_word' id='word_1_156' title='bbox 2334 802 2518 857; x_wconf 87' lang='lat' dir='ltr'><strong>divina</strong></span> <span class='ocrx_word' id='word_1_157' title='bbox 2557 804 2906 860; x_wconf 87' lang='lat' dir='ltr'><strong>miseratione</strong></span> <span class='ocrx_word' id='word_1_158' title='bbox 2947 807 3170 877; x_wconf 85' lang='lat' dir='ltr'><strong>recepit.</strong></span> <span class='ocrx_word' id='word_1_159' title='bbox 3219 808 3420 863; x_wconf 87' lang='lat' dir='ltr'><strong>Eadem</strong></span> <span class='ocrx_word' id='word_1_160' title='bbox 3451 808 3539 862; x_wconf 88' lang='lat' dir='ltr'><strong>die</strong></span> 
     </span>
    </p>
   </div>
   <div class='ocr_carea' id='block_1_24' title="bbox 1953 889 3539 961">
    <p class='ocr_par' dir='ltr' id='par_1_24' title="bbox 1953 889 3539 961">
     <span class='ocr_line' id='line_1_24' title="bbox 1953 889 3539 961; baseline 0.006 -19"><span class='ocrx_word' id='word_1_161' title='bbox 1953 889 2176 958; x_wconf 88' lang='lat' dir='ltr'><strong>quidam</strong></span> <span class='ocrx_word' id='word_1_162' title='bbox 2207 891 2391 957; x_wconf 90' lang='lat' dir='ltr'><strong>homo,</strong></span> <span class='ocrx_word' id='word_1_163' title='bbox 2422 892 2642 947; x_wconf 88' lang='lat' dir='ltr'><strong>nomine</strong></span> <span class='ocrx_word' id='word_1_164' title='bbox 2667 892 2839 961; x_wconf 84' lang='lat' dir='ltr'><strong>Dado,</strong></span> <span class='ocrx_word' id='word_1_165' title='bbox 2865 893 2931 950; x_wconf 90' lang='lat' dir='ltr'><strong>de</strong></span> <span class='ocrx_word' id='word_1_166' title='bbox 2952 894 3077 949; x_wconf 91' lang='lat' dir='ltr'><strong>villa</strong></span> <span class='ocrx_word' id='word_1_167' title='bbox 3104 895 3369 951; x_wconf 86' lang='lat' dir='ltr'><strong>Ponticuli</strong></span> <span class='ocrx_word' id='word_1_168' title='bbox 3394 908 3416 936; x_wconf 72' lang='grc' dir='ltr'><em>ε</em></span> <span class='ocrx_word' id='word_1_169' title='bbox 3444 912 3539 952; x_wconf 75' lang='lat' dir='ltr'><strong>vo—</strong></span> 
     </span>
    </p>
   </div>
   <div class='ocr_carea' id='block_1_25' title="bbox 1952 981 3539 1050">
    <p class='ocr_par' dir='ltr' id='par_1_25' title="bbox 1952 981 3539 1050">
     <span class='ocr_line' id='line_1_25' title="bbox 1952 981 3539 1050; baseline 0.005 -15"><span class='ocrx_word' id='word_1_170' title='bbox 1952 988 2108 1045; x_wconf 90' lang='lat' dir='ltr'><strong>cata,</strong></span> <span class='ocrx_word' id='word_1_171' title='bbox 2146 981 2238 1050; x_wconf 85' lang='lat' dir='ltr'><strong>qui</strong></span> <span class='ocrx_word' id='word_1_172' title='bbox 2275 996 2446 1038; x_wconf 89' lang='lat' dir='ltr'><strong>annos</strong></span> <span class='ocrx_word' id='word_1_173' title='bbox 2494 999 2588 1039; x_wconf 82' lang='lat' dir='ltr'><strong>sex</strong></span> <span class='ocrx_word' id='word_1_174' title='bbox 2624 1000 2823 1040; x_wconf 90' lang='lat' dir='ltr'><strong>curvus</strong></span> <span class='ocrx_word' id='word_1_175' title='bbox 2859 993 3012 1050; x_wconf 90' lang='lat' dir='ltr'><strong>erat,</strong></span> <span class='ocrx_word' id='word_1_176' title='bbox 3050 992 3104 1038; x_wconf 88' lang='lat' dir='ltr'><strong>et</strong></span> <span class='ocrx_word' id='word_1_177' title='bbox 3139 986 3207 1040; x_wconf 89' lang='lat' dir='ltr'><strong>ad</strong></span> <span class='ocrx_word' id='word_1_178' title='bbox 3244 986 3443 1041; x_wconf 88' lang='lat' dir='ltr'><strong>coelum</strong></span> <span class='ocrx_word' id='word_1_179' title='bbox 3478 1000 3539 1043; x_wconf 86' lang='lat' dir='ltr'><strong>se</strong></span> 
     </span>
    </p>
   </div>
   <div class='ocr_carea' id='block_1_26' title="bbox 1952 1070 3535 1144">
    <p class='ocr_par' dir='ltr' id='par_1_26' title="bbox 1952 1070 3535 1144">
     <span class='ocr_line' id='line_1_26' title="bbox 1952 1070 3535 1144; baseline 0.005 -20"><span class='ocrx_word' id='word_1_180' title='bbox 1952 1070 2165 1140; x_wconf 82' lang='lat' dir='ltr'><strong>erigere</strong></span> <span class='ocrx_word' id='word_1_181' title='bbox 2212 1086 2319 1126; x_wconf 92' lang='lat' dir='ltr'><strong>non</strong></span> <span class='ocrx_word' id='word_1_182' title='bbox 2366 1081 2621 1142; x_wconf 88' lang='lat' dir='ltr'><strong>poterat,</strong></span> <span class='ocrx_word' id='word_1_183' title='bbox 2675 1075 2906 1144; x_wconf 87' lang='lat' dir='ltr'><strong>ideoque</strong></span> <span class='ocrx_word' id='word_1_184' title='bbox 2949 1076 3205 1131; x_wconf 86' lang='lat' dir='ltr'><strong>brevibus</strong></span> <span class='ocrx_word' id='word_1_185' title='bbox 3248 1076 3535 1142; x_wconf 89' lang='lat' dir='ltr'><strong>anticulis,</strong></span> 
     </span>
    </p>
   </div>
   <div class='ocr_carea' id='block_1_27' title="bbox 1950 1162 3538 1236">
    <p class='ocr_par' dir='ltr' id='par_1_27' title="bbox 1950 1162 3538 1236">
     <span class='ocr_line' id='line_1_27' title="bbox 1950 1162 3538 1236; baseline 0.005 -21"><span class='ocrx_word' id='word_1_186' title='bbox 1950 1162 2295 1217; x_wconf 88' lang='lat' dir='ltr'><strong>sustentandi</strong></span> <span class='ocrx_word' id='word_1_187' title='bbox 2323 1177 2381 1218; x_wconf 90' lang='lat' dir='ltr'><strong>se</strong></span> <span class='ocrx_word' id='word_1_188' title='bbox 2411 1164 2585 1233; x_wconf 78' lang='lat' dir='ltr'><strong>gratia</strong></span> <span class='ocrx_word' id='word_1_189' title='bbox 2618 1165 2717 1219; x_wconf 85' lang='lat' dir='ltr'><strong>sub</strong></span> <span class='ocrx_word' id='word_1_190' title='bbox 2741 1165 2918 1220; x_wconf 82' lang='lat' dir='ltr'><strong>axillis</strong></span> <span class='ocrx_word' id='word_1_191' title='bbox 2945 1165 3156 1236; x_wconf 88' lang='lat' dir='ltr'><strong>positis,</strong></span> <span class='ocrx_word' id='word_1_192' title='bbox 3190 1182 3424 1223; x_wconf 90' lang='lat' dir='ltr'><strong>cernuus</strong></span> <span class='ocrx_word' id='word_1_193' title='bbox 3452 1168 3538 1223; x_wconf 66' lang='lat' dir='ltr'><strong>inv</strong></span> 
     </span>
    </p>
   </div>
   <div class='ocr_carea' id='block_1_28' title="bbox 1949 1240 3535 1330">
    <p class='ocr_par' dir='ltr' id='par_1_28' title="bbox 1949 1240 3535 1330">
     <span class='ocr_line' id='line_1_28' title="bbox 1949 1240 3535 1330; baseline 0.006 -25"><span class='ocrx_word' id='word_1_194' title='bbox 1949 1240 2216 1315; x_wconf 85' lang='lat' dir='ltr'><strong>cedebat,</strong></span> <span class='ocrx_word' id='word_1_195' title='bbox 2264 1254 2313 1308; x_wconf 91' lang='lat' dir='ltr'><strong>is</strong></span> <span class='ocrx_word' id='word_1_196' title='bbox 2358 1254 2549 1308; x_wconf 87' lang='lat' dir='ltr'><strong>eadem</strong></span> <span class='ocrx_word' id='word_1_197' title='bbox 2593 1256 2758 1321; x_wconf 89' lang='lat' dir='ltr'><strong>hora,</strong></span> <span class='ocrx_word' id='word_1_198' title='bbox 2804 1258 3104 1326; x_wconf 89' lang='lat' dir='ltr'><strong>eodemque</strong></span> <span class='ocrx_word' id='word_1_199' title='bbox 3144 1258 3197 1312; x_wconf 92' lang='lat' dir='ltr'><strong>in</strong></span> <span class='ocrx_word' id='word_1_200' title='bbox 3243 1258 3393 1324; x_wconf 85' lang='lat' dir='ltr'><strong>loco,</strong></span> <span class='ocrx_word' id='word_1_201' title='bbox 3435 1274 3535 1330; x_wconf 90' lang='lat' dir='ltr'><strong>per</strong></span> 
     </span>
    </p>
   </div>
   <div class='ocr_carea' id='block_1_29' title="bbox 1948 1343 3535 1420">
    <p class='ocr_par' dir='ltr' id='par_1_29' title="bbox 1948 1343 3535 1420">
     <span class='ocr_line' id='line_1_29' title="bbox 1948 1343 3535 1420; baseline 0.004 -24"><span class='ocrx_word' id='word_1_202' title='bbox 1948 1343 2379 1398; x_wconf 88' lang='lat' dir='ltr'><strong>misericordiam</strong></span> <span class='ocrx_word' id='word_1_203' title='bbox 2408 1345 2504 1399; x_wconf 90' lang='lat' dir='ltr'><strong>Dei</strong></span> <span class='ocrx_word' id='word_1_204' title='bbox 2545 1353 2600 1400; x_wconf 85' lang='lat' dir='ltr'><strong>et</strong></span> <span class='ocrx_word' id='word_1_205' title='bbox 2638 1360 2736 1417; x_wconf 90' lang='lat' dir='ltr'><strong>per</strong></span> <span class='ocrx_word' id='word_1_206' title='bbox 2775 1348 2969 1401; x_wconf 87' lang='lat' dir='ltr'><strong>merita</strong></span> <span class='ocrx_word' id='word_1_207' title='bbox 3005 1348 3290 1404; x_wconf 86' lang='lat' dir='ltr'><strong>beatorum</strong></span> <span class='ocrx_word' id='word_1_208' title='bbox 3330 1358 3535 1420; x_wconf 75' lang='lat' dir='ltr'><strong>marty-</strong></span> 
     </span>
    </p>
   </div>
   <div class='ocr_carea' id='block_1_30' title="bbox 1948 1435 3022 1497">
    <p class='ocr_par' dir='ltr' id='par_1_30' title="bbox 1948 1435 3022 1497">
     <span class='ocr_line' id='line_1_30' title="bbox 1948 1435 3022 1497; baseline 0.006 -11"><span class='ocrx_word' id='word_1_209' title='bbox 1948 1447 2069 1486; x_wconf 88' lang='lat' dir='ltr'><strong>rum</strong></span> <span class='ocrx_word' id='word_1_210' title='bbox 2089 1473 2104 1497; x_wconf 95' lang='lat'><strong>,</strong></span> <span class='ocrx_word' id='word_1_211' title='bbox 2136 1441 2353 1488; x_wconf 84' lang='lat' dir='ltr'><strong>erectus</strong></span> <span class='ocrx_word' id='word_1_212' title='bbox 2380 1450 2445 1489; x_wconf 91' lang='lat' dir='ltr'><strong>ac</strong></span> <span class='ocrx_word' id='word_1_213' title='bbox 2474 1450 2638 1491; x_wconf 85' lang='lat' dir='ltr'><strong>sanus</strong></span> <span class='ocrx_word' id='word_1_214' title='bbox 2666 1435 2892 1492; x_wconf 72' lang='lat' dir='ltr'><strong>effectus</strong></span> <span class='ocrx_word' id='word_1_215' title='bbox 2920 1445 3022 1492; x_wconf 88' lang='lat' dir='ltr'><strong>est.</strong></span> 
     </span>
    </p>
   </div>
   <div class='ocr_carea' id='block_1_31' title="bbox 2017 1522 3529 1597">
    <p class='ocr_par' dir='ltr' id='par_1_31' title="bbox 2017 1522 3529 1597">
     <span class='ocr_line' id='line_1_31' title="bbox 2017 1522 3529 1597; baseline 0.006 -22"><span class='ocrx_word' id='word_1_216' title='bbox 2017 1522 2106 1577; x_wconf 74' lang='lat'><strong>72.</strong></span> <span class='ocrx_word' id='word_1_217' title='bbox 2138 1522 2236 1578; x_wconf 91' lang='lat' dir='ltr'><strong>Die</strong></span> <span class='ocrx_word' id='word_1_218' title='bbox 2265 1533 2461 1593; x_wconf 88' lang='lat' dir='ltr'><strong>quarto</strong></span> <span class='ocrx_word' id='word_1_219' title='bbox 2485 1541 2749 1580; x_wconf 89' lang='lat' dir='ltr'><strong>nonarum</strong></span> <span class='ocrx_word' id='word_1_220' title='bbox 2769 1525 3031 1594; x_wconf 89' lang='lat' dir='ltr'><strong>juliarum</strong></span> <span class='ocrx_word' id='word_1_221' title='bbox 3050 1568 3065 1594; x_wconf 92' lang='lat'><strong>,</strong></span> <span class='ocrx_word' id='word_1_222' title='bbox 3095 1528 3340 1597; x_wconf 71' lang='lat' dir='ltr'><strong>quaedam</strong></span> <span class='ocrx_word' id='word_1_223' title='bbox 3364 1529 3529 1584; x_wconf 85' lang='lat' dir='ltr'><strong>vidua</strong></span> 
     </span>
    </p>
   </div>
   <div class='ocr_carea' id='block_1_32' title="bbox 1946 1613 3528 1686">
    <p class='ocr_par' dir='ltr' id='par_1_32' title="bbox 1946 1613 3528 1686">
     <span class='ocr_line' id='line_1_32' title="bbox 1946 1613 3528 1686; baseline 0.004 -20"><span class='ocrx_word' id='word_1_224' title='bbox 1946 1614 2163 1668; x_wconf 91' lang='lat' dir='ltr'><strong>nomine</strong></span> <span class='ocrx_word' id='word_1_225' title='bbox 2189 1613 2461 1668; x_wconf 84' lang='lat' dir='ltr'><strong>Adalrada</strong></span> <span class='ocrx_word' id='word_1_226' title='bbox 2481 1655 2496 1680; x_wconf 91' lang='lat'><strong>,</strong></span> <span class='ocrx_word' id='word_1_227' title='bbox 2530 1630 2650 1684; x_wconf 61' lang='lat' dir='ltr'><strong>quae</strong></span> <span class='ocrx_word' id='word_1_228' title='bbox 2681 1617 2840 1671; x_wconf 90' lang='lat' dir='ltr'><strong>annis</strong></span> <span class='ocrx_word' id='word_1_229' title='bbox 2867 1625 3101 1686; x_wconf 88' lang='lat' dir='ltr'><strong>quatuor</strong></span> <span class='ocrx_word' id='word_1_230' title='bbox 3127 1616 3409 1672; x_wconf 89' lang='lat' dir='ltr'><strong>oculorum</strong></span> <span class='ocrx_word' id='word_1_231' title='bbox 3440 1616 3528 1672; x_wconf 89' lang='lat' dir='ltr'><strong>lu-</strong></span> 
     </span>
    </p>
   </div>
   <div class='ocr_carea' id='block_1_33' title="bbox 266 1693 3529 1776">
    <p class='ocr_par' dir='ltr' id='par_1_33' title="bbox 266 1693 3529 1776">
     <span class='ocr_line' id='line_1_33' title="bbox 266 1693 3529 1776; baseline 0.004 -29"><span class='ocrx_word' id='word_1_232' title='bbox 266 1693 713 1751; x_wconf 89' lang='lat' dir='ltr'><strong>intercessionem</strong></span> <span class='ocrx_word' id='word_1_233' title='bbox 738 1706 1054 1754; x_wconf 86' lang='lat' dir='ltr'><strong>sanctorum</strong></span> <span class='ocrx_word' id='word_1_234' title='bbox 1085 1698 1381 1754; x_wconf 80' lang='lat' dir='ltr'><strong>Marcellini</strong></span> <span class='ocrx_word' id='word_1_235' title='bbox 1411 1707 1475 1776; x_wconf 17' lang='lat' dir='ltr'><strong>Aet</strong></span> <span class='ocrx_word' id='word_1_236' title='bbox 1505 1700 1679 1766; x_wconf 89' lang='lat' dir='ltr'><strong>Petri,</strong></span> <span class='ocrx_word' id='word_1_237' title='bbox 1713 1715 1845 1756; x_wconf 88' lang='lat' dir='ltr'><strong>cun-</strong></span> <span class='ocrx_word' id='word_1_238' title='bbox 1872 1705 1919 1765; x_wconf 91' lang='lat' dir='ltr'><strong>B</strong></span> <span class='ocrx_word' id='word_1_239' title='bbox 1948 1707 2093 1761; x_wconf 92' lang='lat' dir='ltr'><strong>mine</strong></span> <span class='ocrx_word' id='word_1_240' title='bbox 2120 1707 2328 1776; x_wconf 88' lang='lat' dir='ltr'><strong>privata</strong></span> <span class='ocrx_word' id='word_1_241' title='bbox 2366 1707 2503 1761; x_wconf 88' lang='lat' dir='ltr'><strong>nihil</strong></span> <span class='ocrx_word' id='word_1_242' title='bbox 2537 1708 2788 1772; x_wconf 90' lang='lat' dir='ltr'><strong>videbat,</strong></span> <span class='ocrx_word' id='word_1_243' title='bbox 2829 1708 3015 1761; x_wconf 87' lang='lat' dir='ltr'><strong>audita</strong></span> <span class='ocrx_word' id='word_1_244' title='bbox 3049 1706 3312 1761; x_wconf 87' lang='lat' dir='ltr'><strong>virtutum</strong></span> <span class='ocrx_word' id='word_1_245' title='bbox 3347 1704 3529 1773; x_wconf 76' lang='lat' dir='ltr'><strong>fama,</strong></span> 
     </span>
    </p>
   </div>
   <div class='ocr_carea' id='block_1_34' title="bbox 263 1773 1849 1862">
    <p class='ocr_par' dir='ltr' id='par_1_34' title="bbox 263 1773 1849 1862">
     <span class='ocr_line' id='line_1_34' title="bbox 263 1773 1849 1862; baseline 0.007 -23"><span class='ocrx_word' id='word_1_246' title='bbox 263 1793 347 1839; x_wconf 88' lang='lat' dir='ltr'><strong>cta</strong></span> <span class='ocrx_word' id='word_1_247' title='bbox 372 1787 623 1858; x_wconf 91' lang='lat' dir='ltr'><strong>corporis</strong></span> <span class='ocrx_word' id='word_1_248' title='bbox 662 1788 1105 1847; x_wconf 87' lang='lat' dir='ltr'><strong>incommoditate</strong></span> <span class='ocrx_word' id='word_1_249' title='bbox 1143 1792 1366 1862; x_wconf 89' lang='lat' dir='ltr'><strong>depulsa</strong></span> <span class='ocrx_word' id='word_1_250' title='bbox 1383 1773 1599 1858; x_wconf 40' lang='lat' dir='ltr'><strong>,‘sanus</strong></span> <span class='ocrx_word' id='word_1_251' title='bbox 1626 1793 1696 1849; x_wconf 90' lang='lat' dir='ltr'><strong>ab</strong></span> <span class='ocrx_word' id='word_1_252' title='bbox 1724 1809 1849 1850; x_wconf 89' lang='lat' dir='ltr'><strong>ora-</strong></span> 
     </span>
    </p>
   </div>
   <div class='ocr_carea' id='block_1_35' title="bbox 264 1875 1846 1943">
    <p class='ocr_par' dir='ltr' id='par_1_35' title="bbox 264 1875 1846 1943">
     <span class='ocr_line' id='line_1_35' title="bbox 264 1875 1846 1943; baseline 0.008 -13"><span class='ocrx_word' id='word_1_253' title='bbox 264 1875 409 1933; x_wconf 88' lang='lat' dir='ltr'><strong>tione</strong></span> <span class='ocrx_word' id='word_1_254' title='bbox 453 1880 715 1935; x_wconf 81' lang='lat' dir='ltr'><strong>surrexit.</strong></span> <span class='ocrx_word' id='word_1_255' title='bbox 760 1880 990 1937; x_wconf 87' lang='lat' dir='ltr'><strong>Factum</strong></span> <span class='ocrx_word' id='word_1_256' title='bbox 1038 1894 1123 1939; x_wconf 90' lang='lat' dir='ltr'><strong>est</strong></span> <span class='ocrx_word' id='word_1_257' title='bbox 1165 1885 1271 1941; x_wconf 90' lang='lat' dir='ltr'><strong>hoc</strong></span> <span class='ocrx_word' id='word_1_258' title='bbox 1311 1885 1634 1941; x_wconf 87' lang='lat' dir='ltr'><strong>miraculum</strong></span> <span class='ocrx_word' id='word_1_259' title='bbox 1684 1888 1846 1943; x_wconf 89' lang='lat' dir='ltr'><strong>tertio</strong></span> 
     </span>
    </p>
   </div>
   <div class='ocr_carea' id='block_1_36' title="bbox 262 1964 1846 2048">
    <p class='ocr_par' dir='ltr' id='par_1_36' title="bbox 262 1964 1846 2048">
     <span class='ocr_line' id='line_1_36' title="bbox 262 1964 1846 2048; baseline 0.009 -28"><span class='ocrx_word' id='word_1_260' title='bbox 262 1964 470 2023; x_wconf 90' lang='lat' dir='ltr'><strong>decimo</strong></span> <span class='ocrx_word' id='word_1_261' title='bbox 499 1969 770 2028; x_wconf 84' lang='lat' dir='ltr'><strong>Kalendas</strong></span> <span class='ocrx_word' id='word_1_262' title='bbox 797 1969 946 2028; x_wconf 88' lang='lat' dir='ltr'><strong>Julii.</strong></span> <span class='ocrx_word' id='word_1_263' title='bbox 976 1972 1130 2041; x_wconf 88' lang='lat' dir='ltr'><strong>Quod</strong></span> <span class='ocrx_word' id='word_1_264' title='bbox 1160 1990 1191 2030; x_wconf 89' lang='lat' dir='ltr'><strong>a</strong></span> <span class='ocrx_word' id='word_1_265' title='bbox 1225 1991 1312 2032; x_wconf 91' lang='lat' dir='ltr'><strong>me</strong></span> <span class='ocrx_word' id='word_1_266' title='bbox 1340 1977 1592 2048; x_wconf 89' lang='lat' dir='ltr'><strong>superius</strong></span> <span class='ocrx_word' id='word_1_267' title='bbox 1632 1977 1846 2047; x_wconf 89' lang='lat' dir='ltr'><strong>plenius</strong></span> 
     </span>
    </p>
   </div>
   <div class='ocr_carea' id='block_1_37' title="bbox 261 2062 1843 2135">
    <p class='ocr_par' dir='ltr' id='par_1_37' title="bbox 261 2062 1843 2135">
     <span class='ocr_line' id='line_1_37' title="bbox 261 2062 1843 2135; baseline 0.011 -28"><span class='ocrx_word' id='word_1_268' title='bbox 261 2063 345 2109; x_wconf 89' lang='lat' dir='ltr'><strong>est</strong></span> <span class='ocrx_word' id='word_1_269' title='bbox 392 2067 743 2127; x_wconf 87' lang='lat' dir='ltr'><strong>enarratum,</strong></span> <span class='ocrx_word' id='word_1_270' title='bbox 798 2062 927 2132; x_wconf 88' lang='lat' dir='ltr'><strong>quia</strong></span> <span class='ocrx_word' id='word_1_271' title='bbox 978 2078 1080 2134; x_wconf 91' lang='lat' dir='ltr'><strong>ego</strong></span> <span class='ocrx_word' id='word_1_272' title='bbox 1126 2064 1259 2120; x_wconf 91' lang='lat' dir='ltr'><strong>illud</strong></span> <span class='ocrx_word' id='word_1_273' title='bbox 1305 2065 1463 2135; x_wconf 82' lang='lat' dir='ltr'><strong>juxta</strong></span> <span class='ocrx_word' id='word_1_274' title='bbox 1519 2066 1843 2125; x_wconf 87' lang='lat' dir='ltr'><strong>relationem</strong></span> 
     </span>
    </p>
   </div>
   <div class='ocr_carea' id='block_1_38' title="bbox 260 2146 1413 2224">
    <p class='ocr_par' dir='ltr' id='par_1_38' title="bbox 260 2146 1413 2224">
     <span class='ocr_line' id='line_1_38' title="bbox 260 2146 1413 2224; baseline 0.012 -26"><span class='ocrx_word' id='word_1_275' title='bbox 260 2150 550 2204; x_wconf 88' lang='lat' dir='ltr'><strong>memorati</strong></span> <span class='ocrx_word' id='word_1_276' title='bbox 579 2149 795 2224; x_wconf 76' lang='lat' dir='ltr'><strong>Georgii</strong></span> <span class='ocrx_word' id='word_1_277' title='bbox 826 2154 1177 2210; x_wconf 89' lang='lat' dir='ltr'><strong>conscribere</strong></span> <span class='ocrx_word' id='word_1_278' title='bbox 1205 2146 1413 2212; x_wconf 82' lang='lat' dir='ltr'><strong>curavi.</strong></span> 
     </span>
    </p>
   </div>
   <div class='ocr_carea' id='block_1_39' title="bbox 326 2235 1842 2314">
    <p class='ocr_par' dir='ltr' id='par_1_39' title="bbox 326 2235 1842 2314">
     <span class='ocr_line' id='line_1_39' title="bbox 326 2235 1842 2314; baseline 0.011 -26"><span class='ocrx_word' id='word_1_279' title='bbox 326 2235 416 2290; x_wconf 89' lang='lat'><strong>70.</strong></span> <span class='ocrx_word' id='word_1_280' title='bbox 455 2237 730 2296; x_wconf 88' lang='lat' dir='ltr'><strong>Diaconus</strong></span> <span class='ocrx_word' id='word_1_281' title='bbox 765 2249 947 2296; x_wconf 88' lang='lat' dir='ltr'><strong>autem</strong></span> <span class='ocrx_word' id='word_1_282' title='bbox 985 2258 1109 2297; x_wconf 92' lang='lat' dir='ltr'><strong>cum</strong></span> <span class='ocrx_word' id='word_1_283' title='bbox 1148 2244 1395 2314; x_wconf 86' lang='lat' dir='ltr'><strong>reliquiis</strong></span> <span class='ocrx_word' id='word_1_284' title='bbox 1422 2249 1582 2304; x_wconf 88' lang='lat' dir='ltr'><strong>tertia</strong></span> <span class='ocrx_word' id='word_1_285' title='bbox 1612 2249 1701 2305; x_wconf 90' lang='lat' dir='ltr'><strong>die</strong></span> <span class='ocrx_word' id='word_1_286' title='bbox 1728 2248 1842 2305; x_wconf 79' lang='lat' dir='ltr'><strong>Va-</strong></span> 
     </span>
    </p>
   </div>
   <div class='ocr_carea' id='block_1_40' title="bbox 251 2325 1840 2403">
    <p class='ocr_par' dir='ltr' id='par_1_40' title="bbox 251 2325 1840 2403">
     <span class='ocr_line' id='line_1_40' title="bbox 251 2325 1840 2403; baseline 0.009 -24"><span class='ocrx_word' id='word_1_287' title='bbox 251 2325 533 2384; x_wconf 85' lang='lat' dir='ltr'><strong>lentianas</strong></span> <span class='ocrx_word' id='word_1_288' title='bbox 569 2329 831 2395; x_wconf 90' lang='lat' dir='ltr'><strong>veniens,</strong></span> <span class='ocrx_word' id='word_1_289' title='bbox 871 2346 996 2386; x_wconf 92' lang='lat' dir='ltr'><strong>cum</strong></span> <span class='ocrx_word' id='word_1_290' title='bbox 1034 2345 1129 2387; x_wconf 88' lang='lat' dir='ltr'><strong>eas</strong></span> <span class='ocrx_word' id='word_1_291' title='bbox 1155 2332 1208 2386; x_wconf 91' lang='lat' dir='ltr'><strong>in</strong></span> <span class='ocrx_word' id='word_1_292' title='bbox 1239 2334 1519 2390; x_wconf 87' lang='lat' dir='ltr'><strong>basilicam</strong></span> <span class='ocrx_word' id='word_1_293' title='bbox 1551 2336 1609 2391; x_wconf 88' lang='lat' dir='ltr'><strong>S.</strong></span> <span class='ocrx_word' id='word_1_294' title='bbox 1640 2337 1840 2403; x_wconf 87' lang='lat' dir='ltr'><strong>Salvii,</strong></span> 
     </span>
    </p>
   </div>
   <div class='ocr_carea' id='block_1_41' title="bbox 244 2417 1845 2490">
    <p class='ocr_par' dir='ltr' id='par_1_41' title="bbox 244 2417 1845 2490">
     <span class='ocr_line' id='line_1_41' title="bbox 244 2417 1845 2490; baseline 0.008 -17"><span class='ocrx_word' id='word_1_295' title='bbox 244 2417 396 2473; x_wconf 89' lang='lat' dir='ltr'><strong>sicut</strong></span> <span class='ocrx_word' id='word_1_296' title='bbox 426 2420 485 2474; x_wconf 88' lang='lat' dir='ltr'><strong>ei</strong></span> <span class='ocrx_word' id='word_1_297' title='bbox 515 2420 694 2476; x_wconf 82' lang='lat' dir='ltr'><strong>fuerat</strong></span> <span class='ocrx_word' id='word_1_298' title='bbox 721 2420 1047 2490; x_wconf 87' lang='lat' dir='ltr'><strong>imperatum</strong></span> <span class='ocrx_word' id='word_1_299' title='bbox 1066 2462 1082 2489; x_wconf 93' lang='lat'><strong>,</strong></span> <span class='ocrx_word' id='word_1_300' title='bbox 1113 2434 1428 2481; x_wconf 87' lang='lat' dir='ltr'><strong>reverenter</strong></span> <span class='ocrx_word' id='word_1_301' title='bbox 1457 2436 1512 2480; x_wconf 90' lang='lat' dir='ltr'><strong>et</strong></span> <span class='ocrx_word' id='word_1_302' title='bbox 1544 2428 1845 2486; x_wconf 89' lang='lat' dir='ltr'><strong>honoriﬁce</strong></span> 
     </span>
    </p>
   </div>
   <div class='ocr_carea' id='block_1_42' title="bbox 239 2510 1841 2588">
    <p class='ocr_par' dir='ltr' id='par_1_42' title="bbox 239 2510 1841 2588">
     <span class='ocr_line' id='line_1_42' title="bbox 239 2510 1841 2588; baseline 0.006 -23"><span class='ocrx_word' id='word_1_303' title='bbox 239 2510 513 2577; x_wconf 72' lang='lat' dir='ltr'><strong>inferret,</strong></span> <span class='ocrx_word' id='word_1_304' title='bbox 544 2511 763 2581; x_wconf 87' lang='lat' dir='ltr'><strong>quidam</strong></span> <span class='ocrx_word' id='word_1_305' title='bbox 788 2511 1005 2581; x_wconf 82' lang='lat' dir='ltr'><strong>juvenis</strong></span> <span class='ocrx_word' id='word_1_306' title='bbox 1026 2514 1093 2569; x_wconf 90' lang='lat' dir='ltr'><strong>de</strong></span> <span class='ocrx_word' id='word_1_307' title='bbox 1121 2515 1247 2569; x_wconf 90' lang='lat' dir='ltr'><strong>villa</strong></span> <span class='ocrx_word' id='word_1_308' title='bbox 1272 2517 1417 2588; x_wconf 85' lang='lat' dir='ltr'><strong>regis</strong></span> <span class='ocrx_word' id='word_1_309' title='bbox 1444 2533 1565 2587; x_wconf 78' lang='lat' dir='ltr'><strong>quae</strong></span> <span class='ocrx_word' id='word_1_310' title='bbox 1584 2519 1793 2575; x_wconf 86' lang='lat' dir='ltr'><strong>Listina</strong></span> <span class='ocrx_word' id='word_1_311' title='bbox 1815 2533 1841 2563; x_wconf 73' lang='grc' dir='ltr'>ι</span> 
     </span>
    </p>
   </div>
   <div class='ocr_carea' id='block_1_43' title="bbox 237 2601 1843 2681">
    <p class='ocr_par' dir='ltr' id='par_1_43' title="bbox 237 2601 1843 2681">
     <span class='ocr_line' id='line_1_43' title="bbox 237 2601 1843 2681; baseline 0.007 -26"><span class='ocrx_word' id='word_1_312' title='bbox 237 2610 508 2667; x_wconf 80' lang='lat' dir='ltr'><strong>vocatur,</strong></span> <span class='ocrx_word' id='word_1_313' title='bbox 559 2601 873 2658; x_wconf 90' lang='lat' dir='ltr'><strong>Dominicus</strong></span> <span class='ocrx_word' id='word_1_314' title='bbox 906 2605 1142 2670; x_wconf 89' lang='lat' dir='ltr'><strong>nomine,</strong></span> <span class='ocrx_word' id='word_1_315' title='bbox 1193 2606 1286 2677; x_wconf 90' lang='lat' dir='ltr'><strong>qui</strong></span> <span class='ocrx_word' id='word_1_316' title='bbox 1324 2621 1390 2662; x_wconf 91' lang='lat' dir='ltr'><strong>eo</strong></span> <span class='ocrx_word' id='word_1_317' title='bbox 1437 2609 1651 2676; x_wconf 89' lang='lat' dir='ltr'><strong>morbo,</strong></span> <span class='ocrx_word' id='word_1_318' title='bbox 1682 2626 1843 2681; x_wconf 89' lang='lat' dir='ltr'><strong>quem</strong></span> 
     </span>
    </p>
   </div>
   <div class='ocr_carea' id='block_1_44' title="bbox 237 2691 1842 2768">
    <p class='ocr_par' dir='ltr' id='par_1_44' title="bbox 237 2691 1842 2768">
     <span class='ocr_line' id='line_1_44' title="bbox 237 2691 1842 2768; baseline 0.007 -22"><span class='ocrx_word' id='word_1_319' title='bbox 237 2691 421 2747; x_wconf 70' lang='lat' dir='ltr'><strong>Grmci</strong></span> <span class='ocrx_word' id='word_1_320' title='bbox 484 2708 761 2762; x_wconf 90' lang='lat' dir='ltr'><strong>spasmum</strong></span> <span class='ocrx_word' id='word_1_321' title='bbox 807 2695 1113 2765; x_wconf 90' lang='lat' dir='ltr'><strong>appellant,</strong></span> <span class='ocrx_word' id='word_1_322' title='bbox 1153 2695 1271 2764; x_wconf 85' lang='lat' dir='ltr'><strong>jam</strong></span> <span class='ocrx_word' id='word_1_323' title='bbox 1313 2713 1413 2768; x_wconf 88' lang='lat' dir='ltr'><strong>per</strong></span> <span class='ocrx_word' id='word_1_324' title='bbox 1452 2715 1654 2755; x_wconf 90' lang='lat' dir='ltr'><strong>annum</strong></span> <span class='ocrx_word' id='word_1_325' title='bbox 1699 2703 1842 2758; x_wconf 91' lang='lat' dir='ltr'><strong>inte-</strong></span> 
     </span>
    </p>
   </div>
   <div class='ocr_carea' id='block_1_45' title="bbox 242 2784 1843 2863">
    <p class='ocr_par' dir='ltr' id='par_1_45' title="bbox 242 2784 1843 2863">
     <span class='ocr_line' id='line_1_45' title="bbox 242 2784 1843 2863; baseline 0.006 -24"><span class='ocrx_word' id='word_1_326' title='bbox 242 2800 401 2856; x_wconf 79' lang='lat' dir='ltr'><strong>grum</strong></span> <span class='ocrx_word' id='word_1_327' title='bbox 434 2784 529 2839; x_wconf 87' lang='lat' dir='ltr'><strong>sic</strong></span> <span class='ocrx_word' id='word_1_328' title='bbox 557 2786 875 2852; x_wconf 78' lang='lat' dir='ltr'><strong>vexabatur,</strong></span> <span class='ocrx_word' id='word_1_329' title='bbox 915 2794 976 2841; x_wconf 88' lang='lat' dir='ltr'><strong>ut</strong></span> <span class='ocrx_word' id='word_1_330' title='bbox 1010 2802 1207 2844; x_wconf 91' lang='lat' dir='ltr'><strong>manus</strong></span> <span class='ocrx_word' id='word_1_331' title='bbox 1242 2787 1359 2857; x_wconf 86' lang='lat' dir='ltr'><strong>ejus</strong></span> <span class='ocrx_word' id='word_1_332' title='bbox 1397 2790 1586 2845; x_wconf 76' lang='lat' dir='ltr'><strong>dextra</strong></span> <span class='ocrx_word' id='word_1_333' title='bbox 1625 2793 1843 2863; x_wconf 90' lang='lat' dir='ltr'><strong>penitus</strong></span> 
     </span>
    </p>
   </div>
   <div class='ocr_carea' id='block_1_46' title="bbox 255 2874 1836 2951">
    <p class='ocr_par' dir='ltr' id='par_1_46' title="bbox 255 2874 1836 2951">
     <span class='ocr_line' id='line_1_46' title="bbox 255 2874 1836 2951; baseline 0.006 -21"><span class='ocrx_word' id='word_1_334' title='bbox 255 2874 533 2930; x_wconf 89' lang='lat' dir='ltr'><strong>contineri</strong></span> <span class='ocrx_word' id='word_1_335' title='bbox 589 2891 698 2930; x_wconf 91' lang='lat' dir='ltr'><strong>non</strong></span> <span class='ocrx_word' id='word_1_336' title='bbox 749 2885 970 2946; x_wconf 89' lang='lat' dir='ltr'><strong>posset,</strong></span> <span class='ocrx_word' id='word_1_337' title='bbox 1028 2879 1124 2934; x_wconf 89' lang='lat' dir='ltr'><strong>sed</strong></span> <span class='ocrx_word' id='word_1_338' title='bbox 1187 2880 1482 2951; x_wconf 81' lang='lat' dir='ltr'><strong>agitatione</strong></span> <span class='ocrx_word' id='word_1_339' title='bbox 1537 2883 1836 2949; x_wconf 86' lang='lat' dir='ltr'><strong>continua,</strong></span> 
     </span>
    </p>
   </div>
   <div class='ocr_carea' id='block_1_47' title="bbox 253 2968 1837 3048">
    <p class='ocr_par' dir='ltr' id='par_1_47' title="bbox 253 2968 1837 3048">
     <span class='ocr_line' id='line_1_47' title="bbox 253 2968 1837 3048; baseline 0.007 -26"><span class='ocrx_word' id='word_1_340' title='bbox 253 2968 409 3039; x_wconf 91' lang='lat' dir='ltr'><strong>quasi</strong></span> <span class='ocrx_word' id='word_1_341' title='bbox 453 2969 548 3039; x_wconf 91' lang='lat' dir='ltr'><strong>qui</strong></span> <span class='ocrx_word' id='word_1_342' title='bbox 593 2969 793 3026; x_wconf 90' lang='lat' dir='ltr'><strong>molam</strong></span> <span class='ocrx_word' id='word_1_343' title='bbox 840 2979 1112 3037; x_wconf 86' lang='lat' dir='ltr'><strong>verteret,</strong></span> <span class='ocrx_word' id='word_1_344' title='bbox 1162 2982 1473 3029; x_wconf 88' lang='lat' dir='ltr'><strong>moveretur</strong></span> <span class='ocrx_word' id='word_1_345' title='bbox 1517 2975 1571 3030; x_wconf 92' lang='lat' dir='ltr'><strong>in</strong></span> <span class='ocrx_word' id='word_1_346' title='bbox 1613 2992 1837 3048; x_wconf 82' lang='lat' dir='ltr'><strong>gyrum,</strong></span> 
     </span>
    </p>
   </div>
   <div class='ocr_carea' id='block_1_48' title="bbox 257 3044 1913 3142">
    <p class='ocr_par' dir='ltr' id='par_1_48' title="bbox 257 3044 1913 3142">
     <span class='ocr_line' id='line_1_48' title="bbox 257 3044 1913 3142; baseline 0.005 -26"><span class='ocrx_word' id='word_1_347' title='bbox 257 3062 439 3116; x_wconf 88' lang='lat' dir='ltr'><strong>statim</strong></span> <span class='ocrx_word' id='word_1_348' title='bbox 473 3062 528 3116; x_wconf 90' lang='lat' dir='ltr'><strong>in</strong></span> <span class='ocrx_word' id='word_1_349' title='bbox 556 3062 675 3133; x_wconf 91' lang='lat' dir='ltr'><strong>ipso</strong></span> <span class='ocrx_word' id='word_1_350' title='bbox 703 3063 928 3118; x_wconf 91' lang='lat' dir='ltr'><strong>introitu</strong></span> <span class='ocrx_word' id='word_1_351' title='bbox 951 3104 965 3128; x_wconf 94' lang='lat'><strong>,</strong></span> <span class='ocrx_word' id='word_1_352' title='bbox 997 3080 1097 3133; x_wconf 90' lang='lat' dir='ltr'><strong>per</strong></span> <span class='ocrx_word' id='word_1_353' title='bbox 1125 3066 1320 3142; x_wconf 86' lang='lat' dir='ltr'><strong>merita</strong></span> <span class='ocrx_word' id='word_1_354' title='bbox 1364 3044 1663 3122; x_wconf 37' lang='lat' dir='ltr'><strong>beatorum&#39;</strong></span> <span class='ocrx_word' id='word_1_355' title='bbox 1692 3083 1835 3123; x_wconf 89' lang='lat' dir='ltr'><strong>mar-</strong></span> <span class='ocrx_word' id='word_1_356' title='bbox 1866 3044 1913 3106; x_wconf 60' lang='grc' dir='ltr'><strong>(οἶ</strong></span> 
     </span>
    </p>
   </div>
   <div class='ocr_carea' id='block_1_49' title="bbox 259 3154 1835 3228">
    <p class='ocr_par' dir='ltr' id='par_1_49' title="bbox 259 3154 1835 3228">
     <span class='ocr_line' id='line_1_49' title="bbox 259 3154 1835 3228; baseline 0.005 -23"><span class='ocrx_word' id='word_1_357' title='bbox 259 3161 466 3222; x_wconf 81' lang='lat' dir='ltr'><strong>tyrum,</strong></span> <span class='ocrx_word' id='word_1_358' title='bbox 499 3167 684 3207; x_wconf 86' lang='lat' dir='ltr'><strong>coram</strong></span> <span class='ocrx_word' id='word_1_359' title='bbox 708 3154 857 3208; x_wconf 90' lang='lat' dir='ltr'><strong>omni</strong></span> <span class='ocrx_word' id='word_1_360' title='bbox 884 3154 1081 3224; x_wconf 92' lang='lat' dir='ltr'><strong>populo</strong></span> <span class='ocrx_word' id='word_1_361' title='bbox 1106 3156 1182 3210; x_wconf 89' lang='lat' dir='ltr'><strong>ita</strong></span> <span class='ocrx_word' id='word_1_362' title='bbox 1208 3165 1429 3211; x_wconf 89' lang='lat' dir='ltr'><strong>curatus</strong></span> <span class='ocrx_word' id='word_1_363' title='bbox 1464 3165 1574 3223; x_wconf 88' lang='lat' dir='ltr'><strong>est,</strong></span> <span class='ocrx_word' id='word_1_364' title='bbox 1614 3164 1676 3211; x_wconf 89' lang='lat' dir='ltr'><strong>ut</strong></span> <span class='ocrx_word' id='word_1_365' title='bbox 1713 3166 1835 3228; x_wconf 93' lang='lat' dir='ltr'><strong>post</strong></span> 
     </span>
    </p>
   </div>
   <div class='ocr_carea' id='block_1_50' title="bbox 258 3241 1836 3317">
    <p class='ocr_par' dir='ltr' id='par_1_50' title="bbox 258 3241 1836 3317">
     <span class='ocr_line' id='line_1_50' title="bbox 258 3241 1836 3317; baseline 0.004 -21"><span class='ocrx_word' id='word_1_366' title='bbox 258 3242 370 3297; x_wconf 72' lang='lat' dir='ltr'><strong>hzec</strong></span> <span class='ocrx_word' id='word_1_367' title='bbox 412 3241 620 3297; x_wconf 90' lang='lat' dir='ltr'><strong>nullum</strong></span> <span class='ocrx_word' id='word_1_368' title='bbox 662 3242 810 3298; x_wconf 91' lang='lat' dir='ltr'><strong>illius</strong></span> <span class='ocrx_word' id='word_1_369' title='bbox 859 3245 1145 3302; x_wconf 69' lang='lat' dir='ltr'><strong>horrenda:</strong></span> <span class='ocrx_word' id='word_1_370' title='bbox 1192 3247 1507 3317; x_wconf 83' lang='lat' dir='ltr'><strong>agitationis</strong></span> <span class='ocrx_word' id='word_1_371' title='bbox 1552 3255 1836 3316; x_wconf 87' lang='lat' dir='ltr'><strong>pateretur</strong></span> 
     </span>
    </p>
   </div>
   <div class='ocr_carea' id='block_1_51' title="bbox 260 3332 1830 3406">
    <p class='ocr_par' dir='ltr' id='par_1_51' title="bbox 260 3332 1830 3406">
     <span class='ocr_line' id='line_1_51' title="bbox 260 3332 1830 3406; baseline 0.004 -20"><span class='ocrx_word' id='word_1_372' title='bbox 260 3332 679 3388; x_wconf 90' lang='lat' dir='ltr'><strong>incommodum.</strong></span> <span class='ocrx_word' id='word_1_373' title='bbox 721 3334 930 3391; x_wconf 85' lang='lat' dir='ltr'><strong>Exinde</strong></span> <span class='ocrx_word' id='word_1_374' title='bbox 969 3335 1057 3391; x_wconf 89' lang='lat' dir='ltr'><strong>die</strong></span> <span class='ocrx_word' id='word_1_375' title='bbox 1092 3346 1318 3406; x_wconf 87' lang='lat' dir='ltr'><strong>quarta,</strong></span> <span class='ocrx_word' id='word_1_376' title='bbox 1347 3336 1403 3390; x_wconf 90' lang='lat' dir='ltr'><strong>in</strong></span> <span class='ocrx_word' id='word_1_377' title='bbox 1431 3336 1721 3393; x_wconf 81' lang='lat' dir='ltr'><strong>festivitate</strong></span> <span class='ocrx_word' id='word_1_378' title='bbox 1748 3337 1830 3392; x_wconf 90' lang='lat' dir='ltr'><strong>vi-</strong></span> 
     </span>
    </p>
   </div>
   <div class='ocr_carea' id='block_1_52' title="bbox 256 3422 1832 3498">
    <p class='ocr_par' dir='ltr' id='par_1_52' title="bbox 256 3422 1832 3498">
     <span class='ocr_line' id='line_1_52' title="bbox 256 3422 1832 3498; baseline 0.005 -22"><span class='ocrx_word' id='word_1_379' title='bbox 256 3422 449 3480; x_wconf 81' lang='lat' dir='ltr'><strong>delicet</strong></span> <span class='ocrx_word' id='word_1_380' title='bbox 478 3425 627 3480; x_wconf 87' lang='lat' dir='ltr'><strong>beati</strong></span> <span class='ocrx_word' id='word_1_381' title='bbox 653 3424 878 3481; x_wconf 84' lang='lat' dir='ltr'><strong>Joannis</strong></span> <span class='ocrx_word' id='word_1_382' title='bbox 919 3425 1206 3497; x_wconf 64' lang='lat' dir='ltr'><strong>Baptistae,</strong></span> <span class='ocrx_word' id='word_1_383' title='bbox 1250 3443 1386 3483; x_wconf 89' lang='lat' dir='ltr'><strong>auus</strong></span> <span class='ocrx_word' id='word_1_384' title='bbox 1426 3428 1703 3498; x_wconf 63' lang='lat' dir='ltr'><strong>quaedam,</strong></span> <span class='ocrx_word' id='word_1_385' title='bbox 1736 3444 1832 3484; x_wconf 89' lang='lat' dir='ltr'><strong>no-</strong></span> 
     </span>
    </p>
   </div>
   <div class='ocr_carea' id='block_1_53' title="bbox 259 3516 1828 3591">
    <p class='ocr_par' dir='ltr' id='par_1_53' title="bbox 259 3516 1828 3591">
     <span class='ocr_line' id='line_1_53' title="bbox 259 3516 1828 3591; baseline 0.004 -24"><span class='ocrx_word' id='word_1_386' title='bbox 259 3517 397 3571; x_wconf 90' lang='lat' dir='ltr'><strong>mine</strong></span> <span class='ocrx_word' id='word_1_387' title='bbox 438 3516 713 3582; x_wconf 84' lang='lat' dir='ltr'><strong>Gerrada,</strong></span> <span class='ocrx_word' id='word_1_388' title='bbox 765 3533 891 3590; x_wconf 68' lang='lat' dir='ltr'><strong>qua:</strong></span> <span class='ocrx_word' id='word_1_389' title='bbox 929 3533 988 3573; x_wconf 89' lang='lat' dir='ltr'><strong>se</strong></span> <span class='ocrx_word' id='word_1_390' title='bbox 1031 3531 1232 3573; x_wconf 86' lang='lat' dir='ltr'><strong>annum</strong></span> <span class='ocrx_word' id='word_1_391' title='bbox 1276 3534 1443 3574; x_wconf 90' lang='lat' dir='ltr'><strong>unum</strong></span> <span class='ocrx_word' id='word_1_392' title='bbox 1487 3534 1631 3575; x_wconf 78' lang='lat' dir='ltr'><strong>caeca</strong></span> <span class='ocrx_word' id='word_1_393' title='bbox 1666 3518 1828 3591; x_wconf 76' lang='lat' dir='ltr'><strong>[Ms.,</strong></span> 
     </span>
    </p>
   </div>
   <div class='ocr_carea' id='block_1_54' title="bbox 256 3606 1834 3679">
    <p class='ocr_par' dir='ltr' id='par_1_54' title="bbox 256 3606 1834 3679">
     <span class='ocr_line' id='line_1_54' title="bbox 256 3606 1834 3679; baseline 0.002 -19"><span class='ocrx_word' id='word_1_394' title='bbox 256 3606 473 3679; x_wconf 63' lang='lat' dir='ltr'><strong>caecam]</strong></span> <span class='ocrx_word' id='word_1_395' title='bbox 496 3607 672 3663; x_wconf 81' lang='lat' dir='ltr'><strong>fuisse</strong></span> <span class='ocrx_word' id='word_1_396' title='bbox 706 3614 903 3663; x_wconf 86' lang='lat' dir='ltr'><strong>testata</strong></span> <span class='ocrx_word' id='word_1_397' title='bbox 931 3615 1049 3673; x_wconf 90' lang='lat' dir='ltr'><strong>est,</strong></span> <span class='ocrx_word' id='word_1_398' title='bbox 1090 3608 1219 3663; x_wconf 91' lang='lat' dir='ltr'><strong>dum</strong></span> <span class='ocrx_word' id='word_1_399' title='bbox 1250 3608 1540 3664; x_wconf 85' lang='lat' dir='ltr'><strong>missarum</strong></span> <span class='ocrx_word' id='word_1_400' title='bbox 1570 3608 1834 3664; x_wconf 90' lang='lat' dir='ltr'><strong>solemnia</strong></span> 
     </span>
    </p>
   </div>
   <div class='ocr_carea' id='block_1_55' title="bbox 257 3696 1836 3773">
    <p class='ocr_par' dir='ltr' id='par_1_55' title="bbox 257 3696 1836 3773">
     <span class='ocr_line' id='line_1_55' title="bbox 257 3696 1836 3773; baseline 0.004 -24"><span class='ocrx_word' id='word_1_401' title='bbox 257 3696 664 3756; x_wconf 88' lang='lat' dir='ltr'><strong>celebrarentur</strong></span> <span class='ocrx_word' id='word_1_402' title='bbox 701 3697 871 3771; x_wconf 77' lang='lat' dir='ltr'><strong>[Ms.,</strong></span> <span class='ocrx_word' id='word_1_403' title='bbox 918 3699 1323 3773; x_wconf 89' lang='lat' dir='ltr'><strong>celebrantur],</strong></span> <span class='ocrx_word' id='word_1_404' title='bbox 1366 3700 1633 3757; x_wconf 87' lang='lat' dir='ltr'><strong>invocatis</strong></span> <span class='ocrx_word' id='word_1_405' title='bbox 1659 3701 1836 3757; x_wconf 88' lang='lat' dir='ltr'><strong>beatis</strong></span> 
     </span>
    </p>
   </div>
   <div class='ocr_carea' id='block_1_56' title="bbox 256 3790 1832 3864">
    <p class='ocr_par' dir='ltr' id='par_1_56' title="bbox 256 3790 1832 3864">
     <span class='ocr_line' id='line_1_56' title="bbox 256 3790 1832 3864; baseline 0.002 -21"><span class='ocrx_word' id='word_1_406' title='bbox 256 3792 624 3862; x_wconf 83' lang='lat' dir='ltr'><strong>martyribus,</strong></span> <span class='ocrx_word' id='word_1_407' title='bbox 668 3790 882 3857; x_wconf 87' lang='lat' dir='ltr'><strong>lumen,</strong></span> <span class='ocrx_word' id='word_1_408' title='bbox 941 3791 1086 3862; x_wconf 89' lang='lat' dir='ltr'><strong>quod</strong></span> <span class='ocrx_word' id='word_1_409' title='bbox 1125 3807 1193 3847; x_wconf 76' lang='lat' dir='ltr'><strong>ex</strong></span> <span class='ocrx_word' id='word_1_410' title='bbox 1231 3791 1337 3848; x_wconf 87' lang='lat' dir='ltr'><strong>ﬁde</strong></span> <span class='ocrx_word' id='word_1_411' title='bbox 1383 3792 1633 3864; x_wconf 88' lang='lat' dir='ltr'><strong>petierat,</strong></span> <span class='ocrx_word' id='word_1_412' title='bbox 1696 3808 1832 3849; x_wconf 90' lang='lat' dir='ltr'><strong>cun-</strong></span> 
     </span>
    </p>
   </div>
   <div class='ocr_carea' id='block_1_57' title="bbox 255 3879 1833 3951">
    <p class='ocr_par' dir='ltr' id='par_1_57' title="bbox 255 3879 1833 3951">
     <span class='ocr_line' id='line_1_57' title="bbox 255 3879 1833 3951; baseline 0.003 -19"><span class='ocrx_word' id='word_1_413' title='bbox 255 3879 353 3935; x_wconf 86' lang='lat' dir='ltr'><strong>ctis</strong></span> <span class='ocrx_word' id='word_1_414' title='bbox 413 3882 505 3951; x_wconf 90' lang='lat' dir='ltr'><strong>qui</strong></span> <span class='ocrx_word' id='word_1_415' title='bbox 579 3881 806 3937; x_wconf 86' lang='lat' dir='ltr'><strong>aderant</strong></span> <span class='ocrx_word' id='word_1_416' title='bbox 860 3882 1168 3938; x_wconf 87' lang='lat' dir='ltr'><strong>videntibus</strong></span> <span class='ocrx_word' id='word_1_417' title='bbox 1196 3923 1211 3945; x_wconf 93' lang='lat'><strong>,</strong></span> <span class='ocrx_word' id='word_1_418' title='bbox 1278 3895 1383 3951; x_wconf 88' lang='lat' dir='ltr'><strong>per</strong></span> <span class='ocrx_word' id='word_1_419' title='bbox 1446 3883 1662 3937; x_wconf 88' lang='lat' dir='ltr'><strong>illorum</strong></span> <span class='ocrx_word' id='word_1_420' title='bbox 1718 3897 1833 3937; x_wconf 87' lang='lat' dir='ltr'><strong>me-</strong></span> 
     </span>
    </p>
   </div>
   <div class='ocr_carea' id='block_1_58' title="bbox 256 3972 1832 4047">
    <p class='ocr_par' dir='ltr' id='par_1_58' title="bbox 256 3972 1832 4047">
     <span class='ocr_line' id='line_1_58' title="bbox 256 3972 1832 4047; baseline -0.001 -20"><span class='ocrx_word' id='word_1_421' title='bbox 256 3974 353 4030; x_wconf 87' lang='lat' dir='ltr'><strong>rita</strong></span> <span class='ocrx_word' id='word_1_422' title='bbox 382 3977 615 4047; x_wconf 83' lang='lat' dir='ltr'><strong>recepit.</strong></span> <span class='ocrx_word' id='word_1_423' title='bbox 661 3975 927 4031; x_wconf 90' lang='lat' dir='ltr'><strong>Similiter</strong></span> <span class='ocrx_word' id='word_1_424' title='bbox 972 3976 1028 4030; x_wconf 91' lang='lat' dir='ltr'><strong>in</strong></span> <span class='ocrx_word' id='word_1_425' title='bbox 1074 3974 1369 4029; x_wconf 80' lang='lat' dir='ltr'><strong>festivitate</strong></span> <span class='ocrx_word' id='word_1_426' title='bbox 1417 3975 1590 4029; x_wconf 86' lang='lat' dir='ltr'><strong>sancti</strong></span> <span class='ocrx_word' id='word_1_427' title='bbox 1632 3972 1832 4039; x_wconf 88' lang='lat' dir='ltr'><strong>Salvii,</strong></span> 
     </span>
    </p>
   </div>
   <div class='ocr_carea' id='block_1_59' title="bbox 253 4063 1833 4135">
    <p class='ocr_par' dir='ltr' id='par_1_59' title="bbox 253 4063 1833 4135">
     <span class='ocr_line' id='line_1_59' title="bbox 253 4063 1833 4135; baseline -0.001 -16"><span class='ocrx_word' id='word_1_428' title='bbox 253 4066 339 4135; x_wconf 87' lang='lat' dir='ltr'><strong>qui</strong></span> <span class='ocrx_word' id='word_1_429' title='bbox 363 4067 549 4122; x_wconf 87' lang='lat' dir='ltr'><strong>evenit</strong></span> <span class='ocrx_word' id='word_1_430' title='bbox 589 4075 746 4122; x_wconf 77' lang='lat' dir='ltr'><strong>sexto</strong></span> <span class='ocrx_word' id='word_1_431' title='bbox 786 4064 1057 4122; x_wconf 83' lang='lat' dir='ltr'><strong>Kalendas</strong></span> <span class='ocrx_word' id='word_1_432' title='bbox 1089 4063 1240 4130; x_wconf 87' lang='lat' dir='ltr'><strong>Julii,</strong></span> <span class='ocrx_word' id='word_1_433' title='bbox 1268 4063 1488 4134; x_wconf 86' lang='lat' dir='ltr'><strong>quidam</strong></span> <span class='ocrx_word' id='word_1_434' title='bbox 1516 4065 1679 4119; x_wconf 93' lang='lat' dir='ltr'><strong>homo</strong></span> <span class='ocrx_word' id='word_1_435' title='bbox 1709 4079 1833 4118; x_wconf 90' lang='lat' dir='ltr'><strong>sur-</strong></span> 
     </span>
    </p>
   </div>
   <div class='ocr_carea' id='block_1_60' title="bbox 254 4153 1836 4224">
    <p class='ocr_par' dir='ltr' id='par_1_60' title="bbox 254 4153 1836 4224">
     <span class='ocr_line' id='line_1_60' title="bbox 254 4153 1836 4224; baseline -0.001 -15"><span class='ocrx_word' id='word_1_436' title='bbox 254 4155 677 4224; x_wconf 82' lang='lat' dir='ltr'><strong>dusetmntus,</strong></span> <span class='ocrx_word' id='word_1_437' title='bbox 719 4158 864 4213; x_wconf 90' lang='lat' dir='ltr'><strong>inter</strong></span> <span class='ocrx_word' id='word_1_438' title='bbox 907 4156 1171 4213; x_wconf 89' lang='lat' dir='ltr'><strong>solemnia</strong></span> <span class='ocrx_word' id='word_1_439' title='bbox 1215 4155 1537 4221; x_wconf 81' lang='lat' dir='ltr'><strong>missarum,</strong></span> <span class='ocrx_word' id='word_1_440' title='bbox 1580 4169 1679 4224; x_wconf 89' lang='lat' dir='ltr'><strong>per</strong></span> <span class='ocrx_word' id='word_1_441' title='bbox 1721 4153 1836 4209; x_wconf 81' lang='lat' dir='ltr'><strong>sul-</strong></span> 
     </span>
    </p>
   </div>
   <div class='ocr_carea' id='block_1_61' title="bbox 256 4245 1835 4322">
    <p class='ocr_par' dir='ltr' id='par_1_61' title="bbox 256 4245 1835 4322">
     <span class='ocr_line' id='line_1_61' title="bbox 256 4245 1835 4322; baseline 0 -21"><span class='ocrx_word' id='word_1_442' title='bbox 256 4246 416 4321; x_wconf 80' lang='lat' dir='ltr'><strong>l’ragia</strong></span> <span class='ocrx_word' id='word_1_443' title='bbox 462 4258 774 4322; x_wconf 86' lang='lat' dir='ltr'><strong>martyrum</strong></span> <span class='ocrx_word' id='word_1_444' title='bbox 794 4291 809 4316; x_wconf 95' lang='lat'><strong>,</strong></span> <span class='ocrx_word' id='word_1_445' title='bbox 839 4257 893 4305; x_wconf 91' lang='lat' dir='ltr'><strong>et</strong></span> <span class='ocrx_word' id='word_1_446' title='bbox 921 4248 1165 4304; x_wconf 88' lang='lat' dir='ltr'><strong>auditum</strong></span> <span class='ocrx_word' id='word_1_447' title='bbox 1191 4256 1248 4303; x_wconf 91' lang='lat' dir='ltr'><strong>et</strong></span> <span class='ocrx_word' id='word_1_448' title='bbox 1279 4245 1550 4318; x_wconf 89' lang='lat' dir='ltr'><strong>loquelam</strong></span> <span class='ocrx_word' id='word_1_449' title='bbox 1591 4246 1835 4315; x_wconf 82' lang='lat' dir='ltr'><strong>recipere</strong></span> 
     </span>
    </p>
   </div>
   <div class='ocr_carea' id='block_1_62' title="bbox 256 4337 1836 4411">
    <p class='ocr_par' dir='ltr' id='par_1_62' title="bbox 256 4337 1836 4411">
     <span class='ocr_line' id='line_1_62' title="bbox 256 4337 1836 4411; baseline -0.004 -15"><span class='ocrx_word' id='word_1_450' title='bbox 256 4344 463 4399; x_wconf 85' lang='lat' dir='ltr'><strong>meruit.</strong></span> <span class='ocrx_word' id='word_1_451' title='bbox 494 4342 708 4400; x_wconf 82' lang='lat' dir='ltr'><strong>Eadem</strong></span> <span class='ocrx_word' id='word_1_452' title='bbox 749 4341 837 4397; x_wconf 91' lang='lat' dir='ltr'><strong>die</strong></span> <span class='ocrx_word' id='word_1_453' title='bbox 876 4356 1012 4397; x_wconf 91' lang='lat' dir='ltr'><strong>anus</strong></span> <span class='ocrx_word' id='word_1_454' title='bbox 1051 4339 1299 4411; x_wconf 78' lang='lat' dir='ltr'><strong>quaedam</strong></span> <span class='ocrx_word' id='word_1_455' title='bbox 1340 4338 1406 4394; x_wconf 90' lang='lat' dir='ltr'><strong>de</strong></span> <span class='ocrx_word' id='word_1_456' title='bbox 1443 4353 1582 4409; x_wconf 87' lang='lat' dir='ltr'><strong>pago</strong></span> <span class='ocrx_word' id='word_1_457' title='bbox 1620 4337 1836 4392; x_wconf 89' lang='lat' dir='ltr'><strong>Laudu-</strong></span> 
     </span>
    </p>
   </div>
   <div class='ocr_carea' id='block_1_63' title="bbox 256 4426 1836 4502">
    <p class='ocr_par' dir='ltr' id='par_1_63' title="bbox 256 4426 1836 4502">
     <span class='ocr_line' id='line_1_63' title="bbox 256 4426 1836 4502; baseline -0.004 -14"><span class='ocrx_word' id='word_1_458' title='bbox 256 4435 431 4502; x_wconf 84' lang='lat' dir='ltr'><strong>nensi,</strong></span> <span class='ocrx_word' id='word_1_459' title='bbox 462 4432 822 4490; x_wconf 83' lang='lat' dir='ltr'><strong>Rodeltrudis</strong></span> <span class='ocrx_word' id='word_1_460' title='bbox 851 4431 1070 4487; x_wconf 89' lang='lat' dir='ltr'><strong>nomine</strong></span> <span class='ocrx_word' id='word_1_461' title='bbox 1091 4471 1107 4497; x_wconf 93' lang='lat'><strong>,</strong></span> <span class='ocrx_word' id='word_1_462' title='bbox 1138 4444 1261 4499; x_wconf 71' lang='lat' dir='ltr'><strong>qua:</strong></span> <span class='ocrx_word' id='word_1_463' title='bbox 1287 4444 1386 4499; x_wconf 90' lang='lat' dir='ltr'><strong>per</strong></span> <span class='ocrx_word' id='word_1_464' title='bbox 1415 4436 1529 4483; x_wconf 89' lang='lat' dir='ltr'><strong>tres</strong></span> <span class='ocrx_word' id='word_1_465' title='bbox 1556 4441 1730 4481; x_wconf 85' lang='lat' dir='ltr'><strong>annos</strong></span> <span class='ocrx_word' id='word_1_466' title='bbox 1755 4426 1836 4481; x_wconf 88' lang='lat' dir='ltr'><strong>lu-</strong></span> 
     </span>
    </p>
   </div>
   <div class='ocr_carea' id='block_1_64' title="bbox 236 4519 1837 4595">
    <p class='ocr_par' dir='ltr' id='par_1_64' title="bbox 236 4519 1837 4595">
     <span class='ocr_line' id='line_1_64' title="bbox 236 4519 1837 4595; baseline -0.007 -13"><span class='ocrx_word' id='word_1_467' title='bbox 236 4543 371 4595; x_wconf 79' lang='lat' dir='ltr'><strong>men</strong></span> <span class='ocrx_word' id='word_1_468' title='bbox 394 4530 519 4587; x_wconf 64' lang='lat' dir='ltr'><strong>celi</strong></span> <span class='ocrx_word' id='word_1_469' title='bbox 553 4543 664 4584; x_wconf 88' lang='lat' dir='ltr'><strong>non</strong></span> <span class='ocrx_word' id='word_1_470' title='bbox 699 4527 869 4592; x_wconf 91' lang='lat' dir='ltr'><strong>vidit,</strong></span> <span class='ocrx_word' id='word_1_471' title='bbox 914 4525 969 4580; x_wconf 92' lang='lat' dir='ltr'><strong>in</strong></span> <span class='ocrx_word' id='word_1_472' title='bbox 1011 4525 1198 4580; x_wconf 88' lang='lat' dir='ltr'><strong>eadem</strong></span> <span class='ocrx_word' id='word_1_473' title='bbox 1244 4521 1610 4578; x_wconf 89' lang='lat' dir='ltr'><strong>celebratione</strong></span> <span class='ocrx_word' id='word_1_474' title='bbox 1647 4519 1837 4574; x_wconf 87' lang='lat' dir='ltr'><strong>missa-</strong></span> 
     </span>
    </p>
   </div>
   <div class='ocr_carea' id='block_1_65' title="bbox 260 4608 1838 4687">
    <p class='ocr_par' dir='ltr' id='par_1_65' title="bbox 260 4608 1838 4687">
     <span class='ocr_line' id='line_1_65' title="bbox 260 4608 1838 4687; baseline -0.006 -16"><span class='ocrx_word' id='word_1_475' title='bbox 260 4635 402 4684; x_wconf 88' lang='lat' dir='ltr'><strong>rum,</strong></span> <span class='ocrx_word' id='word_1_476' title='bbox 446 4621 632 4677; x_wconf 88' lang='lat' dir='ltr'><strong>visnm</strong></span> <span class='ocrx_word' id='word_1_477' title='bbox 673 4616 899 4687; x_wconf 86' lang='lat' dir='ltr'><strong>recepit.</strong></span> <span class='ocrx_word' id='word_1_478' title='bbox 941 4614 1144 4683; x_wconf 89' lang='lat' dir='ltr'><strong>Quinto</strong></span> <span class='ocrx_word' id='word_1_479' title='bbox 1184 4611 1459 4668; x_wconf 87' lang='lat' dir='ltr'><strong>Kalendas</strong></span> <span class='ocrx_word' id='word_1_480' title='bbox 1497 4608 1660 4675; x_wconf 80' lang='lat' dir='ltr'><strong>Julii,</strong></span> <span class='ocrx_word' id='word_1_481' title='bbox 1703 4623 1838 4677; x_wconf 88' lang='lat' dir='ltr'><strong>puer</strong></span> 
     </span>
    </p>
   </div>
   <div class='ocr_carea' id='block_1_66' title="bbox 260 4699 1839 4780">
    <p class='ocr_par' dir='ltr' id='par_1_66' title="bbox 260 4699 1839 4780">
     <span class='ocr_line' id='line_1_66' title="bbox 260 4699 1839 4780; baseline -0.008 -16"><span class='ocrx_word' id='word_1_482' title='bbox 260 4711 468 4780; x_wconf 83' lang='lat' dir='ltr'><strong>quidam</strong></span> <span class='ocrx_word' id='word_1_483' title='bbox 499 4724 775 4769; x_wconf 88' lang='lat' dir='ltr'><strong>annorum</strong></span> <span class='ocrx_word' id='word_1_484' title='bbox 806 4706 1028 4763; x_wconf 88' lang='lat' dir='ltr'><strong>circiter</strong></span> <span class='ocrx_word' id='word_1_485' title='bbox 1056 4713 1294 4774; x_wconf 84' lang='lat' dir='ltr'><strong>septem,</strong></span> <span class='ocrx_word' id='word_1_486' title='bbox 1327 4701 1655 4757; x_wconf 89' lang='lat' dir='ltr'><strong>Donitianus</strong></span> <span class='ocrx_word' id='word_1_487' title='bbox 1684 4699 1712 4739; x_wconf 70' lang='grc' dir='ltr'>δ</span> <span class='ocrx_word' id='word_1_488' title='bbox 1743 4712 1839 4753; x_wconf 83' lang='lat' dir='ltr'><strong>no-</strong></span> 
     </span>
    </p>
   </div>
   <div class='ocr_carea' id='block_1_67' title="bbox 261 4791 1839 4874">
    <p class='ocr_par' dir='ltr' id='par_1_67' title="bbox 261 4791 1839 4874">
     <span class='ocr_line' id='line_1_67' title="bbox 261 4791 1839 4874; baseline -0.007 -20"><span class='ocrx_word' id='word_1_489' title='bbox 261 4803 424 4868; x_wconf 84' lang='lat' dir='ltr'><strong>mine,</strong></span> <span class='ocrx_word' id='word_1_490' title='bbox 475 4801 577 4874; x_wconf 85' lang='lat' dir='ltr'><strong>qui</strong></span> <span class='ocrx_word' id='word_1_491' title='bbox 627 4800 729 4854; x_wconf 82' lang='lat' dir='ltr'><strong>fuit</strong></span> <span class='ocrx_word' id='word_1_492' title='bbox 772 4813 952 4854; x_wconf 70' lang='lat' dir='ltr'><strong>czecus</strong></span> <span class='ocrx_word' id='word_1_493' title='bbox 992 4812 1023 4850; x_wconf 87' lang='lat' dir='ltr'><strong>a</strong></span> <span class='ocrx_word' id='word_1_494' title='bbox 1066 4795 1384 4858; x_wconf 84' lang='lat' dir='ltr'><strong>nativitatc,</strong></span> <span class='ocrx_word' id='word_1_495' title='bbox 1428 4793 1555 4848; x_wconf 90' lang='lat' dir='ltr'><strong>dum</strong></span> <span class='ocrx_word' id='word_1_496' title='bbox 1597 4791 1839 4846; x_wconf 85' lang='lat' dir='ltr'><strong>divinum</strong></span> 
     </span>
    </p>
   </div>
   <div class='ocr_carea' id='block_1_68' title="bbox 262 4886 1838 4960">
    <p class='ocr_par' dir='ltr' id='par_1_68' title="bbox 262 4886 1838 4960">
     <span class='ocr_line' id='line_1_68' title="bbox 262 4886 1838 4960; baseline -0.005 -15"><span class='ocrx_word' id='word_1_497' title='bbox 262 4892 560 4949; x_wconf 86' lang='lat' dir='ltr'><strong>celebratur</strong></span> <span class='ocrx_word' id='word_1_498' title='bbox 590 4889 823 4947; x_wconf 81' lang='lat' dir='ltr'><strong>ofﬁcium</strong></span> <span class='ocrx_word' id='word_1_499' title='bbox 841 4930 857 4956; x_wconf 93' lang='lat'><strong>,</strong></span> <span class='ocrx_word' id='word_1_500' title='bbox 882 4904 982 4960; x_wconf 89' lang='lat' dir='ltr'><strong>per</strong></span> <span class='ocrx_word' id='word_1_501' title='bbox 1010 4886 1202 4943; x_wconf 90' lang='lat' dir='ltr'><strong>merita</strong></span> <span class='ocrx_word' id='word_1_502' title='bbox 1226 4887 1510 4943; x_wconf 85' lang='lat' dir='ltr'><strong>beatorum</strong></span> <span class='ocrx_word' id='word_1_503' title='bbox 1533 4893 1838 4953; x_wconf 86' lang='lat' dir='ltr'><strong>martyrum</strong></span> 
     </span>
    </p>
   </div>
   <div class='ocr_carea' id='block_1_69' title="bbox 263 4979 729 5039">
    <p class='ocr_par' dir='ltr' id='par_1_69' title="bbox 263 4979 729 5039">
     <span class='ocr_line' id='line_1_69' title="bbox 263 4979 729 5039; baseline 0.004 -6"><span class='ocrx_word' id='word_1_504' title='bbox 263 4979 594 5039; x_wconf 86' lang='lat' dir='ltr'><strong>illuminatus</strong></span> <span class='ocrx_word' id='word_1_505' title='bbox 622 4990 729 5038; x_wconf 89' lang='lat' dir='ltr'><strong>est.</strong></span> 
     </span>
    </p>
   </div>
   <div class='ocr_carea' id='block_1_70' title="bbox 325 5062 1844 5143">
    <p class='ocr_par' dir='ltr' id='par_1_70' title="bbox 325 5062 1844 5143">
     <span class='ocr_line' id='line_1_70' title="bbox 325 5062 1844 5143; baseline -0.005 -17"><span class='ocrx_word' id='word_1_506' title='bbox 325 5072 414 5127; x_wconf 81' lang='grc'><strong>71.</strong></span> <span class='ocrx_word' id='word_1_507' title='bbox 452 5074 511 5129; x_wconf 80' lang='grc' dir='ltr'>ιιι</span> <span class='ocrx_word' id='word_1_508' title='bbox 534 5073 720 5143; x_wconf 89' lang='lat' dir='ltr'><strong>vigilia</strong></span> <span class='ocrx_word' id='word_1_509' title='bbox 743 5086 876 5128; x_wconf 86' lang='lat' dir='ltr'><strong>vero</strong></span> <span class='ocrx_word' id='word_1_510' title='bbox 902 5072 1187 5127; x_wconf 87' lang='lat' dir='ltr'><strong>beatorum</strong></span> <span class='ocrx_word' id='word_1_511' title='bbox 1213 5065 1585 5138; x_wconf 88' lang='lat' dir='ltr'><strong>apostolorum</strong></span> <span class='ocrx_word' id='word_1_512' title='bbox 1611 5062 1759 5118; x_wconf 85' lang='lat' dir='ltr'><strong>Petri</strong></span> <span class='ocrx_word' id='word_1_513' title='bbox 1787 5070 1844 5119; x_wconf 87' lang='lat' dir='ltr'><strong>et</strong></span> 
     </span>
    </p>
   </div>
   <div class='ocr_carea' id='block_1_71' title="bbox 332 5215 1841 5297">
    <p class='ocr_par' dir='ltr' id='par_1_71' title="bbox 332 5215 1841 5297">
     <span class='ocr_line' id='line_1_71' title="bbox 332 5215 1841 5297; baseline -0.011 -14"><span class='ocrx_word' id='word_1_514' title='bbox 332 5238 356 5267; x_wconf 79' lang='grc' dir='ltr'>ι</span> <span class='ocrx_word' id='word_1_515' title='bbox 381 5226 545 5282; x_wconf 79' lang='lat' dir='ltr'><strong>Forte</strong></span> <span class='ocrx_word' id='word_1_516' title='bbox 574 5226 795 5281; x_wconf 68' lang='lat' dir='ltr'><strong>Lucina</strong></span> <span class='ocrx_word' id='word_1_517' title='bbox 841 5223 1095 5297; x_wconf 73' lang='lat' dir='ltr'><strong>oppidum</strong></span> <span class='ocrx_word' id='word_1_518' title='bbox 1146 5215 1841 5297; x_wconf 51' lang='lat' dir='ltr'><strong>llannonireantnbiptines</strong></span> 
     </span>
    </p>
   </div>
   <div class='ocr_carea' id='block_1_72' title="bbox 266 5287 1845 5366">
    <p class='ocr_par' dir='ltr' id='par_1_72' title="bbox 266 5287 1845 5366">
     <span class='ocr_line' id='line_1_72' title="bbox 266 5287 1845 5366; baseline -0.008 -15"><span class='ocrx_word' id='word_1_519' title='bbox 266 5311 425 5366; x_wconf 82' lang='lat' dir='ltr'><strong>prope</strong></span> <span class='ocrx_word' id='word_1_520' title='bbox 450 5297 736 5363; x_wconf 85' lang='lat' dir='ltr'><strong>Lanbium,</strong></span> <span class='ocrx_word' id='word_1_521' title='bbox 766 5296 861 5351; x_wconf 83' lang='lat' dir='ltr'><strong>ubi</strong></span> <span class='ocrx_word' id='word_1_522' title='bbox 878 5287 1004 5350; x_wconf 64' lang='lat' dir='ltr'><strong>&#39;sub</strong></span> <span class='ocrx_word' id='word_1_523' title='bbox 1031 5292 1428 5348; x_wconf 88' lang='lat' dir='ltr'><strong>Carolomanno</strong></span> <span class='ocrx_word' id='word_1_524' title='bbox 1464 5289 1517 5344; x_wconf 89' lang='lat' dir='ltr'><strong>in</strong></span> <span class='ocrx_word' id='word_1_525' title='bbox 1545 5287 1670 5343; x_wconf 88' lang='lat' dir='ltr'><strong>villa</strong></span> <span class='ocrx_word' id='word_1_526' title='bbox 1700 5287 1845 5357; x_wconf 85' lang='lat' dir='ltr'><strong>regis</strong></span> 
     </span>
    </p>
   </div>
   <div class='ocr_carea' id='block_1_73' title="bbox 266 5368 1787 5441">
    <p class='ocr_par' dir='ltr' id='par_1_73' title="bbox 266 5368 1787 5441">
     <span class='ocr_line' id='line_1_73' title="bbox 266 5368 1787 5441; baseline 0.007 -20"><span class='ocrx_word' id='word_1_527' title='bbox 266 5370 496 5441; x_wconf 71' lang='lat' dir='ltr'><strong>synodus</strong></span> <span class='ocrx_word' id='word_1_528' title='bbox 526 5368 710 5423; x_wconf 80' lang='lat' dir='ltr'><strong>habita</strong></span> <span class='ocrx_word' id='word_1_529' title='bbox 727 5373 880 5441; x_wconf 79' lang='lat' dir='ltr'><strong>_est._</strong></span> <span class='ocrx_word' id='word_1_530' title='bbox 1062 5432 1097 5441; x_wconf 87' lang='lat'>_</span> <span class='ocrx_word' id='word_1_531' title='bbox 1198 5433 1211 5441; x_wconf 89' lang='lat'><em>_</em></span> <span class='ocrx_word' id='word_1_532' title='bbox 1241 5433 1253 5441; x_wconf 90' lang='lat'>_</span> <span class='ocrx_word' id='word_1_533' title='bbox 1544 5429 1559 5441; x_wconf 76' lang='grc'><em>,</em></span> <span class='ocrx_word' id='word_1_534' title='bbox 1597 5428 1635 5441; x_wconf 73' lang='lat'>_</span> <span class='ocrx_word' id='word_1_535' title='bbox 1754 5428 1787 5441; x_wconf 25' lang='grc'><strong>4,</strong></span> 
     </span>
    </p>
   </div>
   <div class='ocr_carea' id='block_1_74' title="bbox 334 5428 1847 5501">
    <p class='ocr_par' dir='ltr' id='par_1_74' title="bbox 334 5428 1847 5501">
     <span class='ocr_line' id='line_1_74' title="bbox 334 5428 1847 5501; baseline -0.008 -7"><span class='ocrx_word' id='word_1_536' title='bbox 334 5438 364 5478; x_wconf 68' lang='grc' dir='ltr'>δ</span> <span class='ocrx_word' id='word_1_537' title='bbox 394 5437 587 5494; x_wconf 81' lang='lat' dir='ltr'><strong>Putem</strong></span> <span class='ocrx_word' id='word_1_538' title='bbox 632 5434 977 5493; x_wconf 84' lang='lat' dir='ltr'><strong>scribendum</strong></span> <span class='ocrx_word' id='word_1_539' title='bbox 997 5475 1013 5501; x_wconf 95' lang='lat'><strong>,</strong></span> <span class='ocrx_word' id='word_1_540' title='bbox 1057 5432 1421 5498; x_wconf 78' lang='lat' dir='ltr'><strong>Domitianus,</strong></span> <span class='ocrx_word' id='word_1_541' title='bbox 1475 5429 1562 5486; x_wconf 87' lang='lat' dir='ltr'><strong>vel</strong></span> <span class='ocrx_word' id='word_1_542' title='bbox 1587 5428 1847 5483; x_wconf 77' lang='lat' dir='ltr'><strong>Donatiu-</strong></span> 
     </span>
    </p>
   </div>
   <div class='ocr_carea' id='block_1_75' title="bbox 270 5523 1851 5647">
    <p class='ocr_par' dir='ltr' id='par_1_75' title="bbox 270 5523 1851 5647">
     <span class='ocr_line' id='line_1_75' title="bbox 270 5523 1851 5647; baseline -0.008 -14"><span class='ocrx_word' id='word_1_543' title='bbox 270 5523 531 5647; x_wconf 32' lang='grc' dir='ltr'><strong>έαῒὸιηιῑ</strong></span> <span class='ocrx_word' id='word_1_544' title='bbox 553 5579 771 5647; x_wconf 88' lang='lat' dir='ltr'><strong>quidem</strong></span> <span class='ocrx_word' id='word_1_545' title='bbox 808 5577 863 5632; x_wconf 88' lang='lat' dir='ltr'><strong>in</strong></span> <span class='ocrx_word' id='word_1_546' title='bbox 894 5576 1073 5647; x_wconf 69' lang='lat' dir='ltr'><strong>vicina</strong></span> <span class='ocrx_word' id='word_1_547' title='bbox 1099 5571 1424 5647; x_wconf 65' lang='lat' dir='ltr'><strong>Valencenis</strong></span> <span class='ocrx_word' id='word_1_548' title='bbox 1448 5566 1851 5647; x_wconf 59' lang='lat' dir='ltr'><strong>Fla_ndria_Gal—</strong></span> 
     </span>
    </p>
   </div>
   <div class='ocr_carea' id='block_1_76' title="bbox 271 5638 1850 5714">
    <p class='ocr_par' dir='ltr' id='par_1_76' title="bbox 271 5638 1850 5714">
     <span class='ocr_line' id='line_1_76' title="bbox 271 5638 1850 5714; baseline -0.004 -14"><span class='ocrx_word' id='word_1_549' title='bbox 271 5645 460 5714; x_wconf 85' lang='lat' dir='ltr'><strong>ﬁcana,</strong></span> <span class='ocrx_word' id='word_1_550' title='bbox 489 5638 632 5704; x_wconf 74' lang='lat' dir='ltr'><strong>inter</strong></span> <span class='ocrx_word' id='word_1_551' title='bbox 662 5650 898 5706; x_wconf 86' lang='lat' dir='ltr'><strong>Duacum</strong></span> <span class='ocrx_word' id='word_1_552' title='bbox 929 5656 983 5702; x_wconf 90' lang='lat' dir='ltr'><strong>et</strong></span> <span class='ocrx_word' id='word_1_553' title='bbox 1011 5645 1338 5712; x_wconf 85' lang='lat' dir='ltr'><strong>Tornacum,</strong></span> <span class='ocrx_word' id='word_1_554' title='bbox 1366 5641 1503 5696; x_wconf 84' lang='lat' dir='ltr'><strong>Pont</strong></span> <span class='ocrx_word' id='word_1_555' title='bbox 1526 5643 1557 5696; x_wconf 88' lang='grc' dir='ltr'><em>ὰ</em></span> <span class='ocrx_word' id='word_1_556' title='bbox 1588 5638 1766 5694; x_wconf 79' lang='lat' dir='ltr'><strong>Bac/te</strong></span> <span class='ocrx_word' id='word_1_557' title='bbox 1794 5647 1850 5694; x_wconf 82' lang='lat' dir='ltr'><strong>et</strong></span> 
     </span>
    </p>
   </div>
   <div class='ocr_carea' id='block_1_77' title="bbox 1945 1797 3533 1869">
    <p class='ocr_par' dir='ltr' id='par_1_77' title="bbox 1945 1797 3533 1869">
     <span class='ocr_line' id='line_1_77' title="bbox 1945 1797 3533 1869; baseline 0.002 -19"><span class='ocrx_word' id='word_1_558' title='bbox 1945 1810 2097 1865; x_wconf 89' lang='lat' dir='ltr'><strong>spem</strong></span> <span class='ocrx_word' id='word_1_559' title='bbox 2126 1797 2272 1854; x_wconf 90' lang='lat' dir='ltr'><strong>visus</strong></span> <span class='ocrx_word' id='word_1_560' title='bbox 2300 1799 2595 1869; x_wconf 88' lang='lat' dir='ltr'><strong>recipiendi</strong></span> <span class='ocrx_word' id='word_1_561' title='bbox 2625 1815 2730 1854; x_wconf 90' lang='lat' dir='ltr'><strong>non</strong></span> <span class='ocrx_word' id='word_1_562' title='bbox 2758 1814 2896 1853; x_wconf 88' lang='lat' dir='ltr'><strong>vana</strong></span> <span class='ocrx_word' id='word_1_563' title='bbox 2924 1798 3030 1853; x_wconf 89' lang='lat' dir='ltr'><strong>ﬁde</strong></span> <span class='ocrx_word' id='word_1_564' title='bbox 3060 1797 3310 1867; x_wconf 90' lang='lat' dir='ltr'><strong>concepit</strong></span> <span class='ocrx_word' id='word_1_565' title='bbox 3334 1814 3349 1864; x_wconf 91' lang='lat'><strong>;</strong></span> <span class='ocrx_word' id='word_1_566' title='bbox 3379 1812 3533 1853; x_wconf 87' lang='lat' dir='ltr'><strong>arre-</strong></span> 
     </span>
    </p>
   </div>
   <div class='ocr_carea' id='block_1_78' title="bbox 1944 1889 3530 1959">
    <p class='ocr_par' dir='ltr' id='par_1_78' title="bbox 1944 1889 3530 1959">
     <span class='ocr_line' id='line_1_78' title="bbox 1944 1889 3530 1959; baseline 0.004 -19"><span class='ocrx_word' id='word_1_567' title='bbox 1944 1896 2146 1959; x_wconf 90' lang='lat' dir='ltr'><strong>ptoque</strong></span> <span class='ocrx_word' id='word_1_568' title='bbox 2172 1890 2366 1946; x_wconf 89' lang='lat' dir='ltr'><strong>baculo</strong></span> <span class='ocrx_word' id='word_1_569' title='bbox 2388 1932 2401 1957; x_wconf 93' lang='lat'><strong>,</strong></span> <span class='ocrx_word' id='word_1_570' title='bbox 2436 1890 2551 1946; x_wconf 89' lang='lat' dir='ltr'><strong>sola</strong></span> <span class='ocrx_word' id='word_1_571' title='bbox 2582 1890 2700 1945; x_wconf 90' lang='lat' dir='ltr'><strong>sine</strong></span> <span class='ocrx_word' id='word_1_572' title='bbox 2727 1891 2953 1946; x_wconf 88' lang='lat' dir='ltr'><strong>ductore</strong></span> <span class='ocrx_word' id='word_1_573' title='bbox 2979 1890 3046 1944; x_wconf 87' lang='lat' dir='ltr'><strong>ad</strong></span> <span class='ocrx_word' id='word_1_574' title='bbox 3076 1889 3424 1946; x_wconf 78' lang='lat' dir='ltr'><strong>Valentianas</strong></span> <span class='ocrx_word' id='word_1_575' title='bbox 3448 1891 3530 1946; x_wconf 83' lang='lat' dir='ltr'><strong>ire</strong></span> 
     </span>
    </p>
   </div>
   <div class='ocr_carea' id='block_1_79' title="bbox 1945 1979 3525 2051">
    <p class='ocr_par' dir='ltr' id='par_1_79' title="bbox 1945 1979 3525 2051">
     <span class='ocr_line' id='line_1_79' title="bbox 1945 1979 3525 2051; baseline 0 -16"><span class='ocrx_word' id='word_1_576' title='bbox 1945 1980 2249 2035; x_wconf 86' lang='lat' dir='ltr'><strong>contendit.</strong></span> <span class='ocrx_word' id='word_1_577' title='bbox 2294 1980 2538 2051; x_wconf 87' lang='lat' dir='ltr'><strong>Cumque</strong></span> <span class='ocrx_word' id='word_1_578' title='bbox 2583 1980 2705 2036; x_wconf 91' lang='lat' dir='ltr'><strong>vico</strong></span> <span class='ocrx_word' id='word_1_579' title='bbox 2754 1979 3193 2051; x_wconf 88' lang='lat' dir='ltr'><strong>appropinquare</strong></span> <span class='ocrx_word' id='word_1_580' title='bbox 3236 1979 3525 2050; x_wconf 86' lang='lat' dir='ltr'><strong>coepisset,</strong></span> 
     </span>
    </p>
   </div>
   <div class='ocr_carea' id='block_1_80' title="bbox 1942 2068 3533 2141">
    <p class='ocr_par' dir='ltr' id='par_1_80' title="bbox 1942 2068 3533 2141">
     <span class='ocr_line' id='line_1_80' title="bbox 1942 2068 3533 2141; baseline 0.001 -19"><span class='ocrx_word' id='word_1_581' title='bbox 1942 2069 2121 2124; x_wconf 88' lang='lat' dir='ltr'><strong>visum</strong></span> <span class='ocrx_word' id='word_1_582' title='bbox 2163 2077 2248 2124; x_wconf 91' lang='lat' dir='ltr'><strong>est</strong></span> <span class='ocrx_word' id='word_1_583' title='bbox 2288 2071 2338 2124; x_wconf 90' lang='lat' dir='ltr'><strong>ei</strong></span> <span class='ocrx_word' id='word_1_584' title='bbox 2380 2071 2525 2141; x_wconf 89' lang='lat' dir='ltr'><strong>quod</strong></span> <span class='ocrx_word' id='word_1_585' title='bbox 2565 2070 2715 2125; x_wconf 89' lang='lat' dir='ltr'><strong>velut</strong></span> <span class='ocrx_word' id='word_1_586' title='bbox 2757 2085 2926 2125; x_wconf 87' lang='lat' dir='ltr'><strong>unum</strong></span> <span class='ocrx_word' id='word_1_587' title='bbox 2966 2069 3096 2125; x_wconf 90' lang='lat' dir='ltr'><strong>solis</strong></span> <span class='ocrx_word' id='word_1_588' title='bbox 3134 2068 3347 2124; x_wconf 90' lang='lat' dir='ltr'><strong>radium</strong></span> <span class='ocrx_word' id='word_1_589' title='bbox 3373 2068 3533 2124; x_wconf 91' lang='lat' dir='ltr'><strong>oculo</strong></span> 
     </span>
    </p>
   </div>
   <div class='ocr_carea' id='block_1_81' title="bbox 1943 2160 3527 2233">
    <p class='ocr_par' dir='ltr' id='par_1_81' title="bbox 1943 2160 3527 2233">
     <span class='ocr_line' id='line_1_81' title="bbox 1943 2160 3527 2233; baseline 0 -17"><span class='ocrx_word' id='word_1_590' title='bbox 1943 2160 2140 2217; x_wconf 77' lang='lat' dir='ltr'><strong>dextro</strong></span> <span class='ocrx_word' id='word_1_591' title='bbox 2166 2162 2539 2231; x_wconf 87' lang='lat' dir='ltr'><strong>conspiceret;</strong></span> <span class='ocrx_word' id='word_1_592' title='bbox 2570 2177 2634 2218; x_wconf 89' lang='lat' dir='ltr'><strong>ac</strong></span> <span class='ocrx_word' id='word_1_593' title='bbox 2657 2162 2886 2233; x_wconf 85' lang='lat' dir='ltr'><strong>proinde</strong></span> <span class='ocrx_word' id='word_1_594' title='bbox 2910 2161 3149 2217; x_wconf 90' lang='lat' dir='ltr'><strong>divinam</strong></span> <span class='ocrx_word' id='word_1_595' title='bbox 3177 2160 3527 2216; x_wconf 89' lang='lat' dir='ltr'><strong>clementiam</strong></span> 
     </span>
    </p>
   </div>
   <div class='ocr_carea' id='block_1_82' title="bbox 1942 2250 3530 2324">
    <p class='ocr_par' dir='ltr' id='par_1_82' title="bbox 1942 2250 3530 2324">
     <span class='ocr_line' id='line_1_82' title="bbox 1942 2250 3530 2324; baseline 0.001 -17"><span class='ocrx_word' id='word_1_596' title='bbox 1942 2267 2080 2323; x_wconf 85' lang='lat' dir='ltr'><strong>puro</strong></span> <span class='ocrx_word' id='word_1_597' title='bbox 2133 2252 2299 2308; x_wconf 89' lang='lat' dir='ltr'><strong>corde</strong></span> <span class='ocrx_word' id='word_1_598' title='bbox 2345 2253 2638 2323; x_wconf 88' lang='lat' dir='ltr'><strong>deprecata</strong></span> <span class='ocrx_word' id='word_1_599' title='bbox 2686 2261 2771 2309; x_wconf 89' lang='lat' dir='ltr'><strong>est</strong></span> <span class='ocrx_word' id='word_1_600' title='bbox 2821 2260 2883 2307; x_wconf 93' lang='lat' dir='ltr'><strong>ut</strong></span> <span class='ocrx_word' id='word_1_601' title='bbox 2926 2267 3027 2324; x_wconf 90' lang='lat' dir='ltr'><strong>per</strong></span> <span class='ocrx_word' id='word_1_602' title='bbox 3078 2250 3530 2309; x_wconf 88' lang='lat' dir='ltr'><strong>intercessionem</strong></span> 
     </span>
    </p>
   </div>
   <div class='ocr_carea' id='block_1_83' title="bbox 1944 2340 3530 2399">
    <p class='ocr_par' dir='ltr' id='par_1_83' title="bbox 1944 2340 3530 2399">
     <span class='ocr_line' id='line_1_83' title="bbox 1944 2340 3530 2399; baseline -0.001 -1"><span class='ocrx_word' id='word_1_603' title='bbox 1944 2350 2262 2398; x_wconf 88' lang='lat' dir='ltr'><strong>sanctorum</strong></span> <span class='ocrx_word' id='word_1_604' title='bbox 2313 2357 2534 2397; x_wconf 89' lang='lat' dir='ltr'><strong>suorum</strong></span> <span class='ocrx_word' id='word_1_605' title='bbox 2585 2342 2870 2397; x_wconf 89' lang='lat' dir='ltr'><strong>ecclesiam</strong></span> <span class='ocrx_word' id='word_1_606' title='bbox 2920 2341 2978 2399; x_wconf 91' lang='lat' dir='ltr'><strong>S.</strong></span> <span class='ocrx_word' id='word_1_607' title='bbox 3032 2340 3201 2398; x_wconf 89' lang='lat' dir='ltr'><strong>Salvii</strong></span> <span class='ocrx_word' id='word_1_608' title='bbox 3253 2355 3312 2396; x_wconf 92' lang='lat' dir='ltr'><strong>se</strong></span> <span class='ocrx_word' id='word_1_609' title='bbox 3338 2341 3530 2397; x_wconf 84' lang='lat' dir='ltr'><strong>videre</strong></span> 
     </span>
    </p>
   </div>
   <div class='ocr_carea' id='block_1_84' title="bbox 1938 2430 3534 2506">
    <p class='ocr_par' dir='ltr' id='par_1_84' title="bbox 1938 2430 3534 2506">
     <span class='ocr_line' id='line_1_84' title="bbox 1938 2430 3534 2506; baseline 0.001 -20"><span class='ocrx_word' id='word_1_610' title='bbox 1938 2432 2305 2506; x_wconf 88' lang='lat' dir='ltr'><strong>permitteret.</strong></span> <span class='ocrx_word' id='word_1_611' title='bbox 2343 2430 2650 2502; x_wconf 89' lang='lat' dir='ltr'><strong>Statimque</strong></span> <span class='ocrx_word' id='word_1_612' title='bbox 2685 2432 2937 2488; x_wconf 82' lang='lat' dir='ltr'><strong>exaudita</strong></span> <span class='ocrx_word' id='word_1_613' title='bbox 2976 2439 3087 2495; x_wconf 78' lang='lat' dir='ltr'><strong>est,</strong></span> <span class='ocrx_word' id='word_1_614' title='bbox 3114 2440 3170 2487; x_wconf 90' lang='lat' dir='ltr'><strong>et</strong></span> <span class='ocrx_word' id='word_1_615' title='bbox 3199 2432 3343 2501; x_wconf 88' lang='lat' dir='ltr'><strong>quod</strong></span> <span class='ocrx_word' id='word_1_616' title='bbox 3378 2439 3534 2501; x_wconf 88' lang='lat' dir='ltr'><strong>opta-</strong></span> 
     </span>
    </p>
   </div>
   <div class='ocr_carea' id='block_1_85' title="bbox 1943 2520 3527 2589">
    <p class='ocr_par' dir='ltr' id='par_1_85' title="bbox 1943 2520 3527 2589">
     <span class='ocr_line' id='line_1_85' title="bbox 1943 2520 3527 2589; baseline 0.003 -16"><span class='ocrx_word' id='word_1_617' title='bbox 1943 2531 2131 2586; x_wconf 86' lang='lat' dir='ltr'><strong>verat,</strong></span> <span class='ocrx_word' id='word_1_618' title='bbox 2160 2520 2390 2576; x_wconf 91' lang='lat' dir='ltr'><strong>Domino</strong></span> <span class='ocrx_word' id='word_1_619' title='bbox 2419 2521 2746 2586; x_wconf 88' lang='lat' dir='ltr'><strong>miserante,</strong></span> <span class='ocrx_word' id='word_1_620' title='bbox 2778 2521 2896 2576; x_wconf 88' lang='lat' dir='ltr'><strong>sine</strong></span> <span class='ocrx_word' id='word_1_621' title='bbox 2924 2535 3076 2575; x_wconf 90' lang='lat' dir='ltr'><strong>mora</strong></span> <span class='ocrx_word' id='word_1_622' title='bbox 3103 2529 3188 2575; x_wconf 87' lang='lat' dir='ltr'><strong>est</strong></span> <span class='ocrx_word' id='word_1_623' title='bbox 3212 2530 3527 2589; x_wconf 82' lang='lat' dir='ltr'><strong>consecuta.</strong></span> 
     </span>
    </p>
   </div>
   <div class='ocr_carea' id='block_1_86' title="bbox 1942 2609 3530 2684">
    <p class='ocr_par' dir='ltr' id='par_1_86' title="bbox 1942 2609 3530 2684">
     <span class='ocr_line' id='line_1_86' title="bbox 1942 2609 3530 2684; baseline 0.001 -20"><span class='ocrx_word' id='word_1_624' title='bbox 1942 2609 2065 2680; x_wconf 84' lang='lat' dir='ltr'><strong>Ipsa</strong></span> <span class='ocrx_word' id='word_1_625' title='bbox 2112 2625 2329 2681; x_wconf 86' lang='lat' dir='ltr'><strong>quoque</strong></span> <span class='ocrx_word' id='word_1_626' title='bbox 2371 2611 2487 2676; x_wconf 89' lang='lat' dir='ltr'><strong>die,</strong></span> <span class='ocrx_word' id='word_1_627' title='bbox 2532 2610 2700 2665; x_wconf 86' lang='lat' dir='ltr'><strong>altera</strong></span> <span class='ocrx_word' id='word_1_628' title='bbox 2744 2615 2989 2679; x_wconf 60' lang='lat' dir='ltr'><strong>quasdam</strong></span> <span class='ocrx_word' id='word_1_629' title='bbox 3031 2609 3232 2667; x_wconf 83' lang='lat' dir='ltr'><strong>femina</strong></span> <span class='ocrx_word' id='word_1_630' title='bbox 3277 2612 3344 2667; x_wconf 87' lang='lat' dir='ltr'><strong>de</strong></span> <span class='ocrx_word' id='word_1_631' title='bbox 3384 2626 3530 2684; x_wconf 79' lang='lat' dir='ltr'><strong>pago</strong></span> 
     </span>
    </p>
   </div>
   <div class='ocr_carea' id='block_1_87' title="bbox 1943 2700 3527 2770">
    <p class='ocr_par' dir='ltr' id='par_1_87' title="bbox 1943 2700 3527 2770">
     <span class='ocr_line' id='line_1_87' title="bbox 1943 2700 3527 2770; baseline 0.001 -15"><span class='ocrx_word' id='word_1_632' title='bbox 1943 2701 2325 2766; x_wconf 86' lang='lat' dir='ltr'><strong>Noviomensi,</strong></span> <span class='ocrx_word' id='word_1_633' title='bbox 2369 2702 2589 2757; x_wconf 89' lang='lat' dir='ltr'><strong>nomine</strong></span> <span class='ocrx_word' id='word_1_634' title='bbox 2636 2700 2890 2765; x_wconf 81' lang='lat' dir='ltr'><strong>Rnoitla,</strong></span> <span class='ocrx_word' id='word_1_635' title='bbox 2933 2701 3303 2770; x_wconf 88' lang='lat' dir='ltr'><strong>quinquennio</strong></span> <span class='ocrx_word' id='word_1_636' title='bbox 3345 2716 3527 2767; x_wconf 67' lang='lat' dir='ltr'><strong>caeca,</strong></span> 
     </span>
    </p>
   </div>
   <div class='ocr_carea' id='block_1_88' title="bbox 1945 2792 3525 2862">
    <p class='ocr_par' dir='ltr' id='par_1_88' title="bbox 1945 2792 3525 2862">
     <span class='ocr_line' id='line_1_88' title="bbox 1945 2792 3525 2862; baseline 0.001 -15"><span class='ocrx_word' id='word_1_637' title='bbox 1945 2793 2092 2848; x_wconf 88' lang='lat' dir='ltr'><strong>inter</strong></span> <span class='ocrx_word' id='word_1_638' title='bbox 2141 2793 2435 2848; x_wconf 85' lang='lat' dir='ltr'><strong>missarum</strong></span> <span class='ocrx_word' id='word_1_639' title='bbox 2488 2792 2749 2848; x_wconf 88' lang='lat' dir='ltr'><strong>solemnia</strong></span> <span class='ocrx_word' id='word_1_640' title='bbox 2800 2792 2981 2846; x_wconf 90' lang='lat' dir='ltr'><strong>lumen</strong></span> <span class='ocrx_word' id='word_1_641' title='bbox 3039 2793 3182 2862; x_wconf 91' lang='lat' dir='ltr'><strong>quod</strong></span> <span class='ocrx_word' id='word_1_642' title='bbox 3237 2793 3525 2860; x_wconf 88' lang='lat' dir='ltr'><strong>amiserat,</strong></span> 
     </span>
    </p>
   </div>
   <div class='ocr_carea' id='block_1_89' title="bbox 1942 2880 3529 2953">
    <p class='ocr_par' dir='ltr' id='par_1_89' title="bbox 1942 2880 3529 2953">
     <span class='ocr_line' id='line_1_89' title="bbox 1942 2880 3529 2953; baseline 0.002 -15"><span class='ocrx_word' id='word_1_643' title='bbox 1942 2880 2163 2939; x_wconf 88' lang='lat' dir='ltr'><strong>Christo</strong></span> <span class='ocrx_word' id='word_1_644' title='bbox 2200 2881 2430 2937; x_wconf 90' lang='lat' dir='ltr'><strong>Domino</strong></span> <span class='ocrx_word' id='word_1_645' title='bbox 2466 2896 2565 2953; x_wconf 90' lang='lat' dir='ltr'><strong>per</strong></span> <span class='ocrx_word' id='word_1_646' title='bbox 2602 2882 2795 2937; x_wconf 86' lang='lat' dir='ltr'><strong>merita</strong></span> <span class='ocrx_word' id='word_1_647' title='bbox 2836 2890 3147 2939; x_wconf 90' lang='lat' dir='ltr'><strong>sanctorum</strong></span> <span class='ocrx_word' id='word_1_648' title='bbox 3175 2898 3397 2939; x_wconf 88' lang='lat' dir='ltr'><strong>suorum</strong></span> <span class='ocrx_word' id='word_1_649' title='bbox 3428 2884 3529 2941; x_wconf 91' lang='lat' dir='ltr'><strong>do-</strong></span> 
     </span>
    </p>
   </div>
   <div class='ocr_carea' id='block_1_90' title="bbox 1942 2957 2723 3043">
    <p class='ocr_par' dir='ltr' id='par_1_90' title="bbox 1942 2957 2723 3043">
     <span class='ocr_line' id='line_1_90' title="bbox 1942 2957 2723 3043; baseline 0.001 -17"><span class='ocrx_word' id='word_1_650' title='bbox 1942 2981 2107 3027; x_wconf 90' lang='lat' dir='ltr'><strong>nante</strong></span> <span class='ocrx_word' id='word_1_651' title='bbox 2128 3014 2143 3037; x_wconf 93' lang='lat'><strong>,</strong></span> <span class='ocrx_word' id='word_1_652' title='bbox 2173 2973 2397 3043; x_wconf 88' lang='lat' dir='ltr'><strong>recepit.</strong></span> <span class='ocrx_word' id='word_1_653' title='bbox 2710 2957 2723 2969; x_wconf 63' lang='grc'><strong>’</strong></span> 
     </span>
    </p>
   </div>
   <div class='ocr_carea' id='block_1_91' title="bbox 2019 3059 3529 3132">
    <p class='ocr_par' dir='ltr' id='par_1_91' title="bbox 2019 3059 3529 3132">
     <span class='ocr_line' id='line_1_91' title="bbox 2019 3059 3529 3132; baseline 0.004 -16"><span class='ocrx_word' id='word_1_654' title='bbox 2019 3061 2108 3117; x_wconf 78' lang='grc'><strong>75.</strong></span> <span class='ocrx_word' id='word_1_655' title='bbox 2147 3062 2206 3116; x_wconf 91' lang='lat' dir='ltr'><strong>In</strong></span> <span class='ocrx_word' id='word_1_656' title='bbox 2234 3062 2445 3117; x_wconf 88' lang='lat' dir='ltr'><strong>octavis</strong></span> <span class='ocrx_word' id='word_1_657' title='bbox 2473 3059 2841 3131; x_wconf 88' lang='lat' dir='ltr'><strong>apostolorum</strong></span> <span class='ocrx_word' id='word_1_658' title='bbox 2862 3101 2878 3128; x_wconf 90' lang='lat'><strong>,</strong></span> <span class='ocrx_word' id='word_1_659' title='bbox 2909 3060 2963 3116; x_wconf 87' lang='lat' dir='ltr'><strong>id</strong></span> <span class='ocrx_word' id='word_1_660' title='bbox 2988 3069 3074 3116; x_wconf 90' lang='lat' dir='ltr'><strong>est</strong></span> <span class='ocrx_word' id='word_1_661' title='bbox 3094 3102 3109 3127; x_wconf 96' lang='lat'><strong>,</strong></span> <span class='ocrx_word' id='word_1_662' title='bbox 3140 3061 3317 3132; x_wconf 89' lang='lat' dir='ltr'><strong>pridie</strong></span> <span class='ocrx_word' id='word_1_663' title='bbox 3342 3061 3529 3122; x_wconf 84' lang='lat' dir='ltr'><strong>Nonas</strong></span> 
     </span>
    </p>
   </div>
   <div class='ocr_carea' id='block_1_92' title="bbox 1939 3149 3524 3223">
    <p class='ocr_par' dir='ltr' id='par_1_92' title="bbox 1939 3149 3524 3223">
     <span class='ocr_line' id='line_1_92' title="bbox 1939 3149 3524 3223; baseline 0.003 -17"><span class='ocrx_word' id='word_1_664' title='bbox 1939 3151 2096 3216; x_wconf 91' lang='lat' dir='ltr'><strong>Julii,</strong></span> <span class='ocrx_word' id='word_1_665' title='bbox 2129 3153 2349 3223; x_wconf 86' lang='lat' dir='ltr'><strong>quidam</strong></span> <span class='ocrx_word' id='word_1_666' title='bbox 2376 3153 2560 3216; x_wconf 88' lang='lat' dir='ltr'><strong>homo,</strong></span> <span class='ocrx_word' id='word_1_667' title='bbox 2591 3149 2944 3207; x_wconf 87' lang='lat' dir='ltr'><strong>Gunthardus</strong></span> <span class='ocrx_word' id='word_1_668' title='bbox 2972 3151 3211 3218; x_wconf 90' lang='lat' dir='ltr'><strong>nomine,</strong></span> <span class='ocrx_word' id='word_1_669' title='bbox 3241 3152 3307 3207; x_wconf 91' lang='lat' dir='ltr'><strong>de</strong></span> <span class='ocrx_word' id='word_1_670' title='bbox 3335 3154 3524 3210; x_wconf 89' lang='lat' dir='ltr'><strong>eodem</strong></span> 
     </span>
    </p>
   </div>
   <div class='ocr_carea' id='block_1_93' title="bbox 1941 3241 3528 3314">
    <p class='ocr_par' dir='ltr' id='par_1_93' title="bbox 1941 3241 3528 3314">
     <span class='ocr_line' id='line_1_93' title="bbox 1941 3241 3528 3314; baseline 0.003 -17"><span class='ocrx_word' id='word_1_671' title='bbox 1941 3258 2102 3314; x_wconf 86' lang='lat' dir='ltr'><strong>pago,</strong></span> <span class='ocrx_word' id='word_1_672' title='bbox 2135 3243 2287 3297; x_wconf 88' lang='lat' dir='ltr'><strong>velut</strong></span> <span class='ocrx_word' id='word_1_673' title='bbox 2309 3242 2547 3314; x_wconf 84' lang='lat' dir='ltr'><strong>paralysi</strong></span> <span class='ocrx_word' id='word_1_674' title='bbox 2575 3257 2887 3313; x_wconf 86' lang='lat' dir='ltr'><strong>percussus,</strong></span> <span class='ocrx_word' id='word_1_675' title='bbox 2915 3242 2982 3297; x_wconf 92' lang='lat' dir='ltr'><strong>ad</strong></span> <span class='ocrx_word' id='word_1_676' title='bbox 3007 3242 3289 3298; x_wconf 88' lang='lat' dir='ltr'><strong>basilicam</strong></span> <span class='ocrx_word' id='word_1_677' title='bbox 3315 3241 3374 3298; x_wconf 90' lang='lat' dir='ltr'><strong>S.</strong></span> <span class='ocrx_word' id='word_1_678' title='bbox 3405 3244 3528 3301; x_wconf 89' lang='lat' dir='ltr'><strong>Sal-</strong></span> 
     </span>
    </p>
   </div>
   <div class='ocr_carea' id='block_1_94' title="bbox 1940 3330 3527 3401">
    <p class='ocr_par' dir='ltr' id='par_1_94' title="bbox 1940 3330 3527 3401">
     <span class='ocr_line' id='line_1_94' title="bbox 1940 3330 3527 3401; baseline 0.001 -14"><span class='ocrx_word' id='word_1_679' title='bbox 1940 3333 2011 3387; x_wconf 89' lang='lat' dir='ltr'><strong>vii</strong></span> <span class='ocrx_word' id='word_1_680' title='bbox 2040 3348 2070 3386; x_wconf 93' lang='lat' dir='ltr'><strong>a</strong></span> <span class='ocrx_word' id='word_1_681' title='bbox 2098 3331 2212 3387; x_wconf 89' lang='lat' dir='ltr'><strong>suis</strong></span> <span class='ocrx_word' id='word_1_682' title='bbox 2235 3331 2504 3386; x_wconf 89' lang='lat' dir='ltr'><strong>adductus</strong></span> <span class='ocrx_word' id='word_1_683' title='bbox 2529 3339 2615 3386; x_wconf 91' lang='lat' dir='ltr'><strong>est</strong></span> <span class='ocrx_word' id='word_1_684' title='bbox 2641 3349 2655 3386; x_wconf 93' lang='lat'><strong>:</strong></span> <span class='ocrx_word' id='word_1_685' title='bbox 2685 3331 2809 3401; x_wconf 93' lang='lat' dir='ltr'><strong>qui,</strong></span> <span class='ocrx_word' id='word_1_686' title='bbox 2832 3338 2893 3385; x_wconf 89' lang='lat' dir='ltr'><strong>ut</strong></span> <span class='ocrx_word' id='word_1_687' title='bbox 2915 3330 3196 3398; x_wconf 88' lang='lat' dir='ltr'><strong>dicebant,</strong></span> <span class='ocrx_word' id='word_1_688' title='bbox 3214 3330 3330 3400; x_wconf 88' lang='lat' dir='ltr'><strong>jam</strong></span> <span class='ocrx_word' id='word_1_689' title='bbox 3358 3349 3527 3389; x_wconf 90' lang='lat' dir='ltr'><strong>unum</strong></span> 
     </span>
    </p>
   </div>
   <div class='ocr_carea' id='block_1_95' title="bbox 1939 3420 3527 3487">
    <p class='ocr_par' dir='ltr' id='par_1_95' title="bbox 1939 3420 3527 3487">
     <span class='ocr_line' id='line_1_95' title="bbox 1939 3420 3527 3487; baseline 0.001 -10"><span class='ocrx_word' id='word_1_690' title='bbox 1939 3438 2139 3477; x_wconf 87' lang='lat' dir='ltr'><strong>annum</strong></span> <span class='ocrx_word' id='word_1_691' title='bbox 2171 3421 2410 3476; x_wconf 87' lang='lat' dir='ltr'><strong>habebat</strong></span> <span class='ocrx_word' id='word_1_692' title='bbox 2438 3422 2494 3476; x_wconf 92' lang='lat' dir='ltr'><strong>in</strong></span> <span class='ocrx_word' id='word_1_693' title='bbox 2520 3422 2710 3477; x_wconf 91' lang='lat' dir='ltr'><strong>eadem</strong></span> <span class='ocrx_word' id='word_1_694' title='bbox 2741 3420 3088 3487; x_wconf 88' lang='lat' dir='ltr'><strong>inﬁrmitate,</strong></span> <span class='ocrx_word' id='word_1_695' title='bbox 3120 3429 3176 3477; x_wconf 90' lang='lat' dir='ltr'><strong>et</strong></span> <span class='ocrx_word' id='word_1_696' title='bbox 3213 3432 3327 3477; x_wconf 89' lang='lat' dir='ltr'><strong>tam</strong></span> <span class='ocrx_word' id='word_1_697' title='bbox 3361 3424 3527 3479; x_wconf 88' lang='lat' dir='ltr'><strong>vehe-</strong></span> 
     </span>
    </p>
   </div>
   <div class='ocr_carea' id='block_1_96' title="bbox 1940 3510 3525 3581">
    <p class='ocr_par' dir='ltr' id='par_1_96' title="bbox 1940 3510 3525 3581">
     <span class='ocr_line' id='line_1_96' title="bbox 1940 3510 3525 3581; baseline 0.003 -15"><span class='ocrx_word' id='word_1_698' title='bbox 1940 3520 2154 3566; x_wconf 86' lang='lat' dir='ltr'><strong>menter</strong></span> <span class='ocrx_word' id='word_1_699' title='bbox 2181 3512 2236 3565; x_wconf 92' lang='lat' dir='ltr'><strong>in</strong></span> <span class='ocrx_word' id='word_1_700' title='bbox 2264 3511 2485 3566; x_wconf 87' lang='lat' dir='ltr'><strong>sinistra</strong></span> <span class='ocrx_word' id='word_1_701' title='bbox 2510 3521 2665 3581; x_wconf 88' lang='lat' dir='ltr'><strong>parte</strong></span> <span class='ocrx_word' id='word_1_702' title='bbox 2692 3510 2938 3581; x_wconf 89' lang='lat' dir='ltr'><strong>corporis</strong></span> <span class='ocrx_word' id='word_1_703' title='bbox 2961 3511 3044 3566; x_wconf 91' lang='lat' dir='ltr'><strong>sui</strong></span> <span class='ocrx_word' id='word_1_704' title='bbox 3068 3511 3386 3568; x_wconf 89' lang='lat' dir='ltr'><strong>debilitatus</strong></span> <span class='ocrx_word' id='word_1_705' title='bbox 3409 3523 3525 3581; x_wconf 86' lang='lat' dir='ltr'><strong>est,</strong></span> 
     </span>
    </p>
   </div>
   <div class='ocr_carea' id='block_1_97' title="bbox 1938 3602 3553 3669">
    <p class='ocr_par' dir='ltr' id='par_1_97' title="bbox 1938 3602 3553 3669">
     <span class='ocr_line' id='line_1_97' title="bbox 1938 3602 3553 3669; baseline 0.001 -11"><span class='ocrx_word' id='word_1_706' title='bbox 1938 3612 1999 3658; x_wconf 92' lang='lat' dir='ltr'><strong>ut</strong></span> <span class='ocrx_word' id='word_1_707' title='bbox 2034 3619 2137 3659; x_wconf 89' lang='lat' dir='ltr'><strong>nec</strong></span> <span class='ocrx_word' id='word_1_708' title='bbox 2169 3618 2391 3659; x_wconf 90' lang='lat' dir='ltr'><strong>manum</strong></span> <span class='ocrx_word' id='word_1_709' title='bbox 2435 3603 2505 3658; x_wconf 85' lang='lat' dir='ltr'><strong>ad</strong></span> <span class='ocrx_word' id='word_1_710' title='bbox 2541 3618 2605 3658; x_wconf 90' lang='lat' dir='ltr'><strong>os</strong></span> <span class='ocrx_word' id='word_1_711' title='bbox 2643 3604 2864 3669; x_wconf 89' lang='lat' dir='ltr'><strong>ducere,</strong></span> <span class='ocrx_word' id='word_1_712' title='bbox 2896 3618 2997 3657; x_wconf 89' lang='lat' dir='ltr'><strong>nec</strong></span> <span class='ocrx_word' id='word_1_713' title='bbox 3020 3616 3081 3657; x_wconf 86' lang='lat' dir='ltr'><strong>se</strong></span> <span class='ocrx_word' id='word_1_714' title='bbox 3103 3602 3191 3657; x_wconf 86' lang='lat' dir='ltr'><strong>vel</strong></span> <span class='ocrx_word' id='word_1_715' title='bbox 3231 3602 3413 3657; x_wconf 87' lang='lat' dir='ltr'><strong>lavare</strong></span> <span class='ocrx_word' id='word_1_716' title='bbox 3439 3604 3553 3661; x_wconf 79' lang='lat' dir='ltr'><strong>vel.</strong></span> 
     </span>
    </p>
   </div>
   <div class='ocr_carea' id='block_1_98' title="bbox 1940 3691 3527 3761">
    <p class='ocr_par' dir='ltr' id='par_1_98' title="bbox 1940 3691 3527 3761">
     <span class='ocr_line' id='line_1_98' title="bbox 1940 3691 3527 3761; baseline -0.001 -11"><span class='ocrx_word' id='word_1_717' title='bbox 1940 3694 2186 3750; x_wconf 89' lang='lat' dir='ltr'><strong>calceare</strong></span> <span class='ocrx_word' id='word_1_718' title='bbox 2215 3694 2444 3749; x_wconf 87' lang='lat' dir='ltr'><strong>valeret.</strong></span> <span class='ocrx_word' id='word_1_719' title='bbox 2474 3692 2608 3756; x_wconf 81' lang='lat' dir='ltr'><strong>llic,</strong></span> <span class='ocrx_word' id='word_1_720' title='bbox 2635 3707 2735 3761; x_wconf 88' lang='lat' dir='ltr'><strong>per</strong></span> <span class='ocrx_word' id='word_1_721' title='bbox 2761 3691 3197 3747; x_wconf 69' lang='lat' dir='ltr'><strong>misericordiam</strong></span> <span class='ocrx_word' id='word_1_722' title='bbox 3232 3691 3329 3746; x_wconf 88' lang='lat' dir='ltr'><strong>Dei</strong></span> <span class='ocrx_word' id='word_1_723' title='bbox 3363 3694 3527 3750; x_wconf 76' lang='lat' dir='ltr'><strong>merl~</strong></span> 
     </span>
    </p>
   </div>
   <div class='ocr_carea' id='block_1_99' title="bbox 1942 3782 3524 3853">
    <p class='ocr_par' dir='ltr' id='par_1_99' title="bbox 1942 3782 3524 3853">
     <span class='ocr_line' id='line_1_99' title="bbox 1942 3782 3524 3853; baseline 0.002 -15"><span class='ocrx_word' id='word_1_724' title='bbox 1942 3792 2108 3853; x_wconf 87' lang='lat' dir='ltr'><strong>taque</strong></span> <span class='ocrx_word' id='word_1_725' title='bbox 2151 3791 2499 3847; x_wconf 88' lang='lat' dir='ltr'><strong>sanctorum,</strong></span> <span class='ocrx_word' id='word_1_726' title='bbox 2558 3790 2803 3850; x_wconf 87' lang='lat' dir='ltr'><strong>tempore</strong></span> <span class='ocrx_word' id='word_1_727' title='bbox 2845 3782 3183 3837; x_wconf 83' lang='lat' dir='ltr'><strong>matutinalis</strong></span> <span class='ocrx_word' id='word_1_728' title='bbox 3222 3783 3425 3849; x_wconf 81' lang='lat' dir='ltr'><strong>oﬂieii,</strong></span> <span class='ocrx_word' id='word_1_729' title='bbox 3468 3786 3524 3842; x_wconf 86' lang='lat' dir='ltr'><strong>in</strong></span> 
     </span>
    </p>
   </div>
   <div class='ocr_carea' id='block_1_100' title="bbox 1932 3870 3041 3942">
    <p class='ocr_par' dir='ltr' id='par_1_100' title="bbox 1932 3870 3041 3942">
     <span class='ocr_line' id='line_1_100' title="bbox 1932 3870 3041 3942; baseline -0.003 -15"><span class='ocrx_word' id='word_1_730' title='bbox 1932 3872 2057 3942; x_wconf 83' lang='lat' dir='ltr'><strong>ipsa</strong></span> <span class='ocrx_word' id='word_1_731' title='bbox 2088 3871 2433 3927; x_wconf 86' lang='lat' dir='ltr'><strong>solemnitate</strong></span> <span class='ocrx_word' id='word_1_732' title='bbox 2450 3911 2465 3934; x_wconf 93' lang='lat'><strong>,</strong></span> <span class='ocrx_word' id='word_1_733' title='bbox 2496 3885 2661 3924; x_wconf 88' lang='lat' dir='ltr'><strong>sanus</strong></span> <span class='ocrx_word' id='word_1_734' title='bbox 2686 3870 2913 3926; x_wconf 81' lang='lat' dir='ltr'><strong>eﬁ‘ectus</strong></span> <span class='ocrx_word' id='word_1_735' title='bbox 2935 3877 3041 3925; x_wconf 88' lang='lat' dir='ltr'><strong>est.</strong></span> 
     </span>
    </p>
   </div>
   <div class='ocr_carea' id='block_1_101' title="bbox 2008 3957 3524 4031">
    <p class='ocr_par' dir='ltr' id='par_1_101' title="bbox 2008 3957 3524 4031">
     <span class='ocr_line' id='line_1_101' title="bbox 2008 3957 3524 4031; baseline 0.002 -18"><span class='ocrx_word' id='word_1_736' title='bbox 2008 3959 2099 4013; x_wconf 71' lang='lat'><strong>74.</strong></span> <span class='ocrx_word' id='word_1_737' title='bbox 2131 3958 2397 4013; x_wconf 89' lang='lat' dir='ltr'><strong>Similiter</strong></span> <span class='ocrx_word' id='word_1_738' title='bbox 2424 3967 2481 4013; x_wconf 90' lang='lat' dir='ltr'><strong>et</strong></span> <span class='ocrx_word' id='word_1_739' title='bbox 2508 3958 2647 4013; x_wconf 82' lang='lat' dir='ltr'><strong>alius</strong></span> <span class='ocrx_word' id='word_1_740' title='bbox 2678 3957 2870 4024; x_wconf 91' lang='lat' dir='ltr'><strong>homo,</strong></span> <span class='ocrx_word' id='word_1_741' title='bbox 2900 3958 3120 4014; x_wconf 89' lang='lat' dir='ltr'><strong>nomine</strong></span> <span class='ocrx_word' id='word_1_742' title='bbox 3151 3958 3483 4017; x_wconf 80' lang='lat' dir='ltr'><strong>Hildebonus</strong></span> <span class='ocrx_word' id='word_1_743' title='bbox 3506 4004 3524 4031; x_wconf 91' lang='lat'><strong>,</strong></span> 
     </span>
    </p>
   </div>
   <div class='ocr_carea' id='block_1_102' title="bbox 1939 4047 3526 4125">
    <p class='ocr_par' dir='ltr' id='par_1_102' title="bbox 1939 4047 3526 4125">
     <span class='ocr_line' id='line_1_102' title="bbox 1939 4047 3526 4125; baseline 0.004 -24"><span class='ocrx_word' id='word_1_744' title='bbox 1939 4048 2163 4103; x_wconf 89' lang='lat' dir='ltr'><strong>veniens</strong></span> <span class='ocrx_word' id='word_1_745' title='bbox 2188 4047 2254 4102; x_wconf 89' lang='lat' dir='ltr'><strong>de</strong></span> <span class='ocrx_word' id='word_1_746' title='bbox 2280 4047 2611 4102; x_wconf 87' lang='lat' dir='ltr'><strong>monasterio</strong></span> <span class='ocrx_word' id='word_1_747' title='bbox 2636 4047 2780 4118; x_wconf 88' lang='lat' dir='ltr'><strong>quod</strong></span> <span class='ocrx_word' id='word_1_748' title='bbox 2803 4047 3350 4105; x_wconf 66' lang='lat' dir='ltr'><strong>AMuos—Gemellos</strong></span> <span class='ocrx_word' id='word_1_749' title='bbox 3377 4049 3404 4090; x_wconf 76' lang='grc' dir='ltr'>ά</span> <span class='ocrx_word' id='word_1_750' title='bbox 3431 4066 3526 4125; x_wconf 79' lang='lat' dir='ltr'><strong>ap-</strong></span> 
     </span>
    </p>
   </div>
   <div class='ocr_carea' id='block_1_103' title="bbox 1938 4135 3524 4209">
    <p class='ocr_par' dir='ltr' id='par_1_103' title="bbox 1938 4135 3524 4209">
     <span class='ocr_line' id='line_1_103' title="bbox 1938 4135 3524 4209; baseline 0.004 -16"><span class='ocrx_word' id='word_1_751' title='bbox 1938 4137 2187 4209; x_wconf 87' lang='lat' dir='ltr'><strong>pellatur,</strong></span> <span class='ocrx_word' id='word_1_752' title='bbox 2237 4153 2361 4193; x_wconf 85' lang='lat' dir='ltr'><strong>cum</strong></span> <span class='ocrx_word' id='word_1_753' title='bbox 2413 4137 2482 4192; x_wconf 89' lang='lat' dir='ltr'><strong>ab</strong></span> <span class='ocrx_word' id='word_1_754' title='bbox 2529 4135 2756 4193; x_wconf 81' lang='lat' dir='ltr'><strong>infantia</strong></span> <span class='ocrx_word' id='word_1_755' title='bbox 2801 4153 2978 4195; x_wconf 66' lang='lat' dir='ltr'><strong>caecus</strong></span> <span class='ocrx_word' id='word_1_756' title='bbox 3014 4148 3193 4207; x_wconf 86' lang='lat' dir='ltr'><strong>esset,</strong></span> <span class='ocrx_word' id='word_1_757' title='bbox 3233 4156 3300 4198; x_wconf 91' lang='lat' dir='ltr'><strong>ac</strong></span> <span class='ocrx_word' id='word_1_758' title='bbox 3340 4141 3524 4202; x_wconf 78' lang='lat' dir='ltr'><strong>lumen</strong></span> 
     </span>
    </p>
   </div>
   <div class='ocr_carea' id='block_1_104' title="bbox 1938 4232 3526 4301">
    <p class='ocr_par' dir='ltr' id='par_1_104' title="bbox 1938 4232 3526 4301">
     <span class='ocr_line' id='line_1_104' title="bbox 1938 4232 3526 4301; baseline 0.005 -14"><span class='ocrx_word' id='word_1_759' title='bbox 1938 4232 2062 4288; x_wconf 63' lang='lat' dir='ltr'><strong>coeli</strong></span> <span class='ocrx_word' id='word_1_760' title='bbox 2107 4233 2160 4287; x_wconf 90' lang='lat' dir='ltr'><strong>in</strong></span> <span class='ocrx_word' id='word_1_761' title='bbox 2204 4241 2319 4287; x_wconf 88' lang='lat' dir='ltr'><strong>tota</strong></span> <span class='ocrx_word' id='word_1_762' title='bbox 2360 4232 2473 4286; x_wconf 86' lang='lat' dir='ltr'><strong>vita</strong></span> <span class='ocrx_word' id='word_1_763' title='bbox 2518 4247 2615 4287; x_wconf 88' lang='lat' dir='ltr'><strong>sua</strong></span> <span class='ocrx_word' id='word_1_764' title='bbox 2644 4246 2752 4287; x_wconf 91' lang='lat' dir='ltr'><strong>non</strong></span> <span class='ocrx_word' id='word_1_765' title='bbox 2784 4233 3041 4301; x_wconf 89' lang='lat' dir='ltr'><strong>vidisset,</strong></span> <span class='ocrx_word' id='word_1_766' title='bbox 3072 4234 3126 4289; x_wconf 90' lang='lat' dir='ltr'><strong>in</strong></span> <span class='ocrx_word' id='word_1_767' title='bbox 3156 4234 3526 4295; x_wconf 82' lang='lat' dir='ltr'><strong>celebratione</strong></span> 
     </span>
    </p>
   </div>
   <div class='ocr_carea' id='block_1_105' title="bbox 1939 4321 3525 4397">
    <p class='ocr_par' dir='ltr' id='par_1_105' title="bbox 1939 4321 3525 4397">
     <span class='ocr_line' id='line_1_105' title="bbox 1939 4321 3525 4397; baseline 0.006 -21"><span class='ocrx_word' id='word_1_768' title='bbox 1939 4322 2226 4378; x_wconf 89' lang='lat' dir='ltr'><strong>missarum</strong></span> <span class='ocrx_word' id='word_1_769' title='bbox 2244 4363 2259 4387; x_wconf 94' lang='lat'><strong>,</strong></span> <span class='ocrx_word' id='word_1_770' title='bbox 2287 4323 2476 4378; x_wconf 88' lang='lat' dir='ltr'><strong>eadem</strong></span> <span class='ocrx_word' id='word_1_771' title='bbox 2519 4321 2637 4387; x_wconf 90' lang='lat' dir='ltr'><strong>die,</strong></span> <span class='ocrx_word' id='word_1_772' title='bbox 2669 4322 2723 4377; x_wconf 92' lang='lat' dir='ltr'><strong>in</strong></span> <span class='ocrx_word' id='word_1_773' title='bbox 2749 4323 2939 4379; x_wconf 87' lang='lat' dir='ltr'><strong>eadem</strong></span> <span class='ocrx_word' id='word_1_774' title='bbox 2968 4324 3195 4383; x_wconf 90' lang='lat' dir='ltr'><strong>basilica</strong></span> <span class='ocrx_word' id='word_1_775' title='bbox 3214 4366 3230 4393; x_wconf 98' lang='lat'><strong>,</strong></span> <span class='ocrx_word' id='word_1_776' title='bbox 3260 4341 3360 4397; x_wconf 89' lang='lat' dir='ltr'><strong>per</strong></span> <span class='ocrx_word' id='word_1_777' title='bbox 3401 4341 3525 4385; x_wconf 62' lang='lat' dir='ltr'><strong>eos.</strong></span> 
     </span>
    </p>
   </div>
   <div class='ocr_carea' id='block_1_106' title="bbox 1937 4411 3526 4485">
    <p class='ocr_par' dir='ltr' id='par_1_106' title="bbox 1937 4411 3526 4485">
     <span class='ocr_line' id='line_1_106' title="bbox 1937 4411 3526 4485; baseline 0.004 -18"><span class='ocrx_word' id='word_1_778' title='bbox 1937 4413 2058 4467; x_wconf 88' lang='lat' dir='ltr'><strong>dem</strong></span> <span class='ocrx_word' id='word_1_779' title='bbox 2102 4420 2339 4478; x_wconf 89' lang='lat' dir='ltr'><strong>sanctos,</strong></span> <span class='ocrx_word' id='word_1_780' title='bbox 2362 4411 2555 4467; x_wconf 90' lang='lat' dir='ltr'><strong>eodem</strong></span> <span class='ocrx_word' id='word_1_781' title='bbox 2593 4411 2822 4468; x_wconf 88' lang='lat' dir='ltr'><strong>Domino</strong></span> <span class='ocrx_word' id='word_1_782' title='bbox 2844 4414 3141 4470; x_wconf 88' lang='lat' dir='ltr'><strong>miserante</strong></span> <span class='ocrx_word' id='word_1_783' title='bbox 3162 4423 3328 4485; x_wconf 83' lang='lat' dir='ltr'><strong>atque</strong></span> <span class='ocrx_word' id='word_1_784' title='bbox 3369 4417 3526 4473; x_wconf 76' lang='lat' dir='ltr'><strong>auxi—</strong></span> 
     </span>
    </p>
   </div>
   <div class='ocr_carea' id='block_1_107' title="bbox 1937 4501 3524 4576">
    <p class='ocr_par' dir='ltr' id='par_1_107' title="bbox 1937 4501 3524 4576">
     <span class='ocr_line' id='line_1_107' title="bbox 1937 4501 3524 4576; baseline 0.004 -20"><span class='ocrx_word' id='word_1_785' title='bbox 1937 4501 2139 4567; x_wconf 89' lang='lat' dir='ltr'><strong>liante,</strong></span> <span class='ocrx_word' id='word_1_786' title='bbox 2181 4503 2360 4557; x_wconf 90' lang='lat' dir='ltr'><strong>visum</strong></span> <span class='ocrx_word' id='word_1_787' title='bbox 2409 4502 2648 4573; x_wconf 88' lang='lat' dir='ltr'><strong>recepit,</strong></span> <span class='ocrx_word' id='word_1_788' title='bbox 2692 4510 2746 4557; x_wconf 89' lang='lat' dir='ltr'><strong>et</strong></span> <span class='ocrx_word' id='word_1_789' title='bbox 2806 4504 2989 4558; x_wconf 89' lang='lat' dir='ltr'><strong>omnia</strong></span> <span class='ocrx_word' id='word_1_790' title='bbox 3051 4519 3173 4573; x_wconf 61' lang='lat' dir='ltr'><strong>quas</strong></span> <span class='ocrx_word' id='word_1_791' title='bbox 3211 4507 3366 4576; x_wconf 84' lang='lat' dir='ltr'><strong>prius</strong></span> <span class='ocrx_word' id='word_1_792' title='bbox 3411 4522 3524 4563; x_wconf 83' lang='lat' dir='ltr'><strong>non</strong></span> 
     </span>
    </p>
   </div>
   <div class='ocr_carea' id='block_1_108' title="bbox 1938 4593 3526 4662">
    <p class='ocr_par' dir='ltr' id='par_1_108' title="bbox 1938 4593 3526 4662">
     <span class='ocr_line' id='line_1_108' title="bbox 1938 4593 3526 4662; baseline 0.002 -11"><span class='ocrx_word' id='word_1_793' title='bbox 1938 4596 2105 4662; x_wconf 90' lang='lat' dir='ltr'><strong>vidit,</strong></span> <span class='ocrx_word' id='word_1_794' title='bbox 2136 4597 2282 4652; x_wconf 87' lang='lat' dir='ltr'><strong>clare</strong></span> <span class='ocrx_word' id='word_1_795' title='bbox 2310 4597 2497 4652; x_wconf 85' lang='lat' dir='ltr'><strong>videre</strong></span> <span class='ocrx_word' id='word_1_796' title='bbox 2528 4596 2746 4650; x_wconf 90' lang='lat' dir='ltr'><strong>meruit.</strong></span> <span class='ocrx_word' id='word_1_797' title='bbox 2777 4595 2875 4650; x_wconf 86' lang='lat' dir='ltr'><strong>Die</strong></span> <span class='ocrx_word' id='word_1_798' title='bbox 2903 4609 3032 4649; x_wconf 84' lang='lat' dir='ltr'><strong>vero</strong></span> <span class='ocrx_word' id='word_1_799' title='bbox 3057 4593 3330 4652; x_wconf 84' lang='lat' dir='ltr'><strong>Nonarum</strong></span> <span class='ocrx_word' id='word_1_800' title='bbox 3355 4594 3526 4654; x_wconf 88' lang='lat' dir='ltr'><strong>Julia-</strong></span> 
     </span>
    </p>
   </div>
   <div class='ocr_carea' id='block_1_109' title="bbox 1940 4686 3522 4760">
    <p class='ocr_par' dir='ltr' id='par_1_109' title="bbox 1940 4686 3522 4760">
     <span class='ocr_line' id='line_1_109' title="bbox 1940 4686 3522 4760; baseline 0 -15"><span class='ocrx_word' id='word_1_801' title='bbox 1940 4706 2060 4745; x_wconf 89' lang='lat' dir='ltr'><strong>rum</strong></span> <span class='ocrx_word' id='word_1_802' title='bbox 2078 4730 2093 4755; x_wconf 95' lang='lat'><strong>,</strong></span> <span class='ocrx_word' id='word_1_803' title='bbox 2124 4690 2301 4760; x_wconf 88' lang='lat' dir='ltr'><strong>puella</strong></span> <span class='ocrx_word' id='word_1_804' title='bbox 2330 4689 2577 4760; x_wconf 66' lang='lat' dir='ltr'><strong>quaedam</strong></span> <span class='ocrx_word' id='word_1_805' title='bbox 2607 4686 2828 4759; x_wconf 87' lang='lat' dir='ltr'><strong>parvula</strong></span> <span class='ocrx_word' id='word_1_806' title='bbox 2848 4728 2863 4753; x_wconf 95' lang='lat'><strong>,</strong></span> <span class='ocrx_word' id='word_1_807' title='bbox 2904 4687 3123 4744; x_wconf 84' lang='lat' dir='ltr'><strong>nomine</strong></span> <span class='ocrx_word' id='word_1_808' title='bbox 3152 4686 3522 4759; x_wconf 78' lang='lat' dir='ltr'><strong>Reginlindis,</strong></span> 
     </span>
    </p>
   </div>
   <div class='ocr_carea' id='block_1_110' title="bbox 1942 4779 3521 4853">
    <p class='ocr_par' dir='ltr' id='par_1_110' title="bbox 1942 4779 3521 4853">
     <span class='ocr_line' id='line_1_110' title="bbox 1942 4779 3521 4853; baseline 0 -16"><span class='ocrx_word' id='word_1_809' title='bbox 1942 4798 2063 4853; x_wconf 72' lang='lat' dir='ltr'><strong>qua:</strong></span> <span class='ocrx_word' id='word_1_810' title='bbox 2107 4798 2217 4838; x_wconf 85' lang='lat' dir='ltr'><strong>non</strong></span> <span class='ocrx_word' id='word_1_811' title='bbox 2263 4783 2497 4853; x_wconf 86' lang='lat' dir='ltr'><strong>amplius</strong></span> <span class='ocrx_word' id='word_1_812' title='bbox 2537 4797 2700 4852; x_wconf 81' lang='lat' dir='ltr'><strong>quam</strong></span> <span class='ocrx_word' id='word_1_813' title='bbox 2740 4779 3018 4851; x_wconf 87' lang='lat' dir='ltr'><strong>septennis</strong></span> <span class='ocrx_word' id='word_1_814' title='bbox 3059 4795 3180 4836; x_wconf 88' lang='lat' dir='ltr'><strong>esse</strong></span> <span class='ocrx_word' id='word_1_815' title='bbox 3218 4780 3521 4846; x_wconf 80' lang='lat' dir='ltr'><strong>videbatur,</strong></span> 
     </span>
    </p>
   </div>
   <div class='ocr_carea' id='block_1_111' title="bbox 1943 4871 3524 4930">
    <p class='ocr_par' dir='ltr' id='par_1_111' title="bbox 1943 4871 3524 4930">
     <span class='ocr_line' id='line_1_111' title="bbox 1943 4871 3524 4930; baseline -0.003 -1"><span class='ocrx_word' id='word_1_816' title='bbox 1943 4889 2067 4930; x_wconf 90' lang='lat' dir='ltr'><strong>cum</strong></span> <span class='ocrx_word' id='word_1_817' title='bbox 2109 4874 2285 4929; x_wconf 88' lang='lat' dir='ltr'><strong>tribus</strong></span> <span class='ocrx_word' id='word_1_818' title='bbox 2320 4874 2480 4928; x_wconf 88' lang='lat' dir='ltr'><strong>annis</strong></span> <span class='ocrx_word' id='word_1_819' title='bbox 2509 4872 2791 4929; x_wconf 89' lang='lat' dir='ltr'><strong>oculorum</strong></span> <span class='ocrx_word' id='word_1_820' title='bbox 2822 4885 3044 4928; x_wconf 88' lang='lat' dir='ltr'><strong>suorum</strong></span> <span class='ocrx_word' id='word_1_821' title='bbox 3084 4871 3288 4927; x_wconf 86' lang='lat' dir='ltr'><strong>lumine</strong></span> <span class='ocrx_word' id='word_1_822' title='bbox 3315 4871 3524 4926; x_wconf 82' lang='lat' dir='ltr'><strong>camis-</strong></span> 
     </span>
    </p>
   </div>
   <div class='ocr_carea' id='block_1_112' title="bbox 1942 4962 3524 5031">
    <p class='ocr_par' dir='ltr' id='par_1_112' title="bbox 1942 4962 3524 5031">
     <span class='ocr_line' id='line_1_112' title="bbox 1942 4962 3524 5031; baseline -0.002 -9"><span class='ocrx_word' id='word_1_823' title='bbox 1942 4972 2060 5031; x_wconf 89' lang='lat' dir='ltr'><strong>set,</strong></span> <span class='ocrx_word' id='word_1_824' title='bbox 2089 4975 2146 5020; x_wconf 90' lang='lat' dir='ltr'><strong>et</strong></span> <span class='ocrx_word' id='word_1_825' title='bbox 2176 4966 2316 5020; x_wconf 90' lang='lat' dir='ltr'><strong>inter</strong></span> <span class='ocrx_word' id='word_1_826' title='bbox 2345 4973 2572 5020; x_wconf 81' lang='lat' dir='ltr'><strong>caeteros</strong></span> <span class='ocrx_word' id='word_1_827' title='bbox 2598 4966 2655 5021; x_wconf 92' lang='lat' dir='ltr'><strong>in</strong></span> <span class='ocrx_word' id='word_1_828' title='bbox 2680 4965 2906 5022; x_wconf 88' lang='lat' dir='ltr'><strong>basiﬁca</strong></span> <span class='ocrx_word' id='word_1_829' title='bbox 2932 4964 3000 5020; x_wconf 90' lang='lat' dir='ltr'><strong>ad</strong></span> <span class='ocrx_word' id='word_1_830' title='bbox 3025 4965 3264 5020; x_wconf 88' lang='lat' dir='ltr'><strong>divinum</strong></span> <span class='ocrx_word' id='word_1_831' title='bbox 3289 4962 3524 5019; x_wconf 87' lang='lat' dir='ltr'><strong>oﬁicium</strong></span> 
     </span>
    </p>
   </div>
   <div class='ocr_carea' id='block_1_113' title="bbox 1944 5054 3524 5120">
    <p class='ocr_par' dir='ltr' id='par_1_113' title="bbox 1944 5054 3524 5120">
     <span class='ocr_line' id='line_1_113' title="bbox 1944 5054 3524 5120; baseline -0.001 -8"><span class='ocrx_word' id='word_1_832' title='bbox 1944 5056 2273 5113; x_wconf 87' lang='lat' dir='ltr'><strong>audiendum</strong></span> <span class='ocrx_word' id='word_1_833' title='bbox 2340 5056 2710 5120; x_wconf 88' lang='lat' dir='ltr'><strong>constitisset,</strong></span> <span class='ocrx_word' id='word_1_834' title='bbox 2766 5054 3254 5111; x_wconf 80' lang='lat' dir='ltr'><strong>intervenientibus</strong></span> <span class='ocrx_word' id='word_1_835' title='bbox 3297 5062 3524 5111; x_wconf 68' lang='lat' dir='ltr'><strong>saneto-</strong></span> 
     </span>
    </p>
   </div>
   <div class='ocr_carea' id='block_1_114' title="bbox 1946 5205 3529 5283">
    <p class='ocr_par' dir='ltr' id='par_1_114' title="bbox 1946 5205 3529 5283">
     <span class='ocr_line' id='line_1_114' title="bbox 1946 5205 3529 5283; baseline -0.003 -19"><span class='ocrx_word' id='word_1_836' title='bbox 1946 5209 2089 5268; x_wconf 78' lang='lat' dir='ltr'><strong>Pont</strong></span> <span class='ocrx_word' id='word_1_837' title='bbox 2114 5215 2146 5266; x_wconf 86' lang='grc' dir='ltr'><em>ὰ</em></span> <span class='ocrx_word' id='word_1_838' title='bbox 2168 5211 2353 5283; x_wconf 73' lang='lat' dir='ltr'><strong>Harry</strong></span> <span class='ocrx_word' id='word_1_839' title='bbox 2374 5228 2393 5276; x_wconf 90' lang='lat'><strong><em>;</em></strong></span> <span class='ocrx_word' id='word_1_840' title='bbox 2417 5211 2512 5266; x_wconf 88' lang='lat' dir='ltr'><strong>sed</strong></span> <span class='ocrx_word' id='word_1_841' title='bbox 2539 5209 2859 5283; x_wconf 77' lang='lat' dir='ltr'><strong>alterutrum</strong></span> <span class='ocrx_word' id='word_1_842' title='bbox 2886 5208 3062 5283; x_wconf 79' lang='lat' dir='ltr'><strong>locum</strong></span> <span class='ocrx_word' id='word_1_843' title='bbox 3087 5206 3177 5261; x_wconf 89' lang='lat' dir='ltr'><strong>hic</strong></span> <span class='ocrx_word' id='word_1_844' title='bbox 3203 5205 3403 5277; x_wconf 87' lang='lat' dir='ltr'><strong>signari</strong></span> <span class='ocrx_word' id='word_1_845' title='bbox 3432 5220 3529 5261; x_wconf 89' lang='lat' dir='ltr'><strong>no-</strong></span> 
     </span>
    </p>
   </div>
   <div class='ocr_carea' id='block_1_115' title="bbox 1946 5276 3045 5349">
    <p class='ocr_par' dir='ltr' id='par_1_115' title="bbox 1946 5276 3045 5349">
     <span class='ocr_line' id='line_1_115' title="bbox 1946 5276 3045 5349; baseline -0.007 -11"><span class='ocrx_word' id='word_1_846' title='bbox 1946 5283 2094 5338; x_wconf 88' lang='lat' dir='ltr'><strong>mine</strong></span> <span class='ocrx_word' id='word_1_847' title='bbox 2131 5276 2399 5337; x_wconf 63' lang='lat' dir='ltr'><strong>Ponticuli</strong></span> <span class='ocrx_word' id='word_1_848' title='bbox 2428 5290 2632 5335; x_wconf 88' lang='lat' dir='ltr'><strong>temere</strong></span> <span class='ocrx_word' id='word_1_849' title='bbox 2660 5280 2782 5349; x_wconf 74' lang='lat' dir='ltr'><strong>quis</strong></span> <span class='ocrx_word' id='word_1_850' title='bbox 2805 5276 3045 5349; x_wconf 61' lang='lat' dir='ltr'><strong>dixerit?</strong></span> 
     </span>
    </p>
   </div>
   <div class='ocr_carea' id='block_1_116' title="bbox 2017 5345 3526 5412">
    <p class='ocr_par' dir='ltr' id='par_1_116' title="bbox 2017 5345 3526 5412">
     <span class='ocr_line' id='line_1_116' title="bbox 2017 5345 3526 5412; baseline -0.005 -5"><span class='ocrx_word' id='word_1_851' title='bbox 2017 5352 2046 5392; x_wconf 77' lang='grc' dir='ltr'><strong>(ι</strong></span> <span class='ocrx_word' id='word_1_852' title='bbox 2078 5352 2460 5407; x_wconf 73' lang='grc' dir='ltr'><strong>Μοηαειενίιιηι</strong></span> <span class='ocrx_word' id='word_1_853' title='bbox 2487 5350 2556 5403; x_wconf 85' lang='lat' dir='ltr'><strong>ad</strong></span> <span class='ocrx_word' id='word_1_854' title='bbox 2578 5345 2711 5402; x_wconf 57' lang='lat' dir='ltr'><strong>duo}</strong></span> <span class='ocrx_word' id='word_1_855' title='bbox 2738 5345 2996 5402; x_wconf 78' lang='lat' dir='ltr'><strong>Gemellos</strong></span> <span class='ocrx_word' id='word_1_856' title='bbox 3023 5346 3114 5401; x_wconf 78' lang='lat' dir='ltr'><strong>hic</strong></span> <span class='ocrx_word' id='word_1_857' title='bbox 3154 5345 3261 5401; x_wconf 87' lang='lat' dir='ltr'><strong>dici</strong></span> <span class='ocrx_word' id='word_1_858' title='bbox 3289 5345 3526 5412; x_wconf 84' lang='lat' dir='ltr'><strong>videtur,</strong></span> 
     </span>
    </p>
   </div>
   <div class='ocr_carea' id='block_1_117' title="bbox 1986 5415 3529 5485">
    <p class='ocr_par' dir='ltr' id='par_1_117' title="bbox 1986 5415 3529 5485">
     <span class='ocr_line' id='line_1_117' title="bbox 1986 5415 3529 5485; baseline -0.005 -8"><span class='ocrx_word' id='word_1_859' title='bbox 1986 5424 2093 5479; x_wconf 85' lang='lat' dir='ltr'><strong>uod</strong></span> <span class='ocrx_word' id='word_1_860' title='bbox 2120 5422 2402 5477; x_wconf 86' lang='lat' dir='ltr'><strong>Ambianis</strong></span> <span class='ocrx_word' id='word_1_861' title='bbox 2449 5421 2502 5473; x_wconf 90' lang='lat' dir='ltr'><strong>in</strong></span> <span class='ocrx_word' id='word_1_862' title='bbox 2526 5419 2776 5473; x_wconf 87' lang='lat' dir='ltr'><strong>Picardia</strong></span> <span class='ocrx_word' id='word_1_863' title='bbox 2805 5416 2966 5485; x_wconf 89' lang='lat' dir='ltr'><strong>vulgo</strong></span> <span class='ocrx_word' id='word_1_864' title='bbox 2996 5417 3307 5471; x_wconf 89' lang='lat' dir='ltr'><strong>nominatur</strong></span> <span class='ocrx_word' id='word_1_865' title='bbox 3341 5415 3529 5471; x_wconf 77' lang='lat' dir='ltr'><strong>Saint-</strong></span> 
     </span>
    </p>
   </div>
   <div class='ocr_carea' id='block_1_118' title="bbox 1948 5439 3530 5559">
    <p class='ocr_par' dir='ltr' id='par_1_118' title="bbox 1948 5439 3530 5559">
     <span class='ocr_line' id='line_1_118' title="bbox 1986 5439 3529 5485; baseline -0.005 -8"><span class='ocrx_word' id='word_1_866' title='bbox 1986 5439 2093 5479; x_wconf 84' lang='lat' dir='ltr'><strong>non</strong></span> <span class='ocrx_word' id='word_1_867' title='bbox 2120 5439 2402 5477; x_wconf 83' lang='lat' dir='ltr'><strong>Amntauts</strong></span> <span class='ocrx_word' id='word_1_868' title='bbox 2449 5439 2502 5473; x_wconf 89' lang='lat' dir='ltr'><strong>In</strong></span> <span class='ocrx_word' id='word_1_869' title='bbox 2526 5439 2776 5473; x_wconf 69' lang='lat' dir='ltr'><strong>“carata</strong></span> <span class='ocrx_word' id='word_1_870' title='bbox 2807 5439 2966 5485; x_wconf 70' lang='lat' dir='ltr'><strong>vulgo</strong></span> <span class='ocrx_word' id='word_1_871' title='bbox 2996 5439 3307 5471; x_wconf 75' lang='lat' dir='ltr'><strong>nominatur</strong></span> <span class='ocrx_word' id='word_1_872' title='bbox 3341 5439 3529 5471; x_wconf 70' lang='lat' dir='ltr'><strong>Dalm-</strong></span> 
     </span>
     <span class='ocr_line' id='line_1_119' title="bbox 1948 5439 3530 5559; baseline -0.003 -11"><span class='ocrx_word' id='word_1_873' title='bbox 1948 5439 2153 5549; x_wconf 58' lang='lat' dir='ltr'><strong>glam&#39;n</strong></span> <span class='ocrx_word' id='word_1_874' title='bbox 2179 5493 2271 5545; x_wconf 77' lang='lat' dir='ltr'><strong>des</strong></span> <span class='ocrx_word' id='word_1_875' title='bbox 2289 5492 2575 5552; x_wconf 80' lang='lat' dir='ltr'><strong>Jumeaux,</strong></span> <span class='ocrx_word' id='word_1_876' title='bbox 2602 5503 2633 5541; x_wconf 89' lang='lat' dir='ltr'><strong>a</strong></span> <span class='ocrx_word' id='word_1_877' title='bbox 2661 5486 2908 5543; x_wconf 87' lang='lat' dir='ltr'><strong>Guidone</strong></span> <span class='ocrx_word' id='word_1_878' title='bbox 2932 5486 3209 5559; x_wconf 88' lang='lat' dir='ltr'><strong>episeopo,</strong></span> <span class='ocrx_word' id='word_1_879' title='bbox 3248 5486 3350 5543; x_wconf 86' lang='lat' dir='ltr'><strong>sub</strong></span> <span class='ocrx_word' id='word_1_880' title='bbox 3384 5499 3530 5543; x_wconf 84' lang='lat' dir='ltr'><strong>anno</strong></span> 
     </span>
    </p>
   </div>
   <div class='ocr_carea' id='block_1_119' title="bbox 1953 5564 2740 5634">
    <p class='ocr_par' dir='ltr' id='par_1_119' title="bbox 1953 5564 2740 5634">
     <span class='ocr_line' id='line_1_120' title="bbox 1953 5564 2740 5634; baseline -0.013 -13"><span class='ocrx_word' id='word_1_881' title='bbox 1953 5564 2113 5631; x_wconf 70' lang='lat'><strong>1073,</strong></span> <span class='ocrx_word' id='word_1_882' title='bbox 2138 5571 2327 5634; x_wconf 85' lang='lat' dir='ltr'><strong>postea</strong></span> <span class='ocrx_word' id='word_1_883' title='bbox 2356 5565 2740 5617; x_wconf 88' lang='lat' dir='ltr'><strong>restauratum.</strong></span> 
     </span>
    </p>
   </div>
  </div>
