3976 6170
403 232 509 298 583

1688 219 2064 281 ECINIIARDI
2100 216 2389 278 ABBATIS

3564 213 3663 274 584

402 368 526 409 rum
574 347 786 405 meritis
806 387 820 413 ,
867 356 1053 401 coram
1082 337 1231 397 omni
1261 332 1608 393 multitudine
1630 376 1644 401 ,
1682 330 1984 388 illuminaia
2014 341 2063 401 Α
2086 331 2349 403 ιυηεὶῑιιιδ,
2376 346 2406 386 a
2439 328 2697 385 fratribus
2719 339 2740 368 ο
2769 328 2969 386 ibidem
2993 326 3105 384 Deo
3132 328 3519 396 servientibus,
3543 345 3669 400 quo-

407 452 510 500 est.
543 441 750 510 Quarto
790 437 916 492 Idus
944 434 1092 501 Julii,
1130 446 1276 487 czeca
1318 431 1588 501 quaedam,
1620 428 1836 482 nomine
1862 426 1988 479 Ala-

408 535 494 607 gia
514 575 527 597 ,
563 547 684 604 qua:
726 527 934 585 duobus
973 526 1087 580 fere
1114 524 1270 579 annis
1297 523 1415 578 visu
1444 522 1701 586 carebat,
1732 520 1874 573 intra
1902 531 1989 572 sa-

405 645 498 684 cra
526 627 818 681 missarum
846 620 1133 686 solemnia,
1184 614 1607 687 suifragantibus
1636 612 1739 667 sibi
1775 618 1990 666 sancto—

407 734 525 772 rum
575 716 863 786 precibus,
910 728 940 767 a
986 710 1217 765 Domino
1255 707 1382 762 Jesu
1427 705 1647 761 Christo
1689 701 1990 757 illuminata

407 821 508 867 est.
544 810 747 865 Eadem
779 808 865 865 die
892 821 1071 861 caecus
1099 802 1319 874 quidam
1346 799 1502 855 valde
1531 813 1694 854 senex
1717 838 1732 864 ,
1765 799 1831 852 de
1862 796 1989 849 villa

406 899 697 954 Cauliaeas
751 909 813 962 II,
864 892 1285 949 Ermenwardus
1335 887 1634 953 vocabulo,
1685 886 1777 956 qui
1834 884 1990 939 annis

408 984 819 1057 quatuordeeim
866 982 1001 1035 nihil
1040 979 1223 1033 videre
1261 976 1467 1047 potuit,
1513 974 1583 1028 ad
1617 972 1990 1043 vespertinum

410 1075 650 1131 olllcium
682 1071 969 1128 ecclesiam
1000 1070 1281 1138 ingressus
1310 1066 1500 1119 beatos
1527 1069 1800 1131 martyres
1840 1061 1991 1115 invo-

409 1168 583 1229 cavit,
621 1179 686 1218 ac
711 1162 899 1217 statim
929 1158 1176 1214 caecitate
1207 1153 1462 1224 depulsa,
1493 1151 1587 1207 diu
1628 1149 1992 1205 desideratam

410 1257 617 1321 lucem,
647 1253 878 1308 Domino
906 1248 1225 1317 adjuvante,
1253 1243 1481 1312 recepit.

480 1348 566 1403 75.
610 1344 851 1415 Septimo
891 1340 1148 1395 kalendas
1190 1335 1442 1405 augusti,
1492 1331 1672 1403 puella
1712 1329 1991 1400 quaedam,

410 1453 531 1510 qum
561 1438 630 1491 ab
652 1433 930 1491 immundo
955 1431 1148 1500 sp‘rltu
1174 1428 1491 1490 vexabatur,
1520 1425 1574 1479 in
1602 1422 1878 1477 basilicam
1902 1419 1995 1474 ad-

409 1528 593 1590 ducta,
622 1526 747 1582 dum
777 1537 947 1579 sacrae
973 1519 1263 1576 oblationis
1288 1515 1521 1572 ofﬁcium
1552 1514 1875 1576 celebratur,
1896 1526 1995 1580 per

406 1617 663 1671 virtutem
679 1613 878 1669 Christi
894 1620 951 1667 et
962 1610 1155 1666 merita
1166 1610 1450 1664 beatorum
1474 1614 1795 1675 martyrum,
1812 1602 1995 1672 fugato

2091 436 2213 477 rum
2249 429 2437 492 rogatu
2478 418 2736 489 reliquias
2774 427 3197 474 memoratorum
3232 417 3436 474 Christi
3474 430 3675 493 marty-

2091 528 2213 567 rum
2250 513 2317 567 ad
2356 511 2498 567 idem
2530 510 2918 566 monasterium
2968 511 3125 576 misi;
3173 511 3228 565 in
3270 526 3379 582 quo
3425 512 3546 568 haec
3584 528 3679 585 per

2092 603 2337 657 ordinem
2360 610 2508 673 gesta
2533 610 2744 670 reperta
2773 609 2916 657 sunt.

2167 693 2194 733 τι
2229 694 2385 748 Anno
2413 694 2480 749 ab
2506 692 2876 747 incarnatione
2897 690 3111 745 Domini
3136 692 3305 746 nostri
3328 691 3455 747 Jcsu
3477 689 3680 748 Christi

2092 784 2543 855 octingentesimo
2584 783 2841 837 vicesimo
2883 791 3096 846 octavo,
3138 791 3403 836 venerunt
3443 782 3683 852 reliquias

2099 885 2412 933 sanctorum
2441 874 2643 930 Christi
2669 882 2966 945 martyrum
3006 872 3302 929 Marcellini
3339 883 3394 929 et
3431 873 3578 930 Petri
3615 876 3683 931 ad

2097 970 2484 1025 monasterium
2510 967 2566 1023 S.
2598 967 2849 1031 Bavonis,
2886 966 2972 1020 die
2995 967 3182 1036 quinto
3221 966 3497 1022 Nonarum
3534 966 3684 1036 Julii,

2098 1061 2232 1116 feria
2259 1068 2434 1125 sexta,
2458 1057 2748 1113 indictione
2768 1073 2842 1110 vt.
2881 1055 3065 1110 Tertia
3093 1055 3352 1120 verodie,
3377 1057 3431 1111 id
3451 1065 3558 1123 est,
3584 1057 3679 1112 Do

2100 1150 2299 1205 minica
2326 1148 2592 1220 proxima,
2619 1161 2738 1216 quae
2758 1144 2859 1200 fuit
2892 1144 3050 1200 tertio
3085 1144 3268 1199 Nonas
3302 1143 3493 1210 Julias,
3531 1162 3683 1216 quae-

2100 1239 2224 1295 dam
2260 1237 2439 1308 puella
2478 1252 2647 1302 czeca,
2687 1235 2905 1290 nomine
2942 1234 3247 1300 Hartlinda,
3293 1235 3359 1290 de
3392 1236 3519 1291 villa
3564 1253 3684 1307 qurc

2098 1331 2404 1385 Fursenum
2438 1339 2462 1367 ο
2494 1325 2811 1397 appellatur,
2842 1340 3003 1396 quam
3029 1334 3189 1395 pater
3216 1332 3271 1379 et
3301 1333 3475 1380 mater
3503 1328 3685 1381 testati

2101 1429 2228 1477 sunt
2251 1427 2375 1475 octo
2401 1417 2559 1472 annis
2582 1417 2861 1472 oculorum
2889 1413 3064 1469 ofllcio
3101 1414 3360 1480 caruisse,
3396 1430 3523 1470 cum
3560 1427 3687 1470 ante

2102 1512 2292 1576 altare,
2320 1524 2481 1579 super
2493 1508 2636 1579 quod
2650 1522 2817 1563 sacra:
2833 1515 3130 1577 martyrum
3156 1504 3395 1574 reliquis:
3417 1516 3573 1561 erant
3599 1522 3691 1578 po-

2104 1604 2241 1670 sitie,
2270 1601 2461 1657 fuisset
2492 1600 2744 1663 adducta,
2788 1612 2974 1652 coram
3014 1595 3266 1651 omnibus
3304 1596 3398 1667 qui
3440 1598 3683 1665 aderant,

410 1707 675 1770 daemone,
700 1702 1103 1773 integerrimam
1128 1698 1327 1756 mentis
1347 1706 1403 1753 et
1419 1693 1666 1765 corporis
1694 1694 2001 1748 meruitre-
2028 1684 2075 1745 Β
2102 1698 2300 1763 visum,
2341 1693 2571 1748 Domino
2612 1692 2927 1756 miserante,
2973 1689 3196 1760 recepit.
3237 1688 3363 1743 Inde
3405 1697 3529 1759 post
3575 1689 3692 1744 dies

411 1798 594 1869 cipere
621 1796 930 1852 sanitatem.
977 1791 1105 1847 Haec
1136 1798 1264 1847 sunt
1288 1788 1550 1845 miracula
1578 1795 1740 1856 atque
1772 1786 2002 1839 virtutes

410 1905 549 1962 quas
572 1889 832 1944 Dominus
858 1893 1044 1941 noster
1062 1882 1220 1938 Jesus
1239 1880 1511 1944 Christus,
1536 1892 1635 1949 per
1654 1875 1848 1931 merita
1876 1891 2002 1930 san-

412 1991 623 2038 ctorum
652 1984 950 2048 martyrum
980 1990 1201 2031 suorum
1232 1971 1531 2027 Marcellini
1557 1977 1610 2025 et
1637 1968 1806 2035 Petri,
1839 1967 1893 2022 in
1923 1966 2006 2021 vi-

414 2086 482 2129 co
510 2070 879 2132 Valentianas,
912 2067 979 2121 ad
1001 2065 1229 2121 salutem
1255 2062 1477 2117 humani
1518 2059 1750 2133 generis,
1788 2058 2003 2129 operari

413 2161 665 2233 dignatus
693 2167 776 2214 est
800 2172 814 2212 :
838 2170 959 2228 qua:
999 2161 1330 2210 memoratus
1365 2151 1629 2225 Georgius
1659 2150 1688 2189 ι)
1720 2148 2007 2220 presbyter

410 2251 562 2307 brevi
596 2249 779 2305 libello
817 2246 1040 2303 collecta
1080 2244 1237 2300 nobis
1280 2243 1497 2297 mittere
1541 2240 1771 2304 curavit,
1814 2247 1869 2292 et
1907 2252 2007 2292 nos

412 2342 539 2397 huic
557 2341 705 2411 operi
729 2347 916 2394 nostro
944 2335 1255 2391 censuimus
1274 2330 1580 2387 inserenda.
1620 2329 1721 2384 Hic
1739 2336 1821 2383 est
1840 2326 2008 2383 Geor-

413 2434 535 2505 gius
572 2431 881 2495 Veneticus,
929 2428 1022 2498 qui
1050 2425 1118 2481 de
1157 2424 1336 2495 patria
1374 2436 1471 2478 sua
1513 2421 1581 2475 ad
1624 2420 2008 2490 imperatorem

414 2523 582 2587 venit,
614 2530 668 2576 et
691 2522 744 2576 in
767 2518 1005 2589 Aquensi
1024 2516 1227 2587 palatio
1248 2527 1533 2586 organum,
1552 2512 1695 2581 quod
1714 2508 1902 2566 Graece
1916 2508 2011 2580 hy-

415 2612 657 2668 draulica
688 2621 930 2676 vocatur,
962 2608 1191 2664 miriﬁea
1220 2615 1337 2661 arte
1357 2604 1679 2675 composuit.
1735 2590 1744 2599 ’

1005 2718 1234 2776 CAPUT
1271 2716 1407 2772 Vill.

417 2811 681 2868 Hiracula
705 2810 963 2875 Gandavi,
995 2810 1051 2864 in
1074 2807 1392 2863 monasterio
1422 2804 1480 2862 S.
1514 2804 1764 2870 Bavonis,
1791 2803 1862 2859 ad
1889 2801 2011 2875 reli-

489 2883 641 2954 quias
697 2882 883 2954 horum
932 2874 1494 2954 sanctorum—Caeci
1540 2888 1653 2931 octo
1701 2874 2006 2930 illuminati.

491 2951 599 3006 Alii
621 2952 749 3023 a’gri
778 2951 972 3021 adjutt’.

2102 1797 2247 1852 octo,
2276 1786 2327 1841 id
2347 1792 2451 1850 est,
2475 1792 2669 1854 quarto
2691 1782 2810 1836 idus
2823 1779 2966 1849 julii,
2994 1781 3224 1836 adducta
3247 1788 3330 1836 est
3350 1781 3520 1835 altera
3540 1780 3694 1850 puel-

2103 1879 2153 1933 la
2181 1877 2431 1933 similiter
2459 1891 2625 1942 caeca,
2648 1875 2864 1929 nomine
2890 1872 3197 1939 Helmrada,
3222 1872 3288 1927 de
3310 1872 3439 1928 villa
3467 1873 3644 1944 Magle
3671 1872 3688 1912 ί

2106 1977 2453 2041 nuncupata:
2484 1968 2637 2039 cujus
2680 1975 2933 2039 parentes
2974 1968 3038 2022 de
3077 1982 3140 2022 ea
3179 1966 3496 2033 retulerunt,
3546 1968 3696 2038 quod

2106 2070 2296 2119 octava
2328 2060 2414 2115 die
2446 2068 2735 2130 postquam
2772 2058 3044 2128 baptizata
3081 2057 3203 2123 fuit,
3236 2059 3412 2114 subita
3448 2060 3698 2114 caecitate

2105 2167 2361 2225 percussa
2391 2151 2481 2205 sit.
2523 2149 2653 2217 Quae
2680 2156 2734 2203 et
2762 2148 2876 2219 ipsa
2906 2150 3087 2203 statim
3126 2163 3308 2203 coram
3344 2150 3516 2203 sacris
3541 2165 3695 2203 mar-

2107 2250 2286 2314 tyrum
2321 2240 2595 2296 cineribus
2638 2239 2843 2304 lumen,
2884 2237 3025 2308 quod
3053 2237 3166 2307 jam
3204 2240 3403 2295 dudum
3432 2243 3697 2311 perdidit,

2107 2332 2334 2388 Domino
2361 2332 2462 2387 sibi
2484 2331 2765 2395 reddente,
2794 2331 3015 2401 recepit.
3057 2330 3195 2386 Exin
3229 2333 3313 2388 die
3342 2334 3516 2394 tertia.
3550 2335 3700 2405 quod

2108 2423 2210 2478 fuit
2231 2423 2403 2493 pridie
2426 2421 2550 2476 Idus
2579 2419 2728 2486 Julii,
2752 2421 2899 2474 venit
2924 2420 3052 2475 illuc
3074 2421 3251 2490 puella
3276 2423 3542 2492 quasdam,
3569 2438 3700 2499 cur

2108 2527 2198 2578 va,
2222 2513 2441 2567 nomine
2473 2511 2744 2574 Bildrada,
2773 2510 2837 2565 de
2859 2510 2982 2565 villa
3012 2511 3297 2567 Boderctio
3331 2513 3379 2577 ⁸,
3410 2527 3530 2582 quae
3562 2528 3700 2584 pcr-

2111 2605 2247 2659 tinet
2268 2604 2335 2658 ad
2361 2602 2747 2657 monasterium
2772 2599 2831 2654 S.
2860 2600 3098 2657 Vedasti.
3139 2600 3269 2668 Qua:
3290 2617 3412 2657 cum
3433 2612 3559 2657 ante
3577 2619 3703 2658 me-

2110 2700 2349 2749 moratas
2378 2699 2686 2747 sanctorum
2719 2690 2994 2761 reliquias,
3018 2707 3118 2761 pro
3147 2693 3484 2748 restitutione
3505 2692 3705 2749 salutis

2112 2796 2243 2848 suae,
2276 2782 2566 2838 Dominum
2594 2779 2868 2835 Christum
2907 2781 3221 2850 suppliciter
3250 2781 3575 2849 invocasset,
3605 2800 3707 2840 co-

2114 2887 2233 2929 ram
2269 2871 2518 2927 omnibus
2548 2870 2637 2940 qui
2678 2872 2903 2925 aderant
2950 2882 3132 2926 erecta
3177 2881 3279 2939 est,
3325 2881 3381 2927 et
3426 2874 3705 2945 integrum

2113 2963 2359 3035 corporis
2387 2962 2469 3018 sui
2506 2969 2704 3017 statum
2743 2961 2798 3016 in
2840 2971 3113 3018 momento
3154 2965 3411 3036 temporis
3453 2966 3706 3037 recipere

489 3061 578 3116 76.
618 3060 769 3116 Alter
793 3060 1007 3116 libellus
1038 3059 1169 3115 mihi
1194 3058 1409 3115 oblatus
1445 3064 1529 3113 est
1565 3056 1634 3112 de
1673 3055 2007 3111 monasterio
2035 3039 2080 3101 C
2111 3057 2331 3113 meruit.

419 3152 595 3207 sancti
628 3149 882 3214 Bavonis,
915 3150 1058 3218 quod
1085 3150 1247 3203 situm
1273 3156 1357 3203 est
1390 3145 1541 3217 j'uxta
1576 3146 1812 3204 Scaldim
1843 3148 1897 3201 in
1925 3146 2007 3202 lo-

418 3256 484 3296 co
510 3240 698 3298 Gauda
720 3246 934 3305 vocato,
967 3238 1059 3293 ubi
1084 3236 1226 3293 idem
1248 3238 1424 3293 amnis
1452 3237 1627 3307 Legite
1647 3236 1853 3291 ﬂumini
1879 3250 2009 3292 con-

493 3431 518 3459 ι
551 3412 841 3473 Cauliacas
876 3417 1055 3473 adhuc
1083 3416 1268 3473 nescio
1298 3416 1544 3474 invenire
1569 3418 1717 3473 circa
1745 3418 2010 3475 Valenee—

390 3610 413 3623 ,
491 3560 521 3600 δ
557 3558 614 3614 ln
642 3557 946 3613 Annalibus
969 3558 1303 3613 Francorum
1328 3557 1631 3613 Pithozanis
1659 3559 1728 3614 ad
1755 3575 1883 3614 ann.
1903 3560 2010 3616 826

420 3629 529 3708 illa_
558 3630 811 3702 leguntur
807 3646 851 3708 ’ξ
882 3648 934 3708 _¢_
967 3628 1474 3708 Ceorgiusquidam
1494 3631 1790 3708 presbyter
1816 3631 1884 3708 de
1906 3630 2010 3686 Ve-

419 3697 759 3782 netia,'cum
807 3698 1056 3782 baldrico
1106 3697 1304 3782 comite
1351 3697 1720 3782 Forojitliense
1747 3701 2008 3782 tveniens,

416 3783 690 3841 organum
730 3768 1106 3839 hydraulicum
1136 3767 1464 3838 Aquisgrani
1501 3768 1645 3824 fecit.
1687 3789 1704 3821 ι
1743 3769 1861 3837 Quo
1887 3786 2012 3841 per-

419 3839 562 3921 fecto
586 3839 1088 3921 factus‘estnrector
1114 3839 1438 3921 monasterii
1470 3840 1528 3894 S.
1548 3838 1749 3907 Salvii;
1784 3848 1841 3894 et
1869 3855 2012 3895 anno

420 3909 524 3965 827
550 3909 787 3978 obtinuit
814 3908 1072 3978 reliquias
1096 3909 1291 3965 dictas.

495 3992 516 4018 ο
540 3977 741 4034 Horum
770 3977 997 4033 fratrum
1023 3979 1135 4034 sive
1157 3980 1544 4034 monachorum
1570 3980 1821 4035 abbatem
1845 3977 2012 4035 fuisse

425 4048 807 4119 Eginhardum,
836 4049 904 4102 ab
931 4060 1071 4102 anno
1100 4046 1225 4113 8‘26,
1259 4050 1447 4105 scribit
1476 4049 1724 4119 Meyerus
1755 4052 1807 4103 in
1837 4065 2012 4104 anna-

420 4118 566 4173 libus
596 4118 911 4188 Flandriae;
932 4119 1135 4188 addens
1171 4120 1313 4188 quod
1339 4121 1407 4187 is,
1439 4139 1458 4170 ‹
1494 4118 1750 4175 sacerdos
1779 4120 2012 4175 Caesaris

422 4188 699 4252 Ludovici,
740 4187 1067 4249 coenobium,
1122 4187 1374 4244 incendio
1421 4191 1804 4253 deformatum,
1859 4191 2011 4244 resti-

425 4257 618 4325 tuerit,
664 4271 940 4325 vagosque
991 4258 1284 4313 monachos
1330 4259 1384 4313 in
1431 4275 1600 4315 unum
1651 4260 1946 4314 reduxerit.
1986 4279 2006 4313 ι

424 4324 588 4379 llisce
612 4322 763 4378 addit
788 4322 1083 4390 Sahderus,
1115 4325 1207 4380 lib.
1240 4343 1294 4381 tv
1316 4329 1517 4383 Rerum
1545 4328 2005 4391 Candavensium,

420 4409 543 4469 cap.
582 4396 637 4460 4,
666 4409 846 4469 eum}
875 4384 1197 4469 impetrasse
1230 4397 1548 4469 aLudovico
1579 4401 1708 4468 imp.
1743 4384 2010 4469 approba;
2036 4384 2089 4444 D

422 4464 628 4539 tionem
658 4464 1063 4536 privilegiorum
1091 4468 1322 4522 ctenobii
1351 4464 1736 4524 Gandensis'et
1765 4464 1869 4524 alia
1895 4470 2009 4539 pri-

424 4535 616 4609 vilegia
652 4551 826 4609 nova_;_
861 4535 902 4609 i_
937 4552 1056 4607 qua:
1109 4539 1318 4609 utinam
1368 4547 1668 4599 exstarent.
1701 4539 1770 4609 ad
1808 4535 2009 4609 confir-

423 4605 677 4678 ruatidam
726 4605 1068 4678 collationem
1116 4606 1277 4676 hujus
1323 4609 1552 4664 abbatis:
1582 4608 1893 4678 Eginbardo
1928 4608 2009 4662 fa-

422 4685 587 4747 ctum.
621 4676 776 4747 Quod
806 4684 986 4731 autem
1016 4688 1296 4747 asseratur
1322 4693 1445 4733 eum
1475 4676 1757 4747 scripsisse
1780 4678 1855 4747 fin
1883 4678 2008 4733 Vita

423 4746 603 4817 Caroli
664 4746 883 4817 Magni,
921 4746 1108 4801 ambos
1165 4747 1503 4817 frequentius
1566 4746 1728 4817 simul
1762 4746 2007 4803 Gandavi

423 4815 609 4883 fuisse,
652 4815 771 4872 non'
798 4816 1031 4886 habetur
1077 4816 1132 4870 iu
1173 4817 1333 4886 hujus
1363 4816 1511 4886 Vita,
1543 4817 1613 4871 ad
1641 4816 1785 4886 diem
1815 4817 1883 4871 28
1912 4817 2006 4871 Ja-

424 4886 601 4941 nuarii
647 4902 679 4939 a
724 4885 880 4940 nobis
927 4883 1214 4939 illustrata.
1245 4883 1378 4939 'Sed
1426 4901 1568 4941 anno
1612 4885 1716 4941 826
1754 4901 1812 4940 se
1841 4886 2008 4943 fuisse

422 4954 667 5011 Gandavi
714 4955 769 5009 in
800 4955 1134 5039 monasterio
1182 4953 1239 5009 S.
1270 4954 1519 5039 Bavonis_
1548 4955 1745 5039 scribit
1780 4957 2009 5039 ipsemet

423 5040 790 5151 erasas.
804 5024 875 5177 ε.
886 5025 1801 5178 ἑὲξεξῗὲξέδηὲἒξῗεῗ,ἕὲἷξξὶέῖἷέῖ
1817 5027 2008 5178 asa:

426 5179 589 5236 super
615 5181 769 5221 mare
802 5166 856 5236 in
886 5164 1134 5221 Pontivo.
1196 5166 1276 5221 ita
1322 5167 1497 5236 potuit
1544 5165 1702 5236 simul
1748 5166 2010 5236 habuisse

425 5233 768 5305 Eginhardus
801 5235 1039 5305 aliquam
1074 5251 1262 5291 curam
1303 5233 1621 5291 monasterii
1663 5234 1722 5290 S.
1746 5233 2004 5301 Bavonis,

426 5303 552 5359 licet
564 5306 834 5362 habitaret
854 5303 1258 5376 ll'elingestadii.
1274 5335 1346 5346 ——
1359 5306 1505 5361 idem
1526 5305 1755 5376 epistola
1778 5306 1848 5376 12
1872 5306 2009 5376 petit

427 5388 668 5498 ﬁgam,
698 5376 801 5431 sibi
829 5376 972 5447 apud
1022 5375 1081 5433 Β.
1107 5376 1379 5433 Bavonem
1423 5384 1480 5432 et
1507 5377 1561 5432 in
1590 5375 1884 5431 Blandinio’
1910 5377 2008 5431 de-

491 5451 623 5497 tum.

496 5510 965 5599 ﬂeverat?
987 5517 1318 5599 θρηῖεειιίιξιιξ
1336 5516 1620 5599 inﬂictas?
1647 5531 1851 5599 aenum
1877 5514 2005 5581 838a

430 5579 581 5651 cyelo
610 5583 737 5637 solis
760 5585 851 5648 9.5,
886 5585 1084 5641 litteris
1109 5585 1530 5642 Dominicalibus
1568 5586 1630 5640 E.
1662 5586 1726 5640 D.
1991 5579 1998 5581 l

506 5662 529 5690 ο
552 5649 636 5705 An
676 5652 994 5709 Fursentmd
1037 5657 1382 5713 contractiori
1422 5656 1640 5714 nomine
1690 5656 1891 5713 dictum
1937 5655 2009 5710 sit

2181 3145 2269 3199 77.
2306 3144 2501 3199 Postea
2531 3158 2679 3208 vero,
2725 3143 3045 3199 duodecimo
3074 3144 3162 3199 die
3211 3142 3575 3201 Kalendarum
3601 3161 3709 3201 au-

2111 3244 2421 3310 gustarum,
2454 3235 2654 3291 femina
2691 3237 2959 3306 quaedam,
3005 3238 3221 3294 nomine
3250 3236 3475 3307 Eddela,
3504 3238 3708 3293 ancilla

2110 3415 2306 3473 smeulo
2331 3431 2407 3470 ιιι
2428 3412 2671 3487 Furnas;
2704 3413 2857 3487 alteri
2885 3415 3296 3487 coniectandum
3316 3415 3588 3487 relinquo,
3612 3417 3710 3473 do-

2107 3501 2211 3542 nec
2238 3487 2441 3556 aliquid
2465 3486 2719 3556 proprius
2745 3486 2844 3540 hac
2870 3484 3140 3556 referibile
3165 3484 3488 3541 inveniatur.

2187 3556 2207 3595 ί
2246 3555 2474 3612 Videtur
2498 3555 2620 3611 esse
2646 3556 2964 3610 hodiernum
2987 3555 3259 3611 Machelen
3275 3597 3291 3619 ,
3319 3558 3465 3612 inter
3484 3556 3710 3615 Conra-

2110 3642 2233 3683 cum
2281 3636 2337 3682 et
2360 3626 2680 3681 Gandavum
2722 3626 2810 3681 via
2859 3625 2973 3682 fere
3021 3627 3217 3681 media.
3274 3626 3498 3682 Relicta:
3548 3630 3707 3685 fuere

2112 3698 2305 3753 horum
2335 3705 2647 3751 sanctorum
2666 3696 2921 3767 reliquias
2951 3697 3178 3767 indicto
3228 3696 3286 3752 S.
3316 3696 3553 3753 Bavonis
3586 3715 3709 3755 mo-

2111 3767 2348 3822 nasterio
2398 3782 2569 3837 usque
2612 3765 2927 3837 adﬂannum
2966 3766 3128 3830 1070,
3161 3769 3376 3836 quando
3407 3768 3706 3826 Balduinus

2113 3837 2433 3901 Montensis,
2460 3835 2643 3890 comes
2670 3835 2938 3891 Flandriaa
2983 3844 3040 3890 et
3068 3835 3383 3902 llan’nonim,
3433 3839 3489 3895 in
3515 3855 3706 3895 emno-

2112 3908 2201 3962 bio
2230 3906 2589 3977 Hasnoniensi
2619 3906 2687 3960 ad
2712 3906 2975 3977 Scarpum
3003 3906 3245 3977 ﬂuvium,
3273 3908 3447 3963 tribus
3473 3910 3542 3964 ab
3568 3912 3706 3965 urle

2112 3975 2712 4059 Valcncenensinlcucis
2740 3993 2836 4059 pro
2849 3975 3155 4059 canonicis
3181 3977 3535 4059 saecularibus
3585 3996 3706 4035 mo-

2112 4048 2318 4102 nachos
2346 4045 3073 4118 Benedictinosintroduxit,
3109 4051 3295 4118 eisque
3324 4048 3581 4118 templum
3615 4065 3707 4105 re-

2112 4119 2346 4188 paravit.
2380 4116 2460 4188 Ad
2480 4118 2628 4188 quod
2661 4118 2874 4188 curavit
2904 4116 3181 4188 transferri
3208 4116 3286 4172 'ex
3314 4116 3459 4172 dicta
3508 4118 3566 4175 S.
3592 4119 3702 4173 Ba-

2116 4186 2270 4260 vonis
2295 4186 2525 4260 ecclesia
2554 4186 2810 4260 reliquias
2837 4186 2894 4241 S.
2916 4187 3221 4260 Marcellini
3240 4188 3491 4260 etAPetri,
3521 4204 3705 4260 capsa:

2112 4258 2375 4343 inaurata:
2417 4257 2720 4343 impositas,
2750 4259 3054 4343 etlgemmis
3086 4257 3701 4343 pretiosisexorqatas,

2113 4337 2174 4382 ut
2209 4327 2453 4382 referunt
2472 4326 2789 4381 Guillelmus
2810 4326 3044 4381 Gazetus
3084 4326 3136 4381 in
3165 4328 3403 4382 Historia
3442 4328 3705 4384 ecclesia-

2115 4398 2251 4452 stica
2276 4398 2466 4468 Belgii,
2500 4397 2552 4450 in
2574 4396 2848 4468 Lietberto
2873 4398 3129 4467 episcopo
3155 4399 3434 4468 trigesimo
3462 4402 3703 4455 secundo

2112 4466 2491 4523 Cameracensi
2560 4475 2615 4538 et
2638 4466 3035 4538 iAtrebatensi,
3064 4466 3200 4538 pag.
3234 4466 3374 4533 162;
3431 4469 3703 4526 καλτίους

2112 4484 2491 4523 mmeraeenst
2560 4484 2615 4521 et
2656 4484 3035 4532 AtrenawnSt,
3148 4484 3200 4538 ε.
3240 4484 3374 4533 tux;
3432 4484 3698 4526 Henricus

2110 4538 2547 4610 Doutretnannus
2596 4537 2690 4610 lib.
2716 4537 3028 4610 t_llis_toria:
3064 4484 3541 4610 glencennensis,
3572 4555 3698 4610 cap.

2110 4606 2165 4674 8,
2208 4607 2433 4661 Locrius
2480 4615 2534 4661 et
2581 4607 2691 4660 alii.
2745 4606 2821 4659 De
2868 4606 3017 4661 hisce
3051 4607 3291 4676 reliquiis
3335 4608 3439 4662 ista
3471 4606 3699 4664 adnotat

2110 4677 2344 4748 Bazzius
2393 4678 2447 4731 in
2472 4676 3032 4748 Hierogazophylacio
3059 4676 3310 4748 Belgica:
3345 4696 3365 4729 ι
3401 4679 3557 4745 Quod
3588 4678 3700 4733 Mo-

2108 4746 2267 4803 lnnus
2311 4747 2527 4812 asserit,
2585 4746 3062 4802 iconomacborum
3112 4746 3267 4802 rabie
3319 4749 3585 4803 feretrum
3630 4764 3699 4805 ac

2109 4819 2292 4873 omnia
2336 4832 2473 4886 pene
2515 4833 2702 4872 eorum
2734 4832 2904 4886 sacra
2949 4834 3071 4873 ossa
3123 4818 3406 4874 devastata
3452 4833 3598 4884 esse.
3627 4835 3696 4874 ex

2110 4886 2247 4942 falsa
2316 4885 2621 4955 aliquorum
2670 4885 2932 4957 relatione
2985 4887 3266 4957 scripsisse
3320 4896 3565 4945 autumo.
3619 4888 3695 4947 Ea

2108 4958 2253 5011 enim
2282 4957 2494 5027 piorum
2518 4955 2876 5027 quorumdam
2906 4955 3184 5012 hominum
3214 4959 3393 5013 studio
3421 4959 3698 5015 Valentia-

2109 5028 2196 5081 nis
2222 5025 2515 5091 occultata,-
2536 5025 2828 5095 ‘hodieque
2875 5027 3023 5081 salva
3053 5027 3456 5085 Hasnonienses
3501 5037 3695 5085 ascetae

2109 5097 2202 5170 pie
2228 5098 2280 5151 in
2310 5097 2670 5166 pulcherrima
2702 5110 2766 5150 ac
2784 5097 3173 5170 pretiosissima
3206 5113 3345 5170 auro~
3362 5108 3695 5170 argentoque

2109 5166 2296 5238 caelato
2318 5181 2480 5238 capsa
2507 5173 2968 5238 commonstrati;
3009 5168 3153 5238 quod
3172 5180 3237 5238 ex
3269 5166 3502 5238 solem'ni
3530 5166 3695 5225 inﬁr-

2109 5237 2375 5309 matione,
2403 5236 2547 5309 facta
2573 5241 2628 5309 et
2652 5235 2893 5309 e_ahibita
2917 5235 3135 5309 domino
3167 5236 3400 5309 Georgio
3427 5237 3690 5295 Celvene-

2111 5306 2213 5369 rio,
2264 5306 2633 5361 universitatis
2680 5305 2975 5361 Duacensis
3024 5305 3348 5363 cancellario
3398 5324 3465 5364 ac
3523 5323 3693 5365 sacrm

2111 5376 2397 5458 theologia:
2421 5376 2649 5458 doctori,
2678 5390 2888 5458 necnon
2918 5377 3194 5458 ordinario
3212 5377 3532 5449 professori,
3558 5378 3690 5434 mihi

2110 5443 2411 5501 certissime
2442 5454 2675 5502 constat.
2716 5464 2735 5498 ι
2768 5443 2894 5499 Ηωο
2922 5447 3015 5501 ibi.

2153 5519 2213 5600 .8
2235 5516 2479 5574 Bodereti
2520 5515 2807 5586 vestigium
2849 5517 3055 5574 nullum
3101 5526 3212 5576 tota
3236 5518 3493 5577 Flandria
3536 5521 3687 5577 inve-

2110 5603 2223 5646 Illo.
