3976 6170
392 254 497 309 587

1671 238 1930 295 EGINHA
1942 238 2057 293 BD!
2097 235 2386 291 ABBATIS

3556 235 3670 289 588

390 371 553 423 situm
580 374 662 422 est
684 365 738 419 in
765 364 881 432 ripa
899 360 1057 416 Mosa:
1088 356 1342 420 ﬂuminis,
1372 355 1425 409 in
1451 354 1568 409 vico
1592 355 1682 424 qui
1708 353 1976 420 hodieque
2005 362 2051 418 Α
2080 349 2305 411 inutilis,
2346 350 2482 412 haec,
2541 346 2730 400 eadem
2758 346 2864 411 die,
2909 353 3033 398 ante
3088 346 3304 399 easdem
3356 354 3667 399 sanctorum

389 457 671 527 Trajectus
690 462 935 517 vocatur,
967 458 1022 505 et
1045 450 1209 504 distat
1252 447 1319 502 ab
1349 446 1589 516 Aquensi
1618 445 1816 515 palatio
1852 451 1975 497 octo

390 550 607 604 circiter
627 547 832 617 leugas.
856 550 1047 611 estque
1070 537 1430 595 habitantium
1454 544 1508 591 et
1521 538 1791 606 praecipue
1815 548 1978 604 nego-

391 634 645 695 tiatorum
673 635 1015 691 multitudine
1045 630 1535 702 frequentissimus.
1586 624 1753 693 Cujus
1771 633 1973 688 textus,

389 733 434 786 si
456 730 592 786 bene
613 727 813 789 recolo.
841 726 893 780 in
918 726 1062 779 hunc
1079 724 1296 777 modum
1319 718 1534 773 videtur
1556 730 1677 770 esse
1704 712 1976 784 composi-

391 836 517 878 tus:
556 819 834 875 Adventus
880 824 1194 872 sanctorum
1241 810 1442 866 Christi
1476 815 1793 877 martyrum,
1833 803 1976 856 Mar-

391 913 569 968 cellini
599 919 656 967 et
680 910 848 973 Petri,
888 908 954 961 ad
978 906 1155 960 vicum
1180 901 1517 971 Traiectum,
1549 895 1777 965 contigit
1802 892 1978 963 pridie

390 1000 574 1057 Nonas
594 999 758 1054 Junii.
807 996 1072 1063 Namipso
1093 993 1180 1047 die
1201 992 1347 1045 venit
1375 989 1454 1043 eis
1475 986 1688 1041 obviam
1712 983 1979 1038 deeodem

393 1091 514 1145 vico
542 1086 795 1144 immanis
832 1082 1118 1138 multitudo
1147 1078 1352 1150 populi,
1388 1076 1455 1131 ad
1484 1074 1884 1144 susceptionem
1916 1071 1981 1124 ii-

392 1171 569 1234 lor'um
597 1183 941 1247 congregata,
989 1171 1215 1226 laudans
1243 1177 1299 1223 et
1328 1166 1658 1222 benedicens
1686 1163 1853 1218 Deum
1886 1177 1979 1217 su-

392 1285 490 1341 per
537 1270 801 1323 immensa
831 1273 994 1335 atque
1039 1258 1391 1315 tnenarrabili
1440 1254 1813 1310 misericordia
1860 1266 1980 1317 sua,

392 1377 498 1431 qua
533 1375 629 1430 per
658 1366 836 1412 tantos
866 1364 1125 1424 patronos
1148 1350 1403 1422 populum
1429 1350 1480 1401 in
1506 1361 1565 1401 se
1595 1347 1908 1402 credentem
1929 1351 1984 1396 et

393 1449 754 1505 conﬁdentem
780 1446 1001 1500 visitare
1028 1444 1280 1514 dignatus
1307 1449 1409 1495 est.
1466 1438 1711 1506 Cumque
1760 1436 1845 1490 his
1868 1436 1984 1488 lau-

394 1540 554 1594 dibus
575 1549 628 1593 et
657 1538 843 1593 ltetitia
866 1534 1129 1605 spirituali
1162 1547 1331 1601 usque
1361 1532 1428 1586 ad
1456 1530 1736 1584 basilicam
1764 1527 1824 1580 Β.
1857 1525 1986 1581 Ser-

392 1629 524 1681 vatii
559 1636 876 1697 perventum
903 1632 1067 1687 esset,
1092 1621 1488 1689 cclcbratisquc
1517 1634 1642 1674 cum
1666 1632 1859 1687 magna
1874 1631 1988 1671 om-

2084 439 2362 509 reiiquias,
2394 439 2508 508 pari
2539 437 2699 491 modo
2734 442 2920 491 curata
2959 444 3062 489 est.

2151 532 2239 587 84.
2269 530 2475 596 Quibus
2497 529 2647 593 visis,
2685 527 2911 597 populus
2938 526 2993 580 in
3034 526 3259 580 basilica
3282 534 3671 597 congregatus,

2081 621 2268 690 erepit,
2319 635 2429 690 prae
2482 618 2648 672 nimia
2705 616 3069 671 exsultatione
3130 622 3295 685 atque
3340 615 3553 681 lzetitia,
3616 616 3674 669 in

2082 712 2301 782 hymnis
2322 719 2379 765 et
2404 710 2631 775 iitaniis,
2662 708 2889 761 sublatis
2929 707 2981 760 in
3007 707 3176 761 altum
3203 707 3447 771 vocibus,
3486 706 3675 764 laudes

2080 803 2309 857 Domino
2358 802 2666 855 decantare.
2720 797 2857 852 Cum
2893 797 3075 852 subito
3109 797 3332 851 intravit
3383 813 3523 867 puer
3554 799 3675 868 qui-

2084 894 2205 947 (iam
2258 891 2477 955 surdus,
2507 898 2669 958 atque
2696 888 2750 941 in
2780 887 2960 942 media
2986 886 3157 955 plebis
3180 887 3531 942 multitudine
3555 897 3672 944 stu-

2080 979 2330 1051 pefactus
2382 989 2440 1033 et
2500 978 2731 1033 attonito
2779 975 2974 1030 similis
3012 976 3272 1030 constitit.
3327 975 3409 1030 Ac
3454 976 3674 1043 deinde,

2082 1085 2207 1124 cum
2255 1078 2381 1123 ante
2428 1068 2597 1122 altare
2632 1066 2805 1120 sancti
2860 1063 3178 1130 Salvatoris,
3222 1065 3366 1134 quod
3405 1065 3462 1118 in
3496 1066 3674 1121 media

2082 1160 2309 1216 ecclesia
2349 1159 2582 1229 positqu
2640 1165 2741 1223 est,
2775 1156 3128 1226 pervenisset,
3179 1163 3501 1225 erumpente
3543 1171 3672 1226 pro»

2084 1254 2230 1308 tinus
2286 1252 2352 1306 de
2407 1251 2633 1305 naribus
2676 1247 2794 1317 ejus
2836 1248 3121 1318 sanguine,
3171 1263 3280 1317 quo
3305 1247 3397 1301 diu
3426 1246 3677 1316 privatus

2084 1345 2283 1410 fuerat,
2311 1344 2529 1400 auditus
2554 1340 2729 1397 ollicio
2759 1341 2994 1396 donatus
3013 1346 3119 1393 est.
3158 1338 3218 1393 In
3244 1339 3547 1394 crastinum
3573 1354 3676 1392 au-

2083 1445 2218 1500 tem,
2250 1435 2302 1489 id
2326 1444 2410 1490 est
2439 1440 2638 1504 quarto
2663 1430 2789 1486 ldus
2819 1428 2986 1495 Junii,
3014 1429 3188 1483 visum
3210 1435 3295 1482 est
3323 1428 3482 1483 nobis
3507 1437 3567 1483 ut
3592 1428 3669 1483 fe—

2087 1536 2319 1590 retrum,
2343 1524 2488 1595 quod
2533 1537 2724 1579 sacros
2773 1520 3070 1590 Martyrum
3107 1521 3325 1575 cineres
3341 1520 3671 1584 continebat,

2089 1617 2251 1672 altius
2276 1615 2479 1671 elevari
2507 1614 2761 1678 deberet;
2785 1613 2852 1667 ad
2877 1612 2981 1667 hoc
3008 1610 3281 1675 videlicet,
3314 1619 3374 1665 ut
3396 1611 3681 1680 aliquanto

397 1721 545 1774 nium
577 1717 936 1791 gratulatione
964 1716 1251 1770 missarum
1288 1711 1585 1776 solemniis,
1624 1718 1680 1765 et
1711 1709 1980 1764 universis
2007 1719 2054 1777 Β
2080 1708 2411 1765 eminentius
2428 1715 2576 1763 esset
2602 1721 2765 1775 quam
2792 1706 2964 1761 altare
2989 1704 3078 1759 cui
3108 1705 3410 1774 appositum
3439 1714 3595 1768 erat,
3625 1714 3679 1759 et

386 1812 467 1866 ad
498 1818 591 1867 sua
616 1809 872 1875 reversis,
897 1807 1182 1870 feretrum,
1216 1820 1323 1881 qth
1350 1805 1490 1859 sacri
1525 1804 1739 1857 cineres
1773 1801 1983 1856 advecti

398 1912 546 1969 sunt,
574 1919 603 1957 a
628 1901 835 1956 dextris
858 1900 1045 1954 altaris
1060 1898 1216 1967 juxta
1240 1896 1511 1951 cancellos
1524 1895 1844 1950 collocatum
1866 1903 1981 1959 est;

400 2008 651 2066 totusque
683 1995 771 2049 ille
799 1994 931 2055 dies,
970 2007 1090 2046 cum
1122 1990 1325 2061 ingenti
1356 1988 1547 2043 eodem
1574 1988 1629 2041 in
1660 1987 1780 2041 vico
1808 1985 1987 2041 consi-

384 2089 592 2144 stentis
614 2086 790 2158 populi
806 2083 1163 2141 exsultatione
1185 2090 1345 2151 atque
1361 2080 1718 2151 jucunditate,
1739 2093 1988 2132 consum-

403 2189 582 2235 matus
613 2186 714 2235 est.

474 2312 561 2366 82.
587 2311 829 2380 Cumque
855 2311 925 2365 ad
948 2310 1310 2379 vespertinum
1332 2290 1566 2363 ofﬁcium
1585 2308 1738 2376 juxta
1761 2322 1988 2363 consue-

399 2403 641 2457 tudinem
665 2400 1071 2463 celebrandam,
1112 2399 1358 2453 eamdem
1388 2397 1667 2453 basilicam
1696 2396 1989 2452 fuissemus

400 2495 654 2567 ingressi,
682 2494 870 2548 aderat
894 2493 1032 2548 inter
1064 2500 1288 2547 caeteros
1314 2506 1449 2563 puer
1478 2490 1723 2560 quidam,
1772 2488 1990 2544 nomine

401 2586 717 2657 Berngisus,
745 2598 905 2654 quem
928 2583 1218 2654 propinqui
1244 2583 1328 2636 sui
1351 2583 1418 2636 de
1445 2595 1588 2652 pago
1613 2578 1986 2643 Cundension,

375 2691 529 2747 .ante
556 2696 757 2752 paucos
783 2680 899 2735 dies
928 2678 1054 2733 illuc
1078 2678 1377 2741 venientes,
1416 2676 1761 2732 adduxerunt
1786 2687 1989 2729 cmcum

405 2772 558 2844 [Hs.,
588 2770 788 2843 caseus]
811 2786 842 2825 a
865 2770 1165 2825 nativitate.
1206 2768 1308 2836 Qui
1331 2769 1511 2824 subito
1531 2783 1716 2824 coram
1738 2767 1991 2822 omnibus

403 2863 460 2915 in
490 2860 859 2931 pavimentum
881 2859 1099 2923 cecidit,
1130 2859 1314 2928 ibique
1334 2857 1648 2927 aliquandiu
1660 2856 1809 2912 velut
1833 2870 1991 2927 sopo-

407 2968 467 3009 re
514 2954 805 3024 depressus
842 2950 1055 3021 .jacuit;
1087 2964 1319 3018 moxque
1346 2948 1551 3019 apertis
1576 2946 1750 3002 oculis
1791 2946 1987 3012 lucem,

408 3060 572 3113 quam
614 3056 887 3112 nunquam
911 3048 1039 3097 ante
1059 3040 1217 3106 vidit,
1250 3038 1472 3095 Christo
1505 3039 1734 3095 Domino
1754 3053 1853 3109 per
1880 3053 1994 3094 tne-

412 3136 517 3188 rita
531 3141 843 3188 sanctorum
856 3146 1077 3186 suorum
1091 3131 1351 3195 donante,
1364 3130 1667 3199 conspexit.
1691 3129 1829 3183 Exin
1843 3129 1996 3199 quin-

380 3234 462 3276 -ta
484 3223 591 3287 die,
608 3223 661 3276 id
682 3229 786 3287 est,
802 3230 958 3275 sexto
976 3220 1101 3275 ldus
1131 3218 1298 3285 Junii,
1327 3220 1492 3274 homo
1522 3219 1763 3289 quidam,
1795 3234 1996 3290 cogno-

408 3320 596 3369 mento
633 3309 990 3375 Hildimarus,
1020 3310 1113 3379 qui
1136 3307 1334 3364 surdus
1357 3317 1478 3364 erat
1503 3316 1560 3363 et
1584 3318 1788 3374 mutus,
1805 3322 1990 3364 coram

409 3402 613 3458 eisdem
629 3401 801 3457 sacris
824 3410 1136 3456 sanctorum
1164 3400 1432 3470 reliquiis,
1449 3407 1504 3454 et
1530 3399 1773 3453 auditum
1784 3401 1993 3468 pariter

409 3493 745 3564 etlnquelam
771 3507 866 3561 per
890 3493 1147 3546 virtutem
1173 3489 1379 3547 Christi
1399 3490 1624 3560 recepit.

477 3629 565 3685 83.
596 3626 795 3682 Eodem
822 3640 1034 3699 quoque
1076 3625 1163 3679 die
1190 3623 1365 3694 puella
1396 3624 1666 3694 quaedam,
1691 3625 1756 3680 de
1781 3624 1989 3679 familia

410 3716 471 3776 S.
527 3716 826 3781 Latnberti,
881 3715 1099 3770 nomine
1154 3713 1458 3779 Adallinda,
1512 3730 1635 3785 quas
1678 3731 1785 3772 non
1817 3716 1994 3772 solum

412 3812 575 3867 surda
594 3818 648 3866 et
677 3818 846 3873 muta,
875 3809 972 3863 sed
1000 3809 1168 3862 etiam
1190 3823 1352 3872 caeca,
1383 3818 1601 3879 totoque
1629 3826 1860 3880 corpore
1885 3820 1994 3866 tam

419 3899 710 3955 miserabili
734 3901 894 3954 modo
918 3912 983 3952 ex
1015 3915 1301 3954 nervorum
1326 3903 1697 3956 contractione
1718 3911 1837 3956 erat
1856 3918 2000 3958 com-

411 3992 629 4062 plicata,
659 4000 717 4045 ut
754 4006 927 4063 genua
977 3991 1183 4060 pectori
1221 3991 1600 4062 jungerentur,
1631 3990 1789 4061 juxta
1817 4009 1999 4049 sacras

416 4084 711 4153 Martyrum
740 4082 996 4153 reliquias
1027 4098 1058 4134 a
1085 4084 1198 4136 suis
1225 4083 1421 4151 posita,
1463 4091 1519 4137 et
1547 4083 1721 4137 visum
1762 4092 1818 4139 et
1847 4085 2000 4138 audi—

416 4181 552 4235 tum,
578 4168 845 4238 loquelam
870 4170 1033 4223 etiam
1060 4171 1409 4240 omniumque
1443 4172 1811 4226 membratura
1836 4173 2000 4226 recti-

417 4259 676 4324 tudinem,
722 4272 787 4313 ac
820 4256 1070 4324 salutem,
1112 4274 1298 4314 coram
1330 4261 1583 4317 omnibus
1628 4261 1720 4332 qui
1749 4263 1997 4329 aderant,

414 4352 651 4410 mirabili
691 4352 991 4417 celeritate,
1033 4353 1219 4409 divino
1272 4370 1522 4423 munere,
1565 4366 1858 4414 consecuta
1892 4367 1995 4414 est.

416 4442 683 4499 Postridie
734 4459 883 4510 vero,
931 4445 986 4500 id
1012 4454 1115 4511 est,
1158 4447 1348 4515 quinto
1400 4447 1524 4503 ldus
1574 4448 1741 4515 Junii,
1779 4450 2000 4521 quidam

334 4592 342 4603 ,
416 4550 603 4591 servus
654 4536 856 4608 regius,
898 4537 1118 4593 nomine
1141 4537 1476 4604 Berobadus,
1506 4540 1571 4594 de
1606 4539 1734 4594 villa
1766 4540 2004 4595 Crescia-

413 4642 479 4686 ιὉ
510 4628 558 4693 b,
608 4628 663 4681 in
711 4628 933 4683 dextera
990 4629 1074 4682 sui
1124 4630 1369 4699 corporis
1398 4640 1552 4699 parte
1601 4647 1699 4701 per
1738 4642 1910 4688 totum
1936 4649 2002 4689 ex

414 4733 708 4773 nervorum
768 4721 1146 4775 contractione
1209 4720 1526 4775 debilitatus
1569 4730 1625 4776 et
1671 4723 1881 4778 inutilis
1924 4724 2005 4778 fa-

417 4824 555 4878 ctus,
588 4828 711 4869 cum
756 4822 880 4867 ante
920 4819 1250 4866 memoratas
1286 4820 1598 4868 sanctorum
1631 4814 1889 4885 reliquias
1914 4832 2006 4871 ve-

417 4905 610 4973 nisset,
642 4904 826 4962 statim
846 4914 1082 4971 erectus,
1112 4913 1166 4958 et
1193 4906 1413 4961 sanitati
1460 4923 1621 4977 quam
1661 4909 2008 4965 desiderabat

418 4998 538 5055 sine
565 5012 721 5054 mora
746 5006 832 5053 est
858 4998 1121 5054 redditus.
1154 4997 1419 5056 Similiter
1456 5010 1509 5056 et
1536 5000 1713 5070 puella
1760 5003 2006 5071 quasdam

420 5092 487 5143 de
523 5091 641 5161 ipso
696 5089 817 5144 vico
862 5088 1133 5158 Trajecto,
1164 5090 1425 5146 vocabulo
1453 5091 1806 5153 Theothildis,
1852 5093 2006 5163 cujus

421 5183 647 5236 dextera
694 5197 888 5237 manus
931 5189 1051 5237 erat
1081 5182 1244 5237 simili
1282 5183 1655 5238 contractione
1686 5184 1739 5237 in
1799 5193 2005 5238 tantum

421 5272 739 5343 complicata
783 5283 945 5343 atque
977 5274 1228 5341 distorta,
1253 5285 1314 5330 ut
1340 5277 1407 5329 ad
1431 5290 1647 5330 omnem
1676 5291 1832 5331 usum
1863 5287 2008 5332 esset

489 5418 519 5451 α
540 5407 914 5473 Condensium,
941 5424 1009 5462 an
1032 5410 1171 5464 forte
1192 5407 1584 5463 Condrusium?
1605 5407 1856 5463 dimcesis
1880 5409 2009 5463 Lco—
2062 5452 2071 5455 -

422 5475 622 5550 diensis
656 5478 852 5550 portio,
885 5479 1044 5550 vulgo
1076 5479 1124 5533 le
1149 5478 1431 5533 Condroz?

493 5544 520 5625 ξι
548 5545 625 5600 Ex
649 5544 894 5625 pluribus
920 5544 1446 5625 Cr'cscfaciunpntine
1477 5548 1833 5625 di_ctis__l_ocis;_
1865 5550 2006 5603 cele-

424 5612 573 5691 b‘rins
606 5612 691 5670 est
724 5616 1047 5691 illudquod,
1084 5621 1137 5671 in
1174 5619 1535 5691 Melodtmensi
1565 5619 1751 5691 Gallia:
1781 5621 2003 5674 dimcesi

425 5687 604 5753 situm,
640 5687 783 5759 regia
808 5688 973 5744 etiam
1002 5704 1140 5742 mmc
1167 5688 1542 5757 jurisdictione
1580 5689 1762 5759 pollet.

2086 1800 2300 1855 facilius
2327 1799 2396 1855 ab
2417 1798 2798 1854 accedentibus
2818 1796 2963 1852 cerni
2987 1797 3273 1865 potuisset.
3313 1796 3477 1865 quue
3519 1798 3685 1852 nobis

2085 1889 2437 1954 facientibus,
2482 1896 2539 1943 et
2588 1887 2731 1942 inter
2766 1885 3077 1943 faciendum
3128 1884 3349 1940 litanias
3397 1901 3524 1944 cum
3577 1886 3677 1940 Dei

2086 1982 2245 2037 laude
2284 1981 2621 2046 canentibus,
2651 1978 2828 2049 puella
2856 1979 3104 2049 quiedatn
3131 1978 3197 2033 de
3230 1976 3436 2034 familia
3464 1978 3523 2035 S.
3549 1979 3678 2034 Ser-

2087 2073 2240 2137 vatii,
2293 2088 2325 2126 a
2357 2071 2643 2126 nativitate
2688 2085 2785 2124 sua
2814 2069 3044 2139 pedibus
3078 2083 3147 2123 ex
3170 2069 3547 2125 contractione
3571 2070 3680 2125 dis-

2090 2166 2265 2232 tortis,
2302 2164 2552 2219 manibus
2585 2164 2748 2218 etiam
2787 2179 2853 2218 ex
2894 2178 3186 2219 nervorum
3215 2164 3683 2220 distensionedis-

2070 2261 2303 2325 solutis,
2331 2261 2555 2328 insuper
2576 2267 2632 2313 et
2657 2267 2831 2324 muta,
2850 2273 3014 2327 quam
3040 2259 3205 2328 paulo
3233 2267 3362 2314 ante
3405 2258 3463 2312 in
3487 2257 3680 2313 basili-

2090 2366 2209 2406 cam
2258 2350 2341 2404 sui
2387 2349 2723 2414 detulerunt,
2764 2357 2821 2404 et
2867 2363 3052 2405 coram
3106 2348 3313 2404 feretro
3354 2358 3685 2418 posuerunt,

2090 2443 2271 2499 subito
2324 2441 2546 2495 sanitati
2590 2447 2675 2494 est
2722 2440 2968 2505 reddita;
3002 2440 3081 2494 ita
3115 2448 3175 2496 ut
3221 2440 3419 2496 eadem
3462 2440 3597 2495 hora
3623 2449 3681 2495 et

2091 2532 2259 2603 loqui,
2285 2540 2341 2586 et
2377 2530 2649 2596 incedere,
2679 2538 2735 2585 et
2771 2529 3025 2585 manibus
3055 2530 3122 2584 ad
3152 2530 3336 2585 omnia
3356 2531 3681 2586 necessaria

2092 2626 2332 2698 perfecte
2368 2625 2443 2680 uti
2472 2624 2731 2694 potuerit.

2163 2717 2253 2774 85.
2293 2716 2514 2772 Femina
2547 2716 2797 2785 quaedam
2845 2716 2911 2772 de
2942 2716 3061 2785 ipso
3089 2716 3210 2771 vico
3239 2715 3511 2786 Trajecto,
3557 2731 3681 2771 cum

2096 2809 2322 2864 haberet
2349 2806 2602 2863 ancillam
2633 2821 2858 2872 caecam,
2900 2807 3123 2862 nomine
3172 2806 3560 2877 Adalgardum,
3599 2808 3680 2861 in-

2097 2916 2283 2971 gressa
2338 2899 2615 2954 basilicam
2669 2898 2894 2952 tradidit
2951 2912 3072 2952 eam
3098 2898 3304 2954 sanctis
3349 2896 3682 2967 martyribus

2102 2992 2410 3048 Marcellino
2438 3001 2496 3047 et
2536 2991 2722 3056 Petro,
2759 2998 2821 3045 ut
2849 3005 2949 3060 per
2976 3006 3163 3046 eorum
3216 2989 3473 3061 suffragia
3508 2989 3678 3044 visum

2022 3070 2064 3131 (ἶ
2099 3087 2339 3156 recipere
2394 3093 2717 3150 mereretur,
2748 3084 2933 3155 ibique
2963 3085 3195 3141 dimisit.
3226 3084 3357 3153 Qua:
3386 3101 3535 3152 cum,
3561 3092 3685 3155 post

2090 3188 2377 3251 peractum
2408 3177 2773 3248 vespertinale
2823 3175 3087 3241 otﬁcium,
3132 3178 3188 3235 in
3238 3164 3426 3233 eadem
3456 3178 3687 3233 ecclesia

2094 3270 2450 3337 substitisset,
2476 3270 2680 3334 subito,
2704 3267 2846 3323 velut
2869 3268 2938 3323 ab
2973 3268 3155 3337 aliquo
3182 3267 3434 3337 impulsa,
3463 3268 3515 3322 in
3537 3269 3684 3337 pavi-

2095 3372 2338 3418 mentum
2382 3362 2613 3428 cecidit;
2646 3370 2811 3432 atque
2867 3362 2940 3416 ibi
2988 3362 3078 3416 diu
3139 3361 3402 3426 volutata,
3445 3361 3683 3423 tandem,

2097 3471 2220 3510 cum
2265 3455 2471 3525 ingenti
2503 3454 2910 3509 circumstantis
2937 3453 3120 3522 populi
3146 3460 3369 3521 stupore
3397 3459 3559 3520 atque
3592 3451 3688 3507 ad-

2096 3547 2409 3610 miratione,
2439 3547 2588 3615 clare
2612 3544 2802 3601 videns
2825 3543 3351 3611 surrexit.'Contigit
3377 3543 3479 3596 hoc
3505 3541 3685 3597 idibus

2097 3638 2242 3694 Junii
2278 3637 2349 3691 ad
2375 3652 2686 3707 vesperum,
2716 3637 2832 3706 ipso
2862 3636 3037 3690 noctis
3065 3635 3358 3705 incipiente
3392 3648 3685 3707 crepuscu-

2098 3732 2170 3786 lo.
2195 3728 2371 3786 Homo
2399 3728 2619 3798 quidam
2644 3728 2711 3782 de
2747 3727 3033 3797 provincia
3050 3727 3385 3797 Burgundia,
3423 3741 3491 3780 ex
3530 3725 3686 3779 terri-

2100 3822 2240 3876 torio
2285 3820 2627 3876 Gennavensi
2683 3831 2731 3885 ο,
2778 3821 2997 3875 nomine
3049 3818 3431 3889 Theotgarius,
3466 3833 3531 3871 ea
3565 3834 3687 3887 pas-

2101 3915 2251 3969 sione
2273 3912 2528 3968 laborans
2549 3926 2710 3983 quam
2734 3913 2929 3967 medici
2951 3912 3140 3968 Grmco
3161 3911 3427 3967 vocabulo
3441 3928 3685 3981 spumea

2100 4005 2393 4076 appellant,
2444 4003 2637 4059 Latine
2689 4014 2898 4071 autem,
2928 4007 2997 4061 ab
3048 4005 3267 4060 assidua
3316 4004 3687 4060 membrorum

2101 4098 2418 4170 agitatione,
2463 4097 2747 4152 tremulam
2794 4113 2901 4152 non
2927 4098 3224 4169 incongrue
3272 4098 3459 4151 vocari
3486 4104 3689 4166 potest,

2101 4189 2252 4243 venit
2275 4189 2330 4243 in
2357 4188 2639 4245 basilicam
2658 4207 2670 4242 :
2689 4199 2851 4260 atque
2877 4190 2929 4243 in
2957 4189 3131 4243 media
3166 4188 3348 4258 populi
3367 4189 3686 4256 turba,qu:e

2104 4279 2171 4333 ad
2198 4279 2466 4336 audienda
2513 4278 2800 4335 missarum
2826 4279 3113 4344 solemnia,
3146 4288 3203 4333 ut
3232 4280 3283 4332 in
3324 4277 3413 4333 die
3446 4278 3687 4332 Domini-

2105 4388 2171 4426 co
2197 4371 2363 4425 moris
2391 4380 2498 4435 est,
2526 4370 2706 4426 fuerat
2730 4380 3085 4441 congregata,
3112 4370 3377 4425 constitit.
3416 4369 3688 4438 Cumque,

2107 4469 2229 4532 post
2265 4462 2548 4515 recitatam
2576 4461 2850 4532 Evangelii
2878 4462 3185 4525 lectionem,
3215 4460 3543 4515 Christianae
3564 4468 3689 4514 cm—

2106 4552 2348 4608 dulitatis
2377 4551 2683 4622 symbolum
2699 4550 3189 4623 recitaretur[Ms.,
3208 4550 3543 4623 caneretur],
3575 4558 3687 4604 tre—

2107 4643 2347 4698 mulosus
2359 4641 2449 4697 iile
2461 4642 2640 4697 subito
2653 4643 2721 4698 ad
2736 4651 2935 4698 terram
2957 4642 3194 4707 corruit;
3220 4650 3277 4697 et
3299 4640 3428 4694 dum
3450 4639 3693 4695 divinum

2105 4732 2339 4788 cilicium
2353 4734 2653 4805 peragitur,
2665 4749 2805 4804 pene
2830 4733 3125 4789 immobilis
3137 4747 3201 4787 ac
3213 4739 3428 4786 morum
3440 4745 3601 4801 quam
3615 4731 3690 4783 vi-

2106 4826 2253 4880 venti
2270 4825 2502 4881 similior
2507 4825 2703 4897 jacuit;
2718 4826 3083 4899 multoque‘ex
3101 4825 3324 4880 naribus
3338 4822 3458 4893 ejus
3474 4822 3691 4893 sangui-

2108 4933 2175 4971 ne
2198 4924 2451 4971 manente
2470 4916 2622 4988 [Ms.,
2644 4916 2943 4989 manante],
2963 4925 3088 4989 post
3112 4915 3447 4986 completum
3472 4929 3689 4969 sacrum

2106 5005 2362 5071 cilicium,
2386 5024 2508 5062 cum
2539 5023 2731 5078 magna
2761 5009 3123 5078 inspectantis
3142 5007 3327 5077 populi
3373 5006 3690 5062 admiratio-

2107 5113 2197 5161 ne,
2231 5112 2394 5168 sanus
2417 5114 2480 5152 ac
2497 5099 2613 5152 sine
2642 5098 2749 5153 ulla
2785 5099 3144 5167 trepidatione
3167 5098 3406 5153 surrexit
3467 5097 3691 5152 Factum

2108 5201 2191 5245 est
2240 5191 2345 5245 be’c
2402 5189 2721 5244 miraculum
2748 5192 2961 5246 decimo
3001 5199 3192 5247 octavo
3223 5190 3489 5246 kalendas
3538 5187 3688 5251 Julii,

2106 5282 2133 5321 ἀ
2161 5283 2248 5337 die
2276 5282 2588 5346 Dominico,
2636 5285 2778 5338 sicut
2805 5285 3056 5352 superius
3100 5284 3555 5353 comprehensum
3583 5293 3689 5337 est.

2140 5486 2148 5494 θ
2181 5428 2201 5453 τ
2234 5412 2540 5495 (ξεηῃαὸξρρπ
2593 5416 2643 5469 in
2694 5416 2893 5495 finibus
2911 5418 3501 5495 Aurelianensiumad
3540 5415 3695 5495 Lige-

2109 5486 2233 5557 rim,
2256 5484 2418 5539 hodie
2439 5484 2589 5549 (ἔξω,
2615 5495 2673 5540 ut
2695 5488 3017 5557 quibusdam
3042 5503 3166 5542 cum
3190 5487 3373 5557 aliquo
3398 5489 3453 5542 in
3478 5484 3695 5541 nomine

2108 5555 2462 5608 i'nndat'nento
2492 5556 2699 5623 placet;
2732 5555 2997 5621 Genabus,
3032 5558 3269 5613 Lucano.

2178 5623 2203 5662 ά
2234 5625 2366 5697 cum
2400 5626 2811 5697 hicconcursus
2840 5628 3020 5697 exigat
3043 5629 3277 5682 litteram
3305 5627 3697 5682 Dominicalem

2110 5695 2170 5760 ι),
2202 5702 2254 5749 et
2280 5696 2393 5749 lucc
2424 5696 2691 5751 habeatur
2734 5714 2875 5754 anno
2916 5695 3042 5767 828,
3077 5714 3175 5755 ccc
3202 5700 3392 5753 deinde
3426 5707 3552 5753 ante
3599 5714 3698 5751 an-
