3976 6170
276 308 393 366 Ῐί89

1121 321 1305 377 'HIST.
1343 323 1740 379 TRANSLAT.
1785 325 1887 380 BB.
1930 323 2345 383 MARCELLINI
2382 329 2472 384 ET
2510 329 2733 386 PETRI.

3442 340 3547 399 500

357 423 445 482 86.
498 423 703 492 Quarta
751 436 933 484 autem
979 430 1136 497 feria,
1185 434 1239 505 id
1280 414 1386 500 est,
1436 436 1647 490 decimo
1672 436 1864 505 quinto
1891 441 1939 498 Α
1966 436 2183 503 distine,
2221 438 2413 508 inquit,
2460 440 2759 509 aliquidde
2797 446 3017 509 sanctis,
3054 449 3145 517 qui
3200 452 3257 506 in
3298 450 3546 523 Trajeclo

285 515 557 572 Kalendas
599 515 751 584 Julii,
786 535 921 589 puer
957 524 1196 592 quidam,
1238 527 1456 581 nomine
1510 522 1861 593 Folchardus,

254 630 259 633 ·
285 609 355 664 de
376 608 708 676 monasterio
736 614 880 680 quod
917 613 1269 671 Meldradium
1294 631 1320 658 ι
1352 627 1596 683 vocatur,
1633 619 1725 689 qui
1746 627 1866 674 erat

282 698 536 754 cruribus
564 715 631 754 ac
663 701 890 765 pedibus
922 706 1218 762 miserabili
1246 711 1619 765 contractione
1661 712 1863 765 distor-

285 796 392 853 tus,
414 788 606 843 eodem
634 789 857 855 inloco,
885 808 1068 849 coram
1093 798 1241 851 omni
1269 799 1486 869 populo,
1513 806 1737 855 curatus
1758 809 1861 855 est.

286 877 583 934 Undecimo
600 878 878 935 Kalendas
914 882 1043 938 Julii
1073 887 1220 941 venit
1244 890 1467 958 quidam
1497 891 1660 945 homo
1679 891 1748 946 ad
1778 906 1867 946 ec-

278 970 526 1036 clesiam,
550 980 608 1025 et
641 971 787 1027 inter
811 982 1040 1031 caeteros
1089 978 1332 1044 intravit,
1358 982 1518 1053 cujus
1533 981 1724 1036 dextra
1753 997 1868 1036 ma-

277 1076 383 1115 nus
405 1062 569 1116 simul
593 1076 718 1116 eum
744 1065 970 1121 brachio
996 1068 1157 1123 modo
1184 1069 1421 1125 mirabili
1450 1072 1774 1127 movebatur
1813 1072 1866 1126 in

276 1167 498 1223 gyrum,
540 1168 608 1207 ac
652 1153 699 1209 si
748 1156 945 1211 molam
975 1167 1189 1214 vertere
1230 1161 1471 1227 deberet,
1501 1163 1662 1233 idque
1694 1165 1868 1218 inces-

275 1251 471 1297 santer
498 1244 710 1315 agebat.
749 1246 801 1300 ls
829 1247 1061 1313 dicebat,
1113 1250 1185 1306 ob
1214 1252 1317 1306 hoc
1355 1253 1457 1308 sibi
1489 1254 1630 1309 hanc
1654 1255 1869 1324 inquie-

277 1335 526 1389 tudinem
576 1334 863 1402 aceidisse,
895 1339 1022 1408 quia
1057 1341 1146 1395 die
1190 1341 1471 1398 Dominica
1518 1353 1707 1400 contra
1739 1347 1868 1399 veti—

274 1434 395 1478 tum
450 1424 708 1507 moleret;
745 1434 800 1480 et
846 1428 961 1498 jam
1014 1445 1217 1487 annum
1274 1433 1548 1505 integrum
1591 1436 1867 1491 evolutum

272 1531 420 1582 esse,
446 1531 514 1572 ex
538 1532 647 1587 quo
670 1517 977 1588 bujusmodi
1012 1536 1173 1592 pinna
1194 1524 1458 1581 multatus
1484 1534 1587 1581 est.
1612 1526 1713 1594 Qui
1742 1542 1866 1581 cum

269 1610 347 1664 ad
389 1595 576 1665 sacras
614 1618 914 1682 martyrum
945 1614 1201 1683 reliquias
1231 1617 1626 1687 appropiasset,
1684 1618 1866 1687 ibique

266 1701 512 1758 fideliter
534 1717 629 1758 eos
659 1704 984 1771 invocasset,
1026 1708 1249 1763 molaris
1283 1709 1371 1765 illa
1398 1713 1690 1767 commotio
1710 1712 1863 1767 subi-

1967 528 2036 581 ad
2068 528 2125 582 S.
2163 528 2469 585 Servatium
2513 535 2814 587 venerunt?
2852 555 2871 587 ι
2908 535 3005 591 Cui
3043 553 3166 594 cum
3202 543 3336 597 nihil
3371 544 3439 601 de
3463 546 3551 602 bis

1967 630 2027 670 se
2089 618 2305 673 audisse
2356 621 2748 690 respondisset,
2805 642 2825 675 ι
2877 623 3074 697 Surge,
3120 630 3219 697 ait,
3271 633 3547 703 velociter,

1968 712 2129 774 atque
2175 706 2305 760 illuc
2327 718 2684 777 preperanter
2725 714 2911 770 venire
2950 721 3251 785 contende;
3305 737 3431 778 nam
3475 726 3552 783 ibi

1966 807 2026 847 es
2065 794 2306 849 omnium
2356 799 2723 855 membrorum
2752 811 2968 860 tuorum
3012 820 3294 879 receptura
3347 815 3554 870 sanita-
3641 858 3644 861 λ

1969 893 2097 940 tem.
2142 905 2161 936 ι
2217 885 2323 942 Sed
2352 902 2478 942 eum
2510 893 2893 963 expergefacta
2941 899 3073 954 nihil
3132 902 3200 956 de
3227 903 3313 960 bis
3371 904 3553 963 facere

1968 984 2233 1041 curasset,
2288 977 2485 1033 iterum
2525 984 2775 1053 sequenti
2821 995 2979 1041 nocte
3027 990 3096 1044 ab
3144 992 3357 1058 eodem,
3389 995 3552 1051 simili

1968 1067 2148 1131 modo,
2203 1075 2292 1121 est
2323 1068 2599 1125 admonita
2655 1083 2713 1126 ut
2767 1075 3075 1144 Trajectum
3131 1093 3400 1155 pergeret.
3459 1085 3552 1141 illa

1970 1163 2172 1220 tamen,
2200 1166 2259 1212 ut
2301 1159 2470 1228 prius,
2498 1172 2677 1231 spreta
2704 1169 2973 1223 monentis
3017 1184 3169 1237 voce,
3193 1189 3300 1244 quo
3325 1174 3553 1244 jubeba-

1965 1254 2059 1300 tur
2085 1248 2291 1302 distulit
2337 1253 2626 1318 prolicisci.
2662 1255 2842 1311 Tertia
2874 1273 3004 1316 vero
3042 1273 3199 1318 nocte
3242 1266 3375 1323 vidit
3399 1283 3553 1324 eum-

1968 1337 2092 1392 dem
2116 1339 2217 1393 sibi
2248 1348 2451 1406 astare,
2480 1352 2534 1397 et
2555 1360 2677 1399 cum
2713 1349 2945 1415 quadam
2967 1354 3276 1423 severitate,
3306 1372 3404 1414 cur
3435 1377 3553 1417 mo-

1968 1430 2078 1484 nita
2136 1445 2234 1486 sua
2299 1437 2739 1506 contempsisset,
2809 1440 3177 1515 interrogare;
3231 1447 3551 1524 baculoque,

1967 1533 2128 1587 quem
2153 1528 2278 1576 tunc
2306 1538 2466 1578 manu
2495 1534 2680 1581 tenere
2718 1529 3026 1598 videbatur,
3050 1534 3193 1591 latus
3217 1536 3335 1606 ejus
3359 1556 3554 1610 percu-

1970 1620 2105 1679 tere,
2130 1622 2294 1686 atque
2341 1625 2399 1670 ut
2432 1617 2742 1689 Trajectum
2783 1623 3044 1680 velociter
3078 1639 3351 1698 pergeret,
3384 1632 3553 1702 impeo

1968 1719 2110 1759 rare.
2147 1705 2257 1761 Nec
2302 1707 2389 1761 illa
2428 1707 2543 1776 jam
2599 1727 2729 1767 ausa
2782 1714 2934 1770 trinae
2969 1716 3194 1773 visionis
3240 1723 3552 1779 auctoritati

268 1803 438 1850 tanea
481 1796 663 1865 quiete
708 1798 882 1866 sopita
933 1806 1035 1854 est.
1084 1799 1184 1855 ilic
1236 1801 1399 1857 homo
1435 1802 1502 1857 de
1533 1804 1863 1860 monasterio

1971 1796 2245 1863 resistere,
2283 1800 2470 1856 accitis
2500 1802 2567 1856 ad
2621 1818 2681 1857 se
2724 1806 3040 1876 propinquis
3084 1816 3139 1863 et
3184 1812 3395 1879 amicis,
3426 1814 3555 1869 Tra~

267 1886 585 1954 Scotorum,
636 1891 779 1958 quod
810 1889 997 1946 Fossze
1046 1892 1075 1931 δ
1120 1901 1364 1959 vocatur,
1394 1910 1453 1950 se
1495 1895 1729 1961 venisse,
1758 1894 1862 1951 Do-

262 1979 558 2049 tbiumque
585 1980 844 2051 appellari
870 1982 1111 2039 dicebat.

343 2069 436 2124 87.
467 2070 527 2125 in
556 2071 740 2143 vigilia
790 2072 849 2128 Β.
898 2072 1122 2131 Joannis
1156 2076 1430 2147 Baptista,
1486 2093 1606 2147 quae
1651 2086 1736 2133 est
1776 2078 1863 2134 die

259 2174 418 2215 nono
467 2159 832 2217 Kalendarum
853 2162 1138 2230 Iuliarum,
1163 2167 1312 2220 venit
1350 2167 1568 2235 quidam
1615 2168 1700 2222 vir
1729 2168 1863 2222 Tra-

253 2247 475 2316 jeCtum
516 2252 586 2307 ad
617 2252 899 2307 basilicam
949 2252 1009 2307 S.
1052 2252 1308 2319 Servatii,
1336 2257 1427 2324 qui
1455 2271 1513 2310 se
1550 2257 1617 2310 de
1644 2258 1863 2312 civitate

254 2340 524 2398 Tornaco
573 2358 696 2397 esse
725 2342 1016 2398 fatebatur.
1064 2344 1137 2409 Is,
1195 2354 1254 2398 ut
1284 2346 1400 2415 ipse
1436 2347 1637 2410 aiebat,
1667 2346 1768 2402 fuit
1797 2348 1864 2402 ab

257 2431 505 2486 infantia
525 2433 724 2487 surdus
753 2440 808 2487 et
830 2441 1007 2488 mutus
1035 2451 1045 2485 :
1074 2434 1376 2506 ductusque
1399 2451 1430 2489 a
1455 2437 1568 2490 suis
1588 2437 1655 2491 ad
1683 2435 1740 2490 S.
1767 2436 1869 2491 Se-

254 2524 607 2586 bastianum,
635 2523 798 2592 coepit
827 2523 899 2576 ibi
925 2531 981 2577 et
1008 2524 1195 2581 audire
1216 2532 1271 2578 et
1309 2524 1478 2594 loqui,
1508 2526 1600 2581 sed
1634 2524 1866 2581 ineliica-

256 2615 437 2680 citer,
460 2614 715 2684 quoniam
756 2617 919 2670 verba
964 2615 1081 2686 ejus
1108 2618 1199 2671 vix
1227 2618 1705 2688 intelligebantur;
1749 2621 1866 2691 ipse

253 2718 512 2775 quoque,
568 2720 689 2760 cum
722 2706 812 2761 alii
861 2708 927 2763 ad
960 2723 1082 2762 eum
1127 2704 1494 2778 loqtierentur,
1543 2711 1864 2766 tenuitatem

255 2793 490 2849 auditus
520 2795 603 2849 sui
633 2795 976 2852 dissimulare
999 2813 1107 2852 non
1138 2806 1370 2867 poterat.
1405 2797 1509 2866 Qui
1534 2799 1626 2853 ubi
1655 2799 1723 2853 ad
1748 2814 1865 2854 ma-

257 2887 508 2941 tutinum
547 2884 781 2941 olﬁeium
812 2886 976 2954 venit,
1012 2904 1194 2945 coram
1226 2889 1400 2944 sacris
1441 2889 1689 2960 reliquiis
1736 2904 1864 2960 prn-

257 2979 557 3042 cumbens,
606 2977 953 3035 obdormivit.
1004 2977 1116 3035 Nec
1145 2981 1316 3035 multo
1337 2989 1479 3052 post,
1508 2980 1654 3035 velut
1680 2978 1863 3051 aliquo

256 3068 543 3123 excitante
562 3069 842 3140 evigilans,
870 3069 963 3140 qui
985 3085 1047 3125 os
1093 3086 1251 3126 suum
1276 3086 1458 3142 pugno
1478 3072 1857 3142 percussisset,

1960 1884 2187 1953 jectum,
2215 1896 2274 1942 ιη
2290 1890 2391 1944 sibi
2415 1891 2627 1961 jussum
2658 1902 2797 1960 erat,
2825 1895 3130 1963 deducitur,
3162 1910 3215 1956 et
3245 1903 3300 1957 in
3326 1903 3553 1961 basilica

1964 1978 2026 2033 B.
2053 1978 2284 2036 Servatli
2303 1979 2456 2050 juxta
2474 1997 2659 2039 sacros
2682 1995 2980 2057 martyrum
2998 1990 3213 2048 cineres
3235 1994 3550 2055 collocatur.

1965 2069 2208 2142 Cumque
2235 2073 2307 2127 ibi
2332 2075 2619 2143 promissa:
2653 2078 2899 2133 sanitatis
2942 2083 3349 2152 praestolaretur
3392 2068 3554 2145 even:-

1966 2166 2101 2226 tum,
2150 2162 2338 2232 quinto
2393 2165 2609 2220 demum
2671 2168 2759 2223 die
2798 2179 3084 2247 postquam
3142 2175 3268 2232 illuc
3305 2191 3550 2246 venerat,

1965 2263 2089 2304 cum
2125 2264 2318 2323 magna
2350 2255 2593 2309 omnium
2631 2258 3009 2328 admiratione,
3046 2264 3341 2334 perfectam
3387 2271 3553 2329 totius

1934 2392 1935 2399 η
1966 2340 2211 2408 corporis
2245 2343 2330 2396 sui
2358 2345 2558 2399 meruit
2582 2347 2824 2417 recipere
2853 2352 3160 2409 sanitatem.

2528 2516 2533 2521 _
2594 2455 2822 2514 CAPUT
2860 2462 2927 2520 Σ.

1965 2557 2090 2651 Duq
2113 2561 2391 2651 mirqculu',
2425 2565 2793 2651 intercessione
2986 2568 3140 2651 ,ἔξ-τριὶ
3177 2587 3224 2651 et
3264 2579 3555 2651 Hyacinthi

2036 2638 2194 2712 atque
2224 2630 2305 2712 S.
2330 2632 2624 2709 Hermetis,
2650 2636 2705 2689 in
2749 2640 2969 2693 ecclesia
3007 2642 3108 2697 SS.
3163 2630 3555 2712 iiaiét‘éﬂiiiwéi

2037 2696 2187 2753 Petri
2217 2711 2450 2770 patrata.
2569 2703 2574 2709 ’

2037 2788 2125 2843 90.
2168 2789 2398 2847 Restant
2431 2794 2608 2850 adhuc
2637 2798 2743 2852 duo
2773 2800 2929 2856 valde
2966 2806 3229 2873 praeclara
3268 2812 3551 2881 miracula,

1964 2893 2086 2947 qua:
2108 2894 2216 2934 non
2245 2881 2420 2937 solum
2452 2886 2679 2954 tegenda
2705 2887 3051 2947 silentionon
3077 2909 3292 2965 censeo,
3313 2902 3441 2971 quin
3464 2922 3556 2976 po.

1966 2971 2074 3026 tius
2096 2971 2311 3032 illorum
2338 2978 2740 3049 conscriptione
2764 2985 3333 3048 convenientissimum
3359 2971 3555 3065 quarto

1963 3061 2245 3129 volumini,
2266 3068 2410 3135 quod
2445 3068 2498 3122 in
2524 3074 2777 3129 manibus
2800 3076 3046 3145 habetur,
3077 3081 3241 3138 ﬁnem
3270 3102 3357 3143 me
3376 3061 3556 3147 factu.

257 3174 290 3210 a
351 3156 828 3212 circumstantibus
853 3160 1195 3228 perquisivit.
1227 3157 1323 3213 cui
1359 3174 1482 3214 cum
1524 3173 1735 3225 omnes,
1768 3172 1859 3212 ne-
1887 3131 1932 3192 C
1964 3169 2083 3208 rum
2107 3170 2229 3212 esse
2256 3160 2489 3216 conﬁdo.
2514 3161 2583 3217 Et
2609 3163 2734 3222 licet
2762 3171 2951 3225 eadem
2976 3173 3127 3244 signa
3150 3177 3325 3234 beatis
3351 3192 3555 3254 marty-

258 3247 475 3303 minem
501 3249 601 3305 hoc
632 3249 843 3315 fecisse,
873 3246 1297 3320 respondissent,
1323 3253 1561 3307 surrexit
1593 3270 1605 3305 :
1639 3253 1858 3308 eadem-

259 3355 380 3409 que
411 3342 543 3396 hora
589 3354 754 3397 sanus
806 3343 999 3409 factus,
1033 3343 1290 3414 perfecte,
1323 3345 1441 3400 sine
1498 3344 1602 3400 ullo
1633 3345 1859 3415 impedi-

261 3443 481 3500 mento,
511 3445 559 3491 el
586 3438 861 3497 audivitet
879 3439 1088 3495 locutus
1112 3449 1216 3496 est.

344 3525 432 3581 88.
474 3526 673 3582 Eadem
730 3529 836 3593 die,
892 3529 1018 3583 dum
1065 3545 1219 3586 sacra
1250 3532 1538 3586 missarum
1593 3531 1857 3603 solemnia

262 3615 639 3682 celebrantur,
691 3616 890 3672 femina
951 3620 1220 3687 quaedam,
1275 3620 1493 3673 nomine
1550 3618 1856 3688 Adallinda,

262 3708 410 3760 duos
437 3720 623 3762 cereos
652 3708 719 3762 ad
742 3707 920 3763 lumen
945 3710 1003 3764 in
1025 3710 1254 3765 ecclesia
1284 3708 1594 3765 faciendum
1619 3710 1813 3765 detulit
1841 3728 1855 3763 :

263 3812 508 3865 quorum
553 3814 718 3853 unutn
757 3798 947 3853 dextra
983 3815 1145 3853 manu
1175 3800 1389 3854 cuidam
1423 3816 1491 3855 ex
1523 3801 1858 3864 custodibus,

266 3897 336 3941 ut
379 3888 786 3955 accenderetur,
834 3890 1110 3959 porrexit;
1170 3889 1334 3944 alium
1381 3896 1576 3945 autem.
1617 3889 1858 3955 interim,

264 3978 429 4048 quasi
476 3978 542 4034 de
591 3979 682 4036 illo
715 3988 902 4049 postea
952 3980 1391 4045 illuminandum,
1425 3996 1591 4034 manu
1639 3979 1861 4035 sinistra

270 4068 519 4124 retinuit.
551 4068 659 4127 Sed
694 4071 892 4126 mirum
919 4071 973 4126 in
997 4072 1237 4137 modum,
1267 4074 1394 4127 dum
1426 4079 1613 4127 custos
1634 4071 1736 4126 sibi
1768 4071 1863 4125 da-

269 4168 390 4213 tutu
428 4161 697 4226 accendit,
748 4161 838 4216 ille
867 4162 962 4233 qui
1015 4162 1073 4216 in
1102 4178 1270 4217 manu
1317 4161 1533 4218 feminae
1575 4162 1856 4227 remansit,

271 4249 489 4304 cunctis
511 4251 861 4307 cernentibus
881 4252 1139 4307 divinitus
1166 4267 1430 4311 accensus
1450 4262 1555 4308 est.

346 4343 438 4399 89.
495 4344 883 4402 Monasterium
933 4346 1446 4410 sanctimonialium,
1492 4344 1625 4402 Eike
1652 4357 1671 4383 ε
1707 4361 1862 4401 voca-

1960 3250 2111 3305 rlbus
2139 3252 2451 3312 Marcellino
2480 3266 2537 3312 et
2560 3257 2725 3317 Petro
2775 3280 2900 3319 cum
2936 3268 3064 3323 aliis
3109 3274 3312 3329 sanctis
3344 3250 3555 3345 possint

1958 3344 2128 3400 videri
2145 3351 2472 3415 communia,
2498 3368 2566 3407 ex
2593 3368 2659 3408 eo
2688 3358 2831 3426 quod
2855 3374 3023 3413 unum
3041 3375 3106 3415 ex
3132 3362 3218 3418 his
3237 3365 3289 3419 in
3314 3344 3551 3423 adventu

1956 3439 1985 3479 ἀ
2016 3437 2373 3510 reliquiarum
2394 3453 2707 3502 sanctorum
2732 3449 2878 3504 Proti
2901 3450 3282 3523 etliyacmthl,
3312 3457 3545 3526 etjuxta

1960 3531 2105 3601 ipsas
2126 3532 2386 3604 reliquias
2407 3546 2617 3608 gestum
2650 3548 2762 3605 est;
2793 3541 3130 3611 alterumque
3159 3545 3211 3599 in
3245 3548 3332 3601 die
3357 3551 3551 3604 natali-

1961 3623 2036 3677 tio
2079 3624 2249 3678 sancti
2290 3623 2581 3692 Hermetis,
2617 3629 2727 3683 suis
2752 3628 2905 3700 [Ms.,
2932 3631 3054 3703 sub]
3085 3633 3253 3702 ipsius
3303 3636 3550 3707 reliquiis
3603 3652 3607 3657 '

1960 3714 2253 3783 contigisse
2279 3725 2484 3770 certum
2512 3728 2624 3783 est;
2661 3719 2782 3774 ideo
2810 3727 2990 3775 tamen
3013 3723 3143 3791 ipsis
3164 3724 3433 3793 praecipue
3457 3728 3549 3782 ad—

1961 3806 2243 3860 scribeuda
2294 3806 2586 3872 videntur,
2627 3812 2880 3878 quoniam
2926 3812 2978 3866 in
3023 3827 3087 3867 ca
3136 3814 3359 3870 basilica
3406 3817 3551 3875 facta

1961 3904 2108 3969 sunt,
2124 3898 2176 3950 in
2195 3912 2301 3966 qua
2323 3911 2511 3951 eorum
2534 3901 2898 3955 sacratissima
2923 3917 3150 3973 corpora
3181 3908 3547 3976 requiescunt.

1962 3984 2251 4041 Gestorum
2276 3995 2456 4041 autem
2485 3987 2618 4044 fides
2648 3991 2715 4043 ad
2742 4006 2841 4045 nos
2862 3993 3119 4061 pertinet,
3141 3995 3233 4065 qui
3253 4011 3551 4068 praesentes

1963 4075 2183 4143 fuimus,
2207 4087 2262 4131 et
2288 4076 2485 4150 quibus
2515 4094 2579 4134 ea
2619 4080 2800 4136 divina
2830 4083 3006 4151 pietas
3030 4085 3214 4141 videre
3255 4090 3546 4159 concessit.

1961 4165 2041 4221 Ac
2070 4168 2318 4238 proinde,
2341 4169 2541 4224 omissa
2567 4169 2902 4241 przefatione,
2937 4175 3004 4231 ad
3028 4175 3145 4247 ipsa
3178 4194 3299 4248 qua:
3325 4177 3550 4239 dicenda

1961 4265 2089 4312 sunt
2111 4257 2373 4312 miracula
2406 4260 2707 4316 veniamus.

2030 4348 2119 4401 9i.
2158 4346 2473 4420 Gregorius,
2501 4349 2758 4409 Romanae
2786 4356 2938 4412 urbis
2964 4360 3276 4432 episcopus,
3305 4363 3396 4433 qui
3440 4365 3550 4421 Eu-

270 4439 424 4503 bulo,
448 4440 613 4495 situm
656 4456 819 4511 super
845 4439 1051 4497 Mosam
1077 4439 1298 4496 ﬂuvium
1322 4450 1422 4497 est.
1476 4441 1534 4496 In
1581 4456 1690 4511 quo
1714 4456 1859 4510 quae-
1883 4477 1936 4536 D
1962 4442 2119 4513 genio
2151 4454 2173 4482 θ
2205 4443 2473 4513 simulque
2515 4440 2802 4501 Valentino
2847 4448 2900 4501 in
2951 4451 3299 4518 pontiﬁcatus
3344 4457 3550 4512 honore

270 4532 401 4586 dam
429 4530 544 4587 Deo
581 4541 818 4599 saerata,
848 4533 1068 4589 nomine
1107 4532 1308 4602 Saliga,
1340 4541 1454 4589 toto
1492 4547 1742 4604 corpore,
1764 4548 1863 4587 ex-

272 4633 434 4692 cepto
458 4621 651 4677 dextro
680 4623 924 4689 brachio,
967 4624 1087 4679 diro
1114 4622 1383 4693 paralysis
1409 4623 1597 4679 morbo
1629 4622 1861 4678 dissolu-

276 4720 331 4766 ta
350 4711 592 4780 jacebat.
620 4713 758 4769 Huic
782 4730 881 4784 per
907 4692 1145 4785 quietem
1172 4692 1394 4783 quidam
1423 4728 1493 4767 ex
1521 4714 1720 4769 vicinis
1748 4714 1860 4768 suis

274 4803 539 4868 astitisse,
570 4818 634 4858 ac
663 4804 756 4858 tali
780 4818 1029 4859 sermone
1050 4816 1172 4858 eam
1201 4802 1556 4873 compellasse
1576 4803 1727 4857 visus
1752 4810 1858 4866 est,

275 4902 339 4947 ut
360 4893 567 4950 diceret
596 4912 611 4948 :
644 4914 662 4947 ι
702 4894 841 4964 Quid
869 4896 1023 4967 agis?
1062 4915 1081 4947 ι
1117 4894 1217 4950 Cui
1264 4909 1386 4949 cum
1435 4892 1548 4958 illa,
1575 4907 1687 4947 non
1710 4892 1859 4947 aliud

274 4998 441 5054 Quam
472 4999 531 5040 se
558 4986 613 5039 in
643 4986 786 5042 lecto
813 5000 910 5041 suo
937 4986 1241 5055 quiescere,
1273 4983 1662 5053 respondisset,
1701 5000 1719 5032 ι
1753 4980 1863 5036 Au-

274 5177 406 5241 itum
453 5162 586 5227 854;
640 5161 949 5241 vero_s_im_ile
1000 5161 1081 5225 fit,
1111 5162 1301 5241 eodem
1352 5160 1573 5240 circiter
1622 5168 1861 5241 tempore

274 5232 606 5288 Valencenas
657 5242 713 5287 et
757 5231 1061 5301 Traiectum
1114 5232 1369 5301 reliquias
1425 5229 1625 5285 missas
1668 5228 1855 5283 fuisse.

273 5300 918 5382 Idemqueopi-narilicet
940 5300 1306 5382 de_§}andat‘9-
1347 5371 1386 5382 _
1452 5371 1468 5382 ,
1572 5372 1601 5382 ν,

344 5317 421 5358 ent
458 5318 529 5358 ue
552 5320 766 5373 opinari
792 5316 918 5358 ﬂeet
940 5316 1006 5357 de
1028 5316 1306 5357 uanuavo.

344 5385 369 5411 ει
397 5316 965 5451 geldradiunt'Lvuigo
994 5370 1237 5451 Meldert,
1270 5371 1324 5425 in
1347 5371 1659 5451 Braba_nti_a,
1688 5383 1854 5451 βτί)Ρο

272 5440 603 5523 lingat-dam,
631 5442 720 5498 ubi
762 5437 1085 5523 B._Pipintts,
1115 5443 1181 5495 ad
1213 5443 1474 5523 honorem
1506 5440 1564 5495 S.
1591 5437 1857 5495 Ermelin-

270 5513 356 5567 dis
387 5515 636 5584 virginis,
669 5513 1107 5584 sanctimoniales
1133 5513 1437 5584 constituit.

343 5585 370 5622 ιτ
396 5581 603 5654 Εοὶδω,
633 5584 889 5654 oppidum
911 5581 1555 5654 districtus‘Leodiensis.

343 5664 365 5693 ε
396 5652 535 5709 Vide
565 5650 741 5708 Vitam
770 5652 1040 5708 Herlindis
1086 5659 1142 5706 et
1188 5650 1455 5716 Relindis,
1485 5650 1758 5720 virginum
1805 5658 1861 5704 ct

273 5739 546 5786 sororum,
574 5738 694 5795 qtue
734 5738 855 5780 cum
886 5731 1040 5797 patre
1065 5721 1374 5778 Adalhardo
1424 5722 1629 5806 dictum
1676 5734 1863 5779 mona-

1962 4533 2239 4596 suocessit,
2270 4535 2644 4589 cum.titulum
2684 4534 2741 4591 S.
2773 4536 2936 4593 Marci
2967 4542 3328 4613 evangelista,
3360 4546 3412 4600 in
3441 4563 3549 4623 quo

1960 4624 2241 4694 presbyter
2268 4622 2459 4688 fuerat,
2479 4626 2759 4696 ampliare,
2774 4634 2828 4680 et
2847 4628 2900 4682 in
2930 4643 2994 4683 eo
3018 4634 3405 4689 monasterium
3432 4622 3547 4691 vel-

1960 4716 2034 4770 let
2048 4723 2350 4779 exstruere,
2367 4717 2617 4785 quaesivit
2637 4731 2734 4786 per
2745 4720 3057 4774 caemeteria
3079 4730 3133 4776 et
3152 4722 3411 4780 ecclesias
3433 4726 3551 4781 lon-

1960 4806 2080 4875 gius
2100 4804 2167 4859 ab
2193 4807 2326 4861 urbe
2345 4806 2519 4861 eonsti
2528 4815 2691 4871 tutas,
2709 4807 2880 4862 sicubi
2908 4816 3218 4865 sanctorqu
3246 4824 3547 4884 martyrum

1960 4909 2191 4964 corpora
2219 4906 2401 4966 posset
2445 4897 2689 4953 invenire
2734 4913 2748 4951 :
2804 4899 3131 4971 inventaque
3174 4904 3350 4969 titulo,
3385 4921 3549 4974 quem

1963 4999 2129 5054 opere
2162 4987 2451 5056 magniﬁco
2476 4997 2849 5055 cxstruxerat,
2871 4994 3085 5048 curavit
3123 4992 3342 5049 inferre.
3403 4995 3549 5051 Casu

1963 5172 2189 5224 sterium
2221 5178 2659 5225 construxerunt.

2032 5239 2059 5280 ἀ
2070 5240 2336 5313 ficiuntur
2356 5239 2667 5313 SS._P_rotus
2684 5249 2740 5313 et
2759 5241 3092 5312 Hyacinthus
3108 5242 3165 5296 ll
3187 5240 3542 5313 Septembris,
3634 5248 3639 5251 ’

1964 5325 2024 5364 ac
2064 5308 2120 5382 S.
2148 5309 2474 5382 Hermes__28
2501 5310 2745 5382 Augusti.

2032 5390 2059 5418 θ
2087 5379 2426 5451 Eugenio__ll_
2471 5379 2612 5451 anno
2659 5380 2759 5435 89.7
2803 5381 2889 5436 die
2933 5381 3004 5435 27
3025 5380 3256 5450 Augusti
3306 5392 3541 5449 mortuo,

1959 5448 2305 5521 constituitur
2335 5448 2696 5521 Valentinus;
2727 5451 2904 5518 eique,
2932 5460 3053 5521 post
3084 5448 3145 5506 η
3176 5453 3293 5507 dies
3321 5448 3543 5510 circiter

1963 5520 2071 5573 vita
2108 5517 2316 5589 functo,
2340 5517 2606 5589 succedit
2648 5517 2951 5589 Gregorius
2975 5522 3066 5588 Ν,
3098 5531 3345 5579 moratus
3368 5524 3423 5576 ll
3452 5523 3544 5579 Jac

1965 5589 2141 5644 nnarii
2176 5588 2303 5643 anni
2330 5586 2455 5648 8M,
2509 5586 2800 5645 secundum
2844 5586 3084 5647 nostram
3116 5593 3535 5653 chronologiam.

1965 5610 2141 5644 nuaru
2176 5610 2303 5643 311111
2330 5610 2455 5648 δίη.
2509 5610 2800 5645 δυωιιυωιι
2844 5610 3084 5647 nosu'atn
3116 5610 3369 5648 ειιι¹οηοιο
3411 5612 3421 5647 Ι

1965 5660 2032 5714 At
2060 5672 2147 5715 res
2175 5658 2263 5712 hic
2289 5663 2469 5730 gestas
2497 5655 2665 5711 refert
2686 5655 2947 5719 Baronius
2974 5662 3040 5717 ad
3074 5678 3274 5720 annum
3305 5610 3426 5727 sui.
