3976 6170
209 301 306 361 δθό

951 294 1043 350 an
1057 259 1341 354 manus
1377 296 1466 353 nr.
1504 296 1843 355 rassxons
1878 294 2301 353 MARCELLINI
2340 294 2428 351 ET
2468 295 2694 351 perm.

3377 300 3496 357 533‘

182 439 188 445 ι
212 434 237 462 ι
265 415 436 475 sancti
470 412 666 469 Albani
690 411 1138 484 martyris,cujus
1167 415 1310 484 apud
1334 413 1578 469 eamdem
1603 416 1792 469 urbem
1818 418 1869 476 Α
1895 413 2100 476 dinem,
2128 410 2398 481 completo
2447 408 2763 465 nocturnali'
2781 408 2978 477 ollici'o,
3007 410 3076 464 ad
3095 409 3484 480 quiescendum

209 519 261 566 et
286 508 509 565 basilica
530 515 587 562 et
612 503 925 577 percelebre
971 507 1358 561 monasterium
1386 515 1487 562 est.
1528 505 1645 573 Quo
1668 521 1791 561 cum

206 601 456 663 venisset,
498 605 553 654 et
589 597 732 669 apud
756 597 1072 652 memoriam
1102 599 1359 669 martyris
1390 640 1404 664 ,
1451 613 1550 667 pro
1579 599 1796 653 restitu-

207 693 350 746 tione
379 688 574 745 salutis
604 702 743 753 sum,
760 687 997 742 Domino
1022 688 1402 759 supplicasset,
1429 688 1564 743 vidit
1588 703 1687 758 per
1706 704 1794 743 so-

203 796 390 851 porem
413 780 704 848 quemdam
725 779 980 850 juvenem
1009 778 1267 835 clericum
1282 779 1396 840 sibi
1424 782 1790 846 assistentem,

204 887 267 926 ac
287 885 454 926 novos
472 870 687 927 calceos
710 884 874 924 manu
897 868 1184 933 ferentem,
1207 878 1367 940 atque
1390 880 1448 924 ut
1469 886 1563 943 cos
1583 860 1804 941 accipe?

203 971 286 1017 ret
303 962 641 1032 pedibusque
668 961 917 1016 indueret
953 961 1309 1031 imperantem
1338 979 1351 1014 :
1383 978 1443 1017 sc
1472 976 1689 1032 quoque
1720 961 1794 1016 ita

202 1054 415 1109 fecisse.
439 1053 597 1108 Illum
624 1052 822 1108 deinde
870 1054 1211 1123 praecepisse,
1240 1061 1299 1107 ut
1327 1053 1413 1108 his
1441 1054 1682 1110 calceata
1727 1054 1797 1110 ad

201 1144 378 1199 locum
409 1185 424 1210 ,
479 1143 622 1199 unde
650 1141 743 1198 illo
768 1152 1022 1208 venerat,
1078 1153 1462 1208 reverteretur,
1494 1144 1677 1215 ibique
1702 1146 1798 1202 ad-

202 1242 423 1291 ventum
452 1233 648 1289 medici
678 1233 1106 1303 praestolaretur,
1138 1234 1232 1304 qui
1275 1250 1396 1289 eam
1420 1244 1566 1291 esset
1609 1236 1797 1305 procul

201 1328 368 1381 dubio
395 1334 710 1381 sanaturus.
765 1325 897 1392 Quae
925 1326 1017 1381 ubi
1061 1326 1354 1395 evigilavit,
1390 1328 1796 1383 visioni'fidcm

198 1416 644 1479 accommodans,
669 1423 870 1484 quanta
887 1415 1064 1485 potuit
1090 1417 1369 1471 celeritate
1390 1418 1459 1473 ad
1485 1428 1797 1473 sanctorum

198 1519 501 1581 martyrum
528 1507 804 1563 salutifera
826 1506 1014 1562 limina
1051 1524 1270 1564 reversa
1291 1519 1407 1573 est;
1452 1525 1516 1565 ac
1535 1525 1633 1580 per
1662 1510 1799 1565 duos

197 1614 419 1654 menses
451 1599 504 1654 in
532 1599 723 1654 eodem
750 1597 869 1655 loco
905 1598 1048 1652 inter
1081 1599 1219 1654 alios
1274 1615 1539 1670 pauperes
1577 1615 1800 1656 convcr-

195 1699 342 1755 sata,
366 1687 810 1760 pollicitationem
832 1688 1060 1744 visionis
1088 1690 1488 1759 opperiebatur.
1548 1688 1683 1745 Cum
1712 1692 1794 1745 in-

1899 501 2026 574 [Με.
2046 502 2172 556 add.
2206 501 2462 573 ecclesia]
2481 500 2770 556 fuissemus
2790 502 3017 570 egressi,
3045 501 3258 557 caeteris
3285 516 3487 556 exeun-

1896 595 2060 659 tibus,
2086 593 2287 648 femina
2307 592 2395 647 illa
2420 593 2648 647 introire
2668 592 2872 656 volens,
2894 593 2950 647 in
2966 592 3084 662 ipso
3097 592 3486 648 limineeonse-

1896 685 1993 741 dit.
2020 685 2202 754 Ibique
2222 699 2408 740 coram
2430 685 2680 740 omnibus
2701 693 2922 755 stupore
2946 685 3181 756 quodam
3203 701 3502 756 oppressa,:

1895 792 2187 848 parumper
2202 776 2464 842 obticuit;
2488 792 2551 831 ac
2571 777 2765 832 deinde
2792 786 3113 847 erumpente
3137 793 3206 833 ex
3230 780 3509 834 omnibus

1896 868 2093 936 pedum
2136 867 2402 938 unguibus
2431 867 2707 937 aliquanto
2728 869 3013 940 sanguine,
3043 869 3113 924 ad
3146 883 3206 924 sc
3243 884 3507 932 reversa,.

1897 975 2115 1013 manum
2139 958 2613 1014 circumstantibus
2639 959 2903 1029 porrexit,
2919 968 3209 1029 erectaque
3232 960 3284 1014 in
3297 961 3483 1030 pedes,
3518 998 3521 999 ν

1899 1049 1967 1102 ad
2006 1049 2315 1118 sepulcrum
2344 1058 2644 1121 martyrum
2669 1049 2947 1105 ambulare
2977 1050 3163 1120 coepit.
3198 1049 3317 1117 Quo
3360 1065 3491 1106 cum

1897 1142 2235 1211 pervenisset
2286 1143 2353 1197 ad
2373 1142 2679 1198 orationem
2704 1158 2893 1200 coram
2912 1143 3074 1198 altari
3098 1144 3484 1214 prosternitur.
3506 1182 3511 1185 -

1899 1233 2080 1303 ibique
2095 1234 2297 1289 tamdiu
2309 1233 2502 1303 jacuit,
2520 1235 2875 1305 quoadusque
2891 1235 3146 1307 hymnus,
3161 1251 3322 1309 quem
3337 1236 3516 1293 exui--.

1900 1327 2135 1380 tantium
2163 1325 2324 1381 simul
2349 1333 2513 1395 atque
2537 1326 2853 1380 mirantium
2876 1325 3165 1381 multitudo
3180 1326 3349 1381 Deum
3372 1327 3491 1381 lau-

1900 1418 2035 1473 dans
2066 1416 2413 1471 devotissime
2445 1416 2718 1479 cantabat,
2746 1414 3126 1486 complcretur.
3165 1415 3283 1483 Quo
3313 1415 3487 1479 finito,

1899 1522 2028 1561 sana
2062 1506 2319 1570 surrexit,
2342 1504 2436 1560 sed
2462 1504 2517 1559 in
2542 1505 2776 1574 patriam
2816 1504 3046 1561 ulterius
3075 1506 3251 1561 redire
3292 1506 3486 1561 noluit.

1899 1597 2093 1652 Merito
2120 1597 2289 1668 igitur
2311 1595 2633 1651 miraculum
2670 1596 2815 1652 istud
2860 1597 3020 1652 beato
3048 1597 3288 1652 Hermcti
3323 1600 3489 1653 ascri-

1898 1688 2063 1752 Litur,
2089 1688 2244 1758 cujus
2265 1688 2353 1743 die
2383 1688 2662 1752 natalitio,
2717 1697 2772 1742 et
2792 1689 2894 1744 sub
2939 1687 3093 1757 cujus
3129 1688 3373 1759 reliquiis
3401 1704 3491 1758 ge,

197 1783 386 1846 terim,
415 1782 560 1837 circa
584 1780 823 1835 medium
860 1778 976 1835 fere
1001 1794 1243 1837 mensem
1266 1781 1595 1852 Augustum,
1621 1782 1794 1837 Deus-
1821 1766 1868 1824 Β
1897 1790 2038 1837 stum
2064 1795 2186 1835 esse
2215 1788 2447 1836 constat.
2489 1779 2597 1835 Sed
2625 1795 2965 1849 nequaquam
2988 1780 3314 1835 sanctissimi
3348 1797 3489 1835 mar—

195 1873 339 1929 dona
364 1873 640 1939 diaconus,
666 1870 818 1943 cujus
846 1873 899 1927 in
925 1873 1101 1943 primo
1125 1875 1306 1943 operis
1322 1873 1486 1943 hujus
1510 1875 1652 1932 libro
1673 1892 1791 1932 cre-

195 1967 355 2022 bram
391 1964 621 2021 fecimus
649 1966 999 2031 mentionem,
1039 1965 1211 2022 Roma
1238 1968 1478 2032 veniens,
1501 1983 1669 2023 unum
1705 1984 1793 2023 ar-

196 2058 425 2113 ticulum
450 2058 605 2128 digiti
634 2057 779 2112 beati
807 2056 1077 2114 ﬂermetis
1131 2061 1389 2129 martyris
1444 2075 1542 2131 pro
1596 2076 1792 2131 magno

192 2150 360 2205 nobis
410 2164 639 2205 munere
674 2149 885 2205 detulit.
940 2149 1111 2217 Quem
1148 2152 1514 2222 accipientes,
1574 2152 1794 2223 capsula

190 2241 562 2314 rcgenditum,
580 2241 633 2295 in
669 2240 937 2309 superiori
969 2249 1121 2309 parte
1146 2242 1404 2307 basilicae,
1426 2258 1592 2313 supra
1616 2244 1793 2313 ipsum

185 2329 593 2386 occidentalem
639 2328 888 2384 ecclesia:
940 2330 1221 2384 introitum
1273 2330 1678 2388 collocavimus.
1727 2334 1797 2388 At

182 2415 402 2470 femina
424 2432 566 2486 quae,
587 2424 647 2471 ut
679 2416 814 2481 dixi,
837 2416 1046 2471 visione
1075 2417 1332 2472 divinitus
1361 2420 1639 2474 admonita
1664 2421 1794 2476 illuc

181 2516 450 2573 venerat,
482 2517 538 2562 et
562 2509 771 2563 duobus
793 2505 905 2576 jam
957 2511 1166 2567 exactis
1196 2511 1496 2577 mensibus,
1526 2511 1659 2566 nihil
1682 2530 1803 2584 pro—

178 2599 388 2653 missae
413 2598 531 2666 opis
562 2597 667 2652 sibi
690 2599 973 2655 advenisse
998 2600 1276 2666 cernebat,
1301 2601 1543 2657 delusum
1576 2619 1635 2658 se
1659 2620 1802 2660 vano

174 2687 421 2742 somnio
449 2688 790 2755 existimans,
816 2691 1052 2747 reditum
1080 2692 1134 2747 in
1164 2694 1395 2764 patriam
1417 2696 1665 2751 meditari
1688 2710 1800 2752 coe-

176 2781 299 2850 pit.
329 2778 641 2850 Statuitqne
673 2798 799 2837 cum
850 2784 1298 2855 negotiatoribus,
1329 2788 1423 2858 qui
1470 2803 1530 2843 se
1581 2790 1803 2845 reduce-

180 2875 347 2934 rent,
377 2876 437 2922 ut
469 2870 721 2939 proxima
751 2872 1029 2928 Dominica
1055 2914 1070 2940 ,
1132 2890 1256 2944 qua:
1313 2876 1504 2947 quinto
1532 2877 1799 2934 Kalenda-

181 2974 326 3014 rum
358 2957 761 3030 Septembrium
791 2964 923 3019 dieh
950 2964 1109 3020 simul
1134 2980 1255 3020 cum
1282 2968 1653 3024 anniversaria
1672 2983 1799 3025 san-

184 3051 276 3107 cti
308 3050 582 3109 Hermetis
603 3054 944 3112 solemnitate
971 3066 1093 3113 erat
1128 3055 1324 3122 futura,
1357 3074 1548 3114 navem
1581 3075 1795 3127 eorum,

1894 1881 2040 1943 tyres
2065 1870 2409 1927 Marcellinus
2434 1878 2488 1925 et
2530 1869 2725 1925 Petrus
2771 1869 3019 1938 ejusdam
3040 1870 3241 1940 operis.
3270 1881 3496 1926 exortes

1893 1978 2014 2019 esse
2047 1973 2293 2032 possunt,
2321 1962 2375 2016 in
2402 1978 2634 2033 quorum
2680 1962 2904 2018 basilica
2937 1971 3210 2031 patratum
3258 1972 3375 2029 est;
3429 1976 3491 2021 et

1893 2068 2030 2124 quos
2051 2053 2188 2123 ipsa,
2211 2068 2331 2123 quae
2352 2062 2540 2108 curata
2561 2061 2646 2109 est
2663 2052 2887 2119 femina,
2905 2061 3019 2108 toto
3040 2054 3493 2125 peregrinationis

1895 2161 2008 2200 sum
2041 2153 2300 2214 tempore,
2332 2154 2390 2200 ut
2420 2160 2478 2201 se
2507 2144 2844 2214 adjuvarent,
2878 2159 3083 2214 semper
3121 2145 3414 2201 invocavit.

1968 2238 2057 2294 9i.
2099 2237 2225 2292 Haec
2262 2245 2390 2293 sunt
2436 2252 2556 2307 quae
2600 2237 2667 2292 de
2705 2237 3007 2292 innumeris
3045 2245 3361 2293 sanctorum
3387 2238 3492 2293 vir-

1900 2327 2120 2389 tutibus,
2149 2335 2244 2381 aut
2270 2342 2302 2380 a
2339 2327 2496 2383 nobis
2530 2329 2666 2392 visa,
2715 2335 2810 2381 aut
2862 2326 3101 2381 fidelium
3127 2328 3308 2382 veraci
3348 2327 3489 2383 rein.

1902 2415 2053 2467 tione
2073 2423 2384 2484 comperta,
2424 2414 2619 2469 litteris
2647 2430 2713 2469 ac
2763 2415 3040 2469 memoria:
3093 2414 3353 2469 mandare
3398 2417 3493 2471 dc-

1902 2503 2204 2569 erevimus;
2242 2519 2364 2573 quae
2390 2504 2592 2560 Christi
2609 2505 2943 2559 amatoribus
2970 2520 3034 2560 ac
3052 2513 3349 2576 martyrum
3373 2504 3493 2573 ejus

1904 2595 2312 2650 veneratoribus
2351 2596 2420 2650 ad
2453 2595 2738 2666 legendum
2769 2603 2922 2666 grata
2957 2594 3073 2652 fore
3093 2612 3206 2651 non
3237 2597 3490 2669 ambigo:

1903 2689 2159 2757 quoniam
2192 2686 2328 2744 nihil
2365 2688 2445 2742 eis
2472 2687 2689 2741 videtur
2734 2687 3087 2756 impossibile,
3124 2688 3362 2757 quodut
3398 2690 3495 2743 fiat

1902 2780 2014 2835 Deo
2035 2780 2394 2852 omnipotenti
2426 2780 2708 2851 placuerit.
2734 2779 3029 2836 lncredulis
3075 2789 3257 2841 autem
3279 2795 3344 2834 ac
3371 2794 3495 2834 san-

1903 2880 2113 2927 ctorum
2137 2871 2323 2941 gloria
2347 2869 2754 2941 derogantibus,
2783 2869 2911 2939 quia
2940 2867 3220 2925 fastidiosa
3244 2883 3366 2925 esse
3386 2885 3494 2924 non

1902 2962 2108 3028 dubito,
2131 2977 2199 3018 ne
2224 2962 2445 3018 omnino
2472 2961 2651 3031 legere
2678 2960 2864 3025 velint,
2898 2959 3233 3015 suadendum
3255 2974 3492 3016 censeo:

1900 3069 1968 3109 ne
1988 3053 2129 3108 forte
2146 3052 2358 3107 vilitate
2384 3052 2554 3107 nostri
2577 3051 2851 3107 sermonis
2864 3049 3078 3117 offensi,
3103 3051 3494 3122 blasphemiam

188 3143 248 3197 in
290 3142 567 3213 regionem
591 3160 745 3201 suam
788 3161 1096 3213 reversura,
1130 3149 1534 3204 censeenderet.
1568 3147 1797 3220 Jamque
1825 3119 1869 3180 (ἶ
1901 3154 1958 3200 et
1985 3144 2338 3200 invidentiam
2366 3143 2611 3200 devitarc
2633 3159 2741 3200 non
2769 3144 3012 3212 valeant;
3049 3160 3114 3201 ac
3135 3146 3217 3201 sic
3242 3144 3412 3200 Deum
3439 3154 3495 3199 et
3523 3184 3526 3187 η

187 3236 444 3290 instante
463 3244 649 3303 nocte,
675 3254 797 3309 qua:
827 3238 970 3294 diem
996 3238 1320 3310 profectioni
1348 3240 1658 3296 condictum
1677 3250 1799 3297 erat

188 3325 323 3379 sine
343 3324 505 3382 dubio
525 3342 880 3396 praecessura,
906 3345 1031 3385 cum
1056 3345 1157 3386 nos
1186 3330 1484 3412 secundum
1508 3341 1798 3388 consuetu-

277 3468 300 3494 ⁸
336 3455 396 3512 S.
419 3457 660 3515 Albanus
693 3468 901 3533 martyr
924 3462 1213 3534 Moguntina
1239 3464 1439 3520 colitur
1462 3465 1527 3535 21
1552 3464 1719 3520 Junii.

1903 3233 2396 3312 proximum,'qnos
2448 3252 2637 3294 amare
2677 3237 2953 3307 iubentur,
2995 3253 3056 3295 se
3088 3239 3269 3296 odisse
3316 3238 3537 3294 deuia--

1905 3339 2021 3386 rent
2036 3371 2056 3389 .

1977 3465 2005 3504 ιι
2037 3464 2227 3520 Annus
2252 3464 2342 3521 hic
2363 3463 2617 3531 fuit-830,
2652 3463 2830 3520 littera
2851 3464 3179 3522 Dominicali
3220 3465 3279 3518 Β.
3308 3486 3317 3518 ς

201 3595 2110 3621 .———_-——-_—_—.—_——__

706 3717 736 3757 '
812 3713 1850 3829 narramus
1923 3686 2984 3829 namnam

1458 3932 1999 3995 ERUDITISSIMI
2046 3931 2213 3991 VIBI

346 4122 476 4218 DE
549 4121 999 4220 PASSIONE
1074 4119 1460 4220 CHRISTI
1528 4115 2084 4218 MABTYRUM
2157 4115 2759 4217 MARCELLINI
2830 4120 2955 4217 ET
3031 4121 3367 4218 PETRI.”

1302 4322 1449 4384 [Acta
1473 4324 1762 4375 Sanctorum
1788 4321 2007 4375 Bolland.
2034 4330 2164 4375 torno
2185 4323 2205 4374 Ι
2230 4320 2409 4386 Junii.)

1645 4467 2025 4487 Ψ

276 4584 330 4637 l.
362 4582 497 4637 Erat
536 4581 759 4651 quidam
806 4581 1077 4637 exorcista
1117 4589 1338 4637 sanctus
1364 4581 1415 4649 ι’,
1452 4581 1649 4638 Petrus
1695 4597 1796 4638 nos
1821 4588 1874 4647 D
1900 4583 2068 4638 Poena
2102 4580 2305 4638 inﬂicta
2327 4583 2648 4654 praevaleret
2671 4584 2874 4640 Christi
2905 4585 3063 4642 fidem
3094 4588 3303 4653 tollere,

1603 4670 1794 4743 (mine,

199 4763 306 4829 Qui
334 4764 640 4820 doctrinam
664 4764 843 4835 magni
868 4763 1017 4818 Petri
1048 4768 1269 4818 secutus
1296 4762 1545 4830 apostoli,

201 4852 407 4908 Veram
437 4854 601 4909 fidem
627 4853 754 4910 Jesn
782 4853 986 4921 Christi
1011 4851 1328 4922 praedicavit
1352 4853 1625 4923 gentibus.

203 4942 565 5015 Malignorum
597 4945 882 5015 adiurator
906 4946 1011 5000 iste
1039 4943 1144 4998 fuit
1172 4943 1502 5007 daemonum,

202 5031 386 5103 Atque
407 5041 558 5089 atros
582 5035 752 5090 verbo
779 5043 973 5105 potens
1009 5032 1281 5105 effngabat
1309 5032 1555 5103 spiritus,

205 5121 421 5195 Perque
461 5126 677 5198 signum
719 5137 923 5182 sanctae
950 5127 1129 5182 crucis
1157 5142 1331 5198 πεῖθε
1366 5141 1530 5182 sanos
1566 5127 1791 5183 fecerat.

203 5216 380 5282 Quem
402 5218 603 5289 pagani
633 5218 1085 5287 comprehensum
1114 5216 1267 5271 duris
1290 5225 1517 5272 nectunt
1541 5218 1791 5284 vinculis,

201 5306 281 5363 Ac
303 5321 402 5378 per
427 5308 596 5362 multa
624 5308 884 5362 laniatum
912 5315 1303 5363 tormentorum
1334 5322 1554 5377 genera,

202 5398 285 5453 Ad
320 5407 627 5453 extremum
654 5399 946 5454 tenebroso
976 5398 1355 5467 manciparnnt
1382 5399 1609 5454 carceri.

202 5487 582 5560 Imprudentes
608 5489 859 5547 arbitrati
888 5490 1029 5560 quod
1054 5505 1151 5561 per
1178 5498 1329 5546 artus
1353 5494 1597 5561 corporis

275 5635 301 5667 ι
344 5622 498 5695 Hunc
531 5626 745 5679 titulum
789 5625 1006 5695 prmfert
1045 5633 1200 5695 vetus
1242 5627 1406 5682 codex
1454 5628 1792 5684 bibliotheca:

204 5694 380 5751 sancti
409 5693 690 5752 Benedicti
728 5693 803 5753 ad
828 5696 1063 5770 Ligerim
1092 5693 1337 5768 (Mabill.,
1369 5698 1499 5753 Arta
1525 5698 1630 5755 SS.
1670 5699 1785 5755 ard.

1907 4673 2014 4729 Sed
2043 4690 2159 4740 cor,
2190 4674 2331 4731 caelo
2357 4676 2524 4731 fixum
2554 4691 2803 4742 manens,
2843 4679 3019 4733 nescit
3056 4678 3240 4751 flagris
3270 4682 3484 4738 cedere.

1905 4765 2005 4821 Cui
2031 4775 2216 4822 custos
2235 4768 2524 4837 deputatus
2547 4767 2763 4838 praefuit
2783 4768 3119 4834 Arthemius,

1906 4856 2009 4923 Qui
2045 4872 2262 4912 reorum
2292 4857 2507 4913 turbam
2533 4857 2671 4912 diris
2695 4859 3107 4930 constringebat
3134 4860 3388 4924 vinculis,
3424 4909 3439 4917 .,

1903 4947 2079 5015 Atque
2105 4949 2342 5003 claustra
2371 4949 2592 5019 caligosi
2621 4952 2875 5005 servabat
2896 4951 3175 5022 ergastuli.

1904 5036 2045 5091 Erat
2063 5037 2151 5091 cui
2179 5038 2347 5092 chara
2375 5038 2531 5094 valde
2557 5048 2705 5105 nata,
2737 5042 2890 5110 virgo
2916 5043 3156 5106 nomine,

1902 5128 2035 5196 Quae
2062 5131 2249 5185 invasa
2275 5145 2387 5200 prae
2415 5130 2581 5187 feroci
2612 5133 2914 5189 vexabatur
2940 5134 3201 5198 daemone,

1900 5224 1967 5279 Et
1994 5233 2221 5295 paterna
2249 5240 2392 5281 smva
2423 5241 2584 5295 pmna
2611 5228 2893 5282 cruciabat
2918 5236 3160 5298 pectora.
3454 5282 3475 5303 κ

1972 5314 2025 5368 2.
2060 5313 2214 5381 Quod
2241 5330 2365 5370 cum
2392 5316 2588 5372 Petrus
2629 5318 3006 5387 comperisset,
3059 5318 3347 5387 compellat
3388 5319 3515 5375 Δι’--

3176 5406 3495 5480 [ιιιεηιίιιιυ..

1904 5496 2125 5552 Monens
2151 5498 2310 5551 snmul
2346 5505 2401 5551 et
2428 5498 2746 5564 exhortans,
2783 5498 2986 5556 Christi
3031 5498 3188 5556 miles
3229 5498 3513 5572 inclytusk

1905 5630 1960 5684 S.
2002 5627 2224 5699 Βφηιξᾴη
2250 5643 2379 5699 saec.
2398 5644 2478 5699 iv,
2507 5638 2661 5699 parte
2687 5630 2749 5692 tl.

1972 5700 1999 5742 1)
2040 5698 2102 5752 D.
2134 5697 2343 5770 Teulet,
2381 5697 2583 5756 Itonia.
