3976 6170
1634 207 2009 272 EGINllARDl
2045 190 2339 257 ABBATIS’
2718 188 2728 197 ’
3492 160 3612 227 596

1970 324 2020 383 Α
2113 314 2166 367 4.
2206 311 2285 365 Ita
2309 306 2470 372 dixit,
2513 309 2569 355 et
2601 295 2885 357 abscessit,
2928 302 3095 360 seque
3122 285 3343 339 domum
3367 278 3611 339 contulit,

2043 404 2373 475 Coniugique
2400 402 2595 452 cuncta
2626 405 2756 452 suae,
2786 356 3144 456 cognomento
3168 370 3447 431 Candidm,
3684 356 3687 361 ’

2051 502 2213 557 Valde
2246 506 2466 565 stupens
2495 497 2657 556 atque
2685 482 2889 536 mirans
2912 475 3054 529 dicta
3083 468 3227 522 Petri
3254 462 3458 520 retulit.

2049 592 2147 647 Cui
2173 556 2370 656 conjuit
2391 575 2660 635 dubitanti
2689 570 2855 627 corde
2884 566 3029 619 fatur
3056 556 3297 619 credulo,

2054 680 2125 736 Se
2150 675 2339 732 mirari
2366 669 2507 743 quod
2534 668 2783 721 insanum
2814 656 3073 713 voluisset
3101 652 3298 707 dicere,

2055 776 2225 842 Quem
2250 767 2494 823 audisset
2520 757 2835 827 sospitatem
2864 750 2987 805 filiae
3009 745 3367 819 promittere;

2056 834 2167 923 ἦρε
2188 867 2292 919 hoc
2313 861 2403 915 diu
2427 852 2782 911 differendum
2810 860 2930 899 esse
2957 839 3099 913 quod
3132 834 3480 908 promiserat,

2061 958 2168 1014 Sed
2191 948 2444 1027 prasenti
2471 963 2530 1002 se
2554 944 2823 998 facturum
2854 935 3116 990 fateretur
3143 937 3407 995 tempore,

2062 1050 2131 1104 Et
2156 1020 2299 1117 quod
2322 1041 2459 1097 dixit
2487 1052 2553 1091 ac
2577 1028 2890 1104 spepondit,
2916 1022 3078 1079 hodie
3096 1020 3425 1076 clarescere.

2063 1140 2157 1195 llle
2181 1149 2311 1191 vero
2332 1137 2517 1187 contra
2546 1126 2750 1185 nitens,
2771 1130 2996 1172 uxorem
3021 1108 3327 1178 increpitat,

2068 1232 2176 1286 Cur
2204 1228 2290 1283 his
2318 1221 2499 1277 verbis
2528 1217 2691 1271 ﬁdem
2722 1212 2897 1273 daret,
2929 1214 2981 1261 et
3012 1200 3246 1273 appellat
3269 1195 3492 1253 fatuam,

2072 1324 2208 1392 Quia
2236 1317 2511 1374 Christum
2551 1310 2721 1364 Deum
2755 1302 2899 1358 Petri
2945 1307 3054 1352 tam
3085 1302 3357 1366 potentem
3382 1286 3636 1343 crederet.

2079 1433 2097 1464 ι
2128 1411 2244 1466 Non
2274 1415 2378 1470 est,
2403 1404 2499 1467 ait,
2542 1411 2742 1453 numen
2781 1392 2973 1455 ullum,
3014 1387 3106 1442 sed
3146 1398 3245 1437 nec
3274 1380 3389 1449 ipse
3419 1374 3637 1443 Jupiter,

2075 1502 2227 1572 Quod
2256 1497 2500 1555 eumdem
2536 1492 2613 1546 sic
2635 1487 2944 1543 conclusum
2982 1477 3155 1551 possit
3179 1471 3373 1527 vinclis
3402 1468 3603 1522 solvere
3623 1502 3637 1525 ,

2079 1568 2175 1650 ἦρι
2202 1608 2267 1647 ex
2299 1588 2439 1645 antri
2471 1582 2740 1640 tetrolacu
2766 1577 2994 1631 liberum
3024 1568 3313 1626 dimittere.
3353 1582 3370 1614 ι

2008 1680 2056 1738 Β
2083 1687 2173 1742 Illa
2197 1682 2345 1739 Petri
2370 1678 2552 1735 verbis
2578 1672 2823 1731 credens,
2858 1665 3054 1737 quibus
3084 1676 3143 1715 se
3168 1655 3513 1729 promiserat,

2087 1777 2189 1833 Per
2213 1776 2467 1829 virtutem
2495 1764 2621 1822 Iesu
2649 1761 2849 1818 Christi
2890 1757 3026 1812 mira
3053 1767 3214 1822 posse
3244 1748 3448 1808 facere,

2089 1869 2203 1928 'l‘ali
2232 1865 2336 1920 sibi
2364 1861 2707 1917 resistentem
2731 1849 2929 1921 repulit
2951 1844 3127 1916 elogio
3155 1861 3169 1895 :

2095 1927 2113 2014 ᾇ
2155 1961 2265 2015 Hoc
2284 1964 2389 2019 est,
2418 1942 2785 2019 inquit,quod
2813 1938 3033 2009 augebit
3070 1933 3164 1989 Dei
3192 1931 3276 1986 sui
3302 1927 3546 1999 gloriam,

2091 2056 2224 2109 Cum
2245 2065 2342 2120 per
2366 2046 2514 2100 illum
2540 2041 2643 2093 erit
2667 2036 2888 2095 factum,
2914 2028 3055 2099 quod
3078 2032 3295 2089 patrare
3332 2020 3599 2087 nequeunt

2092 2145 2186 2199 Illa
2219 2152 2439 2210 magna,
2471 2148 2590 2203 quae
2621 2144 2652 2183 a
2676 2126 2831 2181 nobis
2853 2136 2997 2176 nunc
3018 2117 3288 2176 coluntur,
3321 2107 3559 2165 numina.
3597 2124 3618 2155 ι

2167 2233 2218 2288 5.
2260 2229 2386 2284 Hrec
2408 2227 2532 2280 dum
2563 2216 2722 2275 simul
2766 2231 2830 2269 ac
2858 2209 3097 2267 vicissim
3127 2200 3441 2260 alternando
3479 2194 3651 2252 confe-

3428 2285 3589 2359 [runt,

2100 2415 2296 2483 Atque,
2324 2407 2452 2464 solis
2475 2403 2607 2458 orbe
2636 2411 2838 2459 merso,
2867 2389 3036 2447 stella:
3058 2394 3271 2442 noctem
3300 2377 3590 2452 proferunt,

2103 2507 2242 2564 Ecce
2264 2503 2480 2562 Petrus,
2510 2503 2569 2550 ut
2590 2488 2859 2564 promisit,
2890 2485 3043 2539 adest
3065 2475 3474 2535 admirantibus,

2107 2597 2329 2667 Signum
2351 2588 2530 2646 crucis
2553 2599 2714 2639 manu
2745 2586 2982 2650 gestans,
3013 2580 3162 2626 veste
3185 2564 3392 2635 fulgens
3414 2558 3627 2615 candida
3651 2569 3663 2616 ;

3260 2656 3280 2667 .
3311 2656 3324 2667 .
3507 2647 3627 2667 ..ωε
3652 2646 3663 2667 ,

2110 2646 2291 2667 ν’ῠηηγ
2749 2646 2771 2650 -

2110 2688 2287 2757 Seque
2319 2694 2502 2735 verum
2530 2671 2729 2731 Christi
2762 2682 2999 2729 servum,
3034 2671 3090 2718 et
3120 2674 3225 2715 non
3256 2656 3449 2710 falsum
3477 2646 3668 2716 aliquid

2108 2778 2242 2847 Esse
2266 2775 2550 2830 monstrat,
2570 2765 2696 2818 dum
2723 2759 3013 2814 multorum
3031 2755 3399 2808 contrectatur
3414 2740 3669 2795 manibus.

2112 2868 2238 2924 Haec
2262 2868 2571 2919 cernentem
2603 2865 2788 2924 stupor
2818 2852 3006 2919 ingens
3029 2842 3220 2911 arripit
3244 2833 3604 2891 Arthemium;

2114 2960 2289 3030 Atque
2316 2952 2459 3007 Petri
2490 2949 2606 3004 sine
2640 2960 2791 3000 mora
2820 2939 3045 3012 pedibus
3079 2933 3403 2993 advolvitur,

2114 3010 2155 3014 τί
2201 3010 2217 3030 ι
2826 3010 2836 3012 ἡ

2042 3017 2087 3079 C
2122 3048 2289 3102 Deum
2318 3042 2493 3100 solum
2520 3052 2708 3093 verum
2735 3032 3012 3089 Christum
3041 3024 3252 3097 magnis
3285 3021 3521 3077 clamans
3542 3010 3680 3069 voci

3474 3107 3611 3180 [bus

2123 3227 2235 3282 Hoc
2260 3232 2312 3280 et
2334 3221 2553 3291 coniux,
2584 3219 2688 3272 hoc
2713 3221 2769 3268 et
2799 3218 2991 3267 cuncta
3015 3198 3277 3263 consonat
3298 3198 3500 3255 familia

2125 3321 2257 3375 Esse
2281 3316 2484 3371 nullum
2507 3311 2611 3367 nisi
2632 3308 2926 3364 Christum,
2959 3315 3140 3357 rerum
3168 3292 3621 3367 potentissimum,

2126 3411 2297 3479 Quem
2318 3409 2511 3475 beatus
2536 3401 2887 3473 praedicasset
2906 3394 3102 3448 Petrus
3121 3399 3283 3458 atque
3302 3384 3531 3441 coleret.

2127 3476 2185 3557 in
2206 3498 2442 3556 adventu
2465 3493 2621 3562 cuius
2642 3490 2842 3559 ipsum,
2869 3484 3010 3554 quod
3041 3494 3232 3541 eorum
3257 3476 3422 3539 tiliam

2130 3591 2229 3646 Diu
2265 3587 2405 3643 male
2429 3579 2753 3655 possidendo
2780 3576 3037 3637 vexabat,
3062 3568 3388 3626 daemonium

2131 3679 2291 3753 Fugit
2312 3677 2518 3739 statim,
2547 3683 2602 3729 et
2637 3663 2840 3727 invitus
2862 3664 2957 3722 Dei
2985 3662 3155 3721 virum
3177 3659 3457 3732 pratdicat,

2137 3776 2207 3830 Ut
2234 3776 2286 3828 in
2314 3772 2422 3825 alto
2450 3768 2650 3823 malum
2680 3777 2705 3804 ι
2732 3771 2887 3816 atrox
2920 3758 3202 3814 audiretur
3223 3766 3351 3806 aere
3375 3768 3389 3803 :

2142 3886 2161 3918 ‹
2193 3866 2397 3926 Virtus,
2419 3861 2622 3922 dicens,
2653 3853 2875 3917 Christi,
2898 3853 3077 3915 Petre,
3108 3849 3161 3903 in
3189 3854 3241 3900 te
3266 3857 3495 3901 manens
3512 3834 3712 3909 pepulit

2141 3959 2223 4013 Me
2248 3958 2315 4011 de
2344 3956 2457 4018 illa,
2481 3962 2642 4020 quam
2669 3948 2918 4003 tenebam
2938 3956 3111 4013 usque
3140 3937 3317 3997 modo,
3348 3933 3572 4002 virgine.
3602 3947 3620 3976 ι

2211 4050 2262 4102 6.
2296 4046 2421 4101 llaec
2454 4053 2566 4097 tum
2591 4041 2755 4095 Petro
2784 4036 3018 4090 facient»
3041 4046 3138 4102 per
3164 4029 3414 4082 virtutem
3438 4020 3675 4098 spiritus,

2088 4150 2093 4155 “
2144 4140 2310 4200 Fama
2334 4139 2509 4202 velox,
2536 4148 2631 4206 per
2656 4132 2831 4186 vicina
2863 4127 3047 4184 statim
3082 4124 3198 4177 loca
3221 4118 3473 4179 volitans,
3614 4088 3625 4098 ’

2147 4234 2340 4289 Multos
2359 4228 2515 4285 valde
2542 4221 2891 4293 congregavit
2916 4218 3059 4271 viros
3096 4221 3258 4281 atque
3292 4207 3539 4263 feminas.

2148 4327 2282 4381 Nam
2308 4339 2413 4378 non
2442 4320 2623 4374 minus
2650 4328 2810 4383 quam
2839 4307 3068 4364 trecenti
3089 4312 3392 4359 convenere
3426 4288 3668 4349 masculi,

2149 4416 2432 4472 Mulierum
2467 4420 2682 4479 quoque
2712 4402 2883 4471 major
2913 4409 3167 4453 numerus
3190 4387 3543 4447 conﬂuxerat,

2153 4504 2326 4563 Simul
2352 4474 2541 4559 omnes
2559 4474 2892 4552 admirantes
2923 4494 3168 4544 sanctam
3191 4478 3395 4536 Christi
3419 4474 3640 4547 gloriam

2152 4596 2363 4654 Etenim
2389 4590 2683 4647 cernebant
2706 4582 2908 4645 cuncti,
2934 4577 3074 4649 quod
3097 4576 3150 4630 in
3178 4569 3380 4626 Christi
3410 4563 3616 4620 nomine

2154 4689 2353 4745 Omnes
2395 4680 2568 4738 morbi
2596 4684 2916 4734 sanarentur
2943 4685 3039 4740 per
3066 4676 3355 4736 supernam
3387 4656 3633 4729 gratiam,
3722 4698 3729 4709 ,

2157 4779 2366 4845 Perque
2391 4787 2548 4829 sacra
2578 4768 2722 4824 Petri
2746 4767 2900 4835 jussa
2928 4760 3255 4831 pellerentur
3275 4753 3564 4808 dazmones.

2161 4870 2228 4926 Et
2246 4867 2512 4928 videntes,
2536 4860 2697 4917 corde
2726 4870 2862 4926 puro
2888 4864 3081 4921 capere
3108 4846 3418 4903 desiderant

2161 4960 2348 5017 Fidem
2380 4953 2581 5012 Christi
2605 4949 2918 5008 salutarem,
2947 4939 3108 5016 simul
3136 4944 3297 5004 atque
3318 4930 3561 4999 flagitant

2166 5053 2235 5109 Ut
2262 5052 2317 5105 in
2344 5046 2483 5104 sacri
2508 5045 2847 5098 mererentur
2873 5034 3015 5087 unda
3046 5027 3211 5085 fontis
3242 5022 3407 5077 ablui.

2166 5144 2282 5199 Huc
2308 5139 2508 5198 statim,
2544 5139 2770 5186 vocante
2788 5128 2971 5187 Petro,
3002 5119 3150 5175 venit
3182 5112 3383 5171 Christi
3412 5107 3661 5165 famulus,

2169 5232 2389 5301 Magnus
2413 5196 2619 5292 martyr
2647 5228 2702 5274 et
2727 5214 3027 5276 confessor,
3068 5204 3409 5262 Marcellinus
3433 5196 3730 5269 presbyter.

2168 5290 2534 5379 Utnovellum
2556 5290 2907 5368 conﬁrmaret
2932 5300 3255 5372 baptismate
3284 5290 3560 5363 populum.

2169 5418 2298 5483 Qme
2327 5414 2453 5468 dum
2476 5414 2656 5466 essent
2682 5400 2971 5470 adimpleta
2996 5386 3324 5461 competenti
3354 5382 3567 5443 ordine,

362 386 697 446 Mercaretur
721 373 910 442 saneta
939 352 1045 415 ﬁde
1073 360 1134 410 ut
1151 348 1380 406 salutem
1405 337 1529 394 ﬁlias
1554 353 1567 388 :

371 420 689 446 πωπω-νη..
721 420 779 429 -ν-
828 420 847 424 -

371 510 387 537 ι
417 485 612 541 Deum,
634 420 980 531 dixit,ch
999 446 1298 508 Christum,
1325 435 1417 507 qui
1442 427 1646 487 creavit
1666 420 1871 483 omnia,

1297 530 1329 541 -.
1408 534 1421 541 ,
1453 525 1498 541 ,μ
1541 520 1755 541 ,ψη-η

371 520 698 642 ριῖἱνὲωίηω
720 520 1036 617 terramque
1060 552 1160 596 sua
1187 530 1430 590 continet
1452 525 1508 579 in
1534 520 1780 578 dextera,

1145 636 1157 642 ‘
1236 625 1272 642 '-
1310 617 1447 642 —---J
1472 610 1706 642 -ιηουωοι
1763 624 1780 642 ι

465 658 558 731 qui
580 650 701 709 miti
727 610 1011 717 potentatu
1462 610 1729 731 possidet.
1763 624 1782 655 ι

375 700 1015 811 liaa‘d‘hea'toproferente
1040 700 1205 780 Detro
1225 709 1433 771 Christi
1460 700 1685 763 famulo,

376 795 685 896 adsto-stilis
707 795 985 884 tenebrosi
1010 808 1248 873 carceris
1270 795 1584 896 Arthemips

964 904 1154 967 refert,
1185 897 1279 954 sed
1303 891 1491 948 eadem
1519 880 1707 939 frivola
1719 896 1742 983 ⁸ι

390 962 546 986 run-
573 962 719 985 uuu—
743 962 936 976 νν-π-
968 962 979 963 γ
1010 962 1017 963 κ
1143 962 1151 967 ,

390 1046 408 1076 ι
438 1022 556 1079 Non
577 1024 685 1080 est,
717 1009 912 1081 inquit,
935 1012 1146 1060 verum,
1167 993 1347 1049 Petre,
1373 992 1546 1051 neque
1570 962 1868 1028 verisimile

861 1460 1084 1527 propter
1105 1426 1283 1518 ipsum
1314 1433 1592 1495 tolerando
1614 1426 1817 1485 deficis.
1842 1443 1859 1474 ι

644 1521 840 1611 Ρριωε
863 1521 1014 1603 vultu
1042 1544 1165 1598 laeto
1193 1548 1366 1606 pauca
1389 1529 1553 1584 verba
1584 1521 1826 1578 referens
1851 1532 1862 1543 ·

409 1680 428 1710 α
457 1655 757 1714 Christum,»
800 1642 991 1713 inquit,
1043 1633 1385 1693 conﬁtemur,
1425 1631 1483 1678 et
1507 1622 1560 1675 in
1586 1617 1768 1688 ipsum
1795 1607 1974 1665 credi-

1813 1708 1977 1780 [mus,

409 1846 510 1915 Qui
538 1849 622 1900 est
650 1840 796 1897 solus
822 1833 1144 1892 saeculorum
1172 1821 1426 1878 Salvator
1453 1822 1509 1868 et
1528 1808 1811 1865 Dominus.

409 1902 530 2005 ipse
559 1932 717 1990 valet,
747 1922 1007 1997 quidquid
1045 1916 1145 1973 sibi
1176 1907 1458 1983 placuerit,
1494 1902 1692 1975 facere,

414 1980 550 2080 'lfam
577 2021 714 2078 caelo
748 1980 1001 2083 terraque
1026 1980 1241 2078 potens,
1270 2011 1431 2069 quam
1459 2004 1516 2050 et
1538 1987 1688 2060 ponti
1719 1980 1988 2042 ﬂuctibus,

415 2116 514 2172 Cui
543 2111 707 2169 servit
731 2081 1038 2163 totumsuis
1062 2095 1257 2153 emlum
1285 2104 1407 2145 cum
1432 2081 1722 2139 sideribus.

537 2204 733 2273 potest,
767 2192 1197 2265 quandocunque
1226 2179 1328 2237 sibi
1362 2176 1559 2246 placet,
1590 2168 1798 2225 solvere

419 2296 595 2349 Duros
616 2264 797 2345 nexus
812 2290 1152 2339 catenarum,
1176 2271 1372 2341 quibus
1396 2264 1610 2318 vinctus
1638 2266 1851 2316 teneor,

420 2384 490 2440 Et
514 2382 581 2435 de
606 2374 816 2434 cunctis
838 2374 1227 2425 tormentorum
1254 2355 1430 2428 poenis
1458 2357 1631 2405 tutum
1655 2343 1899 2400 reddere.

425 2473 531 2528 Sed
553 2480 734 2525 meum
765 2461 926 2518 credo
953 2456 1093 2527 quod
1124 2450 1259 2507 nolit
1280 2443 1539 2515 impedire
1563 2435 1838 2496 bravium,

427 2570 564 2637 Quin
588 2560 829 2637 peccatis
855 2559 1210 2626 dcpurgatum
1239 2540 1523 2616 pervenire
1552 2533 1734 2593 faciat,

427 2660 533 2714 Per
561 2657 827 2711 tormenta
850 2620 1141 2716 passionis,
1167 2638 1233 2692 ad
1257 2641 1551 2705 perennem
1578 2620 1826 2693 gloriam.

432 2750 637 2805 Vellem
669 2711 872 2801 tamen,
907 2751 941 2791 ο
968 2723 1237 2789 Ανιὶιεηιῐ,
1271 2724 1479 2779 faceres
1506 2711 1831 2786 periculum,

434 2846 634 2899 Verum
658 2837 785 2896 siet,
816 2799 957 2885 anne
985 2825 1197 2884 falsum,
1222 2817 1366 2889 quod
1384 2814 1452 2868 de
1472 2808 1690 2864 Christo
1711 2799 2009 2859 credimus,

438 2932 700 3002 Quodque
723 2924 874 2979 illum
901 2929 1008 2973 tam
1042 2918 1315 2984 potentem
1346 2914 1533 2959 omnes
1557 2910 1677 2952 esse
1707 2890 1955 2947 dicimus.
1986 2904 2003 2937 ι

507 3023 561 3080 ὃ.
600 3023 681 3077 Ad
726 3022 843 3075 hare
872 3013 1010 3070 antri
1051 3004 1342 3064 carceralis
1382 3003 1587 3058 custos,
1621 2987 1859 3047 nondum
1890 2996 2010 3038 cre-

366 3182 369 3185 δ
509 3074 536 3080 ν
549 3074 561 3078 ν
600 3074 679 3077 -ῃ
730 3074 741 3075 7
1791 3074 1972 3149 [dulus
1998 3090 2011 3125 :

448 3206 636 3275 «‘Fiat,
669 3202 763 3261 ait,
791 3196 935 3266 quod
957 3195 1219 3251 hortaris,
1253 3183 1521 3249 hodieque
1549 3174 1775 3237 clareat,

446 3294 637 3350 Valeat
666 3289 793 3359 quid
827 3284 1076 3341 Christus
1102 3288 1248 3339 tuus,
1279 3285 1440 3342 quem
1472 3281 1556 3321 me
1583 3277 1744 3331 rogas
1772 3257 2015 3314 credere.

448 3381 527 3440 En
554 3396 652 3453 ego
679 3390 820 3433 nunc
844 3373 951 3429 tuis
974 3367 1164 3425 vinclis
1194 3357 1552 3433 superaddam
1581 3350 1810 3413 vincula,

450 3476 635 3544 Teque
662 3471 837 3540 ipsum
864 3461 1149 3518 tenebroso
1169 3455 1412 3509 clausum
1436 3447 1677 3514 linquam
1701 3453 1940 3499 carcere,

448 3530 627 3636 Atque
658 3530 803 3616 antri
825 3564 1008 3627 postes
1029 3551 1167 3606 seris
1188 3546 1449 3614 stringam
1480 3530 1828 3593 ﬁrmioribus.

454 3656 510 3711 Si
535 3626 587 3710 le
610 3652 775 3708 tantis
804 3626 1117 3721 innodatum
1144 3632 1385 3711 liberavit
1410 3626 1637 3686 nexibus

454 3749 704 3804 Christus
731 3750 929 3804 vester,
960 3716 1024 3791 ac
1044 3715 1921 3795 solutum-sospitemreddiderit,

456 3839 685 3895 Credam
714 3832 887 3893 ilhun,
918 3836 1079 3896 atque
1106 3823 1277 3878 Deum
1312 3816 1484 3873 colam
1515 3813 1631 3867 sine
1662 3808 1852 3867 dubio;

460 3933 533 3985 lia
563 3939 741 3983 tamen
771 3923 998 3979 ratione,
1030 3917 1076 3971 si
1103 3916 1436 3980 redemptam
1461 3902 1667 3963 videro,

459 4024 579 4092 ipso
600 4018 819 4073 Christo
849 4012 1099 4071 faciente,
1132 4017 1306 4058 meam
1335 4001 1555 4054 charam
1581 3990 1765 4051 ﬁliam,

456 4082 544 4165 ΑΙ.»
566 4109 707 4163 illius
728 4103 1026 4159 dominatu,
1055 4111 1164 4167 quo
1187 4099 1434 4151 vexatur,
1466 4082 1749 4142 dremonis.
1783 4099 1798 4130 I

467 4201 619 4253 Tunc
646 4192 933 4249 subridens
960 4184 1116 4242 fortis
1142 4183 1229 4237 ille
1260 4178 1450 4233 Petrus
1472 4172 1673 4229 Christi
1702 4167 1965 4231 famulus:

474 4308 489 4336 ι
521 4285 700 4348 Fides,
725 4282 824 4344 ait,
853 4272 1121 4333 imbecilla
1151 4266 1460 4327 confirmari
1494 4262 1712 4335 poterit,

470 4380 546 4439 Si,
577 4391 696 4447 quae
718 4371 899 4427 verbis
928 4362 1243 4439 promisisti,
1272 4359 1428 4414 factis
1461 4349 1869 4423 adimpleveris;
2068 4372 2122 4431 Ι)

472 4469 681 4537 Meque,
713 4464 945 4517 lmmana
972 4456 1088 4512 sine
1117 4468 1217 4522 ope
1245 4457 1406 4519 atque
1434 4439 1781 4500 amminiculo

370 4562 378 4570 ’
471 4554 579 4614 lSto
607 4562 747 4613 tetro
780 4566 888 4622 quo
914 4545 1159 4603 includor
1181 4542 1467 4596 liberatum
1506 4544 1753 4591 carcere,

474 4649 676 4703 Domus
705 4620 813 4698 tum
838 4639 997 4693 limen
1024 4634 1160 4705 pede
1187 4634 1500 4701 penetrasse
1522 4620 1755 4677 videris:

475 4734 544 4792 Et
563 4749 669 4791 non
697 4739 906 4787 tantum
933 4703 1324 4790 contemplatu,
1353 4716 1446 4770 sed
1470 4711 1769 4781 palmarum
1795 4703 2043 4765 tactibus,

476 4822 820 4899 Explorando
846 4811 1221 4885 comprobabis
1252 4810 1425 4878 ipsum
1456 4802 1554 4858 tibi
1585 4801 1857 4858 assistere,

478 4923 651 4990 Quem
682 4912 948 4969 inclusum
975 4900 1225 4960 dimisisti
1257 4897 1544 4953 tenebroso
1573 4893 1625 4946 in
1655 4903 1893 4945 carcere.
1919 4904 1937 4937 ι

478 4978 561 5067 id
585 5009 704 5065 hmo
725 4998 893 5057 verba
926 4993 1121 5051 crebro
1149 4993 1312 5059 caput
1337 4985 1547 5055 agitans
1580 4978 1911 5039 Arthemius,

481 5104 549 5160 Et
572 5115 679 5157 non
707 5094 934 5153 credens
964 5089 1133 5143 Deum
1164 5096 1323 5152 posse
1354 5085 1504 5134 tanta
1535 5076 1674 5132 bona
1703 5071 1899 5132 facere,

482 5192 598 5251 Tali
620 5190 783 5245 Petro
810 5195 967 5241 servo
993 5174 1197 5234 Christi
1224 5170 1511 5242 respondet
1536 5164 1785 5220 affamine
1811 5178 1822 5211 :

492 5300 510 5335 ι
537 5282 729 5342 Homo,
758 5272 954 5343 inquit,
984 5274 1164 5323 mente
1189 5270 1402 5333 captus,
1431 5258 1603 5313 aliena
1628 5251 1889 5322 loqueris,

487 5375 639 5442 Quod
666 5388 735 5429 ex
758 5368 942 5425 multis
967 5361 1229 5421 accidisse
1255 5370 1381 5410 reor
1406 5346 1768 5421 passionibus.

488 5470 632 5532 Quas
654 5474 711 5519 tu
748 5461 838 5517 diu
868 5463 1088 5529 propter
1119 5459 1323 5509 sectam
1357 5441 1721 5503 Christianam
1744 5423 2006 5490 sustines.
2041 5446 2057 5480 ι

564 5650 585 5674 υ
624 5637 682 5688 D.
714 5631 923 5692 Teulet,
955 5625 1131 5698 palam
