3976 6170
212 306 322 365 397

218 422 348 474 Nutu
381 422 474 477 Dei
510 415 832 487 quaterdeui
862 416 981 472 dies
1014 415 1214 471 evoluti
1247 429 1394 477 sunt,

204 513 308 567 Per
334 524 471 578 quos
503 506 678 562 sancti
705 521 858 562 nova:
886 508 1063 577 gentis
1102 508 1376 562 nationem
1414 507 1671 561 roborant

211 601 295 659 Ut.
327 605 377 653 in
406 598 627 655 Christo
644 606 1048 665 permanentes,
1079 606 1365 651 creaturas
1383 596 1569 651 colere

192 672 410 752 V'Nolint,
430 688 599 742 vitam
624 700 807 756 neque
828 688 990 743 istam
1008 688 1160 742 velut
1188 689 1365 757 magni
1392 687 1672 757 quippiam

203 782 610 852 Amplectamur
639 795 654 843 ;
686 779 855 834 immo
885 779 1055 834 velint
1078 788 1297 849 propter
1326 773 1502 847 ipsum
1533 778 1782 848 perdere.

271 875 321 928 7.
355 873 451 928 His
475 871 707 935 exactis,
730 872 886 926 adest
919 872 1045 926 suavi
1073 873 1274 925 missus
1295 870 1452 925 lictor
1474 869 1702 939 judicis,
1786 880 1787 883 ‘

199 963 399 1018 lubens
419 975 611 1018 omnes
635 960 728 1029 qui
755 944 987 1017 fuissent
1017 968 1157 1015 tetra
1181 959 1349 1014 clausi
1382 972 1628 1021 carcere,

202 1053 280 1108 Ad
298 1058 656 1121 conspectum
679 1040 840 1105 nocte
854 1050 1036 1119 prima
1059 1050 1251 1105 arbitri
1283 1049 1562 1104 assistere.

200 1142 350 1209 Quod
376 1140 653 1211 extemplo
679 1155 806 1197 cum
826 1141 1070 1196 audisset
1095 1141 1200 1195 atri
1213 1150 1399 1196 custos
1424 1142 1683 1207 carceris,

197 1233 419 1288 Blandis
442 1233 678 1294 vinctos,
701 1230 795 1301 qui
820 1230 1070 1309 aderant,
1098 1231 1323 1287 vocibus
1345 1232 1661 1300 alloquitur,

198 1323 343 1379 lrent
370 1322 575 1385 cuncti,
603 1335 825 1390 quoque
850 1336 1064 1375 versum
1100 1320 1260 1375 vellet
1284 1321 1517 1391 quisque
1540 1336 1788 1392 pergere.

198 1433 219 1461 4
249 1413 352 1478 Qui
379 1411 449 1466 ad
477 1410 735 1480 palmam,
766 1409 962 1477 inquit,
992 1410 1147 1480 regni
1176 1410 1462 1479 pervenire
1497 1410 1718 1480 cogitat,

196 1501 284 1556 llic
306 1515 522 1555 mecum
547 1500 615 1554 ad
638 1498 830 1552 Sereni
849 1496 1052 1565 judicis
1076 1501 1447 1570 prtesentiam,

196 1592 399 1645 Poenas
421 1588 495 1644 ibi
518 1589 817 1653 subiturus,
840 1602 1068 1659 pergere
1094 1602 1203 1649 non
1226 1589 1441 1646 haesitet
1469 1600 1519 1641 ε.

198 1686 257 1740 Si
281 1686 409 1755 quis
430 1699 563 1740 vero
580 1683 821 1739 nondum
860 1682 1027 1737 vitam
1066 1682 1395 1739 mundialem
1426 1697 1684 1753 spernere

202 1775 382 1840 Valet,
404 1784 567 1845 atque
598 1781 989 1829 tormentorum
1019 1780 1104 1829 est
1131 1787 1333 1844 pavore
1357 1774 1600 1838 territus,

197 1866 304 1922 Eat
320 1867 485 1932 liber,
515 1881 623 1936 quo
646 1865 900 1921 voluntas
920 1863 1070 1920 illum
1102 1880 1202 1919 sua
1227 1864 1431 1921 tulerit.
1473 1883 1489 1915 ι

199 1958 347 2013 Ecce
368 1966 547 2012 autem
563 1942 753 2025 judex,
784 1956 961 2024 primo
986 1955 1164 2010 noctis
1191 1954 1486 2027 gallicinio,

198 2051 395 2123 Surgit
415 2050 564 2122 vigil,
594 2064 659 2105 ac
680 2048 881 2105 furenti
904 2062 1038 2103 voce
1067 2046 1226 2116 jubet
1249 2048 1443 2103 noxios

200 2143 334 2197 Satis
371 2156 565 2197 omnes
584 2140 835 2208 alligatos
855 2138 1101 2194 exhiberi
1130 2137 1357 2193 visibus.

194 2231 343 2285 Huic
369 2238 567 2300 prmsto
598 2227 872 2283 tenebrosi
902 2235 1089 2281 custos
1115 2233 1304 2281 astans
1327 2226 1569 2280 carceris
1600 2244 1612 2279 :

200 2339 225 2371 σ
255 2322 484 2387 Petrus,
508 2321 605 2385 ait,
630 2318 926 2382 exorcista,
965 2332 1126 2385 quem
1150 2315 1331 2386 puniri
1351 2315 1621 2385 jusseras,

191 2412 305 2467 Per
329 2414 599 2467 virtutem
626 2409 710 2465 sui
734 2408 940 2463 Christi
961 2414 1192 2461 cunctos
1220 2403 1432 2465 vinctos
1452 2404 1726 2468 solverat;

185 2504 264 2558 Et
307 2502 530 2558 catenis
550 2499 850 2562 absolutos,
882 2494 1387 2564 irejussitliberos.

184 2596 323 2666 Ipse
351 2602 558 2659 tamen,
590 2589 958 2647 Marcellinum
987 2588 1276 2657 quemdam
1308 2601 1491 2640 secum
1508 2586 1768 2649 retinens,

184 2687 250 2741 ln
284 2700 405 2755 qua
430 2683 600 2740 semel
628 2682 833 2742 missus
855 2690 977 2736 erat
998 2687 1291 2753 permanet
1313 2678 1576 2733 custodia.
1615 2697 1634 2728 ι

180 2776 332 2832 "me
366 2775 640 2830 dicentem
666 2774 992 2828 furibundus
1022 2772 1255 2842 imperat
1281 2771 1517 2826 vicarius

185 2865 436 2925 Plumbo
468 2880 689 2928 cmsum,
720 2871 884 2932 atque
910 2864 1170 2923 vinctum,
1200 2862 1437 2917 carceris
1458 2860 1799 2916 Arthemium

188 2957 250 3015 in
278 2958 583 3016 obscuram
604 2964 768 3024 atque
794 2960 1011 3009 arctam
1044 2954 1212 3022 recipi
1242 2954 1566 3009 custodiam.

265 3051 325 3104 8.
366 3047 601 3107 Sanctos
614 3060 750 3103 vero
774 3042 1148 3102 Marcellinum
1163 3052 1325 3113 atque
1352 3041 1571 3097 Petrum
1600 3050 1805 3111 marty-

1591 3132 1722 3205 ires,

184 3231 576 3299 Qumstionem
600 3226 887 3282 habiturus
913 3224 980 3278 de
1011 3223 1226 3279 illorttm
1248 3223 1485 3287 actibus,

192 3321 314 3377 Suo
330 3319 496 3388 jubet
516 3331 691 3372 saevus
712 3315 881 3386 judex
917 3312 1174 3368 tribunali
1205 3313 1481 3367 assistere.

197 3411 361 3478 Quos
387 3418 445 3463 ut
475 3408 642 3463 torvis
670 3421 854 3463 coram
885 3412 1094 3459 stantes
1116 3404 1462 3474 conspicatur
1489 3404 1752 3467 vultibus,

194 3500 439 3557 Blandis
461 3500 637 3570 primo
659 3498 1066 3568 compellandos
1090 3497 1389 3551 arbitratus
1414 3497 1654 3559 vocibus,

200 3592 272 3647 Ut
295 3605 496 3647 eorum
521 3596 861 3658 permutaret
879 3587 1141 3641 mentium
1169 3586 1506 3659 propositum
1536 3602 1550 3638 :

202 3703 224 3733 ι
258 3683 463 3746 Poena,
486 3680 642 3745 dixit,
675 3694 773 3735 vos
793 3678 1004 3732 minore
1024 3676 1185 3745 plecti
1208 3691 1368 3745 posse
1396 3675 1660 3738 dicerem,

198 3774 322 3831 Nisi
352 3779 583 3828 cunctos
612 3757 959 3836 criminosas,
988 3764 1081 3840 qui
1110 3769 1388 3824 vobiscum
1416 3770 1653 3823 carceris

194 3846 387 3923 Antro
417 3865 589 3922 clausi
617 3866 963 3930 tenebantur,
986 3862 1238 3935 etl'ugisse
1254 3878 1562 3929 cernerem,

200 3958 273 4012 Et
299 3959 413 4012 hoc
444 3956 647 4010 factum
680 3964 867 4011 vestro
895 3969 1113 4011 nossem
1143 3953 1454 4009 Christiano
1480 3954 1756 4024 dogmate,

200 4050 319 4104 Per
343 4048 493 4119 quod
520 4047 663 4103 male
691 4048 1018 4103 miscrorum
1043 4048 1317 4103 mentibus
1339 4046 1564 4103 illuditis

202 4141 578 4196 Fascinantes
606 4155 671 4194 ac
695 4138 945 4195 fallentes
976 4138 1205 4211 magicis
1232 4140 1505 4194 versutiis.
1544 4159 1562 4192 ›

194 4233 309 4286 Cui
340 4246 574 4300 magnus
599 4229 804 4293 Christi
825 4238 1033 4300 martyr
1061 4228 1404 4284 Marcellinus
1431 4228 1736 4299 presbyter,

204 4321 369 4376 Forti
397 4331 585 4391 pectus
611 4319 831 4389 pietatis
860 4318 1076 4389 plenum
1099 4333 1297 4390 gerens
1322 4317 1534 4386 spiritu,

200 4414 393 4469 Pauca
422 4413 658 4482 quidem,
700 4412 795 4467 sed
833 4427 940 4466 non
970 4426 1157 4480 parva,
1190 4411 1355 4464 verba
1397 4419 1585 4465 contra
1629 4410 1808 4467 reddi-

945 300 1337 357 leTHMUS
1377 301 1463 355 DE
1504 299 1838 355 PASSIONE
1875 296 2305 355 MARCELLINI‘
2331 297 2421 352 ET
2458 296 2680 351 PETET.
3365 296 3478 354 3398

1814 416 1861 474 Λ
1889 409 2047 468 Omni
2075 415 2222 470 victu
2259 413 2517 470 abstineri
2557 411 2971 482 Christijubens
2992 410 3274 478 famulum,

1892 506 1982 570 Ut,
2015 506 2101 559 his
2123 506 2298 575 poenis
2327 511 2609 565 enceatus,
2646 504 2896 557 interiret
2922 518 3168 574 propere,

1889 594 1986 650 Cui
2020 594 2179 649 fidem
2204 603 2531 664 extorquere
2556 610 2611 647 se
2639 609 2741 647 non
2766 609 2927 662 posse
2952 594 3183 648 viderat.

1958 686 2013 740 9.
2047 684 2184 740 Tum
2216 686 2410 740 deinde
2438 685 2659 739 Petrum
2682 685 2893 750 videns,
2922 684 3118 739 talibus
3140 682 3431 753 alloquitur
3454 699 3477 735 τ

1897 795 1915 826 ς
1947 775 2099 841 Nolo,
2121 776 2313 845 inquit,
2347 775 2650 839 arbitreris,
2686 776 2879 829 iterum
2911 775 3097 831 eculeo

1892 866 1968 921 Te
2005 865 2391 936 torquendum,
2424 864 2506 918 vel
2538 865 2723 935 ignitis
2739 864 3072 919 exurendum
3099 861 3308 917 faculis.

1892 955 2063 1009 Immo
2084 955 2255 1020 noris,
2283 954 2426 1024 quod
2458 954 2756 1010 nectendus
2778 953 2935 1010 nodis
2960 954 3297 1016 fortioribus,

1896 1047 2187 1118 Stipitiqne
2218 1047 2516 1117 applicatus
2548 1047 2667 1102 luce
2698 1041 2872 1103 stabis
2902 1047 3164 1113 crastina,

1894 1138 1971 1192 Ae
2012 1136 2250 1192 ferarum
2273 1136 2475 1191 laniatu
2498 1137 2665 1190 vitam
2696 1136 2844 1190 brevi
2882 1136 3056 1191 finies.
3100 1158 3117 1189 ι

1897 1227 2032 1281 Tum
2062 1228 2257 1282 beatus
2286 1227 2663 1296 respondendo
2687 1227 2888 1282 Petrus
2911 1225 3037 1282 forti
3056 1236 3299 1297 pectore,

1895 1317 2038 1372 Iram
2065 1317 2251 1373 volens
2280 1318 2615 1373 contumacis
2634 1319 2922 1374 concitare
2937 1318 3158 1389 judicis,

1897 1409 2014 1464 Tali
2043 1424 2175 1465 voce
2203 1410 2515 1464 saevientem
2544 1418 2806 1481 provocat
2836 1410 3103 1465 insaniam
3129 1430 3141 1462 :

1908 1520 1925 1552 t
1956 1500 2092 1555 Cum
2123 1499 2364 1556 Serenus
2392 1503 2675 1567 vociteris,
2710 1503 2879 1559 miror
2909 1503 3264 1568 validissime,

1901 1591 2011 1645 Cur
2040 1599 2149 1645 tam
2180 1578 2560 1645 tetro‘vultum
2590 1607 2748 1662 geras
2776 1590 3117 1647 obfuscatum
3144 1590 3330 1647 nubilo

1906 1680 1978 1734 Ut
2005 1695 2315 1735 mensuram
2351 1681 2636 1750 pervidere
2665 1682 2940 1753 propriam
2972 1698 3078 1737 non
3107 1682 3309 1738 valeas.

1824 1766 1871 1825 B
1899 1764 2033 1831 Esse
2059 1790 2295 1845 namque
2323 1782 2374 1829 te
2403 1776 2688 1831 mortalem
2722 1776 2960 1829 universi
2989 1775 3267 1840 novimus;

1894 1866 1964 1921 Et
1999 1874 2073 1931 tu,
2117 1865 2265 1920 velut
2290 1866 2549 1935 quiddam
2574 1882 2827 1937 magnum
2850 1867 2903 1921 in
2930 1875 2980 1921 te
3005 1868 3194 1937 vigens
3214 1875 3477 1934 maneat...

1895 1958 2143 2015 Grandes
2167 1973 2355 2028 pinnas
2386 1958 2739 2014 comminaris
2767 1958 3078 2014 Christiano
3106 1958 3340 2030 populo;

1897 2049 2075 2105 Stulta
2101 2049 2261 2105 nimis
2286 2065 2348 2105 ac
2373 2048 2541 2105 feroci
2568 2049 2844 2105 conﬁdens
2859 2050 3108 2114 audacia,
3428 2094 3432 2098 .

1896 2141 2264 2196 immortalem
2294 2140 2496 2197 Christi
2523 2141 2704 2204 fidem,
2743 2141 2812 2196 de
2836 2142 3153 2197 crcdentum
3180 2141 3489 2207 cordibus,-

1896 2234 2192 2290 Exturbari
2225 2249 2463 2303 unquam
2503 2249 2663 2304 posse
2688 2233 2865 2303 pomis
2901 2233 3293 2303 temporalibus

1902 2323 2251 2380 Sacerdotem
2282 2324 2499 2393 quidem
2542 2322 2781 2388 Christi,
2822 2338 2989 2392 quem
3013 2337 3207 2394 rogare
3235 2331 3517 2391 poteras,

1905 2413 1975 2467 Ut
1997 2428 2097 2481 pro
2124 2413 2231 2467 tuis
2256 2422 2508 2471 exoraret
2542 2411 2792 2481 plurimis
2817 2413 3131 2467 excessibus
3157 2453 3173 2477 ,

1904 2502 2106 2572 Pugnis
2144 2518 2342 2556 czcsum
2370 2511 2531 2572 atque
2566 2504 2803 2558 vinctum
2830 2504 3149 2574 mancipasti
3190 2506 3419 2560 carceri.

1908 2592 1983 2646 De
2008 2606 2116 2660 quo
2141 2600 2321 2646 tamen
2350 2592 2491 2647 tristi
2526 2592 2692 2659 facto,
2719 2607 2849 2646 vero
2875 2592 3029 2648 laetus
3060 2595 3277 2665 gaudio,

1909 2681 2132 2752 Magnus
2154 2681 2243 2736 ille
2270 2690 2481 2752 martyr
2504 2680 2709 2755 Christi
2736 2683 2895 2739 modo
2921 2683 3055 2738 nihil
3085 2685 3362 2753 queritur;

1909 2771 2076 2827 immo
2104 2786 2286 2826 rerum
2310 2772 2577 2827 conditori
2608 2774 2800 2845 dignas
2834 2772 2999 2829 refert
3027 2777 3249 2845 gratias.
3292 2797 3309 2826 ι

1902 2861 2004 2917 .llis
2035 2861 2257 2927 auditis,
2295 2860 2548 2917 efferatus
2583 2871 2974 2919 tormentorum
3002 2866 3226 2930 arbiter,

1909 2951 2129 3007 Petrum
2156 2954 2312 3023 jubet
2340 2962 2653 3008 catenarum
2686 2958 3145 3026 comprehensum
3173 2961 3409 3029 [tondere

1909 3042 2227 3109 Oneratum,
2258 3044 2313 3098 in
2336 3046 2621 3100 obscuram
2651 3046 2816 3116 recipi
2845 3048 3148 3103 custodiam
3177 3068 3188 3101 :

1905 3135 1973 3189 Et
2000 3135 2052 3188 in
2083 3135 2241 3205 cippo
2269 3135 2588 3191 furibundus
2614 3138 2857 3207 praecipit
2882 3140 3211 3205 arctissimo,

1910 3226 2129 3282 Plantas
2152 3228 2313 3283 simul
2335 3237 2498 3298 atque
2524 3244 2680 3284 crura
2717 3232 2941 3300 pretiosi
2970 3234 3246 3304 martyris,
3268 3280 3275 3281 κ

1911 3318 1986 3375 Ne
2021 3319 2174 3375 abire
2196 3321 2536 3389 praevaleret,
2562 3321 2885 3378 includendo
2908 3325 3229 3395 comprimis

1980 3412 2069 3467 10.
2101 3412 2210 3468 Sed
2249 3430 2372 3468 cum
2399 3423 2581 3470 essent
2617 3415 2722 3470 isto
2753 3416 2911 3471 modo
2940 3418 3173 3487 separati
3207 3428 3533 3487 martyres,.

1906 3505 2062 3560 Celso
2087 3506 2286 3560 missus
2317 3505 2564 3560 visitatur
2595 3505 2718 3561 cmli
2758 3508 2907 3563 venit
2933 3507 3189 3572 culmine,

1906 3596 1986 3649 Ad
2011 3596 2227 3650 beatum
2256 3595 2459 3651 Christi
2482 3605 2675 3652 testem
2700 3597 3107 3659 consolandum,
3140 3599 3385 3666 angelus.

1907 3686 2009 3752 Qui
2032 3686 2159 3742 dum
2180 3699 2425 3743 sanctum
2456 3688 2756 3744 invenisset
2783 3690 2925 3745 vitro
2965 3689 3360 3757 superpositum
3384 3732 3393 3741 .

1918 3777 2316 3844 Marcellinum,
2345 3779 2462 3834 sine
2487 3787 2639 3834 veste
2672 3781 2817 3834 nudo
2850 3781 3085 3837 vinctum
3116 3787 3365 3850 corpore,

1910 3868 2130 3924 Christo
2156 3869 2267 3924 Deo
2287 3870 2709 3939 supplicantem,
2732 3871 2875 3925 sicut
2899 3878 3016 3924 erat
3039 3871 3255 3935 solitus,

1912 3954 2087 4012 Solvit
2114 3957 2317 4023 statim,
2342 3964 2398 4012 et
2417 3967 2668 4027 opertum
2689 3956 3020 4013 indumentis
3046 3961 3301 4031 prepriis,

1911 4044 2331 4115 Quoquoversus
2358 4046 2750 4116 praecedentem
2787 4063 2845 4103 se
2873 4050 3207 4118 sequendum
3249 4050 3521 4121 imperat,

1911 4134 1991 4189 Eo
2011 4135 2197 4191 dicens
2220 4136 2644 4206 perducendum,
2678 4139 2767 4193 ubi
2786 4138 2982 4196 Petrus
3003 4139 3200 4195 fuerat.

1911 4226 2152 4297 Cumque
2179 4235 2326 4283 esset
2349 4227 2439 4282 illo
2461 4235 2700 4293 ventum,
2729 4245 2890 4285 verus
2912 4229 3009 4291 Dei
3041 4233 3281 4299 nuntius,

1911 4315 2072 4372 Petro
2093 4317 2277 4372 statim
2312 4317 2579 4384 absoluto,
2615 4318 2924 4377 Marcellino
2950 4324 3214 4394 praecipit,

1918 4406 1984 4462 Ut
2021 4422 2080 4461 se
2118 4407 2279 4462 ambo
2306 4409 2701 4479 praecedentem
2732 4421 3091 4482 sequerentur
3113 4416 3337 4482 pariter.

1600 4499 1730 4572 [diu
1832 4469 1885 4529 Β
1911 4500 2081 4567 Quem
2119 4508 2407 4570 sequentes
2453 4501 2791 4557 intraverunt
2824 4503 3041 4558 domum
3082 4507 3370 4572 quamdam
3408 4522 3497 4561 su-

208 4613 230 4644 ι
270 4592 394 4649 Non
422 4602 529 4660 est,
560 4594 737 4664 inquit
766 4634 780 4658 ,
815 4592 1144 4648 criminosus
1180 4608 1279 4647 nec
1302 4592 1562 4647 dicendus
1588 4593 1803 4656 noxius,

203 4685 341 4751 Qui,
371 4685 575 4739 omisso
602 4683 943 4755 paganismo,
975 4681 1192 4737 Christo
1219 4683 1384 4752 cmpit
1417 4681 1664 4746 credere,

203 4781 392 4850 Atque
430 4780 505 4835 illi
532 4795 665 4835 sana
689 4786 872 4833 mente
901 4776 1243 4833 serviendum
1258 4774 1489 4844 judicat.

204 4870 333 4926 Hoc
363 4872 458 4939 qui
487 4870 638 4936 facit,
665 4870 763 4926 Dei
791 4870 988 4925 summi
1013 4867 1157 4925 ﬁlius
1185 4866 1486 4934 vocabitur,

202 4962 280 5017 Et
306 4978 337 5018 a
356 4963 573 5021 cunctis
603 4972 951 5032 peccatorum
979 4960 1261 5016 absolutus
1287 4957 1562 5024 sordibus,

204 5052 360 5107 Vere
392 5068 516 5109 esse
538 5054 683 5124 quod
710 5061 954 5117 vocatur,
984 5051 1093 5107 Deo
1126 5052 1311 5115 dante,
1335 5048 1550 5104 visitur.
1591 5071 1607 5101 ›

202 5139 345 5217 time
368 5142 638 5198 dicentem
660 5142 1033 5198 Marcellinum
1056 5142 1285 5210 imperat
1307 5139 1594 5194 minaciter

204 5228 412 5287 Saevus
437 5232 628 5302 judex,
659 5233 760 5289 sub
798 5234 1027 5289 duorum
1058 5232 1253 5302 pugnis
1278 5245 1478 5285 etesum
1516 5229 1692 5301 subigi
1722 5249 1732 5282 :

201 5316 287 5374 Et
311 5320 367 5375 in
391 5320 595 5387 locum,
627 5322 776 5379 omni
799 5323 919 5377 luce
956 5322 1049 5394 qui
1088 5329 1319 5385 careret,
1344 5320 1574 5391 projici;

202 5407 275 5464 In
312 5425 418 5480 quo
443 5412 646 5465 vitrum
668 5426 831 5480 super
859 5396 1083 5467 humum
1116 5408 1245 5465 fecit
1272 5409 1507 5465 fractum
1539 5410 1806 5481 spargier,

206 5499 303 5553 Ac
329 5501 561 5573 desuper
582 5510 915 5557 assertorem
942 5502 1056 5557 veri
1085 5501 1285 5556 nudum
1318 5501 1554 5568 sternier
1580 5501 1632 5566 ιν,

206 5593 398 5662 Atque
425 5596 671 5651 vinctum
696 5596 924 5651 volutari
956 5596 1062 5651 illis
1085 5596 1136 5650 in
1161 5594 1512 5665 fragminibus
1541 5611 1555 5661 ;

301 5723 327 5751 ει
358 5711 419 5769 ι).
454 5713 665 5785 Tculct,
693 5714 910 5770 dubitet.

3334 4596 3492 4667 inito,

1908 4681 1966 4734 ln
1989 4697 2094 4751 qua
2116 4690 2234 4736 erat
2266 4691 2627 4754 congregatus
2653 4681 2994 4739 Christianus
3031 4683 3276 4754 populus,

1913 4774 2014 4841 Qui
2049 4790 2147 4846 per
2186 4775 2332 4845 ipsos
2357 4776 2426 4830 ad
2456 4776 2694 4830 divinam
2721 4776 3022 4831 doctrinam
3052 4783 3390 4847 pervenerat.

1917 4869 2051 4922 Tum
2080 4871 2335 4939 praecepit
2361 4870 2451 4925 ille
2483 4871 2693 4941 magnis
2722 4870 2945 4940 angelus
2976 4870 3330 4941 martyribus,

1916 4960 1987 5014 lit
2013 4969 2288 5016 catervam
2320 4970 2699 5033 congregatum
2730 4961 3058 5017 continuare
3080 4960 3361 5023 studeant,

1916 5052 2020 5106 Per
2043 5060 2263 5122 septena
2292 5054 2664 5123 proximorum
2692 5052 2903 5109 dierum
2940 5052 3213 5126 volumina
3246 5068 3258 5105 :

1916 5141 1993 5197 Ac
2024 5151 2136 5197 tum
2177 5143 2395 5200 demum
2423 5145 2664 5200 saevienti
2691 5158 2751 5200 se
2780 5152 3008 5215 tyranno
3029 5141 3307 5212 proferant
3327 5183 3341 5206 ,

1915 5231 2321 5302 Ostendantque
2355 5250 2545 5304 parum
2574 5249 2733 5304 posse
2754 5234 2912 5301 illius
2935 5233 3256 5303 potentiam,

1916 5324 2115 5378 Contra
2148 5324 2245 5380 Dei
2271 5326 2600 5381 continentis
2640 5334 2831 5380 cuncta
2870 5322 3288 5393 providentiam.

1992 5415 2076 5468 ll.
2121 5414 2255 5468 Tum
2283 5416 2528 5483 sequenti
2566 5414 2682 5469 luce
2702 5411 3042 5484 jussitjudex
3068 5411 3525 5481 crudelissimus».

1927 5503 1992 5558 Ut
2020 5504 2252 5557 ministri
2278 5504 2563 5557 visitarent
2591 5503 2736 5562 loca,
2770 5502 2967 5571 quibus
2993 5509 3257 5573 martyres

1922 5596 2148 5649 Clausos
2174 5593 2332 5648 simul
2370 5602 2424 5647 et
2462 5592 2654 5663 ligatos
2683 5593 2941 5649 custodiri
2962 5595 3217 5665 jusserat.

1995 5710 2022 5753 ι)
2050 5708 2116 5765 D.
2149 5706 2358 5777 Tculct,
2392 5718 2661 5789 δίει-πει·εοί
