3904 6174
357 309 465 366 599

357 429 602 496 Cumque
625 426 696 481 ibi
732 439 838 479 non
870 430 1110 492 repertos
1133 422 1433 478 referentes
1463 423 1726 485 dicerent,

359 521 440 575 Ire
455 517 639 586 jussit,
671 525 728 571 et
764 515 982 581 adduci,
1008 529 1115 568 una
1138 529 1262 568 cum
1283 513 1588 576 Arthemio,

360 611 490 679 Ejus
517 619 733 678 quoque
764 605 1070 671 mulierem,
1100 613 1462 676 cognomento
1484 603 1802 665 Candidam,

359 701 533 768 Atque
555 704 739 752 natam
761 695 1100 759 eorumdem,
1141 705 1508 771 nuncupatam
1537 693 1804 761 virginem

361 791 436 844 De
462 805 568 860 qua
597 789 794 845 Petrus
817 789 1090 843 exorcista
1115 787 1416 842 daemonem
1435 785 1736 855 expulerat,

361 878 427 931 Et
449 885 758 948 purgatam,
795 877 907 946 regi
931 875 1148 930 Christo
1175 875 1449 930 credulam
1477 875 1806 929 reddiderat.

364 966 474 1022 llos
504 967 768 1022 adductos
797 965 886 1020 ille
912 966 1050 1020 truci
1082 965 1309 1025 intuitus
1335 965 1520 1026 oculo,

367 1057 476 1111 Diis
495 1056 682 1127 jussit,
711 1056 879 1110 immo
914 1056 1070 1109 tetris
1098 1063 1156 1108 ut
1181 1055 1404 1108 litarent
1428 1053 1668 1116 larvulis,

361 1149 539 1217 Atque
563 1161 779 1201 sacram
807 1144 1011 1201 Christi
1042 1145 1200 1200 fidem
1235 1145 1549 1216 abnegando
1588 1145 1914 1214 linquerent.

367 1237 432 1290 Et
461 1251 585 1292 cum
614 1235 754 1291 nolle
775 1236 1104 1306 pervidisset
1127 1237 1393 1304 imperata
1417 1234 1618 1298 facere,

362 1326 532 1383 Jussit
558 1342 732 1382 saevus
762 1335 818 1382 ut
843 1328 896 1381 in
931 1338 956 1367 α
981 1327 1186 1398 ingenti
1219 1328 1477 1382 ruderum
1503 1328 1774 1398 congerie,

365 1419 511 1474 More
542 1419 715 1488 pressi
747 1418 1054 1483 noxiorum,
1087 1428 1415 1473 necarentur
1442 1419 1666 1489 pariter.

364 1510 613 1577 Quicum
643 1510 807 1564 vincti
839 1510 1170 1564 ducerentur
1197 1511 1338 1564 viam
1361 1526 1457 1580 per
1484 1510 1759 1564 Aureliam
1779 1551 1791 1572 ,

367 1599 562 1655 Vident
591 1599 752 1654 simul
775 1599 1143 1655 Marcellinum
1165 1610 1327 1669 atque
1351 1601 1570 1655 Petrum
1596 1609 1882 1672 martyres,

365 1691 432 1743 Et
451 1706 574 1745 cum
597 1693 676 1746 eis
705 1691 928 1746 multam
959 1692 1112 1747 valde
1137 1694 1317 1762 populi
1355 1692 1738 1762 frequentiam.

365 1782 572 1847 Quibus
600 1783 754 1848 visis,
785 1783 1090 1855 profugisse
1119 1783 1468 1840 tremefactos
1488 1794 1738 1840 asserunt
1763 1824 1778 1848 ,

365 1873 468 1937 Qui
498 1874 686 1928 beatos
711 1873 1072 1939 confessores,
1106 1885 1421 1931 catenarum
1453 1875 1691 1946 pondere

368 1961 737 2032 l’razgravatos
763 1979 826 2018 ac
848 1963 1155 2035 depressos,
1189 1966 1487 2035 puniendos
1514 1974 1811 2020 traxerant.

366 2051 514 2116 Quos
541 2061 602 2106 ut
631 2053 704 2122 pii
731 2052 998 2123 fugientes
1028 2056 1186 2111 turba
1212 2055 1346 2110 vidit
1375 2056 1577 2126 populi,

369 2142 758 2198 Praecurrendo
788 2143 1069 2199 festinavit
1092 2145 1392 2214 praevenire
1412 2147 1656 2216 pavidos,

367 2231 447 2286 Ac
467 2232 707 2288 mulcere
731 2248 828 2290 cor
848 2231 1124 2288 furentum
1147 2235 1329 2290 verbis
1349 2235 1516 2306 erepit
1543 2236 1786 2289 mitibus.

369 2321 478 2377 Sed
502 2337 611 2377 non
639 2323 824 2378 valens
851 2325 994 2393 quod
1023 2324 1240 2380 volebat
1267 2326 1353 2396 pia
1387 2325 1539 2396 plebs
1565 2324 1852 2394 perficere,

369 2411 512 2466 Loco
536 2411 673 2468 fixos
709 2414 1024 2479 retentavit,
1055 2415 1227 2470 donec
1253 2415 1453 2471 Christi
1481 2415 1713 2471 famulus

370 2502 713 2561 Marcellinus
747 2507 1032 2562 obtulisset
1056 2507 1353 2564 salutarem
1381 2510 1636 2564 hostiam.

369 2595 504 2652 Nam
532 2598 586 2652 in
617 2613 804 2669 specu,
829 2615 937 2669 quo
958 2600 1139 2655 futura
1167 2602 1489 2671 sperabatur
1509 2604 1711 2672 passio,

371 2685 576 2758 Martyr
601 2687 804 2744 Christi
827 2690 1123 2745 celebravit
1143 2692 1433 2746 missarum
1472 2693 1754 2756 solemnia,

371 2777 505 2843 Quis
534 2779 852 2849 completis,
885 2782 1268 2837 abscesserunt
1302 2798 1436 2852 quos
1462 2785 1612 2838 abire
1635 2782 1890 2852 jusserat.

429 2869 658 2925 l2.Tum
673 2875 918 2928 conversi
940 2874 1283 2930 Marcellinus
1294 2884 1456 2946 atque
1470 2876 1660 2931 Petrus
1677 2885 1964 2948 martyres,

371 2959 545 3014 Ambo
567 2961 726 3015 simul
761 2964 1090 3032 perfidorum
1120 2965 1468 3036 alloquuntur
1495 2968 1784 3036 populum,

370 3055 552 3122 Atque
574 3054 668 3108 tali
692 3053 1013 3113 furibundos
1037 3059 1430 3128 compellabant
1453 3058 1652 3114 famine
1680 3075 1692 3112 :

377 3162 395 3193 ι
443 3144 524 3198 En
561 3146 798 3212 vidistis,
838 3150 981 3218 quod
1009 3151 1062 3205 in
1093 3159 1275 3207 nostra
1303 3152 1507 3208 ditione
1537 3152 1734 3216 fuerat,

380 3232 448 3287 Ut
477 3250 575 3291 vos
598 3237 776 3301 modo,
805 3253 913 3308 quo
943 3239 1223 3306 vellemus,
1251 3243 1554 3298 valeremus
1582 3243 1795 3310 lzedere,

357 3323 444 3379 ‘Et
462 3341 599 3395 quos
626 3327 836 3384 vinctos
863 3330 1150 3397 tenebatis,
1186 3334 1237 3387 vi
1262 3345 1478 3404 ereptos
1501 3336 1709 3390 tollere.

371 3412 485 3471 Sed
511 3417 614 3473 hoc
637 3419 778 3475 nolle
805 3418 1114 3477 Christiana
1137 3421 1267 3479 fecit
1287 3425 1569 3494 patientia,

373 3506 546 3573 Quam
573 3525 794 3566 suorum
826 3511 1109 3569 inferendo
1133 3515 1160 3555 δ
1186 3515 1511 3571 famulorum
1540 3519 1789 3572 sensibus
1809 3560 1821 3581 ,

375 3603 489 3654 Suo
509 3601 669 3658 mites
690 3618 755 3658 ac
777 3605 1054 3661 modestos
1074 3607 1322 3662 Christus
1344 3607 1474 3664 facit
1504 3623 1749 3662 munere.

375 3693 440 3746 Et
462 3709 605 3751 nunc
626 3695 846 3766 quidem
877 3714 976 3754 nos
997 3739 1010 3764 ,
1036 3715 1269 3770 superna
1299 3699 1629 3770 suffragante
1653 3701 1829 3771 gratia

378 3784 514 3840 lline
538 3771 692 3844 abire
717 3797 1054 3858 poteramus,
1083 3791 1129 3846 si
1161 3791 1264 3846 hoc
1287 3791 1456 3846 ferret
1477 3793 1711 3847 animus.

379 3874 483 3930 Vos
509 3886 699 3933 contra
722 3890 743 3917 ο
792 3881 922 3950 quid
959 3883 1195 3951 possitis,
1240 3883 1456 3938 tandem
1495 3883 1670 3953 palam
1704 3883 1904 3938 dicite?
1941 3905 1957 3936 ι

377 3968 519 4024 'l'um
549 3971 859 4028 frendentes
885 3989 946 4030 ac
975 3973 1269 4031 frementes
1289 3975 1504 4032 Satanae
1537 3977 1817 4041 satellites,

377 4063 559 4118 Primo
575 4067 768 4133 ipsum,
795 4080 958 4133 quem
985 4066 1291 4129 trahebant,
1311 4067 1581 4122 trucidant
1601 4066 1962 4132 Arthemiuni,

378 4157 520 4210 Ense
543 4156 681 4209 duro
712 4154 970 4210 ferientes
1004 4155 1300 4212 effecerunt
1327 4167 1640 4223 martyrem.

377 4245 543 4315 Cujus
576 4246 694 4300 neci
725 4245 1120 4314 conjunxerunt
1150 4249 1434 4319 conjugem
1461 4264 1526 4304 ac
1551 4248 1749 4309 filiam;

379 4337 548 4404 Quas,
574 4353 672 4406 per
692 4347 894 4408 crypta:
923 4337 1170 4392 liminarc
1198 4354 1438 4408 praeceps
1463 4340 1637 4402 datas,
1659 4341 1896 4393 obruunt

379 4426 542 4483 Saxis
571 4427 730 4482 simul
760 4437 923 4498 atque
959 4429 1170 4498 magnis
1200 4443 1487 4483 arenarum
1517 4429 1769 4484 molibus.

450 4519 538 4573 15.
580 4520 718 4574 Tum
746 4520 935 4575 beatos
955 4528 1258 4574 assertores
1281 4520 1522 4574 veritatis
1546 4519 1768 4588 alligant

379 4609 748 4665 Marcellinum
776 4618 938 4678 atque
963 4608 1206 4674 Petrum,
1247 4610 1433 4665 avidos
1458 4610 1702 4679 martyrii
1730 4627 1745 4674 ;

375 4702 794 4770 Aunectuntque
829 4707 1108 4754 catenatos
1132 4700 1386 4753 arborum
1411 4699 1711 4767 stipitibus,

381 4793 564 4847 Donec
593 4799 734 4844 tetro
764 4790 1080 4843 nuntiarent
1108 4797 1501 4843 tormentorum
1528 4790 1764 4852 arbitro,

374 4885 555 4954 Atque
582 4883 697 4952 ipso
725 4881 1108 4950 comperirent,
1131 4881 1456 4934 decernente
1478 4877 1682 4948 judice,

378 4975 536 5040 Quali
567 4982 740 5028 morte
767 4973 948 5043 magni
978 4970 1158 5026 forent
1183 4972 1532 5027 consumendi
1563 4981 1851 5042 martyres.

377 5069 480 5134 Qui
507 5067 634 5122 dum
664 5073 858 5120 cuncta
887 5065 1226 5135 cognovisset
1251 5072 1403 5134 gesta
1444 5079 1672 5133 quaeque
1702 5063 1961 5129 iusserat,

377 5161 598 5230 Nigram
623 5159 776 5226 jubet
819 5159 960 5212 intra
989 5155 1180 5212 silvam
1207 5164 1426 5210 sanctos
1449 5155 1574 5209 duci
1601 5162 1890 5224 martyres,

380 5251 448 5304 lit
485 5251 616 5306 inibi
646 5247 930 5318 capitalem
967 5260 1163 5317 capere
1189 5246 1534 5301 sententiam.

381 5345 498 5408 Quo
525 5356 646 5395 cum
675 5355 767 5394 eos
795 5339 1144 5394 deduxissent
1171 5336 1473 5391 dwmonum
1505 5334 1784 5398 satellites,

380 5430 459 5484 illi
492 5431 596 5485 laeti
625 5439 680 5485 et
714 5429 923 5486 alacres
952 5429 1341 5496 laudantesque
1377 5424 1684 5491 Dominum,

454 5575 478 5598 ίι
507 5560 567 5614 1).
597 5560 786 5615 'l‘eulet
807 5578 915 5616 om.
948 5563 1019 5614 in.

455 5631 482 5671 δ
515 5631 576 5685 D.
611 5631 819 5697 Teulet,
848 5631 1139 5685 inserendo.

1630 303 2004 363 EGILVIIABDI
2044 302 2336 359 ABBATIS

1979 423 2030 477 Α
2059 415 2258 469 Locum
2284 431 2393 468 sua:
2415 412 2647 482 passioni
2677 410 2958 479 largiorem
2986 407 3208 462 faciunt.

3527 295 3640 352 σου

2057 503 2190 557 Nam
2220 515 2272 557 et
2303 503 2486 572 spinas
2511 512 2673 570 atque
2707 515 2900 569 vepres
2921 498 3229 553 evellebant
3249 498 3502 554 manibus

2056 594 2168 667 Ipsi
2201 596 2336 659 suis,
2359 603 2419 648 ut
2441 592 2720 663 purgando
2744 599 2942 645 terram
2965 604 3158 658 puram
3189 589 3499 654 redderent,

2057 693 2283 745 Sacrum
2307 693 2427 741 erat
2453 699 2574 753 quae
2601 682 2814 736 illorum
2848 689 3142 749 exceptura
3171 681 3513 751 sanguinem.

2057 783 2207 837 Tunc
2229 788 2468 838 orantes,
2494 784 2655 842 atque
2679 773 2829 841 pacis
2861 770 2962 826 sibi
2986 771 3177 826 dantes
3198 771 3464 835 osculum,

2053 872 2204 926 Genu
2233 869 2388 928 flexo,
2416 879 2791 933 percussorem
2821 861 3092 932 patienter
3117 859 3429 930 perferunt,

2055 962 2133 1014 Ae
2159 959 2395 1028 projecta
2436 953 2584 1024 gravi
2613 959 2804 1022 petunt
2835 951 3032 1005 coelum
3059 951 3241 1004 carnis
3266 951 3501 1004 sarcina.

2056 1057 2297 1119 Quorum
2327 1049 2472 1118 ipse,
2509 1046 2600 1115 qui
2626 1045 2845 1100 eesdem
2881 1058 3109 1114 magnos
3139 1043 3339 1098 Christi
3375 1051 3658 1113 martyres

2057 1145 2225 1198 Ferro
2245 1143 2430 1212 jussus
2448 1138 2734 1209 iugulavit,
2763 1152 2822 1191 se
2849 1136 3051 1190 vidisse
3074 1135 3251 1190 fassus
3282 1145 3366 1190 est
3384 1176 3399 1200 ,

2056 1233 2252 1288 Carnis
2276 1231 2470 1286 vinclis
2492 1229 2767 1283 absolutos
2795 1227 3041 1282 evolasse
3067 1228 3290 1296 spiritus
3309 1267 3323 1290 ,

2058 1325 2255 1379 Forma
2285 1323 2441 1393 quasi
2463 1320 2746 1390 virginali,
2779 1328 2951 1373 tectos
2982 1329 3131 1373 veste
3159 1319 3381 1388 fulgida,

2057 1417 2206 1470 Auro
2235 1430 2451 1485 quoque
2478 1413 2752 1467 radiantes
2773 1428 2836 1466 ac
2855 1426 3193 1481 gemmarum
3224 1411 3422 1466 lumine
3441 1454 3454 1474 ,

2057 1507 2385 1577 Angelorum
2413 1513 2796 1560 coruscantum
2824 1501 3190 1557 circumdatos
3216 1503 3454 1570 agmine,

2058 1596 2418 1652 Laetabundos
2441 1611 2564 1650 cum
2593 1595 2856 1649 immensa
2891 1593 3029 1648 lucis
3057 1591 3327 1647 aﬂluentia
3346 1633 3362 1657 ,

2062 1687 2239 1756 Supra
2274 1694 2470 1742 cuneta
2494 1684 2830 1755 penetrando
2855 1682 3000 1738 celsa
3020 1683 3205 1738 mundi
3227 1683 3425 1748 sidera,

1985 1763 2031 1821 Β
2061 1777 2385 1834 Sublevatos
2409 1777 2478 1833 ad
2501 1786 2703 1833 eterna
2729 1775 2852 1832 cadi
2890 1791 3056 1846 regna
3084 1777 3363 1830 scandere.

2133 1870 2221 1924 Η.
2259 1869 2390 1924 Duae
2424 1867 2672 1939 quaedam
2701 1867 3014 1923 referuntur
3043 1867 3230 1922 Romae
3251 1876 3391 1922 nata:
3411 1866 3657 1931 feminae,

2065 1961 2182 2017 Una
2212 1962 2352 2017 dicta
2377 1969 2462 2016 est
2489 1959 2714 2023 Lucilla,
2747 1959 3095 2028 Firminaque
3117 1958 3308 2020 altera,

2065 2056 2261 2108 Veram
2283 2056 2433 2124 puris
2469 2052 2766 2107 retinentes
2791 2050 2994 2106 Christi
3018 2049 3177 2105 ﬁdem
3205 2049 3458 2105 cordibus
3484 2067 3499 2115 ;

2063 2145 2209 2215 Quae”
2225 2145 2543 2214 propinqua:
2579 2152 2663 2198 ter
2686 2143 2829 2198 beati
2862 2142 3117 2213 martyris
3147 2143 3398 2207 Tiburtii,

2062 2239 2145 2294 Ad
2172 2239 2316 2293 illius
2341 2244 2790 2292 sancrosanctum
2814 2234 3120 2290 assidentes
3156 2235 3439 2298 tumulum,

2065 2331 2176 2385 Deo
2199 2337 2381 2400 gratas
2406 2327 2676 2397 vigilando
2701 2326 2971 2381 ducebant
2992 2325 3268 2380 excubias.

2064 2422 2273 2488 Quibus
2305 2420 2437 2489 ipse,
2468 2434 2590 2474 cum
2614 2417 2790 2473 beatis
2810 2425 2983 2472 semet
3005 2416 3409 2480 comitantibus,

2066 2510 2558 2578 Marcelliuoyatque
2580 2507 2763 2572 Petro,
2790 2504 3077 2560 manifeste
3107 2505 3292 2560 retulit

2066 2603 2172 2656 Per
2195 2615 2468 2670 soporem,
2497 2599 2590 2654 ubi
2619 2615 2772 2654 sacra
2797 2597 3098 2666 jacuissent
3136 2612 3367 2667 corpora

2067 2693 2396 2748 Eorumdenl
2423 2691 2719 2746 electorum
2737 2730 2752 2754 ,
2779 2698 2943 2758 atque
2973 2688 3136 2743 simul
3160 2688 3413 2743 admonet

2071 2785 2141 2840 Ut
2171 2793 2363 2841 euntes
2389 2785 2591 2852 absque
2613 2798 2765 2838 mora
2791 2823 2804 2847 ,
2838 2782 2928 2837 illa
2957 2782 3141 2838 statim
3171 2781 3437 2845 auferant,

2072 2877 2138 2930 Et
2168 2876 2222 2930 in
2251 2884 2441 2946 crypta
2472 2890 2629 2930 suum
2660 2889 2827 2945 prope
2860 2883 3052 2929 curent
3080 2889 3278 2944 corpus
3310 2891 3532 2943 ponere.

2071 2968 2202 3035 Qua:
2230 2966 2518 3036 praeceptis
2541 2966 2926 3034 obsequentes,
2954 2963 3174 3034 Nigram
3217 2964 3403 3018 silvam
3432 2967 3664 3029 adeunt,

2075 3057 2438 3127 Sublatosque
2467 3056 2749 3111 beatorum
2774 3054 2898 3108 inde
2926 3061 3144 3124 portant
3165 3053 3411 3113 cineres;

1995 3121 2039 3182 Ο
2072 3148 2144 3202 Ει
2167 3121 2417 3215 inspecu
2444 3145 2796 3214 deponcntes,
2827 3121 2982 3214 jusso
3013 3142 3131 3197 loco
3151 3142 3436 3196 tumulant.

2069 3239 2216 3305 Quas
2243 3237 2313 3292 ad
2347 3237 2450 3292 ista
2489 3235 2794 3306 peragenda
2825 3233 3095 3304 adjuvisse
3135 3231 3374 3286 referunt

2070 3331 2218 3384 Duos
2243 3329 2505 3399 quosdam
2543 3329 2610 3382 de
2638 3335 2862 3382 sacrate
2890 3326 3034 3381 sedis
3061 3324 3368 3394 apostolica:

2069 3425 2317 3490 Clericis,
2348 3439 2486 3493 quos
2509 3423 2645 3478 ordo
2675 3437 2831 3477 sacer
2857 3422 3100 3476 nominat
3137 3421 3434 3491 acolythus.

2143 3516 2226 3569 l5.
2258 3514 2382 3569 llzec
2416 3521 2474 3568 ut
2503 3522 2652 3585 gesta
2692 3514 3023 3578 referuntur,
3057 3513 3304 3568 retulisse
3335 3525 3596 3569 asserunt

2067 3607 2220 3660 Illum
2252 3606 2449 3674 ipsum,
2479 3605 2572 3674 qui
2601 3603 2820 3659 eosdem
2850 3605 3125 3659 interemit
3160 3612 3452 3675 martyres,

2070 3698 2134 3752 Et
2159 3699 2227 3752 ab
2254 3697 2344 3752 illo
2379 3697 2632 3752 didicisse
2650 3696 2944 3751 Damasum
2969 3695 3301 3766 pontificem,

2067 3787 2224 3851 Cum,
2255 3795 2413 3842 aetate
2441 3787 2664 3856 puerili,
2693 3803 2792 3857 per
2819 3787 3006 3842 eadem
3039 3799 3298 3856 tempora,

2069 3880 2181 3935 Sub
2207 3882 2466 3951 magistro
2510 3881 2864 3944 ministraret,
2899 3891 2953 3934 et
2985 3881 3053 3934 ad
3089 3897 3338 3949 magnum
3377 3895 3665 3938 cresceret

2068 3973 2266 4026 Rerum
2298 3971 2534 4036 culmen,
2563 3980 2691 4026 tunc
2723 3971 2962 4024 Romana
2996 3969 3164 4024 lector
3185 3972 3237 4023 in
3267 3970 3541 4035 ecclesia;

2068 4064 2195 4119 Post
2233 4065 2347 4119 haec
2371 4073 2564 4120 cuncta
2596 4079 2959 4127 memorasse,
3007 4080 3072 4118 ac
3105 4064 3388 4120 mandasse
3436 4065 3658 4129 litteris,

2066 4155 2204 4208 Cum
2233 4155 2378 4210 illius
2407 4155 2560 4209 almae
2592 4156 2735 4210 sedis
2755 4155 3025 4210 obtineret
3051 4157 3290 4225 apicem,

2071 4247 2137 4300 Et
2166 4247 2220 4300 in
2251 4255 2364 4301 tota
2391 4247 2694 4317 principatu:
2727 4247 2955 4316 polleret
2973 4249 3222 4303 ecclesia.

2067 4338 2160 4392 llle
2192 4347 2394 4402 autem,
2427 4339 2518 4408 qui
2555 4339 2742 4393 beatos
2783 4349 3050 4409 martyres
3078 4351 3444 4408 percusserat,

2069 4432 2372 4486 Dorotheus
2395 4440 2770 4501 cognomento,
2807 4445 2902 4500 per
2931 4431 3172 4486 divinam
3194 4433 3423 4503 gratiam

2069 4522 2150 4577 Ad
2173 4523 2425 4590 baptismi
2450 4533 2850 4578 sacramentum
2885 4522 3196 4591 pervenisse
3221 4523 3437 4589 dicitur,

2071 4613 2294 4668 Sacram
2322 4615 2503 4668 sedem
2535 4623 2661 4669 tunc
2688 4623 2908 4685 regente
2933 4611 3077 4669 Julio
3103 4615 3379 4682 pontiﬁce,

2073 4703 2346 4758 Publicam
2370 4703 2529 4759 simul
2560 4719 2856 4774 puramque
2883 4704 3051 4772 gessit
3077 4703 3484 4772 paenitentiam,

2072 4796 2249 4864 Atque
2285 4813 2492 4850 morum
2520 4797 2788 4866 probitate
2829 4796 3086 4864 consequi
3118 4795 3421 4864 promeruit

2075 4886 2404 4955 Sempiterni
2428 4887 2711 4942 salvatoris
2739 4887 3031 4940 salutarem
3067 4885 3320 4955 gratiam,

2070 4979 2172 5033 Per
2195 4979 2433 5042 illorum,
2462 4993 2600 5048 quos
2629 4978 2917 5047 percussit,
2939 4977 3226 5032 beatorum
3253 4985 3558 5046 martyrum

2070 5069 2226 5124 Nune
2253 5078 2307 5124 et
2332 5084 2548 5138 semper
2583 5068 2992 5124 memorandam
3025 5067 3218 5121 miram
3245 5067 3586 5136 patientiam.

2069 5159 2171 5226 Qui
2200 5159 2266 5214 de
2287 5158 2473 5212 mundi
2504 5156 3165 5228 triumphantesprincipe
3187 5156 3402 5210 diabolo
3431 5196 3446 5218 ,

2070 5249 2126 5301 in
2155 5248 2404 5316 supernis
2432 5246 2681 5302 collocati
2715 5263 2932 5317 semper
2955 5248 3193 5317 gaudent
3228 5246 3449 5301 sedibus
3470 5283 3486 5307 ,

2075 5335 2270 5392 Coram
2296 5337 2542 5402 Christo,
2586 5351 2684 5405 per
2700 5345 2913 5409 aeterna
2948 5337 3268 5394 saeculorum
3299 5335 3514 5390 smcula.

2147 5629 2168 5656 ε
2208 5615 2270 5670 Ι).
2307 5614 2515 5680 Teulet,
2547 5631 2630 5668 vos
2661 5622 2888 5668 econtra.

3900 3163 3901 3189 1

3897 3269 3899 3297 |

3892 3585 3893 3621 1

3890 3709 3891 3729 1

3887 3809 3889 3837 1

3883 4019 3885 4051 |

3881 4087 3883 4159 1

3879 4207 3881 4267 1

3875 4409 3877 4483 1

3873 4523 3875 4591 1

3871 4627 3873 4699 1

3869 4777 3871 4807 |

3867 4881 3869 4915 |

3863 5099 3865 5131 |

3861 5185 3863 5239 |

3859 5301 3861 5345 1

3857 5399 3859 5453 1
