3904 6174
275 278 397 332 ειη
1779 271 1948 326 anas

2027 270 2107 324 (Ε.
3475 258 3582 315 30?.

1165 541 1960 658 EGINHARDI
2048 535 2708 650 CHARTE‘.

1078 861 1119 914 ι,
1931 854 2154 913 Aneat.
2188 849 2253 904 Et
2310 851 2353 904 si
2403 849 2597 918 aliquis
2646 857 2834 904 contra
2888 849 2993 904 hoc
3035 857 3236 902 nostrae
3277 845 3591 906 donationis

307 981 506 1036 Charta
543 974 1043 1050 qugAEginhardus,
1075 980 1342 1050 annuente
1373 952 1546 1050 {dum
1582 981 1746 1019 uxore
1777 980 1891 1043 sua,

379 1033 568 1105 cellarii
599 1033 933 1101 Micfi'elstadt
961 1033 1078 1096 cuin
1117 1039 1465 1110 appenditiis,
1499 1045 1725 1110 _retento_
1760 1033 1900 1101 ejus-

381 1123 500 1174 dem
554 1116 866 1186 usufructu,
918 1105 1238 1166 monasterio
1286 1105 1725 1162 Laureshamensi
1775 1119 1900 1156 con-

382 1192 542 1246 tam.
700 1255 864 1326 (Ann.
899 1217 1038 1319 διὸ,
1083 1250 1151 1304 12
1184 1246 1517 1320 Septembr.)

445 1368 700 1431 (Helvich,
723 1365 1061 1426 Antiquitates
1100 1362 1573 1421 Laureshuneuses,
1601 1375 1649 1423 p.
1675 1358 1777 1419 ιι.)

389 1473 652 1531 Dominus
691 1485 756 1525 ac
805 1469 1138 1538 Redemptor
1191 1473 1379 1521 noster
1425 1461 1785 1532 corporaliter
1841 1460 1898 1513 in

314 1565 487 1624 terris
513 1568 888 1624 conversatus,
923 1559 1190 1622 homines,
1223 1556 1396 1611 variis
1431 1554 1686 1610 sordibus
1710 1565 1906 1620 pecca-

312 1670 499 1713 torum
544 1651 878 1722 inquinatos,
904 1648 1198 1703 admonere
1229 1647 1482 1716 dignatus
1527 1651 1632 1706 est,
1669 1642 1858 1696 dicens
1890 1657 1902 1692 :

319 1747 454 1801 Date
481 1743 884 1811 eleemosynam,
913 1746 964 1791 et
988 1753 1104 1790 ecce
1153 1733 1330 1790 omnia
1356 1734 1556 1786 munda
1583 1738 1707 1785 sunt
1732 1728 1906 1792 vobis;

314 1846 378 1894 et
405 1837 602 1892 iterum
638 1851 652 1887 :
691 1829 878 1885 Facite
898 1828 1044 1883 vobis
1073 1828 1273 1881 amicos
1297 1824 1363 1878 de
1383 1839 1687 1878 mammona
1715 1820 1909 1890 iniqui-

323 1934 475 1998 tatis,
503 1931 595 2002 qui
625 1944 712 1985 vos
736 1926 990 1996 recipiant
1013 1923 1071 1977 in
1088 1932 1288 1976 (eterna
1311 1916 1671 1972 tabernacula.
1702 1914 1910 1969 idcirco

327 2043 430 2084 nos
449 2066 464 2091 ,
492 2025 546 2078 in
575 2021 749 2092 ipsius
790 2018 888 2072 Dei
913 2011 1304 2084 omnipotentis
1329 2019 1386 2066 et
1412 2011 1516 2065 ista
1547 2007 1792 2076 iubentis
1815 2020 1912 2060 no—

320 2117 489 2179 mine,
515 2109 862 2182 Eginhardus
886 2113 942 2161 et
973 2104 1164 2169 Imma,
1196 2100 1359 2156 simul
1405 2100 1472 2155 de
1498 2098 1674 2154 salute
1701 2097 1913 2150 anima-

2001 948 2384 996 testamentum
2417 938 2683 994 resultare
2714 937 2965 1003 voluerit,
2992 944 3085 990 aut
3129 936 3259 992 illud
3285 937 3591 992 convellere

2001 1038 2162 1099 atque
2212 1045 2476 1084 evacuarc
2507 1028 2873 1097 temptaverit,
2921 1027 3174 1095 primitus
3218 1025 3497 1081 Christum
3533 1037 3589 1082 ct

2001 1127 2247 1173 sanctum
2276 1127 2569 1188 martyrem
2605 1116 2722 1184 ejus
2756 1116 3049 1170 Nazarium
3093 1115 3340 1172 nefandis
3369 1118 3593 1171 ausibus

2002 1211 2114 1263 suis
2167 1209 2502 1264 contrarium
2538 1209 2758 1273 sentiat,
2794 1216 2849 1261 et
2895 1208 3136 1277 insuper,
3187 1206 3321 1261 ﬁsco
3367 1207 3590 1261 distrin-

2004 1308 2183 1369 gente,
2216 1298 2468 1352 mulctam
2495 1298 2561 1352 de
2588 1299 2750 1352 rebus
2780 1297 3014 1367 propriis
3053 1297 3195 1366 parti
3225 1296 3470 1364 praedicti
3500 1310 3593 1349 ve-

2003 1389 2261 1443 nerabiiis
2292 1388 2604 1442 monasterii
2635 1396 2857 1442 coactus
2889 1385 3154 1450 exsolvat,
3190 1386 3306 1439 auri
3344 1386 3595 1440 videlicet

2006 1480 2199 1536 libram
2230 1495 2411 1543 unam,
2455 1480 2662 1549 argenti
2702 1479 2881 1548 pondo
2926 1494 3022 1532 xn.
3055 1477 3122 1531 Et
3153 1479 3256 1532 hoc
3298 1486 3597 1532 testamen-

2007 1580 2143 1634 tum,
2191 1579 2354 1640 atque
2386 1570 2503 1623 hmc
2539 1569 2760 1622 donatio
2807 1577 2990 1622 nostra
3023 1567 3177 1622 ﬁrma
3225 1577 3280 1622 et
3332 1567 3589 1621 inviolata

2008 1669 2345 1732 permaneat.
2393 1659 2462 1713 Et
2511 1658 2579 1724 si,
2609 1673 2935 1728 quocunque
2985 1667 3247 1727 tempore,
3283 1673 3310 1710 a
3350 1656 3596 1726 quolibet
3655 1719 3658 1723 λ

2011 1753 2230 1808 homine
2255 1751 2402 1806 aliud
2431 1751 2849 1806 instrumentum
2873 1751 2929 1804 in
2950 1757 3138 1804 nostro
3165 1747 3386 1802 nomine
3414 1747 3596 1816 prola—

2010 1854 2125 1900 tum
2152 1843 2336 1909 fuerit,
2359 1843 2504 1913 quod
2533 1843 2661 1897 huic
2701 1851 2888 1897 nostro
2912 1848 3235 1896 testamento
3266 1838 3603 1893 contrarium

2015 1935 2106 2000 sit,
2125 1933 2386 1988 indicium
2404 1932 2658 1986 datorum
2687 1931 2931 1986 anterius
2951 1929 3036 1984 vel
3061 1927 3336 1998 posterius
3372 1927 3600 1990 habens,

2012 2024 2230 2079 etiamsi
2259 2039 2424 2078 manu
2470 2032 2656 2077 nostra
2683 2022 2933 2076 videatur
2956 2020 3042 2075 vel
3077 2019 3288 2074 dicatur
3335 2033 3457 2072 esse
3513 2017 3604 2070 ﬁr—

2015 2124 2244 2183 matum,
2273 2131 2503 2171 vacuum
2541 2123 2598 2171 et
2626 2116 2786 2169 inane
2838 2120 3136 2177 remaneat,
3183 2118 3238 2164 et
3267 2109 3475 2164 nullum
3529 2108 3607 2162 ef-

324 2223 452 2264 mm
490 2212 801 2259 ¹¹⁰³ί¹⁵³τ¹¹¹¹¹
827 2197 1150 2268 οοείυωθθν
1172 2202 1229 2248 et
1256 2193 1323 2248 de
1351 2189 1631 2246 θδοιθίηηδ
1670 2186 1914 2257 peccati“
1940 2206 1989 2265 B
2017 2206 2218 2263 fectum
2265 2207 2538 2271 obtineat;
2589 2205 2703 2270 sed,
2735 2213 2794 2258 ut
2821 2202 3193 2273 praediximus,
3229 2200 3350 2254 haec
3392 2197 3610 2254 donatio

327 2297 556 2360 nostris,
580 2295 865 2358 beataeque
895 2301 960 2341 ac
989 2291 1264 2356 perpetuae
1299 2281 1428 2335 vita:
1449 2278 1690 2348 praemiis
1721 2291 1916 2332 conse-

327 2386 562 2458 quendis
585 2382 704 2452 pari
727 2378 1014 2435 devotione
1040 2379 1340 2429 tractantes
1355 2411 1370 2436 ,
1399 2370 1505 2423 hoc
1532 2375 1918 2423 testamentum

330 2457 520 2534 facere
561 2471 922 2529 decrevimus.
974 2465 1080 2520 Per
1106 2463 1253 2533 quod
1293 2467 1588 2530 spontanea
1618 2465 1678 2512 et
1713 2457 1921 2525 integra

334 2567 618 2622 voluntate
662 2562 948 2623 donamus,
977 2556 1124 2627 quod
1163 2555 1232 2609 ab
1260 2551 1525 2608 hodierna
1551 2549 1641 2604 die
1667 2547 1924 2604 donatum

340 2671 463 2712 esse
489 2654 762 2718 volumus,
792 2650 846 2705 id
895 2655 1014 2714 est,
1048 2645 1240 2701 cellam
1284 2641 1456 2697 nostri
1493 2639 1637 2709 juris
1667 2635 1927 2693 vocabulo

340 2747 706 2808 Hichlenstat,
732 2742 893 2797 sitam
918 2740 972 2794 in
997 2752 1138 2809 pago
1173 2735 1507 2803 Plumgowc,
1541 2731 1594 2784 in
1635 2729 1776 2784 silva
1806 2742 1929 2798 quae

339 2837 544 2894 dicitur
571 2829 891 2890 Odenewalt
912 2843 1076 2900 super
1105 2825 1330 2881 ﬂuvium
1356 2821 1736 2892 Mimilingum,
1761 2833 1928 2888 quam

340 2927 501 2983 nobis
538 2922 964 2996 gloriosissimus
1015 2919 1268 2990 princeps
1301 2916 1533 2971 domnus
1580 2910 1930 2966 Hludowicus

339 3021 640 3088 imperator
659 3013 966 3084 largissima
989 3008 1318 3064 liberalitate
1339 3003 1632 3067 cocessit,
1655 3009 1714 3057 et
1726 3002 1794 3056 de
1807 2998 1932 3068 jure

341 3124 443 3166 suo
472 3109 528 3163 in
560 3114 809 3162 nostrum
849 3101 940 3170 jus
966 3100 1194 3158 solemni
1233 3098 1523 3154 donatione
1548 3093 1844 3157 transtulit,
1869 3107 1934 3147 ac

345 3199 608 3270 praecepti
651 3197 736 3252 sui
763 3195 1092 3251 auctoritate
1115 3192 1170 3246 in
1210 3189 1599 3260 proprietatem
1624 3184 1780 3239 nobis
1805 3198 1934 3238 con-

348 3275 611 3344 ﬁrmavit.
639 3285 814 3350 Hanc,
845 3293 905 3338 ut
955 3282 1216 3345 diximus,
1261 3277 1456 3334 cellam
1490 3277 1592 3332 sub
1623 3272 1938 3345 integritate

345 3397 472 3436 cum
519 3378 772 3435 omnibus
799 3373 1137 3446 appendiciis
1183 3379 1240 3428 et
1289 3368 1538 3425 terminis
1565 3366 1700 3431 suis,
1730 3373 1936 3421 etcum

346 3470 603 3528 omnibus
631 3469 700 3524 ad
722 3483 781 3523 se
804 3465 1222 3537 pertinentibus,
1251 3462 1304 3518 id
1336 3469 1440 3526 est,
1470 3458 1735 3523 basilicis,
1757 3455 1936 3512 domi-

2020 2314 2206 2360 nostra
2250 2303 2474 2373 perenni
2505 2301 2802 2356 stabilitate
2844 2298 3000 2353 ﬁrma
3035 2304 3090 2351 et
3137 2293 3460 2350 inviolabilis
3489 2306 3613 2362 per-

2022 2401 2253 2457 severet,
2292 2391 2639 2463 stipulatione
2667 2389 2918 2445 subnixa.
2974 2387 3043 2441 Et
3069 2393 3130 2440 ut
3165 2385 3267 2439 hoc
3312 2391 3611 2438 testamen-

2026 2495 2158 2549 tum,
2204 2485 2361 2554 juxta
2409 2484 2546 2554 legis
2586 2481 3056 2544 consuetudinem,
3090 2479 3358 2546 integram
3397 2473 3618 2529 ﬁrmita-

2027 2584 2136 2630 tem
2165 2574 2415 2644 accipiat,
2441 2573 2900 2649 propriailmanus
2925 2567 3326 2635 subscriptione
3365 2562 3614 2618 illud'ﬁr-

2028 2681 2182 2722 mare
2206 2665 2570 2729 decrevimus,
2609 2670 2665 2718 et
2694 2662 3014 2717 idoneorum
3055 2658 3298 2722 testium,
3321 2656 3412 2726 qui
3443 2655 3616 2724 ipsam

2028 2761 2375 2817 donationem
2423 2758 2697 2822 viderunt,
2734 2755 3026 2826 signaculis
3075 2751 3323 2808 roborari
3369 2748 3618 2803 fecimus.

2028 2884 2100 2895 —
2120 2852 2284 2907 Facta
2305 2850 2525 2906 donatio
2554 2849 2610 2904 in
2631 2848 3004 2902 Laureshamo
3033 2839 3388 2904 monasterio,
3415 2855 3456 2894 ιι
3496 2837 3620 2892 ldus

2034 2943 2404 3013 Septembris,
2444 2955 2588 2995 anno
2624 2956 2679 2994 vi
2735 2936 2890 3008 regni
2931 2934 3134 2990 domini
3191 2930 3366 2986 nostri
3413 2927 3620 2983 Hludo-

2031 3035 2158 3090 wici
2197 3031 2570 3106 gloriosissimi
2615 3027 2958 3100 imperatoris
3001 3025 3055 3080 in
3094 3022 3191 3079 Dei
3237 3020 3455 3076 nomine
3503 3017 3619 3072 feli-

2033 3127 2190 3183 citer.

2106 3217 2220 3288 Ego
2241 3215 2582 3288 Eginhardus
2607 3217 2861 3280 peccator
2897 3214 2954 3261 et
2991 3205 3222 3260 donator
3261 3196 3550 3268 recognovi
3574 3205 3632 3250 et

2039 3324 2204 3366 manu
2229 3307 2447 3380 propria
2465 3302 2784 3372 subscripsi.
2818 3300 2931 3369 Ego
2961 3297 3131 3351 lmma
3149 3290 3402 3350 consensi
3427 3297 3484 3344 et
3499 3288 3627 3342 sub—

1984 3443 1988 3447 λ
2041 3405 2255 3474 scripsi.
2285 3403 2327 3472 οι-
2354 3401 2582 3471 Signum
2607 3394 2961 3466 Rabangarii.
2993 3393 3035 3463 ιι-
3061 3391 3290 3461 Signum
3336 3385 3628 3442 Warboto-

2038 3496 2143 3550 nis.
2171 3494 2212 3565 -ι-
2243 3493 2469 3563 Signum
2500 3488 2787 3544 Woll'berti
2815 3494 2872 3540 et
2898 3484 3150 3538 aliorum.

347 3565 472 3629 hus’
493 3559 812 3654 “mitisque
837 3555 1102 3654 amuli"
1134 3551 1542 3654 ιθηίδζρηιίῗῖ
1577 3549 1937 3654 ³ί¹νί³’,,Ῠ²ξ¹¹’
1962 3560 2008 3622 C
2041 3549 2070 3550 ἢ
2113 3549 2226 3654 Ego
2252 3549 2613 3637 Himimarus
2641 3578 2904 3631 diaconus
2929 3582 2984 3626 et
3024 3570 3270 3624 notarius
3316 3563 3633 3634 imperialis,

352 3654 457 3722 pis,
479 3651 716 3723 pascuis,
745 3649 923 3718 aquis,
947 3659 1280 3716 aquarumve
1306 3642 1642 3703 decursibus,
1671 3638 1832 3694 cultis
1859 3636 1936 3690 lo-

351 3744 434 3798 cis
461 3749 515 3797 et
547 3739 786 3804 incultis,
813 3737 1104 3793 mobilibus
1143 3734 1305 3788 rebus
1349 3739 1403 3786 et
1450 3729 1836 3793 immobilibus,
1877 3740 1942 3778 ac

357 3835 561 3906 seipsas
591 3830 960 3894 moventibus,
989 3824 1280 3894 mancipiis
1319 3821 1519 3878 diversi
1546 3834 1706 3876 sexus
1729 3825 1786 3872 et
1807 3824 1942 3870 aeta-

361 3931 430 3984 tis
447 3968 463 3995 ,
485 3941 712 3984 numero
731 3932 974 3987 centum,
997 3921 1262 3976 donamus
1289 3925 1344 3972 et
1370 3915 1636 3970 tradimus
1662 3910 1730 3965 ad
1761 3907 1945 3962 basili-

359 4036 480 4076 cam
509 4019 626 4074 sive
675 4013 1068 4072 monasterium
1097 4007 1394 4065 venerandi
1434 4004 1690 4074 martyris
1740 3999 1944 4056 Christi

361 4105 754 4176 Nazarii,quod
775 4111 1004 4159 vocatur
1025 4099 1382 4161 Lauresham,
1398 4103 1454 4149 et
1475 4101 1559 4149 est
1578 4096 1949 4148 constructum

363 4203 417 4256 in
455 4216 594 4272 pago
651 4198 970 4260 Rhenense,
1017 4194 1073 4248 in
1119 4192 1236 4262 ripa
1280 4187 1515 4245 ﬂuminis
1555 4185 1702 4255 quod
1752 4181 1950 4238 dicitur

366 4271 610 4362 Wisgoz,
646 4289 737 4345 ubi
765 4297 1010 4356 tempore
1038 4281 1296 4355 prasenti
1337 4279 1423 4333 vir
1451 4273 1778 4332 venerabilis
1806 4271 1949 4325 Ada-

365 4387 562 4456 lungus
587 4383 726 4438 abba
758 4382 870 4436 Deo
895 4375 1254 4434 deservientis
1293 4367 1726 4442 congregationis
1764 4371 1954 4436 pastor

365 4488 423 4536 et
449 4487 630 4535 rector
656 4491 778 4533 esse
811 4472 1178 4544 cognoscitur.
1210 4468 1288 4524 Ea
1319 4463 1578 4520 videlicet
1601 4461 1813 4515 ratione
1841 4470 1955 4511 me-

368 4579 638 4629 moratam
686 4567 1035 4624 donationem
1065 4570 1229 4632 atque
1275 4557 1618 4613 traditionem
1670 4549 1954 4612 facientes,

2043 3651 2269 3742 rogante
2297 3668 2628 3742 Eginbardo,
2669 3667 2773 3720 hoc
2801 3667 3184 3718 testamentum
3211 3653 3404 3724 scripsi
3429 3659 3486 3708 et
3507 3651 3637 3706 sub—

2045 3764 2258 3834 scripsi.

2715 3855 2722 3864 '
2805 3841 2879 3895 ll.

2049 3942 2343 4012 Descriptio
2366 3939 2603 4012 locorum
2643 3934 3089 4012 termino-rumque
3134 3925 3272 4012 uilla
3305 3921 3640 3977 Michelstadt

2467 4007 2532 4060 ab
2562 4007 2678 4076 ipso
2709 3998 3019 4073 Eginltardo
3059 3998 3220 4067 facta.

2633 4093 2884 4157 (Helvicb,
2914 4090 3055 4151 ibid.)

2054 4236 2066 4247 .
2122 4185 2388 4253 Quoniam
2411 4189 2540 4238 sunt
2552 4178 2772 4250 quidam
2798 4175 2908 4245 qui,
2932 4172 3073 4227 fastu
3095 4168 3340 4226 saeculari
3365 4176 3646 4238 turgentes

2052 4288 2109 4335 et
2129 4276 2451 4345 semetipsos
2486 4277 2750 4333 amantes,
2783 4283 2816 4322 a
2840 4264 3043 4322 Christi
3079 4261 3328 4317 ﬁdelibus
3356 4259 3527 4316 sacris
3552 4274 3647 4314 θεῖ-ε

2054 4370 2238 4427 clesiis
2266 4383 2363 4424 seu
2402 4361 2748 4438 monasteriis
2785 4357 3092 4414 contradita
3138 4354 3426 4417 invadunt,
3471 4362 3565 4406 aut
3591 4360 3650 4405 ut

2055 4461 2157 4517 sibi
2182 4451 2665 4522 haereditariojure
2689 4451 2980 4510 retineant,
3006 4454 3100 4500 aut
3141 4443 3402 4498 mundiali
3431 4441 3652 4496 balthco

2057 4554 2113 4609 in
2141 4548 2406 4607 beneﬁcio
2451 4544 2698 4600 dividant
2731 4559 2744 4592 :
2789 4553 2888 4608 ego
2927 4531 3292 4602 Eginhardus,
3321 4545 3391 4584 ne
3439 4530 3494 4583 in
3543 4528 3652 4589 bis,

371 4671 446 4728 ut,
476 4659 736 4734 quamdiu
766 4659 820 4713 in
847 4658 951 4712 hac
980 4614 1311 4708 mortallitate
1340 4649 1521 4704 divina
1541 4643 1787 4713 jussione
1810 4641 1960 4695 vixc-
2058 4656 2181 4713 qua:
2227 4638 2295 4695 de
2325 4634 2472 4706 regia
2502 4645 2663 4686 manu
2709 4622 3012 4682 ﬂludowici
3039 4617 3384 4690 imperatoris
3434 4615 3486 4669 in
3537 4614 3656 4667 loco

2167 4729 2219 4734 --
2394 4733 2398 4734 ν
2545 4729 2554 4734 ,
2669 4717 2680 4730 .
2740 4729 2930 4734 ΜΗ,
2978 4709 3287 4734 ,_,,__A_____
3339 4704 3628 4734 “mum,

371 4704 564 4818 ril’niiss
593 4750 891 4805 habeamus
937 4743 1253 4816 PriniCl—Im
1302 4738 1496 4795 cellam
1541 4704 1598 4790 in
1653 4740 1839 4788 nostra
1865 4746 1960 4801 ΡΟ-
2061 4704 2409 4787 hlichlenstat
2433 4717 2707 4782 contraxi,
2739 4729 2933 4770 manus
2978 4709 3289 4779 iniquorum
3339 4704 3652 4776 prmvaleat,

372 4796 589 4909 ‘05“;
616 4849 674 4898 ει
691 4841 792 4896 5th
813 4796 1002 4895 hostia
1029 4832 1396 4894 ordinatione,
1423 4829 1628 4895 absque
1657 4824 1818 4878 ullius
1844 4796 1964 4891 per-
2065 4823 2333 4882 advertat,
2365 4814 2611 4874 obsecro,
2644 4806 2883 4864 ﬁdelium
2935 4811 3043 4858 tam
3097 4796 3443 4869 sequentium
3493 4808 3656 4863 quam

1986 4905 2023 4909 —
2300 4906 2309 4909 -
2650 4899 2662 4909 .
3008 4893 3019 4906 .
3108 4906 3247 4909 ί
3279 4889 3382 4909 ΛΑ,
3414 4885 3629 4909 unum

372 4949 523 4991 some
544 4885 640 4988 aint
660 4929 947 5002 potestatis
975 4885 1406 4981 contradictione
1433 4917 1521 4972 vel
1542 4885 1958 4982 impedimento,
1986 4905 2039 4964 D
2065 4906 2411 4982 praesentium
2435 4899 2723 4963 memoria,
2747 4896 2983 4968 qualiter
3006 4893 3064 4948 in
3086 4906 3254 4948 unum
3275 4889 3385 4944 sint
3409 4885 3656 4946 collecta,

2147 5000 2174 5002 η
2781 4990 2793 5002 .
2855 4987 2889 5002 ..
2976 4984 3041 5002 ..ξ
3060 4991 3265 5002 μη,ᾼῴ
3313 4992 3431 5002 ,μή
3483 4976 3656 5002 ,Μηω

375 4976 523 4991 υνιυυν
544 4976 640 4988 --σ
661 4976 945 5002 rvvv'v—w-w
980 4976 1122 4981 -——--_
1139 4976 1160 4978 ἣν
1179 4976 1188 4978 ν
1626 4976 1642 4982 _
2065 4976 2081 4982 v

375 5035 490 5084 tam
515 5023 698 5089 simul,
743 5035 906 5092 quam
933 5015 1249 5089 singillatim
1288 5027 1386 5081 per
1431 5007 1862 5068 successionem,
1893 5002 1964 5066 si,
2068 5000 2331 5071 quibusve
2359 5007 2620 5064 expressa
2643 4987 2940 5046 vocabulis.
2976 4984 3270 5053 Postquam
3309 4992 3433 5033 eum
3483 4976 3658 5029 locum

2317 5087 2327 5092 -
2548 5081 2569 5092 '
2758 5080 2772 5092 -
2989 5076 3000 5088 ο
3027 5091 3036 5092 κ
3061 5090 3090 5092 κ-
3137 5066 3485 5092 Δ-.με--..ιξ,ι..2
3535 5063 3632 5092 μυι-

375 5132 490 5174 uno
517 5063 846 5186 superstiite,
886 5063 1078 5166 alterae
1103 5105 1260 5162 nobis
1287 5063 1414 5158 inte
1439 5096 1757 5155 decesserit.
1803 5063 1968 5149 Filios
2070 5063 2522 5161 praenominatum
2548 5076 3100 5136 Laureshamensium
3129 5066 3488 5128 dominationi
3535 5063 3661 5119 sub-

1835 5185 1841 5186 ν
1917 5185 1923 5186 κ
2076 5185 2081 5186 κ
2303 5180 2334 5186 -.
2509 5177 2521 5186 .
2646 5175 2659 5186 .
3042 5185 3054 5186 ί
3320 5161 3492 5186 ..Μ-η,
3553 5165 3634 5186 ,Μ

377 5161 617 5282 quoquer
645 5207 693 5262 si
741 5218 843 5260 nos
891 5202 1095 5256 habere
1139 5193 1444 5265 contigerit,
1491 5205 1632 5245 unus
1681 5202 1749 5242 ex
1797 5185 1878 5240 eis
1914 5185 1968 5236 in
2067 5185 2258 5254 jugare
2284 5177 2548 5248 disposui,
2594 5173 2818 5230 adscitis
2862 5170 3062 5240 quibus
3100 5174 3287 5221 notum
3320 5161 3519 5222 fuerat,
3553 5165 3662 5212 ter-

1589 5280 1596 5282 ‘
1873 5275 1886 5282 '
2135 5273 2146 5282 ·
2343 5278 2353 5282 -
2523 5269 2538 5282 -
2600 5265 2632 5282 ιν
2671 5265 2910 5282 ιιςμᾼ--μ
2942 5249 3554 5282 12:2--_...-:..-M.:...,,,:
3609 5256 3661 5282 ,η

381 5249 575 5356 mm
629 5294 975 5368 possessione
1023 5289 1178 5344 nobis
1215 5286 1340 5356 jure
1391 5280 1640 5353 precario
1694 5275 1965 5332 succedat.
2077 5273 2281 5328 minum
2305 5278 2360 5324 et
2388 5265 2651 5324 vocabula
2671 5265 2914 5318 locorum
2937 5259 3221 5327 diligenter
3239 5249 3578 5321 investigavi,
3609 5256 3664 5302 et

2269 5360 2281 5368 .
2525 5356 2536 5368 .
2692 5362 2702 5368 .
2777 5352 2790 5364 ο
2852 5367 2878 5368 ,,
2921 5362 3098 5368 δη-..
3145 5345 3438 5368 1-..ι-,.......,.
3485 5338 3659 5368 “una;

384 5392 516 5449 Post
551 5338 756 5447 obiqu
799 5402 931 5442 vero
981 5389 1255 5444 nostrum,
1308 5382 1606 5432 memorata
1657 5369 1795 5426 cella
1845 5382 1970 5423 cum
2077 5360 2286 5419 recenti
2314 5356 2576 5413 memoria
2615 5352 2887 5409 notarium
2920 5362 3103 5404 meum
3143 5345 3440 5400 Lutherum
3483 5338 3664 5410 expri-

387 5483 537 5538 omni
581 5479 892 5551 integritate
928 5474 995 5530 ad
1023 5469 1483 5543 przenominatuur
1505 5459 1814 5518 venerabile
1857 5472 1972 5512 mo-
2080 5468 2229 5510 mere
2275 5449 2472 5504 litteris
2519 5445 2655 5516 jussi
2697 5458 2807 5498 :-ea
2848 5439 3103 5495 videlicet
3153 5432 3662 5504 circumspectione,

1679 5549 1685 5551 Α
1732 5549 1742 5551 ξ
2159 5543 2170 5551 ⁶
2327 5540 2358 5551 "
2680 5549 2694 5551 —
2714 5541 2751 5551 ~-
2768 5531 2994 5551 λλ-ε--η-ι
3025 5529 3096 5551 --ξ-
3117 5525 3310 5551 --μ-ιιέη
3331 5522 3662 5551 ,ειη-,ἶιηιηηη-

734 5522 891 5533 .....--
929 5522 994 5530 __
1024 5522 1236 5543 την-η

393 5522 727 5627 nasterimiia
714 5569 918 5635 absque
943 5563 1102 5618 ullius
1130 5555 1557 5614 contradictione
1582 5549 1894 5617 recipiatur,
1919 5553 1975 5602 et
2081 5543 2207 5613 quia
2232 5540 2521 5593 multorum
2549 5531 2998 5588 inonastcriorum
3020 5529 3100 5585 eis
3115 5522 3667 5598 praediaconjungun-

397 5665 450 5718 in
495 5662 613 5732 ejus
665 5663 931 5730 potestate
979 5662 1138 5722 atque
1173 5647 1410 5705 dominio
1455 5648 1716 5715 perpetuo
1764 5651 1977 5705 perma—
2089 5645 2191 5705 tur,
2222 5640 2274 5688 ct
2297 5631 2636 5687 diversorum
2657 5625 3000 5682 dominorum
3035 5618 3297 5679 beneﬁcia
3327 5617 3665 5684 circumqua-
