3976 6170
371 228 476 284 605

1826 220 2135 282 CHARTJE

3536 224 3645 281 606

372 344 451 398 rei
478 340 920 411 compensatione
946 341 1097 396 dedit
1117 346 1341 396 econtra
1365 341 1594 396 domnus
1617 336 1960 409 Eginbardus
1988 339 2037 396 Α
2061 331 2155 400 qui
2196 329 2335 385 infra
2378 331 2708 387 monasterio
2743 338 2885 395 sunt,
2931 331 2982 385 in
3025 330 3395 399 anniversaria
3425 332 3501 385 tui
3539 347 3644 402 pro

371 432 699 489 venerabilis
726 431 894 486 abbas
935 431 1181 501 partibus
1226 439 1427 486 sanetae
1456 430 1638 485 Maria:
1686 428 1955 496 mancipia

374 528 482 580 duo
509 525 595 578 his
630 522 958 586 nominibus,
990 521 1230 577 lmboldo
1256 529 1310 576 et
1338 520 1678 586 Vulframno,
1709 521 1783 573 ita
1808 526 1868 572 ut
1887 519 1963 573 ab

373 614 638 670 hodierna
670 613 758 667 die
782 610 1041 680 quidquid
1079 611 1146 667 de
1174 611 1276 667 hoc
1301 611 1445 680 quod
1475 610 1841 679 unusquisque
1888 623 1955 663 ex

374 707 534 761 nobis
561 705 791 774 accepit,
822 719 921 775 pro
956 703 1321 774 oportunitate
1356 718 1453 757 sua
1497 702 1676 768 facere
1701 700 1953 770 elegerit,

373 798 605 852 liberum
635 797 690 850 in
716 796 967 851 omnibus
999 794 1312 866 perfruatur
1341 794 1583 848 arbitrio.
1615 793 1682 846 Et
1704 792 1835 846 illud
1858 808 1957 861 pro

374 889 652 944 ﬁrmitatis
675 888 915 943 studium
932 888 1075 942 inter
1095 902 1194 943 nos
1214 884 1728 956 successoribuswe
1758 884 1959 941 nostris

374 981 619 1036 inserere
647 986 886 1049 pactum,
927 985 988 1032 ut
1031 979 1163 1032 duas
1207 974 1464 1046 epistolas
1509 974 1577 1030 de
1620 975 1725 1029 hac
1754 966 1813 1028 re
1851 986 1960 1027 une

375 1081 570 1127 tenore
580 1068 918 1136 conscriptas
940 1065 1119 1122 facere
1141 1081 1237 1121 seu
1260 1067 1607 1121 conscribere
1619 1065 1957 1120 deberemus.

374 1162 533 1230 Quod
563 1162 639 1214 ita
664 1166 720 1214 et
740 1157 985 1213 fecimus.
1016 1156 1128 1211 Nec
1154 1155 1329 1219 nobis,
1358 1170 1533 1225 neque
1556 1155 1963 1210 successoribus

375 1252 605 1315 nostris,
635 1257 827 1306 contra
852 1264 983 1318 pare
1006 1236 1197 1303 suo'de
1219 1249 1324 1303 hoc
1350 1248 1492 1316 quod
1508 1248 1728 1319 "accepit
1758 1263 1789 1301 a
1834 1262 1963 1316 pare

374 1358 481 1398 suo
521 1342 634 1396 ullo
660 1355 900 1411 unquam
938 1323 1178 1408 tempore
1208 1338 1539 1393 calumniam
1589 1338 1827 1406 aliquam
1874 1339 1959 1393 vel

376 1434 706 1505 repetitione
747 1446 1010 1503 generare
1055 1438 1366 1501 prtesumat.
1408 1429 1561 1496 Quod
1608 1430 1700 1497 qui
1744 1429 1961 1495 fecerit,

379 1541 498 1581 rem
531 1539 693 1594 quam
721 1523 929 1592 accepit
952 1523 1190 1587 amittat,
1222 1531 1277 1576 et
1304 1522 1526 1590 insuper
1558 1521 1679 1586 pari
1707 1535 1837 1585 suo,
1872 1536 1965 1577 co-

378 1622 542 1686 gente
575 1613 728 1678 ﬁsco,
758 1613 874 1667 auri
903 1612 1041 1667 libra
1070 1628 1194 1676 una,
1230 1611 1439 1681 argenti
1466 1610 1680 1679 pondua
1709 1625 1803 1665 sex
1834 1626 1962 1665 coa-

2056 424 2237 478 anima
2272 430 2381 476 tua.
2413 423 2579 478 Facta
2605 422 2873 493 prestaria
2913 423 2966 476 in
2997 422 3329 479 monasterio
3356 422 3643 479 Blandinio

2054 512 2269 583 publico
2319 514 2421 568 sub
2464 513 2551 567 die
2594 529 2672 567 xu
2725 513 2833 566 kal.
2882 511 3041 567 Febr.
3072 527 3213 568 anno
3255 529 3344 568 xvi
3382 524 3645 585 regnante

2055 602 2253 656 domno
2294 610 2483 671 nostro
2518 602 2835 658 Hludowico
2867 603 3261 673 gloriosissimo
3292 605 3640 675 imperatore.

2123 692 2163 761 δίο
2190 692 2301 761 Ego
2341 693 2682 763 Eginhardus
2708 695 2876 749 abbas
2912 695 3200 764 recognovi
3231 703 3283 749 et
3323 696 3642 765 subscripsi.

2056 812 2125 821 —
2165 781 2314 853 Sign.
2352 783 2650 853 Egeshario
2694 784 3053 839 vicedomino.
3100 814 3171 823 —
3202 782 3351 854 Sign.
3380 783 3649 840 Badurico

2058 880 2244 928 custos
2270 873 2390 944 (sic)
2420 874 2758 951 presbytero.
2805 874 3049 945 ——Sign.
3090 874 3405 943 Wincgario
3441 877 3648 931 decano

2059 964 2391 1032 presbytero.
2462 990 2534 1003 —-
2591 962 2743 1033 Sign.
2801 958 3120 1025 Fletuualdo
3165 964 3508 1036 presbytero.
3567 996 3641 1006 ——

2064 1052 2214 1123 Sign.
2240 1053 2604 1108 Ermenlando
2624 1054 2965 1124 presbytero.
2990 1085 3063 1094 —
3087 1055 3239 1125 Sign.
3263 1055 3651 1126 Regenmundo

2062 1142 2399 1213 presbytero.
2413 1174 2484 1184 —
2496 1142 2646 1214 Sign.
2672 1143 3049 1215 Tbcgenlando
3062 1146 3397 1216 presbytero.
3410 1175 3483 1184 —
3494 1144 3646 1216 Sign.

2064 1232 2364 1305 ilrodgario
2391 1235 2640 1291 diacono.
2670 1265 2749 1275 —-
2767 1234 2920 1307 Sign.
2950 1234 3229 1292 Jobannus
3272 1236 3389 1308 (sic)
3430 1236 3652 1292 subdia-

2065 1337 2222 1377 cono.
2269 1330 2340 1363 '-—
2384 1324 2534 1396 Sign.
2585 1325 2747 1381 Odric
2792 1326 3141 1381 subdiacono.
3187 1354 3259 1375 -ς-
3291 1325 3443 1397 Sign.
3486 1326 3649 1381 Teut-

2065 1417 2267 1469 mundo
2292 1416 2509 1470 clerico.
2530 1448 2600 1456 —
2626 1416 2775 1488 Sign.
2807 1417 3140 1475 Folcuuinzo
3157 1419 3374 1473 clerico.
3400 1449 3472 1458 —
3494 1417 3646 1489 Sign.

2067 1501 2348 1572 Sigeberto
2396 1506 2613 1562 clerico.
2658 1537 2729 1548 —
2772 1506 2923 1578 Sign.
2954 1508 3276 1564 Brunhardo
3324 1509 3544 1564 clerico.
3580 1538 3650 1547 —

2069 1590 2218 1662 Sign.
2250 1594 2540 1667 Adalgario
2586 1597 3093 1670 diacono.-—Sign.
3134 1598 3468 1667 Egelmundo
3505 1613 3657 1668 pres-

381 1673 502 1760 ἕως
545 1703 809 1769 exsolvat,
837 1710 892 1758 et
930 1702 1181 1772 repetitio
1207 1673 1321 1755 suav
1336 1699 1542 1754 nullum
1569 1699 1812 1756 obtineat
1835 1699 1964 1755 effe-

2072 1682 2274 1772 bytero.
2300 1716 2371 1724 —
2411 1684 2562 1756 Sign.
2622 1686 2988 1743 Erchenmaro
3055 1688 3390 1758 presbytero.
3429 1716 3503 1728 —
3538 1685 3657 1757 Ego

380 1804 553 1862 ctum,
595 1795 693 1850 sed
738 1803 1033 1865 przesentes
1062 1792 1517 1849 commutationes
1560 1791 1660 1846 bas
1691 1791 1880 1846 ﬁrmas
1914 1802 1971 1853 et

380 1892 605 1947 stabiles
646 1892 863 1947 valeant
906 1893 1217 1962 perdurare.
1263 1920 1334 1931 -—
1358 1890 1555 1945 Actum
1602 1888 1970 1962 Argentogelo

381 1991 508 2038 ante
525 1982 748 2038 basilica
770 1992 968 2038 sanctae
990 1981 1190 2048 Mariae,
1236 1997 1378 2036 anno
1400 1980 1684 2036 undecimo
1708 1984 1969 2050 regnante

381 2072 602 2127 domino
625 2071 940 2127 llludowico
962 2073 1203 2143 piissimo
1226 2073 1574 2142 imperatore.
1822 2090 1833 2112 ε

453 2163 495 2230 -ι-
522 2162 747 2233 Signum
770 2163 1056 2232 Egishario
1076 2162 1435 2217 vicedomino.
1458 2163 1498 2232 -ι-
1514 2162 1741 2233 Signum
1769 2161 1974 2217 Theot-

358 2248 563 2306 boldo.
596 2253 638 2321 -ι-
664 2251 888 2322 Signum
914 2249 1153 2305 Derulfo.
1186 2251 1228 2321 1-
1257 2250 1485 2319 Signum
1509 2250 1791 2305 Berhario.
1820 2249 1861 2321 1-
1891 2247 1973 2303 Sl-

387 2359 554 2413 gnum
579 2342 829 2397 Aneloni.
858 2341 898 2410 ’ί-
932 2340 1157 2411 Signum
1181 2340 1472 2395 Anseluco.

1149 2450 1214 2505 ν.

390 2562 948 2632 CItarla__Eginhardi
997 2560 1055 2615 S.
1105 2558 1723 2632 BiandiniihGandensis
1773 2560 1975 2632 abbatis

457 2650 565 2703 qua
593 2629 897 2703 Noidbertq
919 2630 1194 2703 privatone
1216 2630 1739 2703 conceditquasdum
1785 2646 1869 2685 res
1903 2631 1976 2684 ad

460 2699 836 2757 monasterium
860 2699 1236 2756 Blandiniense
1260 2699 1326 2755 ab
1367 2699 1547 2755 eodem
1570 2699 1859 2769 delegatus.

896 2807 1021 2881 (An.
1060 2807 1183 2875 850,
1213 2807 1278 2862 2i
1313 2806 1460 2877 Jan.)

819 2900 1044 2962 (Teulet,
1074 2900 1199 2963 Qpp.
1234 2899 1542 2962 Eginhardi.)

459 2972 784 3043 Venerabile
809 2984 866 3038 in
890 2982 1111 3039 Christo
1135 2982 1475 3053 Eginbardus
1495 2983 1683 3037 abbas.

385 3089 472 3136 est
508 3079 842 3150 incognitum
873 3077 1109 3147 qualiter
1138 3091 1226 3132 res
1247 3084 1368 3131 tuas
1394 3077 1541 3147 quod
1566 3084 1620 3130 tu
1648 3078 1973 3147 comparasti

387 3183 442 3229 et
483 3172 551 3229 ad
596 3172 984 3228 monasterium
1033 3177 1279 3226 nostrum
1325 3168 1595 3224 tradidisti
1630 3177 1685 3223 et
1725 3170 1792 3225 ad
1836 3184 1973 3239 opus

388 3264 622 3320 fratrum
668 3270 979 3319 nostrorum
1025 3261 1285 3329 delegasti
1324 3271 1496 3329 atque
1549 3258 1777 3315 ﬁrmasti
1803 3300 1821 3324 ,
1879 3260 1974 3314 sed

389 3364 575 3427 postea
606 3363 697 3409 tua
725 3353 827 3407 fuit
867 3352 1077 3422 petitio,
1107 3359 1163 3405 et
1198 3357 1383 3405 nostra
1414 3364 1522 3404 non
1550 3348 1838 3419 denegavit
1879 3362 1975 3402 vo-

386 3448 588 3511 luntas,
620 3452 685 3498 ut
709 3442 878 3514 ipsam
907 3457 1022 3496 rem
1048 3450 1103 3496 ct
1130 3439 1219 3494 illa
1249 3448 1415 3504 terra,
1440 3439 1582 3510 quod
1603 3438 1972 3494 Thiodsumda

389 3536 600 3602 habuit,
628 3552 726 3607 per
752 3534 1075 3592 beneﬁcium
1110 3540 1355 3587 nostrum
1383 3530 1481 3586 tibi
1525 3530 1830 3586 Nordberto
1871 3531 1973 3585 hoc

386 3618 838 3695 prestitissemus.
868 3624 1023 3691 Quod
1064 3624 1138 3677 ita
1168 3629 1225 3677 et
1264 3620 1522 3685 fecimus;
1554 3628 1609 3673 et
1636 3621 1703 3673 ad
1748 3632 1974 3675 onorem

389 3728 545 3772 tuum
568 3715 784 3787 quando
809 3714 1100 3789 aliquantis
1124 3712 1457 3783 temporibus
1480 3711 1549 3769 ad
1578 3710 1971 3767 monasterium

392 3819 639 3868 nostrum
664 3812 899 3875 venires,
931 3809 1028 3864 tibi
1065 3806 1395 3878 provendam
1420 3806 1552 3860 dare
1575 3804 1842 3859 faciamus
1861 3844 1879 3870 ,
1918 3812 1974 3859 et

389 3920 491 3974 pro
518 3919 623 3958 usu
641 3902 941 3958 fructuario
961 3899 1029 3954 de
1052 3901 1198 3967 ipsas
1223 3911 1311 3951 res
1340 3896 1498 3951 nobis
1527 3910 1749 3950 censum
1784 3886 1973 3948 levas‘ti

388 4004 451 4050 ut
500 3994 657 4049 annis
690 3992 945 4064 singulis,
1000 3991 1066 4044 ad
1109 3987 1465 4042 festivitatem
1516 3985 1689 4039 sancti
1738 3981 1968 4045 Martini,

388 4088 519 4141 dare
568 4084 768 4140 debeas
819 4080 1072 4138 denarios
1104 4096 1167 4143 ιι,
1197 4086 1252 4132 et
1277 4077 1455 4146 ipsum
1502 4088 1728 4130 censum
1776 4072 1974 4127 debent

388 4176 593 4230 fratres
616 4173 883 4242 accipere.
923 4171 993 4226 Et
1029 4171 1112 4225 sic
1139 4169 1301 4224 nobis
1325 4164 1639 4237 conplacuit
1660 4172 1823 4234 atque
1844 4177 1975 4218 con-

388 4266 540 4320 venit
564 4272 625 4318 ut
646 4264 792 4333 ipsas
805 4275 897 4316 res
922 4275 1025 4315 nec
1047 4259 1321 4323 venderis,
1337 4271 1440 4313 nec
1464 4256 1700 4321 donaris,
1720 4269 1820 4310 nec
1844 4253 1973 4308 alie-

2073 1769 2356 1829 Rinbadus
2382 1776 2622 1859 pres'byt.
2652 1776 2868 1846 scripsi.

2824 1909 2908 1966 VI.

2215 2019 2415 2075 Charta
2440 2020 2678 2091 ejusdem
2701 2022 2999 2092 argumenti
3026 2037 3125 2093 pro
3152 2020 3510 2093 Engelhando.

2458 2147 2622 2220 (Ann.
2652 2149 2758 2205 850
2784 2149 2871 2205 vel
2893 2149 3019 2216 859,
3053 2150 3083 2203 7
3114 2148 3290 2222 Sept.)

2146 2285 2468 2341 Venerabile
2495 2287 2552 2341 in
2576 2286 2796 2343 Christo
2819 2287 3136 2359 Eginbardo
3160 2288 3357 2343 abbate
3381 2288 3450 2345 de
3473 2304 3662 2345 mensa

2075 2378 2245 2433 sterio
2271 2379 2586 2442 Blandinio,
2608 2367 2814 2433 dilecto
2844 2379 3022 2433 amico
3066 2386 3253 2433 nostro
3296 2378 3658 2453 Engelhardo.
3680 2389 3699 2407 ·

2076 2467 2215 2523 Dum
2251 2485 2361 2524 non
2386 2474 2473 2524 est
2502 2470 2873 2540 incognitum,
2919 2467 3156 2538 qualiter
3183 2467 3419 2539 aliquam
3452 2469 3662 2524 alodem

2079 2565 2230 2614 tuum
2263 2557 2331 2611 ad
2363 2557 2755 2612 monasterium
2790 2565 3037 2612 nostrum
3077 2557 3346 2613 tradidisti
3375 2565 3539 2628 atque
3564 2558 3663 2614 ﬁr-

2078 2649 2261 2715 masti,
2299 2651 2404 2704 hoc
2436 2649 2603 2704 estin
2628 2663 2769 2720 pago
2795 2648 3104 2703 Rodaninsc
3132 2660 3160 2689 ι
3202 2648 3258 2702 in
3302 2649 3422 2704 loco
3446 2650 3543 2720 qui
3569 2664 3665 2705 νο-
3766 2711 3781 2724 ,

2079 2750 2236 2798 catur
2255 2741 2479 2806 Fanum,
2496 2756 2664 2813 prope
2689 2740 2906 2796 ﬁuviola
2933 2739 3215 2806 Absentia,
3262 2739 3316 2795 id
3350 2748 3435 2795 est
3464 2740 3664 2797 ibidem

2078 2848 2205 2888 casa
2231 2848 2353 2887 cum
2380 2833 2596 2897 curtile,
2633 2840 2751 2887 tum
2771 2831 2897 2888 aliis
2923 2831 3081 2887 tectis
3116 2839 3172 2887 et
3206 2832 3574 2902 watriscapud
3599 2833 3628 2875 ιι
3646 2873 3662 2899 ,

2078 2930 2135 2976 et
2161 2922 2229 2976 de
2251 2928 2399 2976 terra
2442 2919 2648 2975 arabile
2688 2927 2745 2975 et
2768 2921 2827 2974 in
2854 2918 3124 2975 Vaeberia
3148 2934 3372 2975 accrum
3395 2927 3451 2974 et
3483 2920 3550 2975 ad
3580 2936 3667 2976 se-

1701 2980 1842 3037 num
1862 2999 1972 3080 non
2001 3014 2045 3075 C
2075 3010 2390 3069 minandum
2416 3012 2560 3068 mod.
2590 3027 2661 3065 xv
2691 3018 2745 3067 et
2774 3011 2849 3066 ibi
2873 3026 2905 3067 e
2941 3010 3169 3080 pralello
3203 3011 3271 3065 ad
3300 3010 3483 3066 fenum
3513 3011 3666 3067 colli-

2070 3103 2306 3173 gendum
2347 3102 2560 3157 carrad.
2600 3117 2681 3156 nn
2718 3108 2773 3157 et
2818 3101 2870 3156 in
2894 3098 3298 3171 Wielingahem
3336 3110 3357 3139 ο
3398 3108 3553 3171 prato
3597 3104 3665 3157 ad

2070 3192 2259 3248 fenum
2281 3192 2654 3262 collegendum
2674 3192 2887 3247 earrad.
2910 3207 3010 3246 xu.
3034 3190 3146 3246 Haec
3163 3190 3369 3257 omnia,
3402 3192 3660 3261 quicquid

2068 3285 2143 3361 ad
2169 3286 2284 3356 ipsa
2312 3300 2436 3340 casa
2462 3283 2676 3354 aspicit,
2707 3282 2774 3336 ad
2797 3280 3186 3357 monasterium
3222 3288 3473 3335 nostmm
3492 3282 3662 3336 tradi-

2074 3375 2201 3430 disti
2228 3383 2390 3444 atque
2419 3372 2691 3437 ﬁrmasti;
2730 3371 2823 3427 sed
2857 3376 3043 3440 postea
3084 3377 3175 3425 tua
3225 3367 3327 3424 fuit
3366 3369 3578 3440 petitio,
3607 3377 3661 3422 et

2070 3452 2258 3519 nostra
2290 3477 2403 3517 non
2433 3460 2722 3532 denegavit
2754 3459 3025 3523 voluntas,
3056 3458 3311 3528 utipsam
3335 3457 3545 3514 alodem
3568 3473 3664 3525 per

2071 3553 2397 3608 beneﬁcium
2442 3559 2691 3630 nostrum
2742 3549 2839 3604 tibi
2888 3549 3288 3619 Engeibardum
3328 3556 3388 3602 et
3434 3563 3662 3602 uxorem

2073 3645 2219 3696 tuam
2250 3640 2660 3695 Heletradanem
2688 3636 3121 3707 prestitissimus.
3160 3634 3314 3700 Quod
3349 3634 3423 3687 ita
3449 3641 3504 3686 et
3532 3632 3663 3688 feci-

2075 3746 2197 3790 mus
2222 3739 2276 3785 et
2299 3729 2717 3783 Heletradanem
2743 3736 2799 3780 et
2823 3724 2949 3778 ﬁliis
2975 3724 3171 3778 vestris
3210 3722 3512 3777 laxavimus
3529 3763 3546 3787 ,
3578 3738 3662 3779 sc-

2075 3820 2195 3874 curi
2225 3814 2346 3890 [que
2371 3818 2486 3871 sitia
2511 3814 2627 3886 abs]
2646 3830 2754 3882 quc
2781 3812 3007 3868 servitio
3029 3820 3087 3866 et
3111 3825 3337 3867 censum
3357 3820 3414 3867 et
3440 3822 3661 3867 econtra

2075 3908 2429 3961 hereditatem
2453 3913 2601 3979 tuam
2624 3918 2724 3973 per
2744 3901 3063 3957 beneﬁcium
3085 3909 3330 3955 nostrum
3353 3901 3496 3956 illam
3522 3917 3660 3969 rem,

2076 4011 2236 4067 quam
2267 3992 2659 4064 Engclramnus
2687 3990 2755 4043 ad
2775 3988 3162 4044 monasterium
3188 3988 3473 4045 Blandinio
3503 3991 3664 4046 dona-

2075 4085 2153 4139 vit
2180 4091 2235 4140 et
2262 4082 2519 4146 ﬁrmavit,
2549 4081 2652 4135 hoc
2684 4088 2770 4134 est
2796 4079 2850 4134 in
2880 4079 2997 4149 ipso
3026 4094 3162 4151 pago
3186 4078 3504 4149 Rodininse,
3528 4092 3585 4138 et
3606 4085 3661 4140 in

2075 4175 2193 4243 ipsa
2223 4173 2347 4227 villa
2379 4172 2471 4242 qui
2500 4179 2728 4227 vocatur
2754 4170 2955 4226 Facum
3003 4185 3172 4241 prope
3206 4170 3423 4227 ﬂaviola
3453 4173 3662 4231 Absen-

2076 4265 2182 4331 cia,
2211 4264 2263 4319 id
2293 4272 2377 4319 est
2406 4262 2606 4327 ibidem
2637 4277 2762 4317 casa
2794 4277 2917 4318 cum
2946 4262 3158 4329 curtile,
3186 4279 3309 4319 cum
3335 4263 3455 4320 aliis
3483 4267 3659 4331 tectis,

386 4356 561 4421 naris,
603 4368 706 4409 nec
743 4350 1157 4416 concambiaris,
1183 4364 1284 4403 nec
1322 4349 1377 4403 in
1405 4347 1515 4403 ullo
1542 4345 1826 4417 naufragio
1851 4345 1975 4399 mit—
2000 4348 2052 4407 D
2078 4368 2133 4414 ει
2153 4357 2206 4412 in
2230 4372 2359 4428 agro
2388 4356 2482 4427 qui
2514 4364 2741 4411 vocatur
2775 4355 3039 4412 Facheria
3084 4372 3326 4424 acorum,
3370 4358 3457 4412 ubi
3485 4370 3663 4428 potest

388 4458 506 4503 tere
552 4445 829 4501 licentiam
864 4458 970 4499 non
1017 4443 1249 4505 habeas;
1278 4440 1395 4509 :nisi
1444 4447 1676 4503 tantum,
1708 4440 1835 4493 dum
1876 4437 1969 4495 diu

385 4536 703 4601 advixeris,
743 4535 950 4589 usitate
993 4540 1051 4586 et
1104 4531 1425 4586 emeliorare
1468 4530 1657 4585 facias.
1718 4529 1805 4592 Et,
1852 4538 1975 4599 post

386 4630 597 4683 obitum
618 4635 793 4689 tuum,
807 4624 951 4696 quod
966 4630 1020 4677 tu
1035 4621 1359 4692 comparasti
1378 4629 1431 4676 et
1444 4622 1497 4675 in
1508 4621 1771 4676 beneﬁcio
1782 4628 1972 4677 nostro

386 4719 648 4791 habuisti,
687 4725 741 4772 et
769 4717 859 4773 illa
893 4716 1049 4772 alode
1082 4715 1225 4784 quod
1248 4723 1405 4768 antea
1430 4712 1721 4779 tradidisti,
1766 4713 1836 4768 ab
1880 4713 1971 4768 illo

385 4810 476 4865 die
494 4811 598 4864 bas
618 4823 707 4863 res
728 4806 924 4861 fratres
950 4806 1055 4861 hoc
1076 4805 1279 4858 habere
1307 4803 1538 4856 debeant
1558 4802 1628 4856 ad
1653 4816 1893 4857 mensam
1917 4810 1973 4856 et

387 4902 454 4955 ad
468 4914 607 4971 opus
617 4913 828 4955 eorum.
847 4895 1364 4953 EtOdbertusliceat
1385 4893 1694 4963 percensire
1710 4895 1812 4948 hoc
1827 4894 1971 4948 clero

388 4989 474 5046 vel
502 4989 556 5045 d.
590 5005 656 5055 ιι,
686 4999 743 5044 et
761 4988 939 5061 ipsum
970 5001 1195 5042 censum
1223 4984 1425 5059 debent
1453 4980 1651 5037 fratres
1685 4984 1933 5052 accipere
1953 5023 1968 5051 ,

462 5154 486 5179 ει
521 5141 714 5194 Postea
745 5136 1145 5194 marehionatus
1176 5134 1503 5190 Rhodensis.

463 5209 491 5247 δ
518 5210 697 5264 Kilian
727 5206 997 5262 Dulﬂaens
1024 5206 1085 5259 in
1123 5221 1219 5260 suo
1248 5204 1618 5274 Etymologico
1663 5203 1970 5261 Teutonica:

389 5280 589 5349 lingua:
615 5276 1020 5349 waeter-scltapp
1057 5275 1449 5349 interpretatur
1483 5275 1967 5349 qquagiumgquw-

405 5342 625 5414 luctus;
665 5347 879 5403 llasselt
914 5342 1045 5399 vero
1080 5342 1332 5398 nonnulla
1375 5358 1445 5397 ex
1488 5342 1969 5414 Consuetudinibus

391 5419 565 5500 lielgii
593 5413 752 5500 aﬁ‘ert
784 5416 980 5500 quibus
999 5416 1132 5500 hinc
1164 5413 1539 5500 interpretatio
1569 5413 1797 5500 amplius
1822 5428 1966 5500 non.-

391 5481 529 5543 nihil
555 5481 890 5543 extendcnda
925 5485 1161 5548 videtur,
1185 5481 1617 5552 quandoquidem
1653 5483 1705 5552 in
1735 5482 1866 5536 locis
1893 5482 1970 5535 al-

389 5558 520 5613 latis
538 5559 716 5627 agitur
736 5557 805 5627 de
822 5554 1029 5627 colonis
1050 5556 1102 5607 in
1122 5550 1527 5627 tractarediqu
1550 5552 1617 5605 de
1640 5550 1973 5627 Sparcndarn

395 5619 732 5696 degentibus.
769 5624 1142 5692 Watrisrapud
1171 5637 1298 5691 ergo
1339 5619 1507 5691 accipi
1543 5628 1720 5690 potest
1771 5619 1970 5676 canalis

2076 4445 2222 4501 mod.
2245 4460 2381 4499 seni.
2404 4460 2482 4510 ιι,
2507 4451 2561 4498 et
2582 4444 2811 4513 pratello
2831 4444 2898 4498 ad
2920 4445 3214 4514 segandum
3236 4445 3421 4500 fenum
3444 4449 3656 4501 earrad.

2075 4550 2135 4588 ιιι
2165 4542 2219 4587 et
2246 4535 2299 4587 in
2322 4532 2714 4601 Wielingahem
2742 4534 2808 4586 ad
2833 4530 3015 4585 fenum
3044 4531 3423 4601 colligendum,
3442 4536 3655 4589 carrad.

2075 4641 2173 4679 xu.
2202 4624 2328 4679 Hcce
2357 4623 2560 4687 omnia,
2595 4620 2851 4690 quicquid
2880 4622 2946 4674 ad
2971 4606 3085 4689 ipsa
3119 4634 3243 4675 casa
3274 4621 3486 4690 aspicit,
3506 4622 3660 4679 vobis

2074 4714 2450 4785 Eugelbardus
2478 4722 2534 4769 et
2557 4711 2917 4769 Heletradane
2952 4716 3272 4779 praestamus
3299 4709 3366 4764 ad
3409 4710 3656 4768 husitan-

2077 4810 2199 4863 dam
2229 4813 2285 4863 et
2314 4822 2413 4877 per
2435 4806 2624 4862 ambas
2653 4818 2741 4859 res
2768 4818 2994 4875 censum
3025 4802 3244 4858 levastis
3268 4809 3331 4855 ut
3358 4803 3514 4857 annis
3540 4804 3657 4857 sin-

2076 4896 2215 4969 gulis
2246 4897 2311 4949 ad
2340 4896 2688 4951 festivitatem
2719 4892 2893 4949 sancti
2924 4891 3140 4946 Martini
3172 4892 3301 4947 dare
3326 4890 3533 4946 debetis
3560 4891 3654 4965 de-

2078 4985 2262 5041 narios
2292 5003 2370 5039 ιιιι
2398 5003 2411 5052 ;
2452 4994 2505 5040 et
2534 4985 2624 5055 qui
2656 5000 2784 5054 pare
2814 4999 2912 5050 suo
2947 4982 3309 5053 supervixerit
3346 4982 3535 5039 ambas
3570 4998 3657 5041 res

2042 5172 2049 5177 -
2076 5115 2173 5203 seu
2195 5160 2387 5200 cursus
2413 5159 2567 5213 aqua:
2588 5157 2694 5196 una
2708 5155 2838 5213 cum
2862 5139 3077 5213 praediis
3092 5139 3146 5193 in
3162 5117 3394 5208 utraque
3420 5140 3534 5213 ripa
3558 5142 3657 5198 ad-

2069 5216 2411 5287 iacentibus;
2447 5210 2534 5287 vel
2568 5210 2916 5267 baercdiolum
2952 5210 3309 5287 undequaque
3341 5211 3496 5287 aquis
3525 5228 3656 5287 aqu-

2072 5278 2281 5341 clusum
2308 5293 2362 5338 et
2392 5283 2622 5337 molibus
2668 5288 3003 5350 protectum,
3039 5286 3098 5350 ut
3136 5278 3438 5350 istiusmodi
3483 5282 3651 5337 multa

2071 5356 2360 5434 videreest
2378 5353 2443 5405 .in
2465 5347 2682 5420 Belgio.’
2701 5349 2801 5403 Adi
2828 5347 3164 5402 Glossarium
3194 5347 3471 5418 Ducangii,
3486 5353 3651 5409 verbo
3743 5423 3746 5426 ἢ

2073 5424 2717 5557 Αᾳιξιῖῗὲἆέῒῑγίσιεῃιιεηι
2761 5503 2855 5541 seu
2888 5486 3221 5557 Wyleghem,
3265 5502 3434 5560 prope
3467 5488 3648 5548 Δκόεφ

2076 5562 2257 5615 narde.
