3976 6170
302 204 396 259 617

902 207 969 272 IN
1007 209 1136 264 LIB.
1173 209 1774 273 INFORMATIONUM,
1807 209 1959 265 ETC.
2003 209 2374 268 PREFATIO
2413 213 2499 268 ET
2535 211 2934 270 POSTFATIO.

3449 216 3554 274 618

301 332 445 372 mum
472 316 670 370 Bedam
703 330 718 370 :
750 319 892 388 quod
928 322 1145 390 quidem
1188 338 1288 378 nec
1323 324 1413 378 ille
1453 323 1686 393 amplius
1715 336 1874 392 quam
1905 326 1951 383 Α
1981 335 2100 390 qum
2134 321 2485 376 excellentior
2521 323 2693 378 virtus
2725 325 2978 381 omnibus
3005 324 3296 382 virtutibus
3322 335 3426 392 est,
3457 344 3557 386 nos

300 408 349 461 in
381 407 592 461 duobus
635 409 914 465 codicibus
944 410 1071 465 fecit
1094 453 1108 475 ,
1158 414 1210 466 in
1241 415 1578 484 expositione
1621 413 1871 468 videlicet

297 497 746 568 evangelistarum
783 499 948 556 Marci
977 511 1031 557 et
1052 503 1229 558 Lucae.
1258 504 1412 572 Quod
1440 519 1538 576 ego
1571 503 1689 558 ideo
1711 503 1868 558 omisi

295 588 491 655 facere,
537 590 662 659 quia
692 593 992 648 sententias
1033 597 1386 663 quorumdam
1414 611 1551 666 quas
1580 594 1871 649 adnotave-

294 697 426 744 ram,
471 681 622 750 prius
665 681 766 736 sub
801 683 1019 738 nomine
1047 684 1276 739 aliorum
1307 685 1615 754 diligentius
1647 683 1869 755 perqui-

291 788 444 835 rens,
490 771 721 825 aliorum
756 787 850 826 eas
895 788 1016 829 esse
1064 776 1238 843 reperi
1286 782 1493 844 postea.
1524 773 1678 840 Quod
1722 772 1868 826 enim

287 867 486 935 optime
512 864 677 929 nosti,
703 864 845 919 sicut
865 867 1172 920 novissimis
1201 866 1392 920 diebus
1412 865 1651 918 Verbum
1682 862 1778 917 Dei
1801 877 1869 916 ex

288 957 453 1012 Maria
481 971 647 1010 carne
667 956 921 1010 vestitum
943 956 1208 1025 processit
1236 956 1289 1008 in
1320 953 1616 1018 mundum;
1645 962 1702 1008 et
1725 951 1871 1006 aliud

285 1049 501 1118 quidem
538 1054 658 1100 erat
689 1047 832 1116 quod
870 1047 1190 1101 videbantur
1229 1047 1284 1100 in
1314 1061 1378 1101 eo
1397 1087 1412 1111 ,
1441 1045 1586 1100 aliud
1617 1044 1758 1114 quod
1786 1044 1870 1098 in-

285 1140 622 1210 tclligebatur
652 1137 854 1210 (carnis
901 1153 1134 1209 namque
1188 1148 1441 1209 aspectus
1472 1138 1527 1192 in
1555 1153 1621 1192 eo
1649 1135 1870 1207 patebat

280 1229 556 1293 omnibus,
598 1229 786 1298 paucis
823 1243 949 1284 vero
985 1237 1040 1282 et
1075 1228 1264 1284 elecns
1295 1229 1528 1283 dabatur
1557 1227 1864 1282 divinitatis

287 1318 514 1388 agnitio)
561 1318 633 1371 ita
665 1327 720 1371 et
763 1332 883 1372 cum
913 1331 1010 1386 per
1044 1318 1336 1387 prophetas
1377 1307 1460 1372 vel
1504 1317 1866 1386 legislatorem

283 1411 519 1466 Verbum
547 1410 641 1465 Dei
665 1409 938 1480 profertur
968 1411 1038 1464 ad
1057 1410 1323 1476 homines,
1358 1426 1466 1464 non
1498 1411 1702 1479 absque
1722 1424 1869 1464 com-

278 1503 587 1572 petentibus
647 1500 920 1570 profertur
984 1499 1334 1555 indumentis.
1399 1499 1531 1554 Nam
1597 1501 1737 1554 sicut
1790 1499 1864 1554 ibi

277 1595 478 1658 carnis,
511 1595 582 1647 ita
633 1593 722 1648 hic
765 1593 960 1677 littera:
1001 1593 1270 1648 velamine
1303 1593 1502 1663 tegitur
1532 1610 1544 1645 :
1579 1604 1640 1646 ut
1683 1591 1864 1646 littera

1976 424 2271 478 provocare
2311 413 2592 482 exemplis.
2628 413 2710 468 Ad
2738 416 2876 471 hanc
2902 423 3083 470 autem
3123 432 3286 486 quam
3319 419 3556 488 pmdico

1976 493 2302 559 charitatem
2341 505 2460 574 plus
2489 519 2576 560 me
2617 507 2814 562 vestris
2843 508 3180 563 orationibus
3216 524 3379 578 quam
3415 513 3554 568 meis

1975 594 2181 651 viribus
2225 613 2384 666 posse
2420 598 2653 652 confido.
2698 599 2809 664 En,
2841 599 3161 654 charissime
3191 599 3379 666 frater,
3417 603 3557 658 sicut

1973 685 2144 753 potui,
2176 687 2429 754 respondi
2460 688 2781 754 quibusdam
2807 689 3248 758 inquisitionibus
3277 691 3386 746 tuis
3415 710 3428 745 :
3455 707 3556 761 pro

1973 790 2079 845 qua
2106 791 2166 830 re
2193 774 2392 830 obnixe
2412 777 2696 844 deprecor,
2723 786 2783 831 ut
2804 778 2849 833 si
2871 779 3002 848 quid
3027 780 3093 834 de
3117 781 3202 835 his
3231 781 3393 837 rebus
3413 783 3558 838 unde

1973 881 2060 920 me
2087 866 2408 936 interrogas,
2441 867 2485 920 si
2515 866 2644 936 quid
2670 867 2920 923 invenisti
2946 869 3162 935 melius,
3185 869 3271 924 vel
3301 871 3555 942 deinceps

1975 956 2214 1010 invenire
2260 956 2536 1026 potueris;
2577 957 2943 1025 gratissimum
2991 958 3328 1023 habebimus,
3368 960 3414 1014 si
3453 975 3556 1016 nos

1972 1044 2168 1100 feceris
2209 1061 2390 1112 nosse,
2441 1045 2567 1115 quia
2594 1060 2694 1116 ego
2735 1045 2911 1116 magis
2947 1060 3070 1098 amo
3101 1049 3344 1110 discere,
3389 1067 3556 1114 quam

1971 1135 2186 1190 docere.
2215 1135 2352 1202 Quia
2391 1136 2482 1190 illa
2510 1136 2756 1192 veritatis
2799 1145 2855 1191 et
2886 1136 3167 1209 sapientiae
3209 1136 3554 1206 pulchritudo

1971 1223 2202 1297 (tantum
2235 1226 2378 1282 adsit
2402 1241 2755 1297 perseverans
2783 1227 3027 1283 voluntas
3057 1227 3298 1293 fruendi,
3328 1244 3428 1300 pro
3459 1245 3555 1285 cu-

1963 1314 2054 1384 jus
2083 1333 2268 1373 amore
2297 1319 2401 1373 hoc
2427 1319 2736 1390 peregimus
2761 1319 2929 1390 opus)
2962 1335 3061 1376 nec
3086 1321 3431 1378 multitudine
3455 1339 3552 1378 au-

1969 1407 2230 1462 dientium
2256 1408 2555 1478 constipata
2580 1409 2810 1464 secludit
2832 1409 3129 1474 venientes,
3157 1427 3254 1467 nec
3276 1415 3554 1485 peragitur

1968 1505 2228 1567 tempore,
2263 1511 2362 1552 nec
2389 1498 2586 1568 migrat
2627 1498 2790 1564 locis,
2836 1514 2940 1554 nec
2974 1509 3133 1555 nocte
3184 1501 3550 1572 intercipitur,

1968 1603 2068 1643 nec
2095 1590 2284 1644 umbra
2318 1589 2725 1655 intercluditur,
2751 1606 2851 1647 nec
2877 1592 3127 1646 sensibus
3154 1595 3399 1662 corporis
3425 1597 3554 1650 sub-

275 1687 495 1756 quidetn
539 1684 802 1754 aspicitur
847 1691 1106 1753 tanquam
1147 1699 1300 1748 caro,
1340 1683 1515 1737 latens
1549 1697 1679 1736 vero
1708 1681 1866 1752 spiri-
1893 1689 1940 1747 Β
1961 1678 2126 1748 jacet.
2174 1679 2251 1734 De
2281 1687 2393 1733 toto
2421 1680 2620 1735 mundo
2659 1681 2728 1734 ad
2759 1695 2818 1735 se
2847 1681 3156 1746 conversis,
3202 1681 3296 1750 qui
3323 1680 3554 1752 diligunt

276 1775 397 1828 talis
429 1774 754 1827 intrinsecus
796 1786 988 1826 sensus
1029 1780 1286 1840 tanquam
1315 1770 1572 1825 divinitas
1611 1769 1860 1824 sentitur.

275 1865 406 1920 Tale
436 1881 565 1936 ergo
591 1873 677 1919 est
713 1861 855 1932 quod
884 1872 940 1918 et
967 1878 1112 1917 nunc
1133 1862 1436 1916 invenimus
1467 1861 1664 1916 librum
1704 1859 1861 1915 Levi-

273 1957 362 2012 tici
409 1957 818 2027 perquirentes,
850 1953 906 2008 in
930 1969 1038 2024 quo
1075 1951 1472 2008 sacrificiorum
1512 1951 1654 2005 ritus
1681 1956 1736 2008 ct
1761 1949 1860 2004 ho-

270 2051 503 2104 stiarum
533 2047 822 2104 diversitas
856 2061 920 2101 ac
955 2045 1298 2100 sacerdotum
1327 2043 1630 2098 ministeria
1661 2043 1864 2098 descri-

269 2142 516 2204 buntur;
550 2142 643 2195 sed
674 2139 789 2194 haec
826 2137 1121 2192 secundum
1149 2135 1386 2190 litteram
1407 2174 1420 2197 ,
1456 2149 1577 2203 quae
1605 2142 1862 2203 tanquam

267 2248 402 2288 caro
453 2233 614 2288 Verbi
649 2230 742 2285 Dei
771 2237 856 2284 est
889 2236 942 2284 et
969 2228 1342 2282 indumentum
1385 2225 1684 2280 divinitatis
1721 2226 1860 2295 ejus,

265 2327 422 2398 digni
471 2325 720 2380 fortassis
763 2321 851 2376 vel
887 2320 1171 2391 aspiciant,
1214 2318 1299 2372 vel
1345 2317 1569 2371 audiant
1609 2317 1812 2388 indigni
1847 2336 1860 2372 :

263 2418 364 2472 sed
387 2416 537 2470 beati
569 2423 692 2468 sunt
719 2411 793 2465 illi
819 2409 962 2466 oculi
984 2408 1076 2477 qui
1099 2407 1341 2461 velamen
1364 2405 1560 2459 littera:
1584 2406 1863 2460 obtectum

260 2507 605 2562 intrinsecus
648 2503 888 2558 divinum
915 2499 1176 2570 spiritum
1206 2497 1413 2560 vident,
1443 2505 1497 2552 et
1546 2497 1686 2551 beati
1735 2505 1864 2552 sunt

259 2597 363 2668 qui
400 2594 468 2649 ad
501 2596 616 2649 haec
645 2593 910 2648 audienda
940 2589 1174 2646 mundas
1201 2605 1364 2644 aures
1386 2589 1660 2645 interioris
1683 2590 1860 2646 homi-

259 2687 352 2742 nis
381 2683 656 2740 deferunt.

331 2777 704 2848 Aggredimur
732 2775 898 2845 igitur
934 2775 1039 2830 hoc
1063 2788 1200 2844 opus
1239 2781 1513 2828 annuente
1545 2773 1748 2842 pietate
1785 2775 1862 2831 di-

261 2868 392 2922 vina
435 2864 871 2935 Quadragesimzn
900 2873 1163 2933 tempore,
1201 2862 1305 2917 sub
1343 2863 1430 2918 die
1463 2864 1694 2932 septimo
1735 2863 1860 2922 ldus

263 2956 470 3020 Martii,
502 2970 644 3009 anno
669 2954 1061 3010 lncarnationis
1084 2953 1189 3010 825
1213 2952 1515 3010 Salvatoris
1533 2953 1664 3011 Iesu
1702 2953 1858 3011 Chri-

262 3046 331 3100 sti
363 3044 584 3099 Domini
613 3043 806 3098 nostri.

267 3156 502 3228 Explicit
549 3155 791 3228 prtefatio
835 3151 1049 3228 glandia:
1093 3152 1736 3228 Taurinensisepiscopi,
1778 3163 1852 3219 et,

332 3223 624 3296 fit-(emissis
654 3223 900 3296 Capituiis
930 3223 1049 3277 libri
1074 3224 1265 3296 primi,
1296 3224 1478 3294 incipit
1501 3223 1634 3278 liber
1650 3223 1854 3294 primus

337 3293 794 3366 lnformationum
831 3293 1019 3348 littera:
1048 3293 1097 3347 et
1126 3294 1363 3363 spiritus.
1406 3293 1442 3352 λ

331 3407 614 3462 Leviticus
637 3405 776 3460 liber
810 3405 1111 3476 appellatus
1139 3412 1242 3471 est,
1273 3419 1339 3459 eo
1366 3403 1509 3474 quod
1539 3403 1852 3461 Levitarum

263 3498 572 3554 ministeria
593 3505 646 3552 et
665 3497 1008 3561 diversitates
1023 3497 1364 3552 victimarum
1383 3497 1714 3567 exsequitur,
1741 3507 1848 3554 etc.

803 3587 870 3641 Et
900 3588 958 3641 in
990 3586 1096 3656 ﬁne
1127 3587 1322 3657 operis.

264 3681 394 3738 Haec
431 3680 555 3750 quia
577 3678 787 3748 jussisti
813 3679 1076 3743 scribere,
1128 3693 1236 3733 non
1275 3693 1374 3748 pro
1414 3679 1718 3734 eruditione
1754 3695 1851 3734 no-

263 3783 402 3838 stra,
437 3772 528 3827 sed
554 3787 652 3840 pro
679 3779 860 3826 vestra
884 3771 1193 3842 dignatione
1229 3771 1564 3840 praesumpsi.
1601 3771 1853 3826 Vestrum

262 3879 398 3920 vero
429 3871 513 3916 est
537 3862 834 3932 dijudicare
869 3861 1051 3916 verius
1071 3901 1086 3919 .
1115 3867 1172 3914 et
1198 3861 1266 3915 ad
1293 3874 1476 3913 veram
1506 3859 1850 3925 charitatcm,

266 4039 318 4092 in
349 4036 540 4093 ofﬁcio
591 4036 999 4106 presbyteratus
1049 4033 1321 4106 militavit.
1374 4031 1481 4106 Sed
1526 4041 1584 4086 ut
1624 4031 1855 4106 aliorum

264 4109 489 4164 utilitati
527 4102 776 4162 doctrina
808 4103 1204 4175 praedicationis
1231 4102 1566 4175 evangelica,
1609 4117 1728 4175 qua:
1766 4103 1854 4175 illi

265 4179 558 4234 admodum
597 4177 771 4230 inesse
808 4173 1123 4238 videbatur,
1160 4173 1487 4237 consuleret,
1519 4173 1689 4241 ipsius
1725 4173 1857 4242 piis-

266 4251 388 4304 simi
423 4245 1015 4318 principisclementia
1042 4242 1621 4318 praasul_Taurinens_is
1670 4245 1856 4300 subro-

266 4313 438 4391 gatus'
466 4328 549 4391 est
590 4313 864 4371 Ecclesiae.
884 4336 921 4391 AD
955 4315 1090 4391 iiinc
1127 4314 1440 4391 confutatur
1466 4313 1741 4391 _vulgatus
1788 4329 1854 4391 _ac

1967 1786 2107 1835 eam,
2151 1771 2401 1825 omnibus
2441 1771 2687 1840 proxima
2728 1780 2830 1837 est,
2872 1771 3122 1825 omnibus
3171 1772 3500 1842 sempiterna
3535 1790 3550 1827 :

1965 1863 2112 1918 nullo
2148 1863 2268 1918 loco
2296 1870 2399 1928 est,
2434 1877 2702 1932 nusquam
2728 1863 2901 1927 deest,
2935 1860 3070 1918 foris
3093 1863 3380 1930 admonet,
3407 1864 3555 1922 intus

1964 1956 2158 2021 docet;
2197 1961 2483 2010 cernentes
2520 1969 2581 2009 se
2610 1962 2907 2015 commutat
2933 1968 3122 2010 omnes
3161 1955 3216 2010 in
3250 1956 3479 2023 melius,
3519 1973 3551 2014 a

1963 2047 2110 2102 nullo
2140 2046 2197 2100 in
2219 2046 2458 2102 deterius
2481 2053 2883 2111 commutatur;
2915 2046 3093 2101 nullus
3115 2047 3181 2102 de
3207 2047 3296 2102 illa
3319 2047 3550 2118 iudicat,

1963 2139 2140 2195 nullus
2163 2139 2281 2194 sine
2307 2138 2398 2193 illa
2423 2139 2561 2194 bene
2583 2138 2812 2208 judicat.
2849 2137 2962 2193 Hac
2984 2137 3091 2194 ﬁde
3125 2153 3341 2195 omnem
3367 2149 3550 2196 muta-

1962 2229 2226 2285 bilitatem
2268 2229 2338 2284 ab
2372 2228 2678 2284 aatemitate
2720 2227 2946 2300 sejungo
2995 2237 3052 2284 et
3089 2229 3206 2300 ipsa
3246 2231 3554 2288 aeternitate

1964 2321 2111 2374 nulla
2162 2321 2336 2390 spatia
2377 2320 2639 2390 temporis
2678 2333 2864 2386 cerno,
2913 2321 3040 2389 quia
3079 2321 3253 2391 spatia
3294 2324 3555 2394 temporis

1963 2411 2256 2479 przeteritis
2291 2418 2347 2464 et
2374 2409 2570 2464 futuris
2595 2424 2778 2463 rerum
2818 2409 3056 2464 motibus
3091 2417 3364 2465 constant.
3408 2411 3554 2466 Nihil

1965 2505 2146 2552 autem
2174 2497 2419 2568 praeterit
2465 2497 2521 2551 in
2571 2503 2800 2561 aeterno,
2868 2504 2926 2550 et
2953 2495 3088 2551 nihil
3138 2495 3382 2552 futurum
3427 2506 3550 2555 est:

1963 2587 2090 2657 quia
2112 2595 2168 2640 et
2190 2586 2452 2656 quidquid
2476 2587 2720 2658 praeterit
2739 2628 2754 2653 ,
2780 2603 2902 2644 esse
2929 2588 3162 2655 desinit;
3203 2596 3261 2644 et
3293 2591 3437 2659 quod
3465 2590 3552 2646 fu-

1965 2687 2145 2734 turum
2161 2687 2271 2745 est,
2294 2679 2534 2735 nondum
2564 2693 2684 2735 esse
2699 2681 2884 2750 cospit.
2908 2679 3206 2736 Eternitas
3227 2689 3406 2737 autem
3433 2689 3554 2738 tan-

1963 2770 2243 2824 tummodo
2277 2778 2383 2835 cst,
2409 2785 2512 2826 nec
2536 2769 2658 2836 fuit,
2692 2771 2848 2840 quasi
2886 2770 2999 2841 jam
3027 2785 3135 2826 non
3167 2770 3269 2837 sit;
3299 2787 3400 2828 nec
3422 2771 3554 2839 erit,

1961 2859 2117 2930 quasi
2145 2860 2323 2914 adhuc
2366 2874 2475 2916 non
2521 2859 2788 2930 sit:quia
2829 2859 2943 2914 sela
2985 2859 3101 2929 ipsa
3144 2860 3431 2918 verissime
3470 2862 3555 2918 ὁὶ-

1961 2965 2086 3006 cere
2123 2952 2300 3021 potuit
2342 2952 2594 3007 humanae
2638 2951 2809 3007 menti
2846 2969 2859 3006 :
2891 2951 3005 3022 Ego
3037 2969 3155 3007 sum
3193 2955 3286 3024 qui
3329 2970 3470 3022 sum,
3496 2962 3554 3010 et

1884 3045 1928 3108 C
1961 3038 2028 3097 de
2055 3042 2144 3096 illa
2168 3043 2450 3099 verissime
2476 3043 2582 3099 dici
2605 3043 2780 3114 potuit
2807 3061 2822 3096 :
2854 3041 2958 3109 Qui
2982 3051 3059 3098 est
3083 3044 3224 3099 misit
3257 3060 3357 3099 me.

2029 3135 2097 3189 Et
2133 3136 2261 3206 quia
2288 3136 2364 3192 ita
2400 3145 2521 3202 est,
2563 3151 2673 3191 non
2707 3136 2963 3204 iubemur
2995 3137 3066 3192 ad
3098 3143 3403 3192 creaturam
3429 3144 3551 3192 ten-

1957 3228 2107 3292 dere,
2145 3234 2205 3280 ut
2237 3225 2534 3282 efficiamur
2557 3228 2725 3293 beati,
2753 3227 2848 3282 sed
2878 3227 2948 3282 ad
2978 3227 3154 3297 ipsum
3184 3226 3500 3284 Creatorem
3530 3247 3548 3286 :

1956 3315 2024 3369 de
2047 3331 2156 3386 quo
2184 3317 2228 3372 si
2260 3317 2406 3372 aliud
2432 3333 2592 3387 quam
2613 3325 2846 3388 oportet,
2873 3333 2938 3373 ac
2961 3332 3083 3373 sese
3110 3331 3199 3374 res
3227 3319 3424 3386 habet,
3452 3336 3548 3375 no-

1954 3407 2040 3462 bis
2081 3409 2460 3477 persuadetur,
2506 3408 2969 3479 perniciosissimo
3012 3421 3199 3464 errore
3225 3408 3544 3480 decipimur.

1953 3501 2037 3554 Ad
2080 3501 2184 3557 hoc
2210 3502 2354 3558 enim
2385 3502 2659 3573 pergendo
2679 3501 2824 3572 quod
2849 3512 2945 3556 aut
2971 3517 3080 3556 non
3105 3509 3188 3555 est
3211 3541 3226 3565 ,
3273 3509 3366 3554 aut
3391 3502 3438 3555 si
3463 3511 3550 3556 est

1954 3589 2144 3646 beatos
2167 3606 2274 3646 non
2304 3591 2454 3656 facit,
2488 3591 2555 3646 ad
2577 3592 2792 3646 beatam
2822 3591 2991 3644 vitam
3029 3602 3370 3657 nequaquam
3397 3589 3548 3658 quis-

1957 3695 2121 3749 quam
2165 3681 2365 3750 poterit
2398 3680 2703 3748 pervenire.
2735 3678 2853 3745 Qua
2889 3677 3120 3732 veritate
3155 3683 3210 3730 et
3253 3677 3545 3746 sapientia,

1957 3785 2077 3839 quae
2119 3770 2423 3824 communis
2471 3767 2725 3822 omnibus
2771 3774 2873 3830 est,
2927 3779 3117 3820 omnes
3168 3767 3441 3835 sapientes
3489 3778 3548 3825 et

1955 3861 2101 3917 beati
2143 3860 2280 3915 fiunt
2324 3859 2637 3914 inbaerendo
2675 3857 2772 3912 illi.
2818 3856 3160 3912 Beatitudine
3202 3864 3384 3913 autem
3419 3859 3548 3916 alte-

1957 4040 2177 4095 hortatu
2221 4051 2509 4108 aggressus
2544 4043 2648 4092 est.
2693 4035 2966 4091 Przeterea
3014 4043 3414 4108 commentatus
3461 4048 3576 4097 est-

1959 4105 2316 4191 E_v_an_geliuni
2340 4107 2598 4191 Matthaai,
2623 4121 2866 4191 opusque
2887 4120 3044 4191 suum
3065 4105 3220 4162 Justo
3233 4107 3544 4191 Garrofensi

1959 4175 2139 4234 abbati
2167 4178 2497 4247 nuncupavit
2517 4175 2802 4248 anno’815.
2823 4175 2906 4248 Ad
2937 4177 3052 4232 hare
3071 4179 3322 4248 exposuit
3350 4195 3544 4237 omnes

1957 4249 2112 4322 Pauli
2137 4246 2424 4322 Epistolas,
2448 4263 2512 4322 e_x
2539 4247 2735 4317 quibus
2763 4246 3204 4322 explanationem
3233 4250 3287 4304 in
3322 4250 3543 4322 Episto-

1959 4320 2068 4374 lam
2097 4317 2432 4374 ad_Galatas
2465 4317 2838 4373 Dructeranno
2865 4318 3048 4372 abbati
3093 4317 3541 4377 Sollemniacensi

266 4382 573 4467 communis
603 4403 775 4467 error,
807 4385 898 4455 qui
929 4386 996 4441 ab
1019 4386 1175 4467 annis
1204 4382 1555 4467 berie'multis
1592 4382 1850 4467 invaluit,
1877 4395 1930 4454 Ῑ)
1955 4390 2159 4467 dicavit
2189 4407 2202 4442 :
2238 4404 2358 4467 eam
2399 4402 2531 4467 _vcro
2567 4402 2695 4467 qua“;
2722 4388 2788 4467 in_
2825 4387 3122 4467 Epistolam
3167 4389 3254 4467 ad.
3281 4389 3545 4467 Ephesios

267 4459 551 4515 Claudium
583 4458 791 4511 scilicet
822 4453 1019 4526 genere
1045 4453 1267 4509 Scotum
1291 4453 1477 4518 fuisse,
1503 4469 1568 4526 ex
1592 4453 1851 4510 Hibernia

266 4529 594 4583 oriundum:
630 4543 789 4597 quem
813 4524 865 4580 in
894 4540 1132 4580 errorem
1158 4526 1321 4580 etiam
1348 4524 1568 4595 impegit
1605 4526 1853 4580 eruditus

272 4601 350 4653 vir
387 4599 641 4654 Usserius
669 4598 1061 4652 Armacbanus.

338 4668 739 4724 Thcodemirus
753 4667 935 4722 Gallus
963 4666 1131 4720 abbas
1149 4664 1250 4719 fuit
1272 4673 1610 4734 praeeratque
1631 4675 1854 4720 centum

270 4739 626 4809 quadraginta
665 4737 944 4809 monachis
973 4737 1074 4809 sub
1105 4735 1288 4804 regula
1329 4735 1502 4809 sancti
1528 4735 1808 4809 Benedicti
1835 4774 1850 4799 ,

272 4805 329 4862 ut
361 4805 742 4877 ipse'testatur
766 4809 818 4860 in
851 4807 1075 4877 epistola
1103 4813 1302 4877 contra
1314 4805 1601 4877 Claudium
1625 4805 1849 4877 scripta,

271 4875 432 4956 cujus
462 4875 1151 4956 fragnientareferiulonas
1182 4875 1237 4929 in
1272 4875 1365 4930 lib.
1401 4889 1460 4928 ιιι
1495 4876 1855 4956 operisJirte-

273 4943 446 5001 citati.
485 4943 749 5002 Alibatem
782 4947 836 5000 in
859 4946 1026 5001 Gallia
1053 4948 1240 5012 fuisse,
1272 4961 1380 5000 non
1406 4943 1540 4998 vero
1573 4945 1627 4998 in
1665 4943 1856 5014 llispa-

276 5020 389 5088 nia,
436 5019 516 5072 uti
542 5018 834 5088 aliquando
861 5018 1166 5086 suspicatus
1201 5031 1343 5088 sum,
1376 5015 1570 5088 colligo
1603 5030 1670 5070 ex
1704 5014 1856 5088 Jona:

275 5087 368 5142 lib.
402 5104 441 5152 ι,
473 5089 539 5144 de
559 5085 750 5143 eodem
781 5085 1005 5142 Claudio
1029 5089 1173 5141 hunc
1207 5087 1262 5140 in
1291 5086 1509 5156 modum
1545 5085 1813 5156 loquentis
1841 5103 1852 5138 :

281 5175 299 5208 ι
329 5159 528 5212 Fertur
557 5161 764 5213 interea
791 5159 844 5212 in
868 5157 1300 5228 suggillationem
1347 5155 1598 5228 ejusdem
1622 5155 1858 5228 abbatis,

275 5230 552 5298 totiusque
577 5228 866 5284 Gallicana:
897 5226 1169 5288 Ecclesiae,
1201 5235 1374 5298 tanta:
1400 5226 1736 5298 prolixitatis
1766 5241 1862 5298 vof

277 5300 443 5354 misse
467 5294 726 5363 libellum,
757 5309 864 5353 etc.
897 5320 914 5351 ι
938 5299 1006 5351 At
1025 5299 1177 5368 cujus
1201 5295 1305 5352 loci
1329 5294 1496 5352 abbas
1515 5295 1698 5360 fuerit,
1724 5294 1856 5350 mihi

278 5368 544 5426 hactenus
576 5373 988 5440 incompertum.

349 5440 511 5495 Multa
543 5437 772 5510 scripsit
796 5439 1072 5503 Claudius,
1111 5437 1378 5510 praecipue
1423 5451 1554 5510 vero
1581 5449 1857 5510 commen-

280 5512 419 5568 taria
448 5513 501 5566 in
527 5504 716 5566 sacros
739 5509 928 5574 libros,
955 5504 1148 5578 nempe
1182 5509 1233 5562 in
1258 5504 1535 5578 Genesimi
1555 5521 1708 5578 anno
1751 5504 1855 5578 8|}

282 5579 448 5650 iibros
489 5591 629 5645 tres;
666 5581 720 5635 in
776 5573 1008 5634 exodum
1057 5573 1473 5650 q'uatuortanno
1512 5575 1646 5650 εει-ς
1682 5583 1752 5650 _e_t
1801 5573 1855 5650 in

279 5647 579 5708 Leviticuni
607 5665 750 5704 anno
769 5651 893 5715 825,
925 5664 1045 5720 quae
1065 5645 1245 5704 omnia
1276 5647 1618 5702 Thcodemiri
1648 5645 1858 5700 abbatis

524 5746 797 5805 PATROL.
843 5743 1006 5807 CW.

1956 4460 2279 4530 elucubrata
2301 4459 2370 4513 ab
2398 4457 2515 4527 ipso
2533 4456 2949 4530 _est,_Ludovico
2970 4456 3214 4526 Augusto
3241 4456 3539 4530 inscripsit.

1958 4529 2189 4610 scripsit
2213 4529 2376 4583 etiam
2395 4523 2639 4610 quaedam
2656 4527 2708 4581 in
2723 4523 2932 4610 cultum
2945 4523 3222 4580 sacrarum
3245 4523 3542 4610 imaginum

1954 4594 2179 4670 piasque
2208 4594 2697 4670 peregrinationes,
2722 4595 2777 4649 in
2812 4594 3009 4670 quibus
3028 4611 3164 4670 _non_
3176 4606 3327 4670 recte
3349 4594 3539 4670 sensit:

2027 4664 2109 4724 Ειῐ
2136 4664 2225 4724 his
2259 4664 2512 4724 ominibus
2561 4666 2675 4722 sola
2721 4665 2989 4736 expositio
3025 4666 3080 4720 in
3123 4664 3422 4736 Epistolam
3473 4668 3541 4722 ad

1955 4739 2179 4795 Galatas
2203 4740 2343 4811 typis
2364 4738 2578 4811 vulgata
2602 4745 2688 4811 est
2708 4736 2766 4811 in
2783 4735 3114 4811 Bibliotheca
3133 4735 3361 4811 _Patrum
3389 4755 3400 4790 :
3427 4737 3542 4811 fra-

1995 4805 2241 4864 mentum'
2260 4805 2594 4880 prmfatioriis
2621 4807 2676 4880 in
2707 4805 3015 4880 Matthaznm
3047 4807 3102 4860 in
3132 4805 3306 4861 lucem
3320 4806 3545 4877 protulit

1987 4881 2214 4936 Isserius
2241 4875 2381 4933 inter
2411 4877 2730 4933 Hibernicas
2755 4875 3014 4946 epistolas
3053 4891 3067 4930 :
3101 4875 3545 4946 caeterafprznter

1957 4951 2092 5004 duas
2147 4950 2306 5004 hasce
2346 4947 2721 5019 praefationes,
2759 4945 2934 5002 adhuc
2978 4945 3315 5019 intenebris
3347 4945 3537 5000 latent.

1959 5015 2364 5089 Expositioneni
2390 5019 2442 5089 in
2478 5017 2787 5089 Matthgeum
2819 5016 3082 5089 r_cperi_in
3110 5015 3432 5089 bibliotheca
3457 5031 3542 5070 ca-

1959 5083 2219 5145 thédralis
2243 5088 2486 5144 ecclesia:
2515 5083 2896 5141 Laudunensis
2925 5101 2940 5140 :
2983 5083 3381 5140 Commentaria
3411 5101 3543 5140 vero

1962 5162 2014 5215 in
2047 5159 2345 5215 Leviticum
2375 5174 2542 5227 penes
2579 5173 2679 5212 nos
2709 5157 2973 5227 habemus
2995 5155 3072 5227 _in
3086 5153 3306 5227 _codice
3352 5153 3539 5227 Remi—

1962 5232 2122 5300 giano
2143 5240 2200 5285 et
2219 5221 2582 5301 expositiones
2611 5221 3240 5301 supeLEpistolasPauli
3262 5224 3316 5277 in
3331 5223 3541 5280 duobus

1966 5294 2330 5356 voluminibus
2361 5294 2702 5353 bibliotheca}
2736 5294 3118 5349 Floriacensls.

2035 5369 2310 5426 Adversus
2334 5369 2618 5425 Claudium
2643 5366 2910 5435 scripsere
2933 5362 3322 5435 Theodemirus
3349 5364 3537 5430 abbas,

1964 5439 2241 5511 Dungalus
2264 5439 2530 5511 Reclusus
2547 5445 2604 5492 et
2621 5433 2786 5511 Jonas
2810 5433 3216 5511 Aurelianensis
3228 5435 3535 5511 episcopus,

1964 5504 2241 5566 sacrarum
2274 5508 2570 5577 imaginum
2596 5505 2803 5560 cultum
2829 5512 2884 5560 et
2915 5504 3381 5575 peregrinationes
3417 5504 3540 5576 pias

1965 5581 2116 5636 libris
2149 5580 2307 5635 editis
2337 5576 2708 5634 (lefendentes.

3024 5726 3104 5788 20
