3976 6170
423 265 524 323 "9

1415 252 1756 316 CLAUDIUS
1796 245 2259 308 TAURINENSIS
2297 246 2694 305 EPISCOPUS.

3581 249 3686 307 620

422 392 538 435 rtus
563 374 801 434 hominis
835 388 941 429 non
972 372 1032 426 ﬁt
1060 371 1200 426 alter
1240 369 1432 423 beatus
1457 382 1472 421 :
1496 369 1621 437 quia
1648 374 1704 420 et
1733 380 1855 421 cum
1881 379 2007 421 eum
2035 370 2086 429 Α
2110 360 2260 415 Patri
2295 368 2351 413 et
2400 367 2674 414 comterna
2714 358 2995 428 suscipere
3043 358 3375 429 dignaretur,
3416 375 3691 430 perquam

425 470 673 526 imitatur
708 474 770 521 ut
801 464 892 528 sit,
928 461 1054 517 inde
1081 458 1287 529 appetit
1313 457 1506 513 beatus
1540 456 1658 511 ﬁeri
1690 454 1832 510 unde
1852 452 2005 508 illum

425 560 625 617 factum
643 556 793 611 videt
812 552 924 616 ille,
952 550 1160 607 scilicet
1178 548 1606 606 incommutabili
1625 546 2007 615 communique

424 650 669 706 veritate.
689 645 875 714 Neque
894 640 1183 714 prudentia
1208 641 1489 712 cujusdam
1511 640 1570 695 tit
1588 638 1828 709 prudens
1847 634 2003 702 alius,

424 750 519 797 aut
580 737 740 794 fortis
767 734 1116 800 fortitudine,
1155 741 1249 789 aut
1276 741 1583 801 temperans
1613 727 2005 799 temperantia,

423 840 520 887 aut
537 830 720 903 justus
752 825 963 898 iustitia
1004 823 1239 880 hominis
1275 820 1498 877 alterius
1530 818 1817 890 quisquam
1842 816 2009 873 cilici-

423 932 514 980 tur
548 937 565 976 :
601 921 697 977 sed
735 918 1038 990 coaptando
1067 914 1307 970 animum
1348 911 1454 966 illis
1482 908 2010 965 incommutabilibus

421 1012 628 1085 regulis
654 1009 1057 1078 luminibusque
1079 1004 1361 1066 virtutum,
1385 1017 1508 1071 qua:
1531 997 2011 1069 incorruptibiliter

424 1106 613 1153 vivunt
640 1104 696 1151 in
716 1103 831 1166 ipsa
852 1099 1082 1149 veritate
1102 1093 1475 1165 sapientiaque
1490 1092 1787 1156 communi,
1812 1091 2009 1160 quibus

424 1197 481 1242 et
510 1186 600 1242 ille
627 1186 901 1256 eoaptavit
927 1193 982 1240 et
1015 1185 1136 1239 ﬁxit
1157 1184 1397 1239 animum
1414 1224 1431 1249 ,
1462 1199 1630 1254 quem
1654 1183 1774 1238 istis
1795 1182 2011 1237 virtuti-

424 1278 527 1333 bus
556 1277 840 1349 preditum
883 1276 985 1332 sibi
1026 1276 1092 1331 ad
1124 1276 1445 1331 imitandum
1470 1275 1773 1345 proposuit.
1802 1272 2008 1329 Volun-

428 1377 511 1424 tas
559 1383 692 1439 ergo
739 1368 1025 1424 adhaerens
1066 1366 1338 1422 communi
1387 1377 1550 1436 atque
1584 1364 2010 1421 incommutabili

427 1458 589 1524 bono,
619 1460 875 1528 impetrat
910 1458 1085 1529 prima
1114 1466 1170 1512 ei.
1204 1472 1399 1528 magna
1428 1457 1664 1511 hominis
1691 1455 1853 1521 bona,
1884 1470 2009 1511 cum

427 1551 543 1619 ipsa
568 1550 642 1605 sit
679 1549 915 1605 medium
959 1548 1229 1619 quoddam
1265 1548 1487 1603 bonum.
1532 1548 1795 1603 Voluntas
1830 1554 2009 1601 autem

426 1656 616 1697 aversa
642 1642 710 1696 ab
745 1640 1171 1696 incommutabili
1205 1648 1262 1696 et
1289 1640 1561 1695 communi
1598 1640 1759 1703 bono,
1798 1647 1854 1693 et
1880 1652 2011 1693 con-

2108 466 2208 507 nos
2250 452 2470 508 doceret
2498 450 2554 505 id
2581 463 2703 505 esse
2728 449 2934 505 homini
2961 448 3245 505 colendum
3272 451 3419 520 quod
3450 448 3522 505 ab
3546 453 3691 510 omni

2109 552 2358 597 creatura
2387 540 2741 597 intellectuali
2766 548 2821 594 et
2843 540 3096 597 rationali
3126 540 3412 597 colendum
3463 550 3567 597 est.

2185 654 2203 685 ι
2250 634 2365 689 Hoc
2385 634 2552 687 etiam
2582 632 2730 703 ipsos
2756 632 2990 702 optimos
3018 631 3241 701 angelos
3272 640 3331 687 et
3350 633 3696 691 excellentis-

2108 726 2244 781 sima
2286 723 2588 779 ministeria
2616 721 2715 778 Dei
2740 722 2879 778 velle
2921 722 3230 786 credamus.
3263 732 3324 778 ut
3357 740 3527 779 unum
3566 741 3697 781 eum

2109 817 2244 887 ipsis
2285 816 2527 872 colamus
2578 816 2747 872 Deum
2773 856 2789 882 ,
2842 816 2999 888 cujus
3047 815 3503 887 contemplatione
3549 819 3700 874 beati

2108 918 2254 964 sunt.
2291 907 2478 979 Neque
2506 908 2653 963 enim
2692 916 2748 963 et
2773 921 2873 963 nos
2910 907 3143 963 videndo
3184 906 3408 979 angelos
3435 909 3583 964 beati
3609 924 3705 964 su-

2108 1016 2253 1067 mus,
2281 1010 2374 1056 aut
2417 1015 2657 1071 unquam
2695 1000 2903 1055 erimus
2938 1017 2952 1054 :
2990 999 3086 1055 sed
3115 1000 3347 1056 videndo
3386 1001 3700 1067 veritatem,

2109 1108 2209 1163 per
2233 1107 2397 1163 quam
2421 1092 2589 1147 etiam
2617 1091 2765 1162 ipsos
2789 1091 3067 1162 diligimus
3090 1090 3311 1161 angelos
3328 1132 3342 1156 ,
3372 1100 3431 1147 et
3461 1091 3550 1146 his
3572 1107 3707 1146 con-

2109 1185 2463 1256 gratulamur.
2491 1183 2602 1240 Nec
2629 1184 2934 1240 invidemus
2962 1184 3105 1254 quod
3128 1184 3432 1255 paratiores
3452 1193 3509 1238 et
3534 1184 3701 1240 nullis

2110 1276 2375 1330 molestiis
2416 1275 2901 1346 interpedieutibus
2937 1274 3293 1345 perfruuntur
3333 1293 3348 1329 :
3388 1276 3485 1331 sed
3526 1276 3706 1348 magis

2108 1382 2204 1423 eos
2243 1367 2538 1436 diligimus,
2584 1367 2728 1437 quod
2766 1375 2823 1422 et
2868 1380 2968 1423 nos
3014 1366 3123 1421 tale
3172 1366 3373 1436 aliquid
3421 1380 3647 1436 sperare
3672 1382 3703 1420 a

2109 1459 2383 1513 communi
2406 1457 2518 1513 Deo
2534 1455 2673 1527 jussi
2697 1472 2907 1513 sumus.
2934 1457 3003 1511 Et
3028 1457 3231 1513 idcirco
3252 1457 3589 1513 honoramns
3605 1472 3705 1512 eos

2110 1549 2379 1606 charitate
2402 1588 2418 1613 ,
2469 1563 2577 1604 non
2614 1550 2909 1614 servitute;
2941 1562 3044 1603 nec
3080 1548 3160 1603 eis
3198 1547 3396 1617 templa
3422 1547 3706 1602 constitui-

2110 1654 2274 1694 mus:
2305 1655 2370 1695 ac
2413 1654 2511 1709 per
2555 1639 2660 1696 hoc
2706 1639 2897 1696 nolunt
2944 1653 3004 1694 se
3037 1638 3118 1694 sic
3156 1638 3477 1694 honoraria
3523 1638 3700 1703 nobis,

426 1749 584 1789 versa
617 1732 683 1787 ad
712 1734 989 1802 proprium
1020 1733 1219 1788 bonum
1237 1728 1380 1797 ,‘aut
1406 1730 1476 1786 ad
1501 1731 1742 1786 exterius
1759 1771 1774 1796 ,
1821 1737 1918 1784 aut
1937 1728 2009 1784 ad
2034 1720 2084 1781 Β
2109 1731 2239 1801 quia
2267 1744 2367 1786 nos
2395 1730 2573 1799 ipsos,
2599 1745 2725 1786 cum
2749 1731 2877 1786 boni
2901 1745 3120 1798 sumus,
3153 1730 3355 1803 templa
3380 1730 3580 1787 summi
3605 1730 3702 1786 Dei

428 1821 672 1885 inferius,
701 1830 913 1892 peccat.

504 1930 524 1963 ι
561 1924 587 1953 ι
620 1913 687 1965 Et
714 1911 833 1966 ideo
866 1926 972 1967 non
1011 1911 1083 1967 sit
1107 1911 1265 1966 nobis
1303 1911 1491 1982 religio
1519 1911 1696 1967 cultus
1729 1911 2010 1967 hominum

431 2010 793 2068 mortuorum,
817 2002 943 2071 quia
971 2002 1015 2057 si
1038 2002 1126 2072 pie
1146 2002 1399 2057 vixerunt
1423 2018 1531 2057 non
1554 2003 1634 2058 sic
1660 2003 1929 2058 habentur
1951 2009 2012 2057 ut

434 2093 569 2149 tales
594 2101 843 2161 quaerant
870 2093 1128 2159 honores,
1148 2094 1242 2149 sed
1265 2093 1415 2148 illum
1439 2109 1472 2148 a
1492 2094 1650 2150 nobis
1673 2094 1777 2150 coli
1800 2093 2009 2161 volunt,

429 2198 540 2254 quo
562 2182 848 2239 illuminati
870 2182 1121 2238 lzetantur
1134 2183 1313 2239 meriti
1336 2184 1419 2239 sui
1448 2199 1548 2239 nos
1567 2198 1689 2239 esse
1709 2191 2008 2241 consortes.

430 2272 742 2330 Honorandi
768 2288 898 2346 ergo
921 2280 1050 2329 sunt
1074 2281 1299 2344 propter
1322 2273 1714 2339 imitationem,
1745 2289 1855 2329 non
1880 2274 2013 2329 ado-

433 2363 590 2418 randi
614 2370 839 2436 propter
877 2362 1212 2433 religionem.
1258 2360 1317 2417 Si
1342 2369 1525 2418 autem
1567 2361 1710 2417 male
1735 2362 2008 2427 vixerunt,

430 2457 738 2527 ubicunque
776 2456 916 2522 sint,
955 2470 1063 2510 non
1089 2464 1219 2509 sunt
1246 2454 1478 2510 colendi.
1523 2454 1677 2522 Quod
1714 2454 1845 2511 colit
1881 2469 2012 2526 ergo

432 2561 676 2602 summus
700 2546 946 2617 angelus,
975 2547 1030 2601 id
1062 2545 1348 2602 colendum
1382 2553 1467 2601 est
1502 2546 1666 2600 etiam
1691 2546 1760 2601 ab
1793 2546 2013 2601 homine

432 2636 625 2693 ultimo
654 2651 670 2692 :
699 2638 827 2707 quia
866 2636 983 2708 ipsa
1012 2635 1247 2692 hominis
1286 2644 1481 2691 natura
1533 2635 1586 2690 id
1634 2652 1742 2691 non
1785 2635 2012 2691 colendo

430 2729 573 2787 facta
601 2736 688 2786 est
709 2729 920 2785 ultima.
952 2728 1069 2784 Non
1101 2729 1247 2784 enim
1269 2730 1486 2784 aliunde
1519 2730 1735 2799 sapiens
1766 2728 2009 2799 angelus,

431 2822 647 2879 aliunde
685 2823 887 2889 homo;
929 2820 1145 2877 aliunde
1188 2820 1277 2876 ille
1321 2835 1509 2885 verax,
1555 2818 1771 2874 aliunde
1798 2819 1961 2874 homo
1994 2837 2008 2873 :

430 2910 524 2968 sed
553 2911 624 2966 ab
650 2927 758 2967 una
779 2910 1205 2969 incommutabili
1233 2908 1495 2980 sapientia
1523 2915 1579 2963 et
1596 2909 1843 2963 veritate.
1877 2906 2011 2962 Nam

2110 1839 2232 1880 esse
2252 1832 2542 1879 noverunt.
2584 1843 2603 1876 ι

2180 1915 2309 1971 Haec
2346 1915 2472 1971 fidei
2503 1923 2706 1971 nostra:
2729 1915 3153 1971 munitissimum
3185 1922 3350 1986 atque
3378 1912 3708 1970 altissimum

2111 2016 2544 2073 sacramentum,
2575 2015 2632 2062 et
2659 2007 2810 2062 cordi
2858 2017 3046 2062 nostro
3092 2006 3464 2062 ﬁrmissimum
3502 2005 3702 2061 chara-

2111 2108 2230 2156 cter
2253 2100 2599 2170 impressum.
2630 2098 2782 2154 Hanc
2823 2099 3119 2154 astruendo
3142 2105 3199 2154 et
3235 2094 3574 2152 defendendo
3614 2111 3709 2151 ve-

2111 2191 2363 2255 ritatem,
2413 2190 2761 2262 opprobrium
2811 2190 2990 2246 factus
3029 2205 3150 2246 sum
3190 2189 3389 2245 vicinis
3433 2188 3608 2254 meis,
3652 2196 3710 2243 et

2110 2282 2276 2337 timor
2305 2282 2450 2338 'notis
2481 2283 2636 2350 meis,
2676 2283 2729 2336 in
2777 2291 3023 2348 tantum,
3053 2290 3115 2338 ut
3147 2282 3241 2353 qui
3283 2281 3539 2337 videbant
3578 2294 3706 2347 nos,

2111 2388 2220 2429 non
2258 2372 2433 2428 solum
2470 2374 2820 2441 deridebant,
2864 2374 2959 2429 sed
2985 2374 3148 2428 etiam
3175 2373 3346 2445 digito
3370 2387 3514 2427 unus
3542 2371 3704 2426 alter:

2110 2462 2486 2520 ostendebant.
2532 2463 2640 2519 Sed
2669 2465 2980 2521 consolatus
3021 2473 3106 2521 est
3145 2480 3246 2520 nos
3283 2464 3449 2520 Pater
3484 2464 3698 2520 miseri-

2112 2555 2421 2610 cordiarum
2469 2565 2525 2612 et
2572 2557 2717 2613 Deus
2770 2560 2937 2614 totius
2994 2558 3385 2615 consolationis
3441 2558 3498 2612 in
3548 2556 3697 2613 omni

2110 2647 2462 2704 tribulatione
2506 2660 2693 2706 nostra
2716 2692 2731 2716 ,
2767 2660 2827 2706 ut
2875 2651 3147 2721 possimus
3190 2657 3246 2706 et
3286 2649 3391 2719 ipsi
3431 2645 3701 2703 consoiari

2109 2752 2206 2794 eos
2232 2740 2326 2810 qui
2354 2739 2409 2794 in
2446 2742 2596 2797 omni
2635 2756 2895 2811 pressura
2926 2751 3073 2808 sunt,
3104 2740 3173 2797 de
3216 2740 3308 2795 illo
3347 2740 3601 2802 ﬁdentes,
3650 2748 3709 2791 et

2110 2846 2211 2903 per
2237 2832 2386 2887 illum
2417 2834 2471 2888 in
2509 2836 2900 2892 tentationibus
2942 2852 3051 2892 non
3089 2836 3425 2902 deﬁcientes,
3468 2834 3564 2907 qui
3606 2848 3704 2888 nos

2111 2923 2282 2980 armis
2310 2923 2535 2996 iustitiae
2556 2935 2613 2981 et
2642 2927 2793 2999 galea
2830 2928 3022 2985 salutis
3055 2928 3234 2984 munit
3280 2935 3446 2998 atque
3468 2926 3700 2981 circum-

431 3003 663 3073 itlipsutn
699 3011 881 3059 aetum
909 3011 995 3059 est
1022 3001 1305 3072 temporali
1329 3000 1726 3070 dispensatione
1761 3000 1828 3055 ad
1862 2998 2010 3055 salu-
2044 3059 2082 3073 η
2113 3012 2230 3071 ἀει,

433 3059 541 3149 tem
565 3102 829 3160 nostram,
862 3102 923 3149 ut
960 3059 1211 3149 naturam
1241 3059 1531 3147 humanam
1562 3090 1678 3160 ipsa
1715 3088 1812 3144 Dei
1838 3090 2012 3145 virtus
2039 3059 2084 3121 C

430 3193 490 3240 et
525 3186 621 3241 Dei
648 3186 915 3257 sapientia
955 3183 1414 3242 incommutabilis
1437 3192 1493 3238 et
1534 3180 2013 3239 consubstantialis

504 3328 530 3358 ι
561 3315 645 3381 Ex
668 3316 989 3390 Augustino,
1018 3317 1085 3373 de
1112 3332 1242 3372 vera
1277 3314 1476 3387 Relig.,
1505 3330 1626 3386 cap.
1651 3313 1737 3371 55.

2787 3130 3035 3202 Explicit.

991 3514 2272 3700 numnurssmo
2346 3578 3130 3697 merum

1226 3801 1297 3863 Ι).
1342 3797 1695 3863 JOANNES
1735 3794 2372 3861 CHRYSOSTOMUS
2413 3795 2896 3857 TROMBELLI.

504 4066 703 4136 Quanti
733 4063 808 4136 sit
823 4059 986 4136 pretii
1009 4056 1163 4136 liber.
1177 4054 1286 4121 ille,
1301 4066 1463 4134 quem
1487 4052 1605 4136 tibi,
1620 4051 2013 4136 humanissime

433 4121 628 4201 lector,
661 4121 914 4201 exhibeo,
942 4125 1102 4201 haud
1115 4121 1344 4201 obscure
1389 4121 1655 4201 signiﬁcat
1680 4121 2013 4201 clarissimus

434 4190 758 4264 Dranciscus
779 4190 1048 4253 Autdnius
1067 4192 1381 4264 Zacharias,
1405 4190 1533 4245 dum
1555 4204 1681 4245 eum
1706 4203 1732 4231 ι
1767 4199 1922 4264 «tum
1943 4190 2012 4244 ad

435 4260 717 4332 historiam
733 4265 1224 4322 ecclesiasticorum
1238 4260 1583 4332 scriptorum,
1608 4269 1721 4315 tum
1741 4260 1809 4315 ad
1831 4274 2011 4316 rerum

2114 4050 2185 4106 ob
2200 4064 2315 4123 rem
2336 4049 2455 4103 viro
2478 4048 2917 4123 praeclarissimo,
2934 4058 2989 4105 et
3008 4049 3076 4105 de
3102 4050 3259 4123 bonis
3280 4050 3482 4107 litteris
3498 4052 3698 4123 optime

2117 4120 2331 4190 merito,
2359 4134 2445 4174 me
2465 4118 2759 4190 plurimum
2799 4119 2996 4174 debere
3022 4121 3297 4190 proﬁteor.

2188 4134 2331 4185 aruo,
2359 4134 2445 4174 me
2462 4134 2759 4242 Plurimum
2799 4134 2996 4174 uenere
3022 4134 3297 4190 pronteor.

2188 4189 2319 4261 Sed,
2345 4197 2405 4261 ut
2429 4203 2458 4242 a
2483 4189 2605 4259 iqua
2630 4189 2696 4244 de
2716 4188 2943 4261 Claudio
2965 4190 3287 4261 Taurinensi
3313 4189 3562 4261 eloquar,
3598 4192 3700 4248 fuit

2118 4259 2206 4334 ille
2234 4258 2680 4334 quidem,:’ut‘ea
2706 4258 2914 4334 ferebat
2936 4269 3068 4315 aetas
3114 4260 3272 4334 (visit
3299 4258 3507 4334 aute—tn,
3536 4264 3699 4334 quod

434 4328 691 4402 iwnvcausa
733 4336 943 4419 Claudii
972 4332 1324 4421 Taurinensis
1346 4328 1700 4421 lgonoclasta:
1739 4338 2012 4421 gestarum
2037 4360 2091 4421 D
2116 4328 2344 4421 quisque
2364 4328 2775 4421 ‘ngvit,‘Carolo
2800 4330 3012 4421 lll'agno,
3029 4341 3084 4385 et
3113 4328 3385 4421 Eudovico
3405 4328 3698 4421 Piqjmpe.

434 4400 655 4477 seriem,
677 4408 1025 4479 originesque
1078 4402 1471 4479 dignoscendas
1494 4400 1951 4479 'maxi_me'u_t_i_lem
1986 4418 2005 4452 ι

431 4469 554 4542 esse
583 4469 740 4539 docet
764 4469 794 4531 ἵ
816 4469 1045 4546 eamque
1073 4469 1393 4546 ob'causam
1415 4486 1477 4546 se
1506 4469 1754 4546 eumdem
1789 4470 1986 4546 librum

433 4539 705 4612 editurum
746 4549 914 4623 luisse
951 4539 1047 4611 ait,
1099 4544 1143 4599 si
1169 4543 1370 4623 diutius
1395 4540 1631 4623 _l’istorii
1654 4542 1872 4623 degere
1908 4539 2011 4610 ipsi

433 4625 711 4683 licuisset:
742 4617 999 4676 habuisse
1025 4623 1207 4670 tamen
1233 4614 1286 4668 in
1316 4612 1458 4668 votis
1504 4612 2011 4683 praestantissimum

429 4679 697 4754 destinem
746 4688 1083 4745 Domiuieum
1110 4683 1417 4754 Mansium,
1448 4679 1521 4754 ut'
1565 4696 1690 4754 eum
1746 4682 1929 4754 ederet
1957 4679 2006 4754 δε

431 4749 640 4824 itaista
668 4758 900 4817 exscribi
927 4756 1076 4811 illum
1098 4753 1337 4823 jnsserat
1371 4751 1867 4824 clariss._Mansius;
1913 4749 2011 4805 sed

430 4819 724 4898 ubinovit,
784 4819 1259 4898 ineditavet'erum
1289 4819 1780 4898 ecclesiasticorum
1823 4829 2011 4898 aucto-

433 4890 776 4972 ιῖιῖέηεειὴξω
806 4913 835 4951 a
884 4894 1041 4972 nobis
1068 4891 1334 4972 evulgari,
1386 4890 2010 4972 qttidquidnexscriptum

434 4960 630 5041 fuerat,
654 4960 725 5028 ad
755 4983 840 5023 me
868 4965 1038 5031 misit,
1052 4971 1112 5018 ut
1141 4961 1282 5033 typis
1301 4960 1609 5031 proderem.
1651 4960 1822 5028 Quam
1842 4961 2007 5016 etiam

502 5125 526 5153 α
566 5104 894 5164 Bibliotheca
914 5098 1232 5156 Pistoriens.
1264 5112 1394 5220 pag.
1420 5097 1505 5159 l3,
1531 5111 1585 5151 ιι.
1610 5095 1703 5178 .il.

503 5182 530 5220 ιι
564 5180 640 5220 ιιιί
661 5191 783 5220 nan-
806 5172 876 5220 6‘2
901 5176 1140 5220 annolat.
1157 5167 1243 5220 12.
1277 5185 1295 5218 ‹
1383 5184 1394 5220 t
1419 5174 1547 5220 sunt
1565 5165 1698 5220 Btblt

503 5182 530 5221 h
564 5180 642 5250 ιω
661 5172 1140 5250 pagzﬁgﬂamtotat.
1157 5167 1243 5233 l2,
1266 5165 1295 5218 ⁷(
1319 5165 1394 5250 ,Ηί
1409 5174 1547 5250 sunt
1565 5165 2005 5250 Bibliorumlocr,

428 5252 497 5307 de
533 5235 1297 5320 quibus'XXX_qutesti_ottes_
1316 5236 1554 5292 instituit
1597 5235 2005 5320 Theodemirus:

429 5321 535 5375 Eas
550 5307 672 5373 'l'use
698 5318 751 5372 in
780 5316 896 5385 ipso
917 5307 1021 5385 hoc
1041 5308 1225 5385 codice
1248 5307 1387 5363 idem
1415 5308 1779 5385 persequitur,
1797 5316 1852 5385 et
1876 5308 2007 5378 quid

430 5374 627 5445 inillis
671 5374 1269 5456 explanandumcupiat
1289 5374 1542 5456 ostendit.
1590 5374 1766 5456 :Quam
1799 5377 1870 5431 ob
1889 5374 2003 5456 rem

431 5476 539 5515 non
571 5448 1020 5513 contemnendum
1051 5448 1393 5506 'l‘hcodemiri
1433 5463 1569 5518 opus
1590 5448 1694 5503 hoc
1717 5456 1822 5511 est,
1860 5448 2006 5517 quod

432 5530 486 5585 in
540 5534 723 5583 nostro
776 5524 962 5578 codice
1016 5522 1343 5593 exscriptum
1379 5520 1656 5593 ha_bcn_ms.
1733 5519 2004 5593 [ntegrum

429 5601 591 5654 edere
631 5596 683 5648 in
718 5594 898 5648 animo
946 5592 1133 5647 habuit
1177 5586 1384 5645 clariss.
1432 5587 1491 5644 P.
1537 5586 1772 5644 Joannes
1823 5586 2005 5644 Domi-

428 5670 586 5728 uicus
635 5662 804 5720 Mansi
848 5681 861 5716 :
931 5670 1108 5717 utrum
1174 5662 1227 5716 id
1274 5674 1464 5732 reapse
1513 5661 1849 5730 prmstiturus
1907 5659 2001 5725 sit,

2120 4398 2383 4470 fantibus)
2412 4399 2670 4464 disertus,
2733 4414 2796 4454 ac
2822 4398 3031 4470 doctus,
3067 4401 3162 4456 sed
3181 4416 3247 4456 ex
3273 4416 3466 4456 eorum
3492 4398 3697 4458 littera-

2117 4478 2296 4550 torum
2322 4469 2556 4550 .genere,
2578 4539 2591 4550 _
2613 4485 2749 4540 quos
2769 4469 2993 4550 scientia
3024 4471 3207 4550 inllat,
3260 4479 3317 4527 et
3341 4472 3410 4526 ab
3444 4471 3697 4550 Ecclesiae

2115 4539 2239 4612 sinu
2259 4539 2469 4612 rejicit;
2501 4539 2609 4612 qui
2644 4554 2741 4612 sua
2772 4541 2968 4612 sectari
2996 4541 3237 4612 cupiunt,
3284 4556 3393 4596 non
3421 4558 3544 4612 quae
3570 4541 3699 4598 Jesu

2112 4609 2359 4683 Christi,_
2392 4608 2760 4683 praecipientis
2795 4609 3025 4683 scilicet,
3059 4608 3121 4665 ut
3141 4612 3411 4683 credenda
3438 4608 3695 4683 dogmata

2113 4694 2221 4735 non
2249 4694 2318 4735 ex
2345 4678 2580 4748 ingenio,
2629 4687 2793 4749 atque
2815 4679 3080 4735 arbitratu
3109 4688 3294 4736 nostro
3326 4678 3691 4745 dimetiamur,

2112 4750 2208 4805 sed
2255 4765 2323 4804 ex
2362 4757 2544 4803 vetere
2596 4750 2906 4815 traditione,
2953 4758 3008 4806 et
3036 4750 3290 4806 Ecclesiae
3316 4752 3688 4815 consensione,

2111 4827 2274 4890 atque
2289 4820 2695 4890 approbatione.
2742 4819 2801 4890 ld
2835 4835 2904 4875 ne
2930 4828 3132 4877 vemcre
3157 4820 3370 4877 locutus
3393 4823 3689 4885 existimer,

2110 4889 2204 4961 eos
2261 4889 2555 4961 scriptores
2608 4889 2863 4961 consule,
2910 4905 3067 4961 quos,
3105 4904 3173 4961 ne
3220 4891 3391 4947 multo
3447 4906 3691 4946 sermone

2111 4959 2302 5016 lectori
2367 4959 2626 5015 molestus
2678 4961 2801 5026 sim,
2854 4959 3077 5016 in'nota
3113 4959 3284 5033 allego
3311 4972 3361 5014 ο.
3425 4961 3690 5018 Caeterum

2109 5099 2317 5169 ignoro.
2386 5095 2447 5152 Si
2475 5096 2677 5152 diutius
2703 5094 2925 5152 Pistorii
2954 5095 3197 5151 licuisset
3225 5094 3529 5160 immorari,
3578 5093 3688 5166 pri-

2109 5169 2232 5239 dem
2257 5176 2430 5222 totum
2470 5167 2585 5236 ipse
2617 5166 2953 5239 evulgassem
3002 5180 3126 5221 cum
3161 5165 3284 5221 aliis
3313 5164 3586 5237 liturgicis
3632 5164 3688 5218 li-

2145 5184 2232 5223 em
2257 5182 2430 5222 tctum
2470 5182 2585 5236 ipse
2617 5182 2953 5237 evmgassem
3002 5182 3126 5221 cum
3161 5182 3284 5221 ants
3313 5182 3586 5237 lllUl‘gIClS
3632 5182 3692 5218 ιι-

2108 5236 2240 5303 bris,
2268 5246 2373 5293 etc.
2406 5256 2424 5290 ι

2182 5319 2204 5347 ο
2231 5306 2398 5362 Jonas
2426 5305 2831 5362 Aurelianensis
2859 5306 2912 5361 in
2945 5306 3096 5363 libris
3123 5307 3188 5361 de
3213 5305 3372 5377 Cultu
3400 5305 3689 5377 imaginum

2108 5393 2231 5458 pag.
2259 5378 2438 5458 553__et
2467 5378 2686 5458 subseq.
2709 5385 2841 5458 tom.
2871 5377 2967 5458 Ν,⁸
2986 5386 3128 5446 part.
3153 5375 3565 5458 t,_Bi_blioth_ecie
3600 5375 3694 5458 Da-

2107 5446 2253 5529 Lru'm
2278 5447 2485 5529 _cditio.
2520 5446 2738 5529 “Daris.”
2786 5446 2839 5501 in
2884 5446 3038 5529 cuius
3081 5447 3403 5527 praefatione
3438 5446 3681 5529 laudatur

2108 5517 2497 5573 Theodemirus
2516 5515 2739 5573 Claudio
2766 5515 2970 5572 erranti
2993 5515 3167 5572 factus
3194 5532 3259 5573 ex
3296 5517 3474 5570 amico
3504 5516 3691 5570 adver-

2107 5590 2299 5671 sarius.
2349 5585 2620 5667 Dungalus
2642 5602 2762 5713 pagi.
2791 5586 2919 5672 146,.
2941 5599 3081 5658 part.
3108 5604 3171 5654 ιι,
3210 5599 3320 5642 tom
3342 5585 3430 5640 1V.
3479 5585 3685 5640 Bellar-

2107 5674 2285 5713 msnus
2303 5659 2368 5713 de
2408 5658 2683 5713 Scrmton.
2748 5657 3025 5713 ‘cclestast.
3051 5658 3118 5713 ad
3143 5675 3231 5713 an.
3267 5657 3393 5713 820.
3440 5653 3685 5713 Labheus

2107 5660 2285 5715 minus
2303 5659 2368 5713 de
2408 5653 2683 5728 Sc'rt'ptori.
2714 5653 3025 5714 Ecclesidst.
3051 5658 3118 5714 ad
3143 5653 3231 5713 an.
3267 5657 3393 5713 820.
3440 5653 3688 5713 Labbeui
