3976 6170
359 303 466 359 625

1240 286 1708 372 QUASSTIONES
1752 299 1898 355 XXX
1941 297 2169 355 SUPER
2207 296 2455 356 LIBROS
2494 296 2759 356 REGUM.

3536 302 3644 359 626

357 417 571 493 rigatis,
624 423 681 473 et
702 430 804 487 per
829 416 1077 473 ordinem
1099 416 1386 486 exponentis
1410 433 1424 469 :
1479 424 1537 472 et
1554 412 1817 485 quidquid
1850 413 1952 467 im-
1979 414 2033 475 Α
2127 408 2214 465 18.
2255 408 2490 481 Cumque
2516 410 2847 464 imminerent
2873 417 3058 474 vectes,
3086 416 3134 464 et
3161 422 3475 480 apparerent
3497 428 3644 467 sum-

358 511 534 583 perito
584 524 837 566 sermone
877 506 1314 564 locutus'l'uerim
1341 520 1368 549 ι
1393 548 1409 573 ,
1449 514 1510 562 ιιι
1543 506 1822 576 magister,
1873 504 1949 558 ita

359 600 683 673 discipulum
718 601 1028 656 emendate.
1086 599 1199 671 Ego
1240 599 1386 654 enim
1430 613 1540 654 non
1580 612 1677 667 per
1702 596 1951 652 ordinem

355 693 480 749 misi
513 700 744 763 propter
789 691 1061 762 quandam
1106 690 1405 762 agilitatem
1440 696 1497 745 et
1564 687 1948 761 negligentiam

355 786 685 857 scriptoris:
731 799 828 841 vos
871 799 1023 851 vero,
1078 793 1140 839 ut
1187 784 1414 840 historia
1449 798 1510 840 se
1541 783 1753 848 habet,
1799 784 1949 839 ordi-

354 886 593 1024 ΜῗἘε
612 968 880 1025 suscitabo
905 968 1035 1022 mihi
1065 964 1402 1023 Sacerdotem
1452 965 1682 1037 ﬁdelem.
1740 966 1780 1021 I.
1812 966 1947 1038 Reg.

351 1058 409 1112 2.
427 1057 514 1206 :5
530 1148 597 1205 Et
624 1165 729 1203 non
756 1149 942 1204 cecidit
971 1165 1035 1204 ea:
1062 1150 1302 1206 omnibus
1328 1150 1496 1206 verbis
1514 1149 1630 1221 ejus
1649 1150 1704 1203 in
1733 1158 1948 1203 terram.

351 1243 395 1298 L
509 1242 593 1389 2t
636 1335 894 1406 percussit
943 1335 1010 1389 de
1055 1333 1248 1405 populo
1320 1333 1653 1405 septuaginta
1707 1334 1872 1397 viros,
1901 1340 1952 1386 et

345 1425 734 1496 quinquaginta
784 1424 949 1496 plebis
976 1425 1019 1480 I.
1050 1425 1104 1480 6.
1149 1426 1235 1481 I9.
1294 1425 1596 1497 (Vulgatus,
1637 1433 1820 1481 tamen
1872 1424 1946 1479 in~

350 1525 574 1586 terpres
599 1515 762 1571 habet
786 1533 798 1568 :
827 1515 1207 1588 quinquaginta
1233 1515 1403 1571 millia
1429 1515 1639 1587 plebis.)

427 1605 481 1659 4.
523 1604 609 1660 Ea:
633 1622 739 1676 qua
776 1606 863 1660 die
888 1606 1083 1661 mansit
1112 1623 1239 1660 area
1283 1605 1565 1678 (Vulgatus
1611 1607 1802 1663 addit:
1838 1606 1971 1661 Do--

347 1697 508 1769 mini)
558 1697 614 1752 in
673 1696 1074 1765 Cariathiarim,
1119 1697 1457 1770 multiplicati
1489 1709 1612 1755 sunt
1669 1700 1785 1755 dies
1832 1699 1950 1769 ejus

342 1799 459 1845 etc.
487 1788 527 1844 I.
558 1790 611 1844 7.
639 1788 693 1842 2.
1971 1771 2019 1831 Β

423 1880 479 1935 5.
519 1879 673 1947 Quod
703 1881 781 1936 ait
815 1879 1088 1937 Ionathan
1116 1883 1185 1938 ad
1214 1883 1384 1937 David
1420 1901 1432 1938 :
1460 1881 1521 1939 Si
1547 1883 1749 1949 vixero,
1780 1882 1945 1954 facies

349 1971 487 2025 mihi
516 1971 931 2026 misericordiam
968 1981 1074 2028 etc.
1107 1972 1147 2027 l.
1180 1972 1271 2028 20.
1308 1974 1393 2031 14.

418 2060 472 2116 6.
515 2061 544 2103 b
575 2059 724 2116 Fecit
772 2060 1027 2133 Salomon
1061 2062 1400 2133 festiuitatem
1428 2065 1683 2121 celebrem
1758 2074 1807 2121 et
1831 2082 1948 2121 om-

345 2154 435 2209 nis
464 2151 637 2208 Israel
681 2170 804 2208 cum
842 2170 924 2209 eo.
955 2153 1043 2209 III.
1075 2154 1130 2208 8.
1173 2155 1244 2210 65

424 2243 478 2298 7.
520 2243 588 2299 In
615 2244 800 2299 diebus
848 2245 966 2315 ejus
1009 2245 1293 2314 aediﬁcavit
1337 2247 1402 2302 de
1426 2246 1606 2301 Achiel
1654 2248 1720 2303 de
1763 2247 1949 2303 Bethel

345 2333 589 2392 Hierico.
632 2335 717 2389 lli.
758 2334 846 2390 16.
876 2334 968 2391 34.
1004 2334 1096 2406 (At
1159 2333 1427 2407 Vulgatus
1486 2336 1695 2391 habet:
1736 2335 1859 2391 ﬂiel
1883 2337 1949 2392 de

348 2422 585 2492 Bethel.)

428 2513 503 2567 8v
525 2510 657 2567 ch
694 2514 897 2583 faciant
923 2514 1054 2569 mihi
1094 2515 1189 2577 dii,
1238 2523 1289 2569 et
1316 2514 1431 2569 Iure
1462 2515 1687 2581 addant,
1711 2517 1757 2571 si
1785 2516 1948 2585 sit/fe-

349 2600 487 2654 cerit
510 2598 682 2671 pulvis
709 2600 978 2659 Samarice
1015 2603 1217 2676 pugillo
1261 2605 1490 2660 universi
1517 2604 1723 2677 populi,
1750 2607 1842 2678 qui
1866 2624 1949 2664 se-

587 2709 689 2749 me.
754 2694 841 2750 III.
897 2694 988 2752 20.
1037 2696 1125 2751 10.
1188 2695 1321 2767 (Sed
1365 2696 1630 2769 Vulgatus
1657 2698 1823 2757 habet
1848 2717 1949 2770 pu-

345 2795 403 2851 gi
451 2798 515 2836 is.

407 2795 515 2836 ms.

343 2795 403 2851 9’
424 2873 479 2931 9.
523 2795 701 2931 ’Tertia
725 2893 852 2948 pars
877 2887 1104 2933 oestrum
1130 2879 1358 2934 introeat
1400 2877 1654 2949 Sabbato,
1693 2892 1744 2938 et
1775 2883 1950 2939 obser-

343 2975 433 3024 vet
465 2967 765 3023 excubitum
793 2970 984 3025 domus
1030 2974 1190 3043 regis.
1226 2972 1325 3030 IV.
1355 2974 1443 3029 11.
1469 2973 1523 3030 6.
1552 2974 1646 3047 (At
1671 2975 1726 3031 in
1761 2985 1945 3033 nostra
2010 3010 2013 3013 -

350 3060 612 3116 versione
643 3059 838 3130 legitur
858 3060 1166 3135 excubias.)

2052 502 2257 557 mitates
2275 519 2458 557 eorum
2480 502 2613 572 [oris
2632 501 3016 565 sanctuarium,
3040 510 3146 557 etc.
3174 501 3258 557 III.
3278 503 3332 559 8.
3359 504 3415 560 8.
3446 502 3540 575 (At
3566 504 3637 561 le-

2051 594 2285 665 gendum
2307 600 2612 655 eminerent,
2641 592 2719 646 uti
2751 592 2916 647 habet
2944 592 3249 647 communis
3285 592 3496 665 lectio.)

2126 683 2210 739 19.
2259 681 2621 753 Produxitque
2644 681 2819 751 ﬁlium
2850 683 3006 753 regis,
3037 691 3086 736 et
3124 683 3298 752 posuit
3339 699 3499 754 super
3520 701 3641 739 eum

2051 772 2317 835 diadema,
2354 780 2403 825 et
2436 771 2816 826 testimonium.
2863 770 2953 826 IV.
2998 771 3084 828 11.
3113 772 3201 826 12.

2122 864 2212 920 20.
2249 864 2321 919 Et
2345 881 2451 919 non
2472 864 2629 933 ﬁebat
2659 865 2801 919 ratio.
2822 864 2886 921 iis
2920 864 3243 933 hominibus,
3288 866 3380 939 qui
3406 867 3636 937 accipie-

2053 958 2179 1011 bant
2210 958 2511 1028 pecuniam.
2544 957 2633 1012 IV.
2664 956 2749 1012 12.
2787 956 2874 1011 15.

2123 1048 2212 1102 21.
2270 1048 2392 1118 Ipse
2451 1049 2706 1119 percussit
2774 1047 2948 1103 Edam
3006 1049 3064 1103 in
3108 1047 3243 1104 valle
3303 1048 3638 1106 Sattnarum.

2053 1142 2143 1197 IV.
2182 1142 2268 1197 14.
2301 1143 2352 1196 7.

2124 1234 2215 1289 22.
2259 1234 2380 1304 Ipse
2439 1235 2677 1289 restituet
2734 1236 2986 1291 terminos
3049 1233 3223 1290 Israel
3287 1234 3352 1289 ab
3416 1234 3640 1291 introitu

2055 1331 2275 1386 Emath.
2307 1331 2396 1387 IV.
2430 1330 2517 1386 14.
2548 1331 2641 1387 25.

2123 1423 2215 1478 25.
2256 1421 2324 1476 Et
2353 1438 2677 1493 unaquaque
2705 1438 2830 1492 gens
2879 1422 3141 1491 fabricata
3169 1430 3245 1476 est
3271 1421 3428 1475 deum
3458 1436 3635 1476 suum.

2057 1511 2144 1566 IV.
2180 1512 2267 1565 17.
2298 1511 2389 1568 29.
2444 1509 2780 1583 (Lectionem
2835 1513 2976 1567 hanc
3027 1511 3280 1581 proponit
3336 1510 3647 1566 rectissime

2059 1601 2307 1674 Vulgata,
2337 1611 2394 1657 et
2412 1601 2661 1671 sequitur
2679 1600 2891 1657 clariss.
2923 1600 3219 1656 Zacharias
3245 1618 3258 1653 :
3292 1606 3353 1654 at
3379 1599 3435 1654 in
3455 1613 3641 1656 exem-

2053 1695 2191 1766 plari
2218 1695 2288 1750 ad
2319 1710 2408 1751 me
2440 1695 2612 1750 misso
2645 1694 2845 1764 legitur
2868 1694 3084 1748 domum
3105 1689 3305 1761 suam.)

2111 1784 2204 1838 24.
2247 1782 2346 1838 Ubi
2370 1792 2445 1839 est
2474 1784 2603 1838 deus
2625 1782 2843 1846 Emath,
2870 1791 2918 1837 et
2948 1780 3185 1852 Arpnatlt
3211 1780 3231 1834 !
3260 1777 3361 1835 Ubi
3403 1787 3513 1836 etc.
3542 1779 3629 1837 IV.
3742 1771 3757 1797 ‘

2051 1873 2257 1930 18.54.
2303 1872 2555 1945 (Vulgata
2585 1872 2849 1943 Arphad.)

2121 1965 2213 2021 25.
2252 1964 2501 2021 Ascendit
2535 1964 2725 2020 umbra
2777 1963 2957 2019 decem
3010 1980 3183 2020 tineis.
3212 1963 3303 2021 IV.
3344 1966 3434 2022 20.
3463 1967 3514 2024 9.
3548 1968 3642 2040 (At

2045 2056 2333 2128 legendum
2377 2063 2463 2112 est
2497 2071 2622 2112 cum
2672 2054 2900 2125 Vulgata
2932 2073 2945 2109 :
2986 2053 3093 2121 Vis,
3141 2066 3197 2111 ut
3223 2059 3499 2127 ascendat,
3530 2069 3635 2118 etc.

2046 2145 2148 2201 nisi
2174 2145 2249 2202 vis
2270 2144 2497 2201 indicari
2519 2144 2718 2202 versic.
2754 2143 2840 2199 11.
2860 2144 2980 2214 jam
3002 2145 3369 2215 descenderat,
3398 2148 3530 2220 etc.)

2115 2235 2206 2292 26.
2259 2234 2394 2301 Quae
2432 2234 2703 2291 habitabat
2763 2234 3061 2291 Jerusalem
3123 2238 3180 2291 in
3245 2240 3496 2296 secunda.
3543 2241 3634 2298 IV.

2116 2432 2206 2487 27.
2256 2431 2655 2488 Contaminavit
2703 2450 2910 2505 quoque
2972 2434 3228 2505 Toplsetli,
3271 2410 3415 2508 quod
3463 2450 3541 2497 est
3582 2444 3641 2500 in

2047 2521 2182 2577 ualle
2213 2522 2314 2591 ﬁlii
2339 2521 2553 2578 Ennon.
2583 2523 2673 2579 IV.
2701 2524 2793 2580 2‘5.
2816 2524 2910 2595 10.

2118 2636 2207 2692 28.
2248 2636 2475 2693 Abstulit
2532 2655 2737 2711 quoque
2770 2657 2949 2711 equos,
3003 2659 3133 2713 quos
3195 2645 3452 2704 dederant
3495 2666 3639 2724 reges

2047 2731 2192 2788 Iuda
2218 2732 2354 2789 Soli.
2383 2732 2471 2789 IV.
2504 2733 2596 2789 25.
2635 2734 2722 2790 11.

2117 2844 2207 2901 29.
2247 2828 2743 2921 Επεειδᾱᾳιιοᾳιιε,
2773 2866 2893 2923 qua:
2928 2862 3078 2909 erant
3119 2855 3174 2909 in
3198 2854 3519 2925 Jerusalem,
3567 2860 3638 2914 ad

2047 2936 2316 2994 dexteram
2357 2948 2558 3010 partem
2608 2941 2803 2996 montis
2834 2941 3157 3011 o/fensionis,
3191 2954 3296 3001 etc.
3330 2945 3463 3004 Ibid.
3486 2948 3635 3003 v.15.

2117 3052 2207 3108 50.
2247 3052 2320 3108 Et
2355 3054 2627 3110 transtulit
2675 3073 2883 3112 omnem
2928 3056 3254 3129 Jerusalem,
3281 3071 3330 3117 et
3361 3064 3638 3125 universos

428 3149 515 3203 10.
557 3125 719 3217 Quod
740 3150 819 3205 ait
843 3149 1060 3221 Abigail
1089 3125 1159 3208 ad
1181 3153 1351 3210 David
1380 3174 1391 3207 :
1428 3152 1489 3210 Si
1533 3155 1672 3210 enim
1702 3172 1947 3212 surrexe-
1973 3125 2018 3188 Ο
2048 3144 2311 3216 ρνίησίρεε
2339 3152 2448 3210 ett:-
2479 3144 2566 3201 IV-
2608 3145 2698 3201 24-
2739 3146 2825 3201 14-

340 3239 423 3293 rit
460 3238 615 3293 homo
640 3237 928 3311 aliquando
958 3256 1270 3311 persequens
1296 3252 1364 3309 te,
1394 3251 1501 3298 etc.
1532 3242 1573 3298 Ι.
1605 3243 1696 3298 25.
1730 3243 1820 3317 29.

341 3419 393 3476 ﬂ
432 3331 516 3387 11.
563 3331 626 3386 Et
676 3333 944 3404 prtecepit,
993 3342 1051 3387 ut
1100 3333 1345 3391 docerent
1366 3334 1509 3405 ﬁlios
1545 3334 1695 3391 Juda
1734 3352 1939 3391 arcum.

401 3459 419 3474 .
456 3421 508 3475 1.
547 3420 630 3476 18.
773 3450 787 3462 -

401 3420 630 3477 ,1.18.

429 3508 515 3564 12.
547 3509 627 3653 ξι
653 3520 907 3581 percussit
934 3510 1115 3579 Moab,
1149 3523 1200 3568 et
1223 3529 1437 3570 mensus
1468 3524 1545 3570 est
1563 3532 1653 3571 eos
1675 3516 1937 3587 funiculo.

342 3599 419 3655 ll.
453 3601 507 3655 8.
589 3638 603 3654 .

375 3602 419 3655 I.
453 3601 507 3656 8.
547 3601 603 3654 2.

429 3688 518 3743 15.
559 3687 682 3759 Ipse
703 3698 835 3744 esset
862 3690 1016 3761 quasi
1061 3691 1377 3749 tenerrimus
1423 3692 1553 3764 ligni
1603 3695 1937 3750 venuiculus.

354 3779 427 3835 ιι.
452 3779 545 3835 es.
572 3780 626 3835 8.
653 3778 936 3852 (Vulgatus
961 3780 1127 3835 habet
1154 3779 1278 3853 est.)

426 3874 517 3929 11.
557 3872 678 3946 Ipse
706 3875 993 3941 descendit,
1046 3883 1097 3931 et
1147 3877 1404 3947 percussit
1453 3876 1654 3933 leonem
1686 3878 1742 3933 in
1769 3880 1944 3935 media

347 3969 607 4023 cisterna.
631 3965 695 4021 II.
719 3966 811 4022 25.
845 3966 937 4022 20.

429 4057 517 4112 15.
558 4055 637 4111 De
674 4056 893 4127 templo,
941 4058 1083 4130 quod
1134 4057 1356 4113 habebat
1398 4058 1615 4130 triginta
1640 4059 1843 4115 cubitos
1888 4062 1945 4115 in

344 4147 710 4204 altitudinem.
745 4148 814 4203 Et
836 4149 893 4204 in
925 4148 1066 4204 libro
1092 4148 1545 4220 Paralipomenon
1573 4149 1794 4205 habebat
1816 4166 1941 4206 cen-

348 4250 466 4295 tum
490 4239 698 4310 viginti.
731 4238 866 4309 Reg.
892 4238 980 4293 III.
1010 4238 1062 4293 6.
1093 4238 1148 4293 2.
1197 4237 1261 4293 Il.
1291 4237 1528 4309 Paralip.
1568 4238 1622 4293 3.
1665 4238 1720 4293 4.

424 4329 513 4385 16.
551 4327 762 4385 Ostium
798 4329 960 4385 medii
992 4329 1175 4388 lateris
1203 4332 1258 4386 in
1286 4339 1437 4402 parte
1456 4339 1571 4387 erat
1597 4332 1787 4387 domus
1808 4332 1943 4387 dea:-

347 4429 500 4477 terte.
544 4418 632 4475 III.
675 4420 808 4493 Reg.
842 4420 896 4478 6.
936 4420 990 4476 8.

427 4512 516 4566 17.
552 4511 804 4584 Texitque
851 4513 1065 4568 domum
1097 4514 1383 4585 laqueariis
1418 4515 1666 4571 cedrinis.
1696 4514 1780 4571 III.
1804 4514 1857 4570 6.
1885 4515 1938 4571 9.

350 4608 448 4681 (At
476 4609 533 4664 in
558 4608 789 4681 Vulgata
817 4610 1051 4666 habetur
1075 4627 1088 4665 :
1122 4611 1253 4665 texit
1283 4610 1530 4682 quoque.)

427 4756 453 4785 ι
467 4742 684 4814 Anceps
694 4744 875 4800 btereo
889 4759 1018 4800 num
1036 4743 1320 4814 legendum
1336 4743 1426 4808 sit,
1444 4742 1627 4813 fuerit,
1644 4760 1711 4799 an
1730 4744 1938 4814 fuerim.

351 4813 701 4870 Postremum
726 4816 829 4869 hoc
856 4815 1065 4870 clariss.
1095 4813 1382 4877 Zachariae
1412 4815 1606 4877 placet.
1668 4813 1735 4869 Et
1755 4830 1940 4870 revera

354 4885 665 4940 subrustice
713 4885 780 4955 de
821 4886 1075 4955 episcopo
1113 4885 1353 4955 loquitur
1381 4885 1750 4955 Theutmirus,
1800 4886 1846 4940 si
1876 4886 1943 4941 de

395 4954 649 5024 repositis
675 4970 707 5009 a
728 4954 1041 5022 Leidratbo,
1099 4954 1199 5010 aut
1218 4954 1518 5010 Nimbridio
1555 4955 1944 5025 quaestionibus

395 4971 649 5024 roposius
675 4971 707 5009 ιι
728 4971 1041 5022 LeiaratnO,
1099 4971 1193 5010 aut
1218 4971 1518 5010 mmnriuio
1555 4971 1944 5025 quaesnomnus

355 4971 475 5097 ’ἶωο
506 5025 820 5097 pronuntiet
852 5042 865 5078 :
919 5032 979 5080 ιιι
1016 5025 1283 5097 magister,
1312 5025 1389 5078 ita
1425 5025 1742 5097 discipulum
1771 5042 1946 5097 emcn-

358 5093 523 5166 datef
561 5094 632 5150 At
666 5093 734 5149 ab
767 5096 959 5150 horum
983 5093 1155 5151 altero
1192 5094 1363 5151 fuisse
1386 5093 1695 5166 propositas
1720 5096 1818 5151 has
1847 5096 1944 5150 tri—

358 5165 898 5247 giptahquzestiones,
927 5180 1163 5247 quarum
1195 5165 1515 5247 solutionem
1556 5166 1946 5247 fl‘heuthmirus

358 5234 636 5308 eiliagitat,
659 5234 900 5308 indicare
923 5234 1132 5291 videtur
1150 5235 1802 5308 ipsemet_'l_‘_lreuthmirus,
1820 5252 1943 5308 cum

359 5304 722 5379 ha‘c'subjieit
755 5326 767 5361 :
808 5307 908 5379 has
954 5323 974 5355 ι
1009 5304 1333 5379 ᾳιιωβίὶοιιθε
1358 5304 1508 5379 XXX
1531 5314 1695 5376 atque
1718 5306 1948 5379 apertio-

360 5392 459 5433 nes
512 5376 745 5448 illarum,
799 5377 844 5448 si
892 5376 1408 5448 prudentiarvestra}
1430 5376 1626 5444 placet,
1671 5376 1794 5431 cum
1840 5376 1946 5448 illis

360 5447 752 5516 quaestionibus
800 5447 868 5502 de
895 5445 1335 5518 prindictoilibro
1379 5445 1608 5518 Regum,
1655 5462 1793 5518 quas
1821 5447 1944 5503 misi

361 5518 639 5588 sanctitati
665 5525 861 5588 vestra:
883 5516 1270 5588 explanandas,
1289 5516 1631 5588 cumaivobis
1643 5516 1945 5587 explanata:

363 5585 583 5651 nterim,
633 5586 826 5644 ordine
874 5585 994 5652 suo,
1039 5602 1148 5641 uno
1197 5587 1503 5642 aduncntur
1543 5587 1598 5642 in
1631 5585 1878 5657 corpore.
1919 5608 1936 5641 ι

364 5658 813 5731 Billagitarevero
834 5673 911 5723 se,
928 5665 1054 5731 utet
1075 5658 1289 5731 harum,
1312 5664 1373 5731 et
1392 5673 1577 5715 earum
1598 5659 1782 5731 etiam,
1806 5673 1943 5731 quas

1967 4471 2023 4534 D

2118 3236 2230 3293 Has
2248 3237 2579 3307 quaestiones
2605 3239 2851 3310 triginta,
2881 3250 3044 3312 atque
3065 3242 3374 3312 apertiones
3400 3244 3634 3311 illarum,

2047 3327 2096 3383 si
2123 3328 2425 3398 prudentiae
2464 3336 2662 3384 vestrae
2705 3329 2905 3400 placet,
2936 3347 3060 3387 cum
3084 3332 3191 3389 illis
3237 3334 3632 3405 quaestionibus

2045 3421 2116 3477 de
2141 3420 2399 3491 praedicto
2424 3420 2565 3478 libro
2590 3421 2819 3491 Regum,
2837 3439 2973 3494 quas
2992 3426 3117 3481 misi
3145 3428 3421 3482 sanctitati
3444 3436 3638 3484 vestra:

2046 3509 2438 3580 explanandas,
2470 3525 2596 3567 cum
2620 3526 2652 3566 a
2681 3511 2837 3568 vobis
2861 3513 3167 3582 explanata:
3200 3512 3423 3579 fuerint,
3443 3517 3638 3570 ordine

2046 3613 2168 3664 suo,
2203 3616 2312 3656 uno
2346 3600 2659 3657 adunentur
2702 3602 2758 3658 in
2799 3617 3053 3673 corpore,
3082 3611 3141 3658 et
3181 3613 3242 3658 ut
3287 3604 3404 3673 ipse
3434 3608 3631 3670 nostis,

2046 3699 2105 3746 et
2130 3700 2364 3747 vestram
2388 3692 2786 3762 praefationem,
2813 3701 2871 3753 et
2892 3709 3069 3751 meam
3116 3695 3455 3765 petitionem,
3481 3700 3637 3766 quasi

2046 3779 2492 3849 prmiatiunculas
2519 3781 2574 3836 in
2594 3781 2774 3851 capite
2801 3782 3266 3851 explanationum,
3295 3784 3364 3841 de
3393 3786 3636 3857 prmfalis

2046 3870 2436 3939 quaestionibus
2480 3870 2757 3936 adnotate,
2811 3880 2867 3927 et
2917 3873 2971 3929 in
3027 3876 3282 3932 omnibus
3327 3878 3633 3949 scripturis,

2048 3976 2183 4031 quas
2207 3962 2328 4018 istis
2356 3962 2409 4017 in
2437 3962 2685 4033 partibus
2714 3964 2951 4032 mittitis,
2986 3966 3094 4022 mei
3134 3983 3241 4025 non
3267 3970 3634 4029 obliviscami-

2047 4054 2138 4121 ni;
2163 4055 2260 4112 sed
2287 4070 2506 4128 semper
2534 4057 2828 4116 admonere
2856 4061 3150 4134 dignemini
3180 4065 3311 4136 quid
3353 4082 3516 4139 agere
3543 4070 3635 4127 de-

2046 4146 2226 4203 beam.
2291 4144 2523 4203 Maxime
2553 4147 2608 4205 in
2662 4150 3003 4208 orationibus
3041 4154 3297 4223 obsecro,
3325 4164 3385 4214 ut
3407 4158 3525 4230 ipse
3554 4174 3634 4217 ro-

2047 4240 2188 4311 getis
2236 4239 2524 4296 Dominum
2577 4256 2677 4312 pro
2708 4258 2816 4309 me,
2859 4254 2916 4300 et
2955 4262 3055 4317 per
3100 4250 3339 4308 studium
3389 4262 3631 4314 vestrum

2047 4328 2140 4385 alii
2174 4330 2342 4386 etiam
2397 4340 2609 4401 rogent.
2663 4331 2722 4388 Si
2756 4335 2902 4390 enim
2938 4336 3103 4395 unius
3122 4339 3261 4409 justi
3288 4344 3459 4398 oratio
3497 4344 3633 4399 mul—

2048 4427 2160 4475 tum
2188 4418 2323 4475 valet
2363 4420 2505 4491 (Jac.
2554 4421 2607 4476 5.
2647 4422 2760 4494 16.)
2806 4434 2867 4479 ιιι
2900 4426 3017 4494 ipse
3067 4430 3263 4496 nostis,
3291 4442 3497 4501 quanto
3524 4450 3631 4489 ma-

2046 4510 2131 4581 gis
2156 4510 2450 4567 multorum
2482 4514 2700 4569 assidua
2722 4514 2749 4567 7
2795 4513 2946 4581 Vale,
2973 4516 3050 4570 mi
3079 4524 3252 4585 pater,
3293 4528 3351 4576 et
3387 4522 3442 4576 in
3468 4522 3631 4592 spiri-

2050 4601 2274 4657 tuaiium
2307 4602 2537 4659 ﬁliorum
2560 4605 2834 4675 prosperis
2862 4621 3077 4677 semper
3101 4608 3258 4678 polle.

2047 4738 2302 4818 claudius
2327 4757 2674 4818 unororpo‘re
2703 4744 3111 4818 complectatur,
3135 4756 3189 4801 ct
3218 4747 3535 4818 explicatas,
3568 4752 3631 4806 il-

2048 4811 2410 4885 lustratasque
2432 4811 2786 4885 Theuthmiro
2810 4811 3068 4871 remittat.
3098 4811 3388 4884 (Italarum,
3422 4811 3536 4875 sive
3563 4820 3629 4885 is,

2048 4882 2161 4960 sive
2195 4882 2333 4936 alter
2364 4884 2731 4960 proposuerit,
2761 4894 2914 4960 ⁵ιίιιιιΔ
2936 4886 3059 4952 illae,
3106 4905 3210 4958 qua
3235 4905 3267 4943 η
3307 4882 3447 4953 alite,
3495 4882 3631 4960 quas

2046 4951 2299 5031 deinceps
2318 4951 2587 5017 recenset,
2608 4952 2965 5031 dissolvendae
2985 4951 3162 5017 erani,
3182 4968 3343 5031 atque
3359 4951 3631 5019 illustran-

2047 5021 2147 5085 dm,
2171 5020 2289 5093 ejus
2311 5031 2521 5093 rogatu,
2549 5039 2580 5078 a
2607 5023 2845 5080 Claudio.

2122 5092 2148 5165 Ρ
2190 5092 2403 5165 Sequor
2430 5108 2653 5165 prorsus
2678 5096 2954 5165 exemplar
2982 5097 3048 5151 ad
3083 5113 3170 5153 me
3201 5099 3423 5154 missum
3451 5118 3466 5156 :
3500 5117 3627 5158 nam

2046 5162 2251 5218 editum
2277 5178 2309 5218 a
2330 5163 2391 5217 P.
2419 5162 2680 5235 Zacharia
2716 5162 3069 5235 quaestionem
3094 5168 3253 5233 hanc,
3273 5178 3328 5224 et
3368 5181 3481 5228 tres
3508 5175 3632 5229 sub-

2050 5241 2345 5306 sequentes
2363 5234 2593 5290 collocat
2622 5234 2749 5304 post
2792 5252 2932 5302 cam,
2964 5253 3084 5306 qua:
3124 5240 3189 5294 ad
3220 5241 3362 5296 hunc
3407 5244 3624 5299 modum

2048 5302 2238 5377 incipit
2269 5302 2539 5377 :Cumque
2589 5302 2918 5377 imminerent
2966 5302 3151 5374 nectes,
3188 5319 3241 5364 et
3286 5311 3479 5369 ordine
3505 5314 3628 5370 XIX

2048 5382 2151 5447 est.
2183 5374 2319 5447 Tum
2338 5374 2470 5447 vero
2494 5374 2896 5447 chronologiam
2942 5377 3239 5446 sequimur,
3271 5390 3328 5435 et
3368 5382 3619 5440 Ecclesia-

2047 5444 2199 5523 sticaa
2226 5443 2480 5498 Historia:
2510 5445 2706 5523 seriem
2733 5443 3157 5523 {Quam_ta'me_n
3270 5451 3355 5523 his
3380 5456 3624 5523 quaestio

2049 5514 2207 5568 nibus
2236 5513 2603 5582 proponendis
2625 5515 2846 5571 minime
2880 5534 2910 5571 a
2939 5518 3291 5578 Theuthmiro
3316 5513 3482 5580 fuisse
3513 5542 3629 5581 ser—

2048 5592 2228 5667 vatam
2269 5582 2506 5638 altirmat
2545 5586 2805 5667 ipsemet.
2869 5588 3065 5667 Recole
3104 5605 3275 5663 nuper
3317 5593 3502 5650 dicta:
3540 5613 3632 5667 per

2047 5654 2283 5734 ordinem
2333 5654 2718 5724 experiatur"...
2756 5656 2868 5727 Ego
2914 5660 3048 5714 enim
3090 5654 3194 5716 non
3246 5680 3339 5734 per
3385 5654 3627 5721 ordin'em

368 5731 478 5800 ipse
501 5725 594 5787 "ad
627 5728 908 5786 Claudium
943 5727 1226 5785 solvendas
1255 5728 1425 5795 misit,
1469 5736 1525 5785 et
1573 5725 1937 5800 explicandas,
2041 5725 2178 5793 misi,
2203 5733 2307 5781 etc.
