3976 6170
338 345 437 409 627

1408 349 1686 407 CLAUDII
1724 348 2186 407 TAURINENSIS
2224 349 2534 408 EPISCOPI

3499 355 3596 410 628

406 469 461 521 1.
513 478 538 507 ι
585 464 710 520 Fuit
770 464 852 517 vir
904 478 1043 517 unus
1088 460 1153 516 de
1208 461 1476 517 Ramatha
1523 464 1579 517 in
1627 460 1827 534 Sophia
1851 462 1915 516 de
1942 467 1994 527 Α
2019 462 2118 517 Dei
2136 463 2323 534 jacens
2349 464 2614 519 invenitur
2637 464 2827 537 Dagon
2850 481 2869 520 :
2897 473 2953 522 et
2981 474 3172 537 postea
3203 467 3358 522 tertia
3380 467 3513 540 die.)

335 564 510 611 monte
566 553 805 623 Eﬂ'raim,
864 560 913 606 et
955 566 1143 606 nomen
1186 551 1303 622 ejus
1356 550 1616 607 IIelcana.
1675 551 1743 606 Et
1792 560 1917 620 post

333 660 524 719 pauca.
568 642 768 697 Habuit
807 658 999 697 uxores
1033 642 1210 698 duas:
1257 659 1445 697 nomen
1493 645 1586 697 uni
1631 642 1819 708 Annus,
1865 651 1914 697 et

334 754 521 795 nomen
560 736 806 791 secundis
860 732 1146 791 Fennente.
1197 735 1237 789 l.
1274 736 1404 805 Reg.
1436 735 1485 788 1.
1528 735 1579 789 1.
1611 744 1668 790 et
1687 735 1742 789 2.
1775 733 1916 802 Quid

333 825 606 899 signiﬁcat
636 826 721 881 vir
755 826 897 882 iste:
928 826 1016 880 vel
1064 824 1182 881 dua:
1226 839 1426 880 uxores
1478 825 1628 895 ejus,
1682 839 1790 879 una
1840 824 1918 878 fe-

331 919 532 986 cunda,
575 919 680 975 alia
725 916 1047 975 infecunda?
1078 918 1147 973 Et
1175 932 1273 973 cur
1299 917 1367 972 de
1414 916 1567 970 Anna
1606 916 1864 971 scribitur
1896 933 1908 967 :

329 1011 472 1084 quod
514 994 782 1083 afﬂigebat
838 1027 1042 1082 quoque
1094 1025 1209 1063 eam
1243 1007 1435 1062 damula
1493 1008 1630 1078 ejus,
1672 1016 1721 1061 et
1761 1006 1913 1061 vehe-

329 1113 532 1160 menter
559 1100 814 1174 angebat.’
833 1102 903 1156 Et
928 1102 1137 1170 reliqua
1185 1116 1328 1155 vers.
1357 1100 1408 1155 6.

400 1197 456 1252 2.
495 1194 627 1251 Cum
658 1194 901 1249 redeunte
920 1202 1147 1262 tempore
1171 1192 1509 1247 ascenderant
1533 1190 1784 1262 templum
1809 1189 1915 1244 Do-

329 1286 483 1352 mini,
511 1294 561 1339 et
584 1284 659 1339 sic
679 1282 992 1355 provocabat
1033 1299 1168 1337 eam.
1215 1282 1384 1337 Porro
1410 1280 1504 1335 illa
1524 1280 1702 1351 ﬂebat,
1728 1289 1778 1334 et
1807 1297 1911 1334 non

330 1376 564 1448 capiebat
596 1377 792 1441 cibum,
837 1391 1011 1444 usque
1055 1375 1183 1430 dum
1219 1375 1397 1430 dicit:
1465 1371 1753 1444 Vultusque
1796 1373 1912 1444 ejus

327 1484 433 1524 non
477 1477 599 1523 sunt
656 1465 882 1538 amplius
929 1468 986 1521 in
1032 1465 1239 1521 diversa
1291 1465 1500 1519 mutati.
1550 1464 1620 1518 Et
1676 1462 1908 1534 reliqua.

325 1575 380 1614 v.
412 1561 464 1615 7.
497 1568 603 1616 etc.

396 1650 451 1705 5.
490 1648 764 1704 Exultavit
786 1665 878 1705 cor
899 1666 1074 1704 meum
1094 1649 1148 1703 in
1173 1648 1418 1710 Domino,
1471 1661 1645 1717 usque
1674 1644 1803 1699 dum
1825 1643 1910 1699 di-

327 1742 403 1797 cit
432 1759 445 1797 :
480 1738 734 1797 Dominus
762 1741 1025 1812 judicabit
1059 1740 1218 1810 ﬁnem
1264 1748 1440 1802 terrea,
1473 1746 1519 1791 et
1559 1735 1703 1790 dabit
1748 1735 1911 1805 impe-

2094 555 2181 610 10.
2233 554 2346 610 Viri
2379 573 2604 628 quoque,
2656 559 2746 629 qui
2769 560 2964 612 mortui
2996 575 3103 613 non
3136 559 3372 629 fuerant,
3423 577 3606 630 percu-

2020 644 2286 700 tiebantur
2311 648 2366 701 in
2403 648 2675 702 secretiori
2724 657 2874 717 parte
2905 649 3130 713 natium,
3174 665 3346 719 usque
3372 651 3502 706 dum
3527 652 3610 709 di-

2019 736 2095 791 cit
2126 752 2138 788 :
2172 734 2280 790 Sed
2297 744 2349 790 et
2367 745 2597 808 satrapae
2618 735 3026 791 Philistinorum
3046 738 3401 809 sequebantur
3425 757 3606 796 arcam

2019 825 2255 891 Domini,
2286 843 2449 897 usque
2505 826 2575 880 ad
2621 827 2870 882 terminos
2905 825 3204 883 Bethsame.
3260 829 3467 887 Ibidem
3489 848 3603 888 ver.

2018 924 2315 986 postremo,
2340 932 2437 972 seu
2466 917 2557 984 12,
2595 931 2768 988 usque
2809 917 2879 973 ad
2916 917 3079 975 ﬁnem
3116 921 3369 976 versiculi
3408 922 3477 977 12
3513 939 3605 979 ca—

2017 1008 2146 1078 pitis
2180 1010 2576 1079 subsequentis,
2609 1010 2664 1064 id
2689 1019 2772 1065 est
2799 1010 2861 1066 6.

2087 1100 2174 1155 11.
2226 1098 2398 1153 Porro
2453 1099 2791 1156 Bethsamita:
2843 1103 3105 1157 metebant
3147 1105 3402 1170 triticum,
3436 1123 3605 1178 usque

2016 1192 2145 1247 dum
2174 1190 2352 1247 dicit:
2388 1191 2454 1245 At
2486 1192 2613 1247 urbe
2656 1202 2870 1248 murata
2921 1210 3083 1264 usque
3129 1195 3198 1249 ad
3243 1196 3446 1261 uillam,
3489 1216 3606 1269 qua:

2014 1292 2125 1337 erat
2150 1282 2348 1353 absque
2392 1299 2561 1348 muro,
2596 1294 2644 1337 et
2691 1301 2856 1353 usque
2883 1285 2954 1339 ad
2990 1285 3119 1340 Abel
3147 1303 3419 1357 magnum,
3450 1306 3602 1360 super

2013 1392 2168 1447 quem
2191 1384 2478 1445 posuerunt
2524 1392 2705 1429 arcam
2751 1374 2984 1431 Domini.
3030 1377 3258 1448 Propter
3303 1380 3452 1448 quod
3478 1380 3601 1436 dicit

2013 1465 2141 1521 Abel
2162 1483 2409 1537 magnum
2434 1466 2460 1519 ?
2482 1466 2551 1520 Et
2580 1466 2806 1536 reliqua.
2856 1466 3180 1524 Indicantur
3237 1469 3329 1526 hic
3352 1471 3602 1529 versiculi

2015 1557 2100 1623 15,
2134 1567 2191 1612 et
2223 1557 2617 1628 subsequentes
2655 1573 2826 1627 usque
2875 1558 2943 1613 ad
2978 1558 3044 1614 18
3071 1558 3161 1630 (eo
3183 1562 3599 1633 comprehenso,

2013 1649 2206 1719 capitis
2224 1648 2305 1721 6.)

2086 1738 2173 1793 12.
2215 1737 2395 1806 Quare
2419 1739 2487 1796 de
2515 1738 2737 1795 Samuel
2786 1740 3069 1807 scribitur,
3107 1743 3254 1812 quod
3275 1742 3603 1812 iudicaverit

324 1834 464 1890 rium
493 1835 602 1906 regi
619 1850 739 1900 suo,
779 1841 830 1887 et
855 1829 1160 1887 sublimabit
1207 1844 1371 1883 cornu
1400 1824 1598 1881 Christi
1625 1827 1728 1880 sui.
1773 1824 1904 1894 Cap.
1936 1817 1984 1877 B
2012 1826 2186 1882 Israel
2232 1829 2435 1883 cunctis
2498 1829 2679 1884 diebus
2730 1830 2847 1884 vitta
2896 1847 3030 1896 suae,
3095 1847 3219 1887 cum
3257 1833 3313 1888 in
3353 1836 3468 1889 vita
3504 1851 3600 1905 sua

324 1931 457 1996 2.1,
490 1944 664 2004 usque
700 1929 768 1984 ad
800 1929 887 1983 11.

393 2021 450 2075 4.
492 2018 711 2077 Samuel
740 2027 917 2074 autem
950 2016 1283 2072 ministrabat
1331 2025 1453 2069 ante
1485 2014 1678 2084 faciem
1697 2012 1908 2066 Domini

323 2127 455 2182 puer
505 2110 769 2166 accinctus
822 2109 977 2179 ephot
1032 2107 1083 2161 ι».
1134 2105 1275 2176 quod
1320 2113 1440 2158 erat
1491 2103 1686 2172 ephot,
1738 2115 1908 2171 usque

324 2204 453 2258 dum
489 2200 620 2257 dicit
661 2219 675 2254 :
710 2199 950 2254 abierunt
973 2197 1028 2252 in
1054 2196 1228 2251 locum
1251 2210 1427 2249 suum.
1456 2193 1510 2247 2.
1557 2193 1645 2257 18,
1682 2191 1768 2256 19,
1814 2190 1902 2246 20.

394 2295 450 2350 5.
493 2291 734 2349 Visitavit
780 2307 901 2362 ergo
948 2289 1204 2344 Dominus
1239 2286 1465 2352 Annam,
1511 2295 1563 2339 et
1589 2284 1823 2353 concepit
1855 2294 1908 2338 et

322 2383 519 2457 peperit
561 2391 664 2437 tres
690 2380 853 2452 ﬁlios,
881 2389 930 2434 et
950 2380 1084 2434 duas
1122 2377 1263 2447 ﬁlias
1290 2394 1308 2430 :
1342 2375 1566 2447 (Ibidem
1618 2389 1671 2427 v.
1696 2371 1810 2444 2|.)
1837 2372 1906 2427 Et

322 2477 437 2545 ipsa
468 2488 632 2545 supra
666 2472 999 2543 prophetans
1034 2469 1164 2525 dicit
1191 2485 1205 2521 :
1238 2465 1444 2523 Sterilis
1494 2464 1691 2536 peperit
1738 2462 1906 2534 pluri-

320 2580 453 2619 mos.
504 2565 581 2636 (v.
610 2561 688 2636 5.)
718 2561 859 2618 Alibi
888 2559 1100 2633 peperit
1138 2566 1331 2630 septem
1374 2567 1423 2610 ο.
1463 2554 1604 2623 Quid
1658 2553 1760 2610 sibi
1790 2555 1905 2610 vult

322 2656 428 2712 hoc
454 2654 480 2710 ?

390 2745 446 2801 6.
486 2744 596 2802 Cur
622 2744 823 2803 dicitur
847 2758 944 2814 per
972 2743 1147 2798 virum
1171 2740 1269 2798 Dei
1297 2741 1367 2796 ad
1404 2738 1524 2794 Heli
1556 2756 1570 2792 :
1604 2736 1782 2803 Quare
1810 2737 1903 2790 ab-

310 2837 490 2910 jecisti
513 2851 740 2895 munera
766 2851 902 2901 mea,
930 2844 977 2889 et
1026 2834 1289 2888 victimam
1333 2847 1524 2896 meam,
1570 2845 1729 2900 quam
1766 2844 1903 2899 pra-

320 2929 453 3000 cepi,
478 2935 535 2983 ut
575 2925 834 2997 oﬂ'erretis
864 2924 921 2978 in
972 2922 1183 2995 templo,
1214 2936 1386 2990 usque
1418 2920 1547 2975 dum
1584 2918 1756 2974 dicit:
1798 2917 1902 2982 Qui

320 3027 658 3075 contemnunt
687 3034 769 3071 me
814 3025 965 3071 erunt
995 3014 1266 3087 ignobiles.
1291 3012 1496 3068 Ibidem
1523 3027 1577 3065 v.
1604 3011 1697 3078 29,
1725 3019 1780 3065 et
1808 3009 1896 3065 50.

320 3112 454 3185 (Sed
505 3127 631 3168 cum
680 3110 863 3181 aliquo
919 3109 1233 3165 discrimine
1284 3106 1514 3176 Vulgata
1565 3105 1645 3161 sic
1680 3104 1845 3159 vertit
1884 3118 1898 3157 :

2014 1922 2260 1976 amiserit
2288 1921 2653 1992 principatum
2678 1923 2703 1977 ?
2730 1920 2988 1994 (Consule
3016 1939 3163 1980 vers.
3198 1925 3286 1993 15,
3318 1937 3377 1983 et
3403 1929 3596 1985 subse-

2009 2019 2238 2085 quentes
2272 2011 2467 2082 capitis
2493 2011 2572 2085 7.)

2082 2100 2169 2155 15.
2210 2100 2346 2156 Cum
2386 2103 2637 2158 tinxisset
2665 2102 2881 2159 Samuel
2928 2103 3145 2160 Saulem
3174 2106 3228 2161 in
3288 2122 3495 2180 regem,
3520 2109 3596 2165 ait

2010 2192 2077 2247 ad
2103 2206 2227 2247 eum
2257 2211 2269 2246 :
2303 2191 2437 2247 Cum
2465 2194 2656 2248 abieris
2685 2195 2841 2251 hodie
2864 2213 2900 2250 a
2932 2213 3013 2251 me
3042 2198 3273 2253 invenies
3299 2199 3434 2255 duos
3458 2203 3595 2257 uiros

1998 2283 2161 2353 juxta
2188 2282 2487 2354 sepulcrum
2517 2283 2740 2351 Rachel,
2769 2285 2826 2340 in
2854 2285 3049 2355 ﬁnibus
3077 2285 3365 2357 Benjamin
3394 2290 3448 2343 in
3490 2307 3594 2345 me-

2014 2378 2151 2432 ridie
2196 2378 2445 2434 salientes
2495 2396 2713 2450 magnas
2763 2380 2960 2449 foveas.
3002 2380 3073 2435 Et
3128 2380 3374 2438 liberabis
3428 2401 3594 2455 popu-

2006 2465 2117 2520 lum
2147 2468 2265 2537 ejus
2288 2468 2352 2522 de
2379 2485 2539 2522 manu
2562 2469 2900 2524 inimicorum
2926 2470 3062 2540 ejus.
3094 2486 3215 2541 cap.
3260 2471 3345 2525 10.
3381 2472 3435 2526 2.
3462 2472 3592 2543 (Sed

2006 2559 2236 2614 multum
2262 2560 2429 2615 distat
2459 2560 2664 2615 codicis
2689 2558 2848 2628 hujus
2874 2561 3252 2631 interpretatio
3278 2577 3308 2616 a
3338 2560 3586 2632 Vulgata,

2006 2662 2172 2716 quam
2193 2647 2447 2704 consulas
2473 2648 2641 2721 volo.)
2669 2647 2780 2703 Cur
2819 2647 2951 2704 Saul
2980 2649 3063 2706 bis
3087 2652 3355 2723 ungitur?
3383 2653 3451 2708 Et
3485 2654 3588 2708 Da—

2005 2736 2095 2792 vid
2124 2736 2325 2791 tertio?
2354 2737 2421 2792 Et
2446 2737 2673 2807 reliqua.
3208 2758 3231 2807 ο

2076 2826 2163 2880 14.
2205 2826 2383 2893 Quare
2441 2826 2507 2883 de
2555 2826 2683 2883 Saul
2736 2828 3029 2884 scribitur:
3059 2830 3205 2899 ﬁlius
3257 2834 3415 2887 unius
3458 2834 3586 2888 anni

2003 2928 2115 2974 erat
2144 2916 2277 2973 Saul
2299 2935 2418 2973 cum
2474 2936 2694 2992 regnare
2745 2924 3002 2992 cmpisset,
3028 2934 3078 2977 et
3100 2923 3304 2979 duobus
3329 2926 3482 2981 annis
3504 2942 3585 2979 re-

2003 3010 2178 3081 gnavit
2226 3026 2384 3080 super
2440 3009 2633 3078 Israel,
2679 3027 2800 3083 cap.
2840 3014 3007 3069 15.1.
3039 3030 3163 3070 cum
3189 3030 3354 3087 supra
3380 3017 3588 3087 legatur

2005 3103 2150 3172 quod
2178 3103 2248 3158 ab
2295 3104 2524 3159 humero
2555 3112 2609 3159 et
2635 3120 2851 3160 sursum
2891 3106 3158 3162 emineret
3186 3108 3335 3163 omni
3370 3109 3583 3180 populo.

322 3182 501 3270 Quare
546 3200 689 3255 calce
738 3200 1003 3270 abjecistis
1054 3199 1318 3252 victimam
1364 3213 1554 3263 meam,
1586 3204 1635 3249 et
1679 3210 1897 3248 munera
1926 3182 1969 3243 C
2003 3207 2122 3262 cap.
2153 3193 2206 3248 9.
2231 3192 2285 3247 2.

317 3309 457 3358 mea,
492 3307 609 3363 qua
627 3293 868 3361 praecepi,
894 3299 951 3343 ut
978 3290 1298 3359 oﬁ'errentur
1331 3288 1458 3360 etc.)
1798 3354 1815 3365 ο

394 3382 446 3437 7.
487 3382 624 3437 Ecce
647 3381 758 3436 dies
792 3382 1023 3447 ueniunt,
1051 3389 1100 3435 et
1128 3381 1413 3453 pra’cidam
1439 3381 1706 3436 brachium
1728 3388 1894 3444 tuum,

320 3482 371 3529 et
402 3472 672 3527 brachium
707 3471 894 3527 domus
920 3473 1086 3544 patris
1116 3474 1216 3540 tui,
1238 3481 1294 3527 ut
1332 3489 1435 3527 non
1458 3474 1525 3527 sit
1550 3488 1708 3525 senex
1732 3473 1786 3525 in
1805 3472 1901 3527 do—

318 3579 405 3618 mo
434 3571 546 3617 tua.
575 3560 644 3616 Et
673 3561 866 3617 uidebis
895 3558 1161 3617 Christum
1199 3561 1445 3617 amulum
1500 3572 1649 3615 tuum
1693 3561 1748 3614 in
1776 3561 1899 3615 uni-

320 3651 481 3708 versis
504 3652 766 3725 prosperis
811 3651 1005 3719 Israel,
1040 3668 1213 3723 usque
1260 3654 1386 3708 dum
1428 3652 1560 3707 dicit
1589 3670 1601 3705 :
1632 3652 1900 3707 comedam

321 3743 609 3800 buccellam
651 3744 824 3816 panis.
859 3742 995 3800 Ibid.
1026 3760 1080 3799 v.
1113 3747 1201 3801 51.
1257 3760 1428 3815 usque
1461 3744 1528 3799 ad
1561 3743 1722 3799 ﬁnem
1750 3744 1901 3813 capi-

323 3837 413 3892 tis.
444 3835 574 3909 (Sed
603 3836 830 3909 Vulgata
875 3852 981 3893 non
1009 3837 1145 3893 nihil
1180 3837 1345 3893 distat
1375 3859 1388 3892 :
1420 3838 1585 3894 habet
1614 3838 1759 3894 enim
1793 3857 1805 3892 :
1832 3837 1900 3894 Et

321 3931 517 3986 ridebis
548 3930 795 3986 aemulum
818 3941 966 3985 tuum
989 3933 1045 3987 in
1068 3931 1281 4003 templo,
1311 3932 1442 4004 etc.)

390 4024 444 4078 8.
486 4019 630 4076 Puer
656 4032 830 4077 autem
859 4021 1074 4078 Samuel
1101 4022 1435 4078 ministrabat
1470 4023 1698 4079 Domino
1722 4042 1902 4081 coram

330 4110 470 4183 "eli,
504 4127 678 4182 usque
697 4112 825 4166 dum
856 4111 990 4167 dicit
1018 4126 1033 4166 :
1069 4111 1178 4166 Nec
1199 4121 1402 4183 poterat
1430 4114 1604 4169 uidere
1632 4114 1901 4171 lucernam

320 4202 443 4267 Dei,
481 4203 786 4272 priusquam
822 4201 1229 4271 extingueretur,
1265 4212 1314 4256 et
1365 4201 1584 4258 Samuel
1611 4204 1902 4260 dormiebat

324 4290 379 4344 in
417 4287 606 4359 templo
649 4287 883 4354 Domini,
922 4288 1010 4343 ubi
1047 4299 1160 4343 erat
1186 4306 1333 4356 arca,
1373 4298 1476 4347 etc.
1512 4291 1641 4362 Cap.
1674 4293 1727 4347 '5.
1758 4308 1808 4348 ν.
1845 4296 1896 4360 1,

323 4393 499 4449 usque
530 4378 600 4434 ad
648 4368 890 4434 tertium.
939 4376 1077 4449 (lloc
1102 4394 1315 4450 quoque
1365 4382 1774 4452 comprehenso,
1806 4387 1901 4442 sed

321 4487 448 4527 cum
503 4469 839 4539 discrimine,
888 4471 1032 4542 quod
1080 4472 1136 4527 in
1170 4471 1395 4543 Vulgata
1435 4474 1550 4529 haec
1581 4473 1849 4530 habentur
1883 4495 1896 4530 :

322 4581 415 4619 nec
438 4574 639 4637 poterat
662 4564 832 4620 uidere
853 4581 872 4620 :
907 4566 1121 4621 lucerna
1146 4564 1264 4631 Dei,
1308 4576 1587 4639 antequam
1635 4568 1904 4639 extingue-

323 4667 489 4725 retur,
514 4655 748 4713 Samuel.
773 4656 905 4730 etc.)
1222 4718 1226 4722 Α

396 4749 450 4808 9.
492 4748 629 4816 Quid
666 4748 954 4818 signiﬁcat,
992 4748 1135 4818 quod
1167 4764 1294 4804 arca
1318 4748 1413 4803 Dei
1439 4747 1698 4803 translata
1723 4763 1753 4802 a
1775 4748 1901 4804 Phi-

320 4840 531 4908 listmis,
560 4848 615 4896 et
639 4841 695 4896 in
736 4840 938 4910 templo
992 4839 1178 4911 Dagon
1212 4839 1412 4909 posita,
1454 4838 1624 4893 altera
1659 4839 1745 4894 die
1772 4849 1899 4895 ante

321 4948 509 4991 arcam
534 4930 631 4986 Dei
658 4930 930 4985 invenitur
955 4928 1158 5000 Dagon.
1204 4928 1378 4983 Tertia
1410 4929 1495 4983 die
1518 4938 1693 5000 caput,
1715 4942 1764 4984 et
1781 4930 1896 5000 pal-

320 5041 422 5080 ma:
468 5022 583 5094 ejus
636 5020 757 5076 dum
805 5018 1049 5075 abscissa:
1107 5029 1256 5074 erant
1305 5036 1462 5092 super
1486 5018 1664 5087 limen,
1707 5030 1761 5075 et
1783 5022 1897 5092 ipse

318 5129 535 5175 truncus
561 5124 900 5171 remanserat.
927 5114 993 5169 Et
1017 5114 1242 5185 reliqua.
1261 5129 1378 5183 cap.
1394 5112 1630 5178 5.v.1,2.
1649 5115 1701 5169 5.
1717 5114 1894 5169 LetS.

320 5207 405 5280 (Si
424 5209 627 5266 clarius
656 5209 709 5265 id
724 5209 804 5264 vis
819 5223 1161 5280 expressum,
1190 5207 1273 5263 sic
1292 5207 1502 5278 corrige
1529 5225 1540 5261 :
1569 5219 1691 5261 ante
1715 5223 1895 5261 arcam

389 5351 416 5382 ι
456 5340 656 5399 Recole
680 5342 1083 5398 annotationem
1115 5340 1201 5395 1|.

390 5410 419 5451 δ
461 5411 652 5480 Εριιοτ,
695 5422 752 5468 et
791 5414 997 5468 similes
1051 5425 1211 5467 voces
1265 5407 1425 5480 paulo
1454 5407 1613 5480 aliter
1656 5409 1895 5463 conscri-

318 5489 445 5551 ptas
490 5478 811 5553 ac‘Vulgata
852 5484 1071 5547 habeat,
1111 5491 1165 5536 et
1214 5478 1477 5537 Hebraica
1512 5478 1693 5553 lingua
1730 5493 1895 5548 expo-

320 5550 458 5632 seat,
494 5550 717 5632 tulerit}
747 5553 1189 5632 consuetudinem
1219 5565 1409 5632 earum
1435 5550 1734 5632 regionum,
1759 5563 1894 5619 quas

319 5621 589 5678 incolebat
640 5621 1071 5686 Tlicuthmirus;
1107 5632 1219 5684 aut,
1272 5620 1317 5674 si
1362 5620 1463 5684 vis,
1500 5620 1553 5674 in
1603 5633 1893 5674 amanuen-

319 5705 475 5749 sem:
514 5689 701 5760 solent
740 5690 882 5760 enim
918 5690 1083 5760 [quod
1126 5691 1324 5744 dudum
1354 5689 1528 5744 critici
1553 5689 1895 5760 animadver-

316 5758 524 5828 terunt)
563 5758 797 5829 imperiti
848 5758 1219 5817 anianucus'cs,
1259 5759 1295 5810 ii
1326 5760 1646 5827 prmsertim,
1697 5759 1787 5829 qui
1826 5773 1889 5812 ex

1926 4526 1979 4586 D

2073 3284 2158 3368 15..
2222 3284 2333 3341 Cur
2365 3286 2419 3341 in
2479 3287 2668 3342 eodem
2721 3288 2861 3344 libro
2919 3290 3213 3345 scribitur:
3259 3290 3413 3356 Quod
3441 3291 3584 3360 faber

2000 3379 2259 3448 ferrarius
2310 3395 2414 3434 non
2472 3380 2833 3435 inveniebatur
2873 3382 2927 3436 in
2965 3392 3075 3436 tota
3119 3393 3262 3437 terra
3303 3382 3509 3447 Israel;
3538 3392 3587 3437 et

1998 3470 2139 3541 quod
2186 3480 2412 3525 retunsae
2463 3481 2614 3525 erant
2666 3473 2805 3526 acies
2855 3488 3116 3527 vomerum
3142 3482 3218 3527 .et
3255 3473 3508 3543 ligonum,
3540 3483 3587 3527 et

2000 3564 2308 3617 tridentium
2336 3572 2387 3617 et
2440 3565 2731 3629 securium,
2758 3581 2920 3635 usque
2941 3565 3011 3618 ad
3034 3563 3306 3619 stimulum
3333 3564 3591 3633 corripen-

2000 3658 2146 3712 dum.
2177 3657 2247 3712 Et
2283 3657 2507 3728 reliqua.
2542 3659 2627 3713 15.
2658 3657 2749 3712 20.
2772 3657 2862 3711 2|.
2898 3657 3052 3714 Unde
3078 3658 3194 3711 haec
3232 3657 3353 3711 sine
3389 3655 3583 3711 fabro?

2073 3747 2158 3803 16.
2201 3747 2381 3814 Quare
2409 3748 2477 3802 de
2500 3746 2774 3803 Jonathan
2810 3746 3069 3802 scribitur
3098 3765 3111 3800 :
3141 3747 3286 3815 quod
3334 3746 3580 3801 extende-

2003 3839 2070 3892 rit
2100 3855 2336 3904 manum,
2367 3848 2414 3892 et
2443 3838 2717 3892 intinxerit
2763 3839 2818 3891 in
2858 3838 3038 3909 favum
3074 3837 3263 3903 mellis,
3291 3854 3446 3907 quem
3472 3853 3589 3890 cum

2001 3928 2325 3994 comedisset,
2379 3927 2666 3983 illuminati
2698 3938 2819 3983 sunt
2846 3928 2987 3983 oculi
3025 3929 3161 3999 ejus.
3202 3927 3288 3983 14.
3319 3929 3410 3982 27.
3448 3928 3590 3996 Quo-

2002 4018 2161 4074 modo
2196 4018 2438 4085 intinxit,
2491 4018 2538 4075 si
2586 4034 2693 4074 non
2743 4019 2915 4076 vidit?
2936 4018 2997 4075 Si
3029 4019 3267 4083 videbat,
3296 4020 3590 4090 ‘quomodo

2003 4108 2335 4163 illuminatus
2359 4110 2482 4164 est?
2505 4110 2573 4164 Et
2599 4110 2824 4179 reliqua.

2075 4202 2160 4255 17.
2201 4201 2335 4256 Cum
2366 4202 2627 4257 Dominus
2672 4203 2914 4258 misisset
2942 4202 3070 4258 Saul
3098 4210 3385 4274 percutere
3404 4218 3591 4273 pet-ca.

2002 4301 2148 4349 tores
2198 4293 2478 4361 Amelech,
2533 4310 2631 4349 cur
2664 4296 2907 4365 pepercit
2963 4294 3188 4359 Chineo,
3239 4295 3428 4351 dicens
3466 4303 3590 4366 post

1999 4384 2216 4453 pauca?
2257 4382 2334 4438 Tu
2361 4386 2499 4439 enim
2523 4385 2694 4454 fecisti
2739 4384 3153 4438 misericordiam
3203 4400 3322 4437 cum
3352 4384 3587 4438 omnibus

2003 4475 2128 4544 ﬁliis
2156 4474 2346 4538 Israel,
2381 4492 2497 4529 cum
2524 4476 2862 4530 ascenderem
2887 4475 2951 4528 de
2976 4474 3231 4545 .‘Egypto.
3258 4474 3331 4529 Et
3356 4473 3584 4544 reliqua.

2012 4567 2095 4621 15.
2157 4566 2230 4632 1.,
2280 4565 2333 4620 6.
2374 4566 2506 4633 Quis
2558 4575 2643 4621 est
2696 4566 2787 4621 hic
2825 4565 3115 4621 Chineus?
3151 4572 3207 4620 et
3255 4564 3350 4620 ubi
3393 4565 3592 4634 legitur

2008 4661 2147 4716 hanc
2179 4658 2602 4714 misericordiam
2637 4657 2875 4714 fecisse?

2078 4752 2162 4806 18.
2205 4750 2312 4805 Cur
2339 4749 2558 4804 Samuel
2594 4749 2731 4805 dixit
2756 4749 2905 4820 Agag
2953 4749 3113 4820 regi?
3152 4747 3357 4802 Siccine
3377 4756 3587 4818 separat

2004 4861 2190 4899 amara
2219 4859 2357 4898 mors
2385 4843 2411 4897 7
2448 4842 2631 4913 Usque
2685 4842 2814 4898 dum
2862 4842 2995 4897 dicit
3022 4843 3077 4896 in
3119 4843 3321 4912 frustra
3357 4841 3586 4895 concidit

2005 4934 2224 4992 Samuel
2253 4935 2397 5006 Agag
2419 4952 2598 4989 coram
2638 4934 2880 4990 Domino.
2912 4936 3000 4990 15.
3035 4935 3125 4990 52.
3154 4943 3209 4991 et
3238 4936 3460 5005 subseq.

2077 5027 2163 5081 19.
2203 5025 2312 5082 Cur
2329 5026 2395 5097 de
2426 5027 2592 5081 David
2617 5027 2896 5092 scribitur,
2923 5026 3068 5097 quod
3093 5041 3160 5080 eo
3185 5034 3449 5095 tempore,
3475 5040 3583 5094 quo

2004 5120 2214 5176 viderat
2248 5119 2377 5177 Saul
2408 5119 2574 5173 David
2605 5118 2970 5189 egredientem
3023 5127 3213 5174 contra
3256 5117 3574 5177 Philistum,

2005 5212 2082 5265 ait
2105 5211 2174 5265 ad
2222 5210 2405 5265 Abner
2452 5208 2751 5278 principem
2781 5207 3024 5263 militiai:
3058 5207 3136 5262 De
3160 5223 3263 5278 qua
3308 5208 3470 5277 stirpe
3498 5206 3582 5260 de-

2004 5344 2262 5400 dictantis
2308 5359 2440 5401 voce
2481 5343 2848 5408 conscribunt,
2879 5343 2948 5399 ad
3003 5335 3132 5399 eum
3180 5343 3397 5399 modum
3422 5356 3578 5398 voces

2004 5416 2208 5485 scripto
2245 5417 2569 5485 exprimere,
2599 5429 2705 5484 quo
2751 5414 2852 5484 ipsi
2879 5414 3271 5485 pronuntiant:
3304 5414 3457 5485 multi
3486 5428 3579 5467 au-

2002 5484 2343 5556 tem’littera’s
2372 5495 2414 5549 t,
2442 5494 2498 5540 et
2522 5486 2557 5538 d
2596 5485 2903 5556 promiscue
2946 5492 3227 5554 usurpant,
3262 5494 3319 5539 et
3352 5484 3575 5551 alteram

2002 5554 2224 5610 alterius
2252 5556 2369 5611 loco
2390 5554 2664 5611 adhibent.

2076 5636 2097 5663 ε
2141 5624 2273 5682 Vide
2320 5640 2440 5695 qua:
2472 5625 2821 5683 annotatione
2856 5638 2996 5681 nona
3037 5623 3105 5680 ad
3158 5637 3463 5679 sermonem
3512 5619 3569 5677 S.

2001 5695 2269 5767 Antipatri
2296 5695 2512 5751 tradidi.
