3976 6170
321 293 420 350 6'29

1167 289 1632 362 QUASSTIONES
1674 288 1822 345 XXX
1862 287 2097 345 SUPER
2128 290 2374 347 LIBROS
2413 291 2677 348 REGUM.

3473 295 3578 349 650

320 409 511 466 scendit
557 409 642 462 hic
689 406 1010 473 adolescens,
1060 406 1277 463 Abner?
1311 408 1378 463 Et
1414 406 1640 476 reliqua.
1698 403 1784 458 17.
1807 401 1899 456 55.
1927 406 1979 464 Α
2005 414 2053 458 et
2081 419 2199 457 cum
2235 406 2468 461 audieris
2494 409 2724 461 sonitum
2751 406 3038 476 gradientis
3067 408 3124 462 in
3147 408 3416 463 cacumine
3439 409 3581 478 piro-

319 503 448 558 Cum
473 514 637 569 supra
676 498 892 570 legatur
941 499 1088 570 quod
1137 500 1374 570 armiger
1402 497 1532 553 Saul
1567 497 1759 551 fuisset
1787 493 1894 548 Da-

319 591 402 646 vid
432 598 612 653 antea,
643 597 699 643 et
725 590 991 644 citharam
1047 591 1102 644 in
1133 598 1425 658 conspectu
1452 586 1570 656 ejus
1620 585 1892 655 percutie-

317 685 422 740 l‘at.
441 683 522 738 .Et
576 682 804 752 reliqua.
840 682 925 737 16.
953 682 1067 747 21.,
1097 681 1186 735 25.
1220 681 1288 735 Et
1320 696 1418 735 cur
1444 678 1660 734 Goliath
1685 677 1895 748 spurius

316 771 644 826 dicebatur?
675 771 761 824 17.
795 768 848 824 4.
880 771 970 826 25.
999 770 1066 825 Et
1094 769 1301 825 addidit
1342 767 1615 824 Jonathan
1648 766 1896 837 dejurare

315 863 499 918 David.
531 862 618 916 20.
655 863 739 918 17.

378 956 469 1010 20.
510 955 621 1010 Cur
646 955 814 1010 David
844 963 1032 1010 contra
1060 955 1391 1010 Philistacum
1417 969 1651 1026 pergens
1679 953 1744 1008 ad
1761 967 1898 1022 prae-

312 1047 573 1112 liandum,
631 1062 781 1101 arma
813 1046 940 1100 Saul
992 1055 1212 1117 portare
1259 1047 1450 1112 noluit,
1509 1045 1604 1100 sed
1659 1045 1898 1114 quinque

313 1139 519 1208 lapides
545 1139 612 1193 de
669 1147 912 1194 torrente
943 1140 996 1192 in
1045 1154 1174 1208 pera
1226 1140 1478 1208 sumpsit,
1508 1148 1690 1193 tamen
1727 1152 1895 1191 unum

311 1231 483 1284 solum
509 1230 755 1300 projecit,
785 1241 841 1285 et
879 1229 1208 1286 Philistaaum
1241 1231 1552 1302 percussit?
1577 1231 1646 1286 Et
1667 1229 1893 1300 reliqua.

311 1321 393 1375 17.
432 1321 522 1376 59.
548 1321 619 1376 40
645 1329 701 1376 et
723 1320 813 1376 49.

376 1412 468 1466 21.
511 1411 690 1479 Quare
727 1411 856 1466 Saul
916 1413 1090 1468 iratus
1139 1414 1278 1469 dixit
1302 1414 1369 1469 ad
1413 1412 1682 1469 Jonathan
1729 1412 1897 1466 filium

308 1517 490 1556 suum.
523 1499 634 1554 Fili
683 1501 920 1556 mulieris
973 1505 1142 1557 virum
1173 1503 1312 1557 ultro
1345 1505 1595 1574 rapientis
1625 1504 1650 1556 1’
1679 1503 1767 1558 20.
1807 1503 1895 1556 50.

376 1594 468 1648 22.
512 1593 647 1649 Cum
676 1593 844 1648 David
889 1593 1097 1666 fugeret
1149 1605 1274 1651 ante
1304 1594 1454 1660 Saul,
1498 1595 1643 1650 venit
1677 1595 1742 1649 ad
1771 1595 1900 1650 Abi-

2000 513 2141 563 rum,
2172 508 2296 550 tunc
2322 498 2477 552 inibis
2505 498 2767 569 prwlium,
2807 515 2977 569 usque
3013 501 3139 555 dum
3168 501 3300 555 dicit
3330 518 3343 553 :
3373 509 3421 555 et
3462 517 3581 571 per-

1998 589 2160 642 cussit
2190 587 2474 642 Philistiim
2501 589 2564 644 de
2591 587 2772 644 Gabaa
2801 607 2966 661 usque
3012 590 3140 644 dum
3191 592 3369 645 venias
3403 589 3577 645 laser.

2001 679 2064 733 Et
2094 679 2316 749 reliqua.
2351 695 2404 732 ν.
2445 681 2533 734 52.
2563 690 2667 735 etc.

2069 769 2158 824 52.
2200 769 2377 836 Quare
2412 771 2714 840 percutitur
2740 770 2872 838 Oza,
2923 773 3020 842 qui
3058 788 3222 827 manu
3279 774 3453 830 tenuit
3493 790 3582 829 ar-

1997 875 2119 916 cam
2168 859 2404 926 Domini,
2449 876 2518 915 ne
2567 861 2841 916 laberetur
2887 876 2918 917 e
2969 863 3212 932 plaustro
3243 866 3306 920 in-
3356 875 3577 921 terram.

1999 953 2068 1007 Et
2099 953 2229 1022 quid
2281 954 2549 1024 significet
2603 955 2866 1009 temeritas
2917 957 3057 1028 ejus,
3105 957 3187 1012 vel
3223 957 3585 1014 recalcitrat-io

2000 1044 2237 1110 bobum,
2304 1045 2397 1116 qui
2461 1046 2751 1102 trahebant
2808 1061 2950 1102 eam.
3019 1048 3088 1102 Et
3154 1049 3380 1119 reliqua.
3421 1050 3476 1105 6.
3525 1051 3579 1106 ε.

2000 1135 2051 1188 7.
2084 1144 2188 1191 etc.

2067 1226 2157 1279 55.
2199 1225 2432 1298 Cumque
2454 1229 2701 1284 intrasset
2731 1247 2856 1285 arca
2894 1230 3110 1287 Domini
3137 1234 3191 1287 in
3241 1234 3456 1288 civitate-
3474 1233 3584 1288 Da-

2000 1317 2104 1379 vid,
2138 1317 2336 1371 Hichol
2363 1318 2480 1386 ﬁlia
2519 1317 2652 1374 Saul
2677 1323 3006 1392 prospiciens
3023 1339 3117 1391 per
3141 1323 3423 1392 fenestram
3455 1323 3585 1378 vidit

1999 1410 2171 1463 David
2219 1427 2391 1480 regem
2441 1411 2818 1479 subsilientem,
2874 1423 3030 1484 atque
3086 1414 3366 1469 saltantem
3407 1431 3584 1470 coram

2000 1501 2251 1566 Domino,
2285 1513 2337 1556 et
2375 1503 2608 1573 despexit
2650 1521 2767 1558 eum
2812 1505 2865 1558 in
2896 1505 3051 1559 corde
3101 1522 3218 1571 suo,
3250 1521 3422 1574 usque
3457 1505 3584 1561 dum

2000 1591 2178 1645 dicit:
2217 1592 2327 1646 Ero
2368 1593 2583 1648 humilis
2621 1595 2676 1648 in
2725 1594 2890 1649 oculis
2946 1595 3095 1650 meis.
3154 1596 3220 1650 Et
3268 1596 3497 1665 reliqua.
3529 1595 3585 1652 6.

307 1687 518 1742 melech
549 1687 601 1742 in
629 1686 797 1742 Nobe.
837 1687 905 1740 Et
935 1687 1143 1757 reliqua
1175 1702 1346 1758 usque
1386 1687 1514 1742 dum
1543 1687 1674 1742 dicit
1699 1704 1712 1738 :
1741 1703 1898 1756 porro
2003 1681 2088 1734 16.
2121 1698 2292 1751 usque
2325 1683 2391 1738 ad
2418 1683 2520 1742 22.,
2559 1685 2882 1740 versiculum
2912 1683 2998 1757 (eo
3025 1687 3465 1758 comprehenso.)

275 1777 391 1832 'via
421 1779 538 1832 ha'c
565 1777 768 1849 polluta
791 1787 886 1832 est.
917 1777 1005 1832 2t.
1044 1779 1093 1832 t.
1124 1777 1176 1832 5.
1211 1778 1364 1834 Unde
1391 1785 1510 1833 erat
1551 1777 1802 1847 polluta?
1833 1777 1900 1831 Et
1928 1759 1976 1819 B

310 1869 572 1923 additur:
608 1868 763 1923 hodie
799 1869 1222 1938 sanctiﬁcabitur
1243 1870 1298 1922 in
1319 1869 1459 1924 vasis
1489 1870 1636 1922 meis.
1672 1885 1724 1922 ν.
1764 1866 1818 1921 5.

375 1961 470 2017 25.
513 1961 591 2016 De
626 1961 775 2017 Ceila
829 1961 1069 2027 civitate,
1133 1977 1292 2032 quam
1354 1963 1684 2032 oppugnavit
1732 1961 1900 2016 David

307 2054 353 2106 si
385 2053 532 2109 aliud
562 2069 757 2110 nomen
797 2055 1098 2119 habuisset,
1133 2071 1202 2109 an
1230 2070 1357 2109 non.
1385 2057 1520 2109 Cum
1562 2055 1786 2109 minime
1815 2069 1902 2108 re-

305 2146 426 2202 colo
459 2147 604 2217 quod
643 2147 709 2202 de
738 2146 842 2200 hac
902 2147 1124 2202 civitate
1177 2147 1508 2201 mentionem
1559 2145 1722 2200 faciat
1755 2145 1903 2200 Scri-

306 2245 490 2304 ptura,
556 2237 662 2291 nisi
711 2237 766 2290 in
817 2236 1100 2305 prOpheta,
1164 2237 1256 2290 ubi
1313 2235 1554 2305 legitur:
1599 2233 1688 2288 Va:
1733 2232 1898 2298 Ceila,

303 2327 459 2382 Ceila
489 2330 693 2394 civitas,
723 2345 881 2398 quant
914 2331 1230 2399 oppugnavit
1262 2329 1453 2382 David.

376 2419 474 2473 24.
515 2419 796 2484 Quomodo
819 2419 1228 2489 intelligendum
1262 2428 1347 2474 e:t
1392 2421 1457 2473 de
1490 2418 1644 2483 Saul,
1677 2420 1820 2489 quod
1849 2420 1903 2474 in

303 2509 574 2563 extremis
604 2510 939 2565 consuluerit
959 2512 1335 2581 pythonissam
1366 2512 1389 2564 ?
1420 2512 1484 2566 Et
1515 2512 1734 2582 legitur,
1759 2511 1905 2582 quod

305 2602 658 2656 suscitaverit
685 2603 734 2657 ei
767 2602 1009 2671 Samuel,
1063 2613 1119 2660 et
1147 2605 1348 2660 dixerit
1395 2605 1444 2659 ei
1489 2603 1739 2659 Samuel:
1770 2603 1902 2660 Cras

302 2703 363 2746 tu
397 2703 449 2748 et
489 2694 591 2763 ﬁlii
625 2697 704 2749 tui
735 2713 935 2750 mecum
975 2697 1121 2752 eritis
1153 2712 1169 2749 :
1199 2697 1254 2752 Si
1300 2699 1452 2769 juxta
1487 2697 1721 2752 litteram
1756 2706 1904 2753 stare

303 2792 508 2854 potest,
576 2793 637 2839 ut
708 2784 927 2842 Samuel
994 2789 1287 2843 suscitaret
1347 2789 1685 2860 pythonissa.
1727 2789 1899 2844 28.7.

304 2883 361 2929 et
404 2890 561 2946 seqq.

376 2965 468 3020 25.
513 2965 623 3022 Cur
667 2968 870 3025 Gelboe
921 2979 1134 3026 montes
1189 2987 1219 3026 a
1269 2972 1438 3026 David
1509 2971 1904 3028 malerlicatitur

307 3056 359 3109 in
388 3065 568 3112 morte
596 3057 744 3125 Saul,
782 3068 835 3115 et
863 3060 1097 3116 filiorum
1147 3062 1309 3132 ejus?
1360 3061 1421 3116 ll.
1469 3063 1602 3134 Reg.
1639 3062 1688 3116 1.
1719 3063 1807 3117 21.
1844 3062 1902 3118 Si

300 3150 459 3215 juxta
494 3149 727 3205 litteram
758 3161 902 3207 stare
930 3154 1121 3223 possit.

319 3315 322 3318 _
375 3239 467 3294 26.
515 3240 796 3308 Quomodo
844 3244 1248 3316 intelligendum
1299 3255 1385 3302 est
1423 3248 1524 3301 hoc
1553 3247 1695 3318 quod
1731 3247 1900 3301 David

306 3332 574 3401 plangens
625 3333 828 3401 Abner,
879 3336 1315 3408 maledicensque
1371 3337 1528 3405 Joab,
1556 3339 1733 3394 dixit:
1777 3339 1901 3393 Non

304 3421 524 3490 deﬁciat
553 3422 618 3477 de
651 3424 806 3478 domo
842 3425 979 3481 ,Ιοαὸ
1010 3429 1215 3498 ﬂuxum
1269 3431 1482 3485 seminis
1539 3433 1824 3496 sustinens,
1853 3441 1903 3484 et

305 3511 550 3582 leprosus
576 3529 594 3566 :
625 3525 801 3571 tenens
853 3517 1050 3587 fusum,
1078 3531 1126 3574 et
1175 3522 1368 3576 cadens
1413 3522 1612 3593 gladio,
1658 3524 1900 3595 indigens

304 3607 481 3660 vane?
500 3604 562 3659 ll.
591 3605 644 3660 5.
667 3606 758 3662 29.
810 3608 876 3662 Et
904 3611 1132 3680 reliqua.

375 3698 468 3754 27.
519 3698 658 3767 Quid
685 3702 959 3772 significat
985 3705 1126 3772 quod
1184 3705 1284 3774 ﬁlii
1321 3707 1568 3762 Remman
1595 3707 1900 3772 Berothitte,

309 3785 524 3843 Rechab
551 3799 598 3843 et
627 3789 848 3846 Baanna
894 3794 1114 3863 ingressi
1165 3806 1285 3850 sunt
1323 3797 1550 3866 fervente
1579 3797 1662 3851 die
1691 3799 1904 3851 domum

310 3876 580 3943 lsboseth,
624 3881 714 3951 qui
739 3882 1030 3937 dormiebat
1071 3902 1228 3955 super
1279 3895 1504 3940 stratum
1555 3903 1709 3942 suum
1740 3888 1903 3940 meri-

310 3970 410 4034 die,
464 3986 644 4040 usque
696 3973 823 4027 dum
864 3974 996 4028 dicit
1029 3991 1040 4027 :
1072 3977 1317 4045 pra'cepit
1370 3977 1540 4031 David
1575 3980 1749 4047 pueris
1798 3977 1906 4031 suis

311 4057 612 4130 interficere
638 4075 760 4116 eos:
792 4073 947 4134 caput
971 4074 1144 4119 autem
1182 4064 1418 4120 Isboseth
1466 4066 1717 4133 tulerunt,
1743 4079 1790 4122 et
1820 4086 1905 4122 se-

311 4149 574 4215 pelierunt
628 4152 683 4206 in
749 4153 986 4224 sepulcro
1051 4155 1225 4210 Abner
1289 4156 1344 4211 in
1387 4157 1584 4212 Ebron.
1629 4157 1687 4213 Il.
1745 4159 1795 4213 4.
1851 4159 1904 4214 5.

314 4240 378 4295 Et
402 4244 638 4312 reliqua.

382 4334 472 4390 28.
524 4334 592 4388 Et
621 4335 748 4390 abiit
786 4335 982 4404 David,
1018 4348 1066 4392 et
1093 4356 1268 4395 omnes
1318 4341 1437 4406 viri,
1465 4342 1554 4412 qui
1589 4350 1738 4396 erant
1789 4357 1907 4394 cum

314 4444 371 4479 eo
401 4429 455 4482 in
491 4426 793 4482 Jerusalem
831 4429 900 4481 ad
931 4429 1265 4484 Hiebuswum
1314 4431 1658 4487 habitatorem
1708 4442 1903 4487 teme:

313 4516 522 4570 dictum
550 4527 625 4572 est
655 4517 828 4571 David
857 4519 922 4571 ab
957 4521 1031 4573 eis
1054 4537 1156 4573 non
1180 4521 1486 4590 ingredieris
1515 4524 1640 4587 huc,
1667 4523 1766 4576 nisi
1787 4523 1904 4576 abs-

315 4609 506 4664 tuleris
563 4627 728 4664 ca'ros
751 4620 798 4664 et
860 4611 1076 4665 claudos
1125 4612 1398 4665 dicentes:
1431 4630 1534 4666 non
1588 4614 1907 4685 ingredietur

317 4702 492 4757 David
525 4703 646 4756 huc.
677 4703 744 4757 Et
769 4703 992 4773 reliqua.
1023 4703 1085 4757 11.
1125 4703 1176 4758 5.
1216 4704 1266 4757 6.
1293 4713 1396 4758 etc.

383 4798 474 4852 29.
521 4796 686 4867 Ctrpit
713 4807 885 4850 autem
916 4797 1083 4850 David
1114 4813 1284 4850 arcem
1309 4794 1436 4851 Sion
1465 4811 1481 4847 :
1509 4797 1618 4851 ha’c
1665 4809 1739 4852 est
1775 4800 1873 4852 civi
1885 4833 1900 4842 ο

317 4902 396 4945 tas
429 4892 625 4945 David.
659 4889 800 4955 Quid
836 4899 910 4943 est
934 4890 1153 4942 arcem?

387 4983 480 5036 50.
524 4979 920 5052 Proposuerunt
971 4982 1107 5034 enim
1137 4982 1191 5034 in
1239 4981 1324 5034 die
1362 4980 1454 5034 illa
1481 4982 1776 5052 pramium,
1812 4982 1903 5052 qui

317 5075 656 5142 percussisset
690 5071 1048 5137 Hiebusarum,
1106 5082 1153 5126 et
1196 5074 1444 5143 tetigisset
1497 5073 1767 5128 clamatum
1819 5075 1903 5142 fu-

318 5164 517 5219 sculas.
569 5163 872 5235 (legendum
914 5170 975 5215 ut
1011 5163 1245 5216 arbitror
1281 5171 1364 5217 est
1417 5178 1537 5217 cum
1571 5161 1795 5233 Vulgata
1832 5163 1901 5231 ﬁ-

317 5255 511 5317 stulas,
543 5266 589 5310 et
614 5254 912 5310 abstulisset
941 5253 1178 5318 claudos,
1218 5246 1276 5308 et
1311 5271 1474 5308 ctvcos
1517 5253 1746 5308 odientes
1788 5254 1904 5307 ani-

320 5364 462 5400 mam
506 5347 695 5412 David,
723 5361 895 5416 usque
921 5346 1046 5400 dum
1077 5346 1247 5400 dicit:
1283 5345 1538 5399 Dominus
1574 5345 1894 5400 exercituum

265 5475 272 5486 .
317 5450 431 5492 erat
461 5455 580 5493 cum
605 5439 710 5510 eo.)
737 5439 830 5493 lbi.
861 5454 912 5491 v.
946 5439 996 5492 7.
1029 5445 1082 5492 et
1113 5452 1260 5507 seqq.

391 5530 485 5582 51.
527 5528 656 5584 Cum
684 5530 913 5600 quadam
938 5530 1046 5583 vice
1071 5530 1322 5583 venissent
1372 5527 1659 5584 Philistiim
1711 5538 1895 5582 contra

321 5619 500 5674 David
527 5620 579 5672 in
602 5619 737 5674 valle
767 5619 1042 5690 Raphaim,
1068 5629 1116 5673 et
1141 5635 1250 5690 ipse
1299 5620 1560 5674 consuluit
1595 5619 1890 5674 Dominum.

322 5707 424 5763 Cui
457 5711 716 5779 respondit
754 5710 1008 5766 Dominus
1034 5730 1046 5768 :
1075 5709 1203 5765 Gira
1253 5720 1367 5780 post
1410 5721 1608 5782 tergum
1637 5711 1894 5781 pit-orum,

2073 1773 2162 1828 54.
2201 1772 2312 1828 Cur
2340 1774 2552 1830 Nathan
2582 1777 2719 1831 dixit
2757 1778 2824 1832 ad
2851 1779 3040 1844 David,
3089 1787 3150 1832 ut
3175 1779 3470 1834 aediﬁcaret
3495 1780 3592 1836 do—

2002 1881 2149 1920 mum
2179 1865 2413 1931 Domini,
2444 1876 2499 1922 et
2527 1877 2714 1939 postea
2741 1870 3021 1938 prohibuit
3067 1886 3214 1926 eum.
3246 1872 3314 1926 Et
3360 1871 3588 1943 reliqua,

2002 1971 2175 2025 usque
2207 1957 2332 2012 dum
2382 1957 2557 2013 dicit:
2589 1961 2878 2015 secundum
2930 1963 3109 2016 omnia
3155 1961 3310 2017 verba
3355 1963 3487 2017 hinc.
3521 1963 3590 2020 Et

2000 2058 2123 2119 post
2179 2065 2369 2120 pauca.
2407 2049 2497 2106 Sic
2538 2050 2744 2108 locutus
2799 2061 2875 2107 est
2927 2052 3148 2109 Nathan
3186 2055 3269 2112 ad.
3303 2054 3494 2110 David.
3527 2055 3601 2111 Et

2003 2140 2231 2209 reliqua.
2265 2141 2316 2194 7.
2344 2142 2399 2196 5.
2423 2151 2528 2196 etc.

2073 2232 2162 2287 55.
2202 2231 2329 2286 Post
2368 2233 2478 2286 htrc
2504 2235 2758 2304 percussit
2809 2233 2981 2289 David
3007 2233 3314 2298 Philistiinv,
3352 2245 3398 2288 et
3413 2235 3597 2288 humi-

2004 2324 2149 2377 liavit
2175 2340 2286 2387 eos,
2315 2333 2361 2377 et
2385 2323 2503 2377 tulit
2544 2325 2752 2393 {renum
2772 2326 2953 2379 tributi
2979 2326 3044 2378 de
3091 2342 3252 2379 manu
3284 2323 3592 2390 Philistiim,

2003 2425 2052 2470 et
2081 2418 2331 2488 percussit
2364 2417 2520 2472 Moab
2547 2428 2593 2473 et
2620 2435 2829 2472 mensus
2853 2428 2927 2472 est
2954 2435 3041 2472 eos
3063 2416 3299 2487 [uniatlo
3319 2432 3596 2488 coaequans

2005 2515 2178 2570 terrce,
2211 2515 2269 2562 et
2304 2507 2530 2577 reliqua.
2557 2510 2610 2564 8.
2644 2508 2694 2560 1.
2731 2509 2786 2561 2.
2828 2519 2934 2563 etc.

2073 2597 2160 2652 56.
2201 2597 2338 2652 Joab
2365 2607 2539 2652 autem
2590 2597 2754 2667 ﬁlius.
2785 2598 2989 2653 δαί-υἱέε
3031 2608 3144 2653 erat
3198 2615 3357 2670 super
3391 2601 3591 2654 exerci-

2005 2697 2114 2742 tum
2145 2703 2164 2740 .°
2192 2706 2348 2760 porro
2393 2689 2648 2760 Josaphat
2694 2688 2839 2758 ﬁlius
2878 2689 3075 2743 Ahilud
3101 2708 3133 2744 a
3184 2689 3592 2745 commentariis.

2005 2781 2075 2835 Et
2103 2779 2311 2836 Sadoch
2337 2781 2481 2850 ﬁlius
2511 2781 2752 2847 Achitob,
2784 2791 2833 2836 et
2879 2781 3208 2837 Achimelech
3242 2781 3386 2851 ﬁlius
3431 2782 3594 2836 Abiu-

2005 2875 2125 2928 thar
2171 2873 2490 2938 sacerdotes,
2540 2883 2590 2928 et
2631 2871 2874 2943 Sarajas,
2929 2875 3121 2928 scriba.
3165 2873 3405 2943 Banajas
3450 2872 3594 2942 ﬁlius

2003 2965 2214 3035 Jojada:
2241 2982 2397 3036 super
2418 2965 2626 3019 Cerethi
2649 2975 2696 3018 et
2734 2964 2973 3020 Phelethi
2997 2979 3015 3016 :
3065 2964 3166 3034 ﬁlii
3211 2975 3389 3018 autem
3418 2963 3591 3018 David

2005 3055 2298 3110 sacerdotes
2340 3065 2510 3110 erant.
2536 3056 2589 3111 8.
2628 3056 2882 3121 16.,17.,
2920 3056 3006 3112 18.
3033 3055 3134 3122 Qui
3185 3064 3342 3112 erant
3385 3056 3592 3112 Celetlii

2007 3157 2061 3205 et
2083 3149 2372 3205 Phelelhi?
2401 3149 2496 3204 Vel
2523 3149 2616 3204 filii
2650 3149 2818 3204 David
2858 3150 3321 3219 quomodoerant
3348 3150 3594 3206 sacerdo-

2006 3252 2106 3308 tes,
2135 3260 2258 3299 cum
2280 3259 2386 3298 non
2411 3251 2595 3299 essent
2621 3243 2688 3298 de
2717 3245 2859 3299 tribu
2889 3244 3061 3298 Levi?
3081 3245 3406 3316 Etreliqua.

2074 3337 2162 3391 57;
2194 3336 2303 3390 Cur
2326 3334 2393 3390 de
2417 3335 2654 3392 Absalon
2693 3337 2970 3400 scribitur,
3026 3337 3168 3406 quod
3221 3345 3457 3392 erexerat
3495 3337 3595 3390 sibi

2007 3426 2239 3491 titulum,
2281 3427 2460 3482 dicens
2492 3443 2596 3481 non
2624 3427 2794 3480 habeo
2818 3427 3010 3495 ﬁlium.
3045 3428 3131 3482 18.
3162 3427 3250 3482 18.
3279 3442 3401 3482 cum
3427 3427 3480 3480 in
3501 3441 3596 3481 eo-

2004 3521 2129 3576 dem
2154 3521 2290 3577 libro
2317 3537 2481 3592 supra
2508 3523 2769 3590 scriptum
2818 3522 2909 3581 sit.
2957 3522 3101 3592 quod
3137 3521 3375 3575 habuerit
3401 3529 3505 3573 tres
3529 3520 3594 3588 ﬁ-

2006 3611 2128 3676 lios,
2153 3623 2202 3665 et
2229 3629 2388 3666 unam
2425 3612 2594 3680 ﬁliam
2623 3613 2828 3665 nomine
2859 3610 3093 3663 Thamar
3123 3609 3346 3684 eleganti
3378 3607 3552 3676 forma
3571 3610 3596 3662 .’

2005 3702 2073 3756 Et
2101 3703 2324 3771 reliqua.
2362 3701 2447 3754 14.
2471 3701 2560 3754 27.

2079 3791 2165 3844 58.
2205 3791 2383 3858 Quare
2437 3801 2616 3845 autem
2668 3791 2807 3845 inter
2864 3806 3149 3845 numerum
3179 3788 3397 3844 fortium
3425 3789 3594 3846 David

2007 3882 2277 3936 scribatur
2295 3881 2361 3935 de
2387 3897 2496 3936 uno
2525 3881 2763 3950 quolibet
2792 3896 3002 3945 eorum,
3027 3883 3160 3945 hare,
3192 3879 3277 3934 vel
3305 3880 3412 3934 alia
3439 3863 3612 3944 fecit,’

2009 3971 2101 4024 sed
2129 3987 2290 4042 usque
2314 3971 2383 4023 ad
2406 3979 2510 4024 tres
2538 3986 2640 4023 non
2673 3971 2924 4040 pervenit.
2959 3971 3062 4038 Qui
3117 3969 3320 4025 fuerint
3345 3969 3402 4024 lii
3431 3976 3545 4026 tres
3570 3971 3593 4024 ?

2009 4066 2103 4114 aut
2137 4074 2234 4114 cur
2257 4060 2360 4116 hoc
2386 4059 2690 4114 scribitur?
2727 4059 2816 4114 25.
2850 4060 2934 4115 19.
2967 4069 3072 4116 etc.

2081 4151 2168 4207 59.
2205 4151 2385 4218 Quare
2415 4150 2665 4221 culpatur
2700 4149 2866 4205 David
2898 4167 2993 4221 per
3028 4152 3460 4210 numerationem
3489 4167 3590 4223 po-

2007 4244 2138 4315 puli.
2170 4243 2234 4297 ll.
2266 4243 2396 4314 Reg.
2425 4241 2516 4296 24.
2552 4243 2602 4295 1.
2635 4241 2768 4298 Cum
2797 4240 3074 4312 Josaphat,
3120 4244 3409 4315 exterique
3435 4257 3590 4315 reges

2007 4334 2261 4405 populum
2294 4333 2717 4399 numeraverim,
2747 4341 2805 4388 et
2849 4333 3218 4404 inculpabiles,
3249 4343 3306 4390 et
3329 4336 3448 4391 sine
3473 4337 3588 4389 vin-

2009 4425 2154 4479 dicta
2201 4423 2641 4493 permanserint?
2667 4432 2722 4479 et
2747 4431 2941 4479 castora
2988 4440 3158 4493 usque
3184 4425 3238 4478 in
3283 4426 3466 4483 tinem.
3497 4426 3584 4481 IV.

1931 4481 1982 4539 Β
2011 4517 2140 4586 Reg.
2171 4481 2223 4571 5-.
2255 4516 2306 4570 6.
2340 4515 2432 4585 (At
2451 4516 2594 4586 quod
2621 4516 2711 4570 hio
2737 4515 2804 4569 de
2833 4481 3095 4584 Josapliat
3143 4481 3382 4581 dicitur,“
3411 4516 3478 4571 de
3504 4515 3588 4572 Jo-

2008 4628 2143 4676 ram,
2175 4627 2296 4665 cum
2339 4627 2459 4680 quo
2499 4610 2675 4665 fmdus
2723 4610 2920 4665 inierat
2964 4607 3245 4677 Josaphat,
3299 4608 3584 4664 dicendum

2007 4713 2111 4759 est.
2153 4703 2279 4759 Haec
2313 4704 2483 4758 habet
2531 4701 2854 4774 Scriptura:
2887 4701 3142 4772 Egressus
3181 4711 3256 4756 est
3284 4701 3450 4772 igitur
3496 4717 3586 4756 rex

2009 4795 2196 4850 Joram
2221 4797 2274 4849 in
2297 4795 2381 4849 die
2417 4794 2510 4848 illa
2538 4795 2603 4849 de
2639 4793 2903 4859 Samaria,
2931 4803 2978 4848 et
3004 4794 3261 4848 recensuit
3289 4795 3586 4848 universum

2013 4885 2203 4950 Israel,
2239 4888 2479 4958 misitque
2515 4888 2585 4941 ad
2611 4887 2867 4958 Josaphat
2903 4897 3010 4942 etc.
3050 4888 3135 4943 Ab
3157 4887 3375 4942 Amasia
3396 4895 3585 4942 tamen

2003 4993 2130 5050 rege
2158 4978 2308 5033 Judae
2337 4979 2571 5035 minime
2600 4979 2764 5045 malo,
2795 4978 3290 5037 recensitosfuisse
3317 4979 3582 5046 subditos,

2005 5071 2262 5126 discimus
2285 5085 2349 5126 ex
2379 5070 2440 5125 ll.
2466 5069 2642 5126 Paral.
2677 5071 2764 5126 21.
2791 5071 2859 5127 5.-

2075 5163 2164 5218 40.
2196 5163 2304 5220 Cur
2330 5164 2396 5219 de
2427 5163 2596 5219 David
2649 5164 2916 5233 scriptum
2961 5171 3063 5227 est,
3121 5162 3267 5232 quod
3316 5173 3578 5228 senuerd,

2006 5272 2128 5311 cum
2151 5256 2487 5326 septuaginta
2515 5271 2620 5310 non
2651 5269 3035 5324 supergressus
3052 5254 3124 5308 sit
3149 5269 3341 5319 annos,
3361 5264 3411 5310 et
3437 5271 3584 5327 opor-

2004 5358 2088 5402 tus
2119 5346 2338 5401 vestibus
2373 5363 2475 5400 non
2501 5344 2815 5413 caleﬁebat?
2869 5344 2937 5398 Et
2961 5345 3100 5416 quod
3146 5347 3352 5403 incauta
3399 5347 3584 5405 adule-

2003 5435 2240 5492 scentula
2274 5435 2508 5504 speciosa
2536 5434 2758 5488 Abisach
2805 5431 3100 5500 Sunamite,
3143 5436 3433 5492 dormiebat
3463 5455 3583 5494 cum

2007 5543 2141 5595 rege.
2174 5535 2221 5579 et
2259 5525 2588 5577 ministrabat
2617 5524 2664 5577 ei
2689 5535 2706 5573 .'
2747 5539 2840 5576 rex
2884 5540 3000 5578 vero
3024 5541 3127 5579 non
3156 5528 3392 5597 cognovit
3416 5543 3534 5582 eam
3557 5528 3582 5580 .’

2004 5617 2086 5671 lll.
2122 5619 2250 5685 Reg.
2289 5615 2332 5668 1.
2361 5614 2412 5668 5.
2445 5629 2565 5668 cum
2593 5614 2645 5668 in
2681 5612 2906 5670 fortiore
2948 5622 3108 5670 aetate
3135 5615 3478 5687 legamus,,e,t
3503 5619 3580 5674 vi-

2005 5710 2227 5764 dcamus
2253 5722 2373 5761 cum
2404 5705 2617 5761 feminis
2643 5705 2789 5762 coire
2817 5706 2980 5764 viros.
3020 5707 3089 5762 Et
3116 5707 3337 5782 reliqua.
