3904 6174
1453 347 1732 408 CLAUDli
1773 347 2239 407 TAURINENSIS
2276 346 2581 407 EPISCOPI

3544 350 3659 409 652

450 475 544 531 11.
582 472 723 542 Quid
764 472 867 528 sibi
895 471 1012 526 vult
1062 470 1208 540 quod
1246 469 1417 525 David
1456 470 1651 526 ultimo
1697 471 1827 526 vitae
1854 483 1966 525 suae
1991 471 2043 531 Α
2068 467 2211 541 ligna
2242 469 2435 526 thina?
2464 470 2532 525 Et
2582 477 2708 540 post
2740 480 2914 540 pauca
2966 468 3102 527 dicit
3149 483 3165 522 :
3196 480 3305 522 non
3336 473 3470 523 sum
3497 464 3663 524 allata

380 575 648 638 tempore,
700 562 976 619 Salomoni
1028 562 1141 618 tilio
1191 578 1292 619 suo
1319 565 1577 633 pmcepit
1609 564 1677 619 de
1721 561 1879 628 Joab,
1914 570 1970 617 et

382 657 584 723 Semei,
635 656 835 727 quibus
883 663 1011 711 ante
1042 662 1382 728 pepercerat,
1415 671 1487 712 ne
1533 654 1735 714 inultos
1758 671 1855 713 eos
1890 656 1970 712 di-

379 748 646 814 mitteret,
676 746 772 802 sed
803 745 1083 802 deduceret
1127 761 1288 800 canos
1338 761 1520 801 eorum
1546 762 1667 801 eum
1712 746 1970 819 sanguine

374 842 433 895 in
459 839 670 909 inferno
696 839 722 893 Ρ
761 837 864 895 lbi.
896 837 951 893 2.
974 837 1029 893 5.
1064 838 1117 894 8.

448 930 541 985 12.
580 928 724 996 Quid
749 935 836 984 est
886 927 1030 998 quod
1056 926 1191 983 dixit
1217 926 1284 983 de
1310 926 1490 983 Joab‘l
1522 927 1699 998 posuit
1728 941 1969 981 cruorem

280 1027 304 1056 ι
376 1020 550 1094 ρτωιὲί
586 1019 889 1077 in'baltheo
910 1035 1028 1085 suo,
1073 1019 1167 1089 qui
1192 1028 1307 1073 erat
1349 1019 1493 1074 circa
1520 1016 1728 1073 lumbos
1756 1017 1893 1088 ejus,
1920 1026 1971 1072 et

377 1115 436 1169 in
487 1111 842 1169 calceamento
898 1128 1017 1177 suo,
1073 1109 1214 1182 quod
1262 1118 1377 1166 erat
1419 1111 1479 1165 in
1544 1110 1763 1182 pedibus
1828 1110 1967 1181 ejus.

379 1203 518 1262 Ibid.
537 1202 657 1260 v.5.

453 1293 545 1349 45.
586 1292 727 1361 Quid
785 1290 1056 1364 signiﬁcet
1099 1290 1361 1357 Adonias,
1400 1290 1495 1361 qui
1551 1289 1750 1346 Abisac
1780 1290 1974 1361 petivit

384 1386 442 1440 in
469 1381 738 1455 coniugio,
790 1398 891 1454 pro
915 1398 1021 1453 qua
1050 1397 1110 1438 re
1137 1397 1168 1437 a
1220 1380 1508 1437 Salomone
1534 1382 1849 1451 praecipitur
1872 1395 1969 1436 oc-

381 1477 513 1533 cidi.
542 1474 641 1533 lbi.
672 1492 729 1532 ν.
755 1475 845 1531 20.
891 1483 998 1530 etc.
1029 1474 1100 1530 Et
1128 1474 1259 1545 quid
1301 1482 1403 1538 est,
1462 1474 1608 1543 quod
1658 1473 1973 1543 frequenter

381 1566 643 1624 scribitur
667 1566 722 1620 in
749 1567 854 1622 hoc
881 1565 1058 1621 libro?
1084 1563 1218 1620 Herc
1256 1563 1420 1634 faciat
1446 1564 1578 1619 mihi
1603 1562 1770 1627 Deus,
1789 1572 1837 1618 et
1859 1564 1973 1619 hac

382 1657 569 1712 addat.
629 1656 856 1716 Ibid.v..
891 1656 984 1713 25.
1047 1663 1154 1712 etc.
1182 1655 1319 1711 Erat
1375 1655 1480 1712 hoc
1541 1663 1968 1720 sacramentum,

382 1761 451 1803 an
479 1747 638 1803 non?

2070 560 2446 629 hujuscemodi
2491 560 2663 630 tbina,
2713 576 2892 632 neque
2938 560 3058 616 visa
3112 574 3284 629 usque
3318 559 3375 614 in
3420 573 3665 629 praesen-

2069 656 2181 704 tem
2216 650 2383 705 diem.
2422 650 2509 706 10.
2564 650 2652 717 11,
2684 659 2741 707 et
2768 651 2858 706 12.
2910 651 2983 708 Et
3011 650 3145 722 quid
3195 649 3385 721 Opbir,
3440 658 3501 707 et
3543 652 3663 719 ubi,

2068 740 2214 797 unde
2235 740 2454 797 fuerunt
2482 742 2648 797 allata
2667 742 2693 796 ?
2715 742 2770 798 5.
2800 743 2888 798 11.

2139 833 2229 889 55.
2269 834 2381 890 Cur
2420 835 2593 891 altare
2631 833 3073 891 bolocaustomm
3102 834 3157 891 in
3204 833 3583 894 tabernaculo.
3606 842 3666 890 et

2070 924 2125 980 in
2155 926 2356 997 templo
2387 942 2454 982 ex
2505 925 2653 997 ligno
2700 925 2920 996 quidem
2968 925 3197 992 factum,
3227 940 3336 981 tere
3362 934 3549 981 autem
3570 941 3665 982 co-

2069 1025 2339 1086 opertum.
2389 1018 2525 1074 Exo.
2579 1017 2669 1075 58.
2700 1018 2753 1072 1.
2782 1017 2855 1073 ab
2898 1018 3023 1090 igne
3066 1032 3175 1074 non
3215 1018 3661 1085 consumebatur,

2070 1121 2195 1161 cum
2237 1107 2441 1179 iugiter
2465 1107 2608 1179 ignis
2635 1109 2854 1165 arderet
2882 1109 2939 1165 in
2974 1109 3166 1167 eodem
3191 1108 3349 1164 altari
3371 1109 3397 1163 ?

2145 1199 2235 1255 54.
2276 1199 2428 1257 Fecit
2485 1199 2739 1261 Salomon
2780 1201 3009 1258 ducenta
3055 1211 3208 1258 scuta
3248 1202 3314 1257 de
3342 1218 3479 1257 auro
3501 1219 3656 1272 puro.

2074 1288 2162 1346 10.
2195 1289 2283 1346 16.
2315 1290 2385 1346 Et
2423 1298 2552 1361 post
2592 1306 2766 1361 pauca
2805 1307 2821 1347 :
2853 1291 3145 1365 Posuitque
3189 1309 3253 1348 ea
3304 1308 3399 1348 rea:
3423 1294 3480 1348 in
3504 1294 3661 1349 domo

2073 1381 2219 1438 silva:
2274 1382 2477 1438 Libani.
2513 1383 2600 1437 1'1.
2661 1381 2719 1438 Si
2766 1383 2901 1439 silva
2935 1383 3131 1440 Libani
3170 1382 3480 1440 Salomonis
3518 1394 3659 1452 erat,

2073 1488 2173 1529 cur
2198 1474 2341 1546 ligna
2370 1474 2591 1530 cedi-ina
2614 1488 2724 1529 non
2750 1473 3082 1544 praecidebat
3098 1488 3170 1530 ex
3196 1474 3406 1529 Libano
3424 1476 3449 1527 ?

2076 1578 2079 1581 '
2148 1562 2233 1618 55.
2275 1561 2425 1619 Fecit
2465 1580 2689 1635 quoque,
2715 1573 2771 1618 ut
2805 1571 2956 1619 tanta
3007 1572 3140 1620 esset
3192 1564 3523 1619 abundantia
3574 1582 3662 1619 ar-

2073 1657 2213 1726 genti
2247 1657 2303 1711 in
2360 1654 2722 1722 Hierusalem,
2763 1664 2965 1727 quanta
2993 1664 3042 1711 et
3086 1654 3362 1726 lapidum:
3396 1665 3447 1710 et
3475 1656 3660 1710 cedro-

2075 1763 2194 1802 rum
2220 1747 2442 1819 praebuit
2482 1745 2874 1802 multitudinem
2899 1747 3055 1817 quasi
3097 1762 3422 1817 sgcomoros,
3445 1747 3543 1817 qui
3568 1762 3655 1800 na-

450 1840 540 1897 44.
580 1840 781 1898 Ditezit
805 1851 980 1898 autem
1002 1839 1256 1898 Salomon
1281 1839 1569 1896 Dominum
1615 1838 1893 1895 ambulans
1914 1840 1973 1895 in
1998 1824 2048 1885 Β
2074 1851 2297 1899 scuntur
2316 1842 2374 1897 in
2400 1841 2796 1914 campestribus.
2826 1842 2894 1897 Et
2923 1840 3155 1910 reliqua.
3193 1840 3281 1896 10.
3311 1839 3405 1895 27.

377 1934 653 2005 praceptis
685 1931 857 1989 David
901 1934 1070 2005 patris
1111 1932 1215 1997 sui,
1245 1941 1458 2003 excepto
1485 1931 1627 2004 quod
1667 1931 1725 1987 in
1751 1930 1969 1987 excelsis

376 2021 707 2089 ambulabat,
744 2033 795 2079 et
816 2022 1128 2078 accendebat
1181 2021 1478 2076 thimiame.
1516 2020 1570 2075 5.
1601 2020 1654 2075 5.
1685 2019 1829 2089 Quid
1848 2028 1971 2075 erat

370 2114 602 2183 excelsa,
637 2117 783 2187 quod
817 2115 1133 2186 frequenter
1154 2114 1208 2168 in
1229 2115 1335 2170 hoc
1354 2112 1493 2168 libro
1516 2112 1749 2184 legitur?
1773 2112 1842 2167 Et
1870 2126 1969 2168 cur

375 2201 599 2261 Samuel
619 2221 728 2261 non
754 2205 1023 2277 culpatur,
1051 2205 1144 2276 qui
1169 2204 1221 2259 in
1253 2204 1470 2261 excelso
1518 2203 1719 2275 legitur
1771 2204 1966 2260 immo-

371 2292 563 2352 lasse?
592 2294 655 2368 (l.
689 2296 820 2366 Reg.
844 2296 899 2352 9.
942 2294 1029 2351 12.
1062 2292 1178 2366 ﬂ.)
1205 2293 1293 2350 ll].
1327 2294 1460 2364 Reg.
1489 2295 1544 2350 5.
1571 2293 1628 2348 2.

444 2386 534 2443 45.
574 2387 715 2456 Quid
740 2386 1048 2460 signiﬁcent
1070 2385 1177 2442 illze
1204 2386 1325 2442 duae
1347 2384 1606 2441 mulieres
1628 2385 1964 2449 meretrices,

373 2493 498 2548 qua:
519 2486 785 2535 venerunt
811 2487 941 2534 ante
995 2476 1202 2549 Regem
1249 2474 1642 2532 Salomonem?
1671 2475 1758 2530 ΙΙΙ.
1788 2475 1843 2530 5.
1874 2475 1962 2531 16.

444 2569 535 2625 46.
576 2569 750 2626 Porro
788 2568 949 2625 Giblii
990 2577 1422 2641 praporaverunt
1479 2566 1645 2638 ligna,
1683 2577 1733 2622 et
1762 2567 1965 2638 lapides

368 2662 442 2719 ad
464 2660 842 2732 ediﬁcandum
882 2661 1116 2717 domum.
1141 2658 1230 2715 III.
1264 2658 1318 2714 5.
1350 2659 1439 2716 18.

443 2753 533 2809 17.
566 2752 705 2811 Cum
723 2753 939 2825 legatur
988 2752 1303 2824 expressius
1344 2751 1399 2807 in
1429 2750 1569 2807 libro
1614 2751 1845 2824 Regum.
1876 2751 1961 2808 lli.

367 2848 424 2904 8.
458 2845 514 2904 9.
555 2844 762 2917 absque
794 2843 1249 2915 Paralipomenon
1273 2842 1338 2899 Il.
1363 2842 1419 2899 5.
1449 2842 1537 2898 10.
1586 2843 1733 2913 quod
1761 2843 1817 2898 in
1838 2858 1962 2899 arca

367 2950 479 2992 non
506 2942 655 2993 esset
681 2934 852 3002 aliud,
883 2934 991 2990 nisi
1019 2934 1140 2990 duae
1183 2933 1382 2990 tabulae
1432 2931 1683 3004 lapidem,
1708 2948 1846 3003 quas
1869 2947 1965 3002 po-

368 3034 556 3082 suerat
606 3026 663 3082 in
707 3041 774 3083 ea
824 3025 1041 3082 lloises.
1095 3025 1165 3082 Et
1216 3024 1465 3095 reliqua:
1508 3039 1635 3079 cum
1671 3024 1967 3094 Apostolus

366 3123 574 3179 scribat
602 3119 671 3176 ad
701 3118 978 3175 Hebraeos.
1009 3118 1069 3174 9.
1099 3116 1155 3172 4.
1182 3118 1326 3188 quod
1354 3117 1411 3173 iu
1438 3131 1566 3173 arca
1593 3123 1721 3171 sunt
1745 3115 1958 3183 tabulw,

2139 1932 2231 1989 56.
2269 1931 2551 2004 Reliquum
2585 1940 2760 1987 autem
2797 1930 3075 1986 verborum
3121 1928 3447 1996 Salomonis,
3479 1941 3533 1985 et
3553 1947 3660 1986 om-

2070 2026 2162 2081 nia
2194 2039 2314 2097 qua:
2341 2023 2485 2095 fecit,
2510 2031 2559 2078 et
2585 2021 2846 2094 sapientia
2874 2021 3010 2092 ejus,
3044 2038 3162 2077 ecce
3190 2022 3435 2077 uniuersa
3465 2022 3663 2092 scripta

2067 2114 2269 2170 suntin
2326 2112 2459 2169 libro
2503 2112 2777 2169 uerborum
2840 2112 3048 2168 dierum
3095 2110 3415 2169 Salomonis.
3448 2113 3542 2169 11.
3569 2113 3659 2170 il.

2068 2204 2256 2273 Qualis
2279 2217 2366 2261 est
2395 2204 2554 2266 liber,
2583 2204 2726 2259 scire
2752 2203 2896 2260 volo.

2137 2299 2228 2353 57.
2259 2298 2394 2355 Cum
2417 2298 2600 2353 Helias
2643 2306 2773 2354 ante
2810 2296 3025 2355 Jesabel
3065 2296 3298 2369 fugeret,
3343 2306 3402 2352 et
3422 2299 3661 2352 venisset

2070 2390 2138 2447 ad
2176 2398 2416 2447 montem
2442 2389 2541 2446 Dei
2577 2389 2782 2461 Orepb,
2819 2397 2875 2445 et
2896 2390 3188 2447 mansisset
3221 2389 3275 2444 in
3301 2388 3580 2459 spelunca,
3607 2397 3660 2445 et

2067 2478 2245 2537 factus
2266 2480 2457 2537 fuisset
2503 2480 2572 2536 ad
2600 2495 2727 2535 eum
2755 2495 2937 2535 sermo
2955 2480 3195 2546 Domini,
3224 2488 3346 2550 post
3372 2495 3551 2550 pauca
3577 2494 3659 2535 re-

2066 2571 2174 2630 fert
2212 2571 2514 2643 Scriptura.
2577 2573 2662 2629 19.
2721 2573 2776 2627 2.
2817 2573 2873 2629 8.
2905 2572 3043 2627 Ecce
3072 2572 3330 2627 Dominus
3366 2576 3579 2635 transit.
3605 2582 3652 2627 et

2065 2665 2285 2737 spiritus
2310 2664 2530 2735 grandis
2558 2672 2609 2719 et
2655 2664 2810 2734 fortis
2865 2664 3165 2718 subvertens
3200 2673 3422 2728 montes,
3467 2672 3656 2717 etcen-

2068 2766 2240 2812 terens
2291 2764 2488 2826 petras,
2548 2770 2724 2825 usque
2764 2755 2894 2811 dum
2953 2755 3105 2821 dicit,
3147 2763 3196 2809 et
3221 2753 3505 2809 derelictus
3545 2771 3654 2809 sum

2066 2865 2159 2921 ego
2190 2847 2357 2915 solus,
2386 2858 2435 2904 et
2468 2857 2713 2920 quierunt
2733 2851 2991 2915 animum,
3018 2856 3075 2903 ut
3124 2846 3373 2918 auferant
3401 2864 3539 2902 eant.
3574 2847 3651 2903 l9.

2068 2941 2157 2996 11.
2202 2940 2292 2995 14.
2329 2948 2435 2996 etc.

2137 3032 2227 3088 58.
2266 3031 2403 3088 Cum
2438 3030 2622 3088 Helias
2671 3032 2873 3088 dixerit
2923 3032 2992 3088 de
3041 3031 3267 3087 Achab?
3304 3029 3369 3085 Si
3421 3039 3652 3083 mortuus

2070 3123 2227 3193 fuerit
2250 3124 2308 3178 in
2353 3124 2579 3188 civitate,
2607 3124 2876 3179 comedent
2927 3139 3048 3179 eum
3082 3139 3258 3177 canes.
3294 3121 3355 3176 Si
3402 3131 3579 3175 autem
3602 3120 3650 3172 in

377 3177 540 3282 l’irga
582 3210 786 3275 Aaron,
818 3217 869 3263 et
901 3207 1124 3263 Manna.
1174 3177 1232 3263 Si
1258 3222 1369 3264 non
1403 3214 1581 3273 erant,
1610 3222 1710 3262 cur
1733 3177 1965 3278 Aposto;
1985 3177 2036 3262 ,Ο
2067 3177 2218 3283 agro,
2250 3177 2667 3266 comedent.
2695 3177 2939 3267 volucres
2971 3211 3108 3266 cteli.
3157 3211 3246 3265 21.
3299 3209 3390 3265 24.
3432 3224 3650 3280 quomo-

367 3301 453 3357 lus
478 3300 658 3359 dixit?
685 3299 757 3356 Et
801 3299 848 3355 si
875 3307 1057 3366 erant,
1085 3299 1209 3369 quis
1237 3313 1303 3355 ea
1347 3299 1498 3354 misit
1524 3297 1644 3353 ibi?
1674 3298 1743 3354 Et
1768 3299 1814 3353 si
1848 3297 1965 3354 fue-

365 3392 443 3448 rit
467 3391 572 3448 ista
601 3390 754 3462 virga
811 3387 1016 3456 Aaron,
1072 3387 1219 3445 unde
1247 3388 1304 3444 iu
1358 3386 1582 3461 Egipto
1632 3386 1787 3444 fuere
1809 3388 1963 3460 signa

366 3481 538 3550 facta,
568 3488 626 3539 et
645 3481 701 3539 in
726 3480 891 3548 mari,
922 3489 1086 3552 atque
1114 3480 1168 3537 in
1192 3481 1436 3547 heremo,
1469 3496 1540 3536 an
1574 3480 1721 3536 alia?
1750 3490 1806 3537 et
1832 3481 1964 3550 quid

364 3574 438 3634 de
460 3575 579 3646 ipsa
601 3573 746 3632 Area
765 3573 972 3631 factum
998 3573 1129 3631 est?
1156 3574 1242 3631 vel
1271 3574 1319 3630 si
1346 3574 1419 3630 sit
1443 3588 1686 3643 unquam
1713 3571 1961 3646 (videnda

366 3677 428 3726 ut
454 3668 604 3743 puto)
624 3668 814 3735 visura
836 3668 905 3725 ab
928 3667 1201 3724 omnibus.

435 3760 528 3818 18.
570 3758 700 3815 Cum
726 3757 918 3816 nebula
940 3757 1201 3830 implesset
1237 3759 1452 3814 domum
1488 3757 1727 3824 Domini,
1757 3757 1832 3811 ait
1859 3756 1962 3813 Sa-

366 3849 547 3906 lomon
574 3864 595 3904 :
622 3847 886 3905 Dominus
917 3848 1073 3914 dixit,
1106 3856 1164 3901 ut
1197 3847 1435 3903 habitant
1464 3849 1521 3903 in
1545 3847 1757 3904 nebula.
1788 3847 1842 3903 8.
1869 3846 1956 3902 10.

369 3940 460 3996 11.
495 3939 583 3994 12.
640 3938 742 3996 Ubi
779 3938 980 4011 legitur
1015 3938 1162 4008 quod
1190 3939 1453 3995 Dominus
1479 3938 1750 3995 dixisset?

434 4031 526 4090 «i9.
567 4030 627 4087 Si
650 4030 707 4087 in
731 4030 977 4102 Templo,
1006 4030 1102 4086 ubi
1128 4039 1250 4087 erat
1275 4030 1463 4087 Altare
1488 4031 1717 4097 incensi,
1746 4038 1802 4087 et
1825 4045 1959 4087 can-

365 4121 671 4187 delabrum,
703 4130 762 4175 et
784 4121 1044 4187 lucernae,
1082 4121 1262 4177 missa
1286 4121 1396 4176 sint
1444 4121 1836 4193 propositionis
1863 4138 1958 4193 pa-

366 4210 510 4268 nes?
539 4210 600 4266 Si
628 4211 926 4267 introibant
946 4211 1022 4267 ibi
1049 4211 1162 4278 alii,
1209 4212 1317 4268 nisi
1356 4213 1493 4270 ordo
1521 4212 1877 4270 Sacerdotium
1904 4223 1959 4270 ct

369 4299 683 4356 Levitarum
711 4319 726 4356 :
756 4301 827 4358 Et
860 4303 908 4360 si
945 4303 1020 4360 ibi
1049 4312 1169 4359 erat
1217 4314 1518 4362 conventus
1545 4306 1822 4377 plebium?
1849 4308 1958 4364 Aut

367 4390 415 4448 si
459 4391 559 4448 soli
589 4390 937 4461 Sacerdotes,
993 4395 1115 4467 sive
1164 4395 1367 4454 Levita:
1409 4397 1655 4471 (Supple.
1678 4400 1952 4472 degebant,

365 4496 465 4541 seu
491 4481 622 4539 illuc
645 4483 1075 4555 ingrediebantur
1090 4486 1137 4559 7)

436 4574 526 4630 50.
568 4574 726 4633 Dedit
757 4576 1014 4634 Salomon
1043 4577 1233 4637 Hiram
1261 4581 1448 4653 viginti
1495 4583 1695 4655 oppida
1729 4583 1784 4639 in
1809 4591 1958 4639 terra

366 4665 624 4734 Galikem,
657 4684 779 4740 quae
805 4685 931 4726 cum
959 4685 1069 4726 non
1093 4672 1425 4742 placuissent
1447 4674 1520 4740 ei,
1552 4672 1845 4744 appellavit
1868 4689 1950 4740 ea,

367 4767 572 4819 terram
619 4757 790 4816 Cabul
839 4776 1014 4832 usque
1043 4763 1095 4818 in
1140 4764 1285 4839 diem
1320 4765 1479 4820 hanc.
1534 4764 1674 4832 Quid
1703 4773 1789 4823 est
1815 4765 1958 4822 hoc?

366 4847 527 4907 Scire
549 4849 689 4905 volo.
719 4850 772 4907 9.
806 4851 892 4907 11.
927 4851 1015 4907 12.
1050 4852 1136 4906 15.

435 4962 525 5018 51.
567 4962 712 5032 Quid
772 4964 874 5020 sibi
905 4965 1039 5030 vult,
1108 4967 1252 5036 quod
1296 4967 1494 5024 Moiscs
1522 4969 1577 5023 in
1639 4970 1862 5025 heremo
1889 4971 1957 5025 ad

366 5055 832 5111 constructionem
866 5056 1224 5122 tabernaculi,
1267 5074 1373 5114 non
1401 5076 1467 5115 ex
1495 5060 1710 5125 alienis,
1749 5061 1842 5114 sed
1889 5075 1957 5115 ex

370 5144 616 5201 Hebraeis
643 5145 834 5201 habuit
857 5149 1310 5203 constructores?
1340 5150 1476 5205 Exo.
1505 5150 1595 5206 55.
1621 5150 1711 5205 30.
1743 5158 1801 5205 et
1824 5151 1955 5205 sub—

366 5251 485 5307 seq.
515 5235 741 5307 (Deesse
759 5237 973 5293 videtur
992 5254 1121 5310 pars
1144 5239 1315 5294 allera
1342 5240 1658 5311 qumstionis
1682 5258 1696 5295 :
1733 5257 1832 5295 cur
1853 5242 1959 5296 sci-

369 5324 783 5382 licetSalomon
844 5328 1020 5383 virum
1071 5327 1268 5400 Syrum
1318 5328 1544 5383 adduxit
1571 5331 1640 5385 ad
1668 5329 1875 5400 templi,
1903 5340 1960 5386 et

368 5419 764 5491 suppellectilis
798 5437 967 5478 sacra:
1015 5422 1528 5479 constructionem?
1568 5420 1718 5477 Misit
1753 5438 1958 5493 quoque

368 5525 462 5565 res
509 5510 765 5571 Salomon
800 5554 817 5579 ,
877 5525 929 5568 et
983 5514 1103 5570 tulit
1133 5514 1327 5570 Hiram
1381 5514 1449 5570 de
1504 5514 1662 5586 Tyro.
1705 5515 1790 5570 ill.
1820 5515 1953 5585 Reg.

368 5600 422 5656 7.
466 5603 551 5656 M.

443 5691 534 5747 52.
588 5692 849 5764 Fecitque
894 5695 1149 5753 Salomon
1207 5698 1275 5753 de
1319 5699 1481 5771 lignis
1528 5699 1696 5754 thinis
1748 5699 1957 5756 fulchra

371 5782 563 5840 domus
590 5784 822 5853 Domini,
854 5794 908 5839 et
939 5788 1132 5844 domus
1160 5790 1321 5860 regis.
1352 5790 1519 5861 Cujus
1545 5792 1763 5861 generis
1800 5800 1957 5848 erant

2064 3303 2135 3359 do
2166 3319 2358 3359 verum
2401 3311 2506 3371 est,
2544 3321 2664 3359 cum
2694 3305 2804 3375 ipse
2841 3303 3077 3375 perlatus
3126 3302 3293 3359 fuisse
3340 3302 3570 3372 legatur,
3598 3303 3649 3355 in

2065 3392 2411 3462 Samariam,
2466 3403 2515 3449 et
2565 3393 2798 3466 sepultus
2847 3395 2904 3449 in
2956 3393 3194 3465 sepulcro
3232 3394 3379 3447 suo?
3419 3392 3513 3447 22.
3562 3392 3645 3447 57.

2063 3487 2169 3542 nisi
2203 3495 2415 3543 tantum
2440 3486 2586 3558 quod
2611 3504 2766 3542 canes
2796 3486 3111 3543 lambuerint
3161 3485 3416 3541 habenas.
3442 3480 3669 3540 lbid.58.

2063 3578 2132 3635 Et
2157 3594 2271 3636 non
2297 3577 2656 3635 comederint.

2132 3669 2222 3726 59.
2260 3670 2371 3726 Cur
2395 3669 2607 3725 Eliseus
2628 3669 2853 3723 mittens
2879 3681 3109 3737 puerum
3139 3681 3298 3721 suum
3319 3666 3391 3722 ad
3428 3665 3647 3720 suscita-

2062 3760 2266 3818 tionem
2316 3760 2410 3815 ﬁlii
2461 3760 2781 3824 Sunamitis,
2845 3758 3103 3830 praecepit
3124 3759 3175 3813 ei
3224 3757 3449 3812 dicens:
3475 3755 3536 3812 Si
3565 3774 3646 3809 oc-

2060 3853 2285 3908 currerit
2305 3852 2399 3908 tibi
2431 3852 2605 3914 homo,
2639 3867 2745 3905 non
2784 3848 2985 3904 salutes
3011 3865 3153 3909 cuin,
3177 3858 3224 3903 et
3252 3849 3300 3902 si
3348 3846 3645 3902 salutaverit

2059 3952 2108 3998 te
2136 3944 2417 4015 quispiam,
2445 3958 2547 3997 non
2581 3940 2895 4013 respondeas
2927 3940 2993 3994 ei.
3030 3940 3119 3995 Ν.
3151 3939 3284 4011 Reg.
3312 3939 3367 3992 4.
3396 3939 3487 3993 29.

2130 4033 2219 4088 60.
2265 4033 2515 4088 Naaman
2572 4033 2813 4103 princeps
2877 4031 3081 4085 militim
3144 4032 3278 4101 regis
3330 4028 3525 4101 Syrian
3586 4030 3649 4085 Et

2057 4132 2181 4195 post
2205 4140 2379 4196 pauca
2407 4142 2419 4178 :
2465 4123 2570 4178 Per
2598 4121 2750 4176 illum
2773 4122 2912 4177 enim
2951 4121 3095 4176 dedit
3129 4120 3386 4176 Dominus
3430 4121 3651 4177 salutem

2060 4212 2248 4285 Syriae.
2278 4213 2331 4268 5.
2360 4214 2411 4267 1.
2441 4212 2571 4281 Quae
2595 4211 2698 4266 fuit
2725 4211 2814 4266 illa
2844 4211 3037 4268 salus?

2129 4326 2217 4382 61.
2261 4323 2429 4381 Facta
2458 4335 2534 4381 est
2584 4325 2750 4397 fames
2780 4341 2974 4395 magna
3009 4324 3063 4379 in
3115 4323 3369 4379 Samaria
3392 4364 3407 4389 ,
3456 4334 3506 4379 et
3531 4334 3650 4379 tan—

2056 4418 2150 4472 diu
2181 4417 2388 4471 obsessa
2415 4426 2512 4483 est,
2536 4416 2704 4470 donec
2730 4415 3124 4470 venundaretur
3153 4425 3309 4484 caput
3350 4416 3493 4469 asini
3512 4426 3655 4469 octo-

1979 4525 2035 4585 D
2058 4508 2205 4578 ginta
2234 4504 2516 4577 argenteis,
2550 4513 2600 4559 et
2624 4513 2816 4576 quarta
2862 4519 2986 4575 pars
3010 4502 3128 4567 capi
3168 4504 3413 4557 stercoris
3455 4503 3656 4558 colum-

2057 4598 2245 4653 barum
2281 4598 2509 4669 quinque
2530 4597 2812 4668 argenteis.
2874 4596 2928 4651 6.
2956 4596 3046 4650 2i.
3070 4594 3211 4664 Quid
3242 4604 3329 4652 est
3366 4598 3487 4667 capi
3515 4606 3655 4652 ster-

2057 4688 2245 4744 coris?
2280 4672 2412 4760 (Scd
2435 4687 2654 4760 vulgata
2678 4696 2825 4744 recte
2866 4688 3032 4744 habet
3059 4704 3187 4759 pars
3216 4688 3332 4742 cabi
3357 4691 3610 4744 stercoris
3634 4702 3652 4739 :

2056 4797 2220 4852 quam
2244 4783 2314 4837 ob
2340 4797 2454 4837 rem
2491 4782 2781 4838 dicendum
2807 4790 2893 4838 cst
2922 4797 2936 4836 :
2992 4782 3125 4853 quid
3151 4791 3237 4838 est
3281 4793 3479 4853 quarta
3525 4801 3657 4855 pars

2056 4873 2176 4928 cabi
2220 4872 2545 4944 stercoris?)

2128 4964 2213 5018 62.
2253 4963 2397 5030 Quid
2424 4963 2671 5033 estquod
2693 4961 2949 5020 Benadab
2997 4980 3093 5020 rex
3130 4963 3302 5035 Syria:
3334 4965 3486 5019 misit
3513 4966 3656 5021 Asa-

2058 5058 2147 5113 hel
2173 5059 2242 5114 ad
2281 5057 2890 5122 Heliseumconsulens,
2921 5067 3105 5114 utrum
3162 5058 3343 5114 sanari
3390 5060 3657 5129 possilab

2059 5148 2383 5206 inﬁmitate
2415 5165 2531 5214 sua,
2563 5166 2632 5205 an
2665 5150 2823 5205 non?
2862 5149 3107 5220 Cumque
3143 5152 3211 5206 ab
3236 5165 3303 5206 eo
3327 5168 3654 5222 responsant

2058 5241 2348 5311 acciperet,
2398 5249 2456 5296 et
2501 5241 2734 5297 redisset
2784 5240 2853 5296 ad
2901 5241 3191 5297 Dominum
3247 5258 3429 5309 suum,
3488 5244 3659 5299 refert

2059 5334 2384 5403 Scriptura;
2429 5333 2570 5389 Tulit
2624 5333 2940 5405 stragulum,
2984 5345 3032 5389 et
3090 5336 3288 5405 infudit
3342 5353 3565 5409 aquam,
3606 5346 3659 5393 et

2057 5425 2305 5495 expandit
2330 5442 2489 5495 super
2508 5426 2719 5497 faciem.
2745 5426 2800 5481 8.
2838 5426 2890 5481 7.
2921 5426 3007 5481 15.
3037 5434 3147 5482 etc.

2130 5515 2217 5571 65.
2277 5514 2389 5571 Cur
2442 5516 2610 5573 Jollas
2660 5533 2754 5573 rex
2811 5516 2982 5573 Israel
3035 5518 3106 5571 ad
3150 5519 3421 5572 Amasiant
3480 5535 3657 5590 regem

2058 5608 2203 5663 Iuda
2253 5608 2654 5675 remisit,dicens
2670 5624 2689 5662 :
2706 5608 2913 5665 Cordus
2939 5608 3129 5664 Libani
3155 5609 3299 5664 misit
3317 5609 3389 5665 ad
3410 5610 3654 5676 cedrum,

2059 5719 2175 5776 qui:
2216 5711 2291 5756 est
2327 5702 2384 5756 in
2410 5699 2611 5756 Libano
2636 5702 2857 5757 dicens:
2894 5702 2966 5756 da
3007 5701 3177 5772 ﬁliam
3206 5712 3352 5756 tuam
3375 5700 3491 5769 ﬁlio
3540 5720 3658 5758 meo

2061 5809 2297 5859 uxorem,
2347 5794 2769 5851 transieruntaue
2816 5793 2990 5851 bestias
3040 5792 3229 5860 saltus,
3271 5808 3392 5864 quin
3435 5803 3558 5848 sunt
3601 5793 3658 5850 in
