  <div class='ocr_page' id='page_1' title='image "/cluster/home/n/w/nwhite01/storage/ocr_20150623/104/hvd.32044052819794/322.png"; bbox 0 0 3904 6174; ppageno 0'>
   <div class='ocr_carea' id='block_1_1' title="bbox 302 352 408 411">
    <p class='ocr_par' dir='ltr' id='par_1_1' title="bbox 302 352 408 411">
     <span class='ocr_line' id='line_1_1' title="bbox 302 352 408 411; baseline 0 0"><span class='ocrx_word' id='word_1_1' title='bbox 302 352 408 411; x_wconf 72' lang='grc' dir='ltr'><strong>Βδὸ</strong></span> 
     </span>
    </p>
   </div>
   <div class='ocr_carea' id='block_1_2' title="bbox 1198 346 2713 416">
    <p class='ocr_par' dir='ltr' id='par_1_2' title="bbox 1198 346 2713 416">
     <span class='ocr_line' id='line_1_2' title="bbox 1198 346 2713 416; baseline 0.002 -13"><span class='ocrx_word' id='word_1_2' title='bbox 1198 346 1670 416; x_wconf 71' lang='grc' dir='ltr'><strong>ΟΗᾸΞΒΤΙΟΝΕΒ</strong></span> <span class='ocrx_word' id='word_1_3' title='bbox 1708 348 1856 406; x_wconf 78' lang='lat' dir='ltr'><strong>XXX</strong></span> <span class='ocrx_word' id='word_1_4' title='bbox 1897 349 2125 409; x_wconf 81' lang='lat' dir='ltr'><strong>SUPER</strong></span> <span class='ocrx_word' id='word_1_5' title='bbox 2162 350 2411 409; x_wconf 77' lang='lat' dir='ltr'><strong>LIBROS</strong></span> <span class='ocrx_word' id='word_1_6' title='bbox 2447 351 2713 409; x_wconf 80' lang='lat' dir='ltr'><strong>REGUM.</strong></span> 
     </span>
    </p>
   </div>
   <div class='ocr_carea' id='block_1_3' title="bbox 3466 349 3576 414">
    <p class='ocr_par' dir='ltr' id='par_1_3' title="bbox 3466 349 3576 414">
     <span class='ocr_line' id='line_1_3' title="bbox 3466 349 3576 414; baseline 0 -2"><span class='ocrx_word' id='word_1_7' title='bbox 3466 349 3576 414; x_wconf 61' lang='grc' dir='ltr'>ω</span> 
     </span>
    </p>
   </div>
   <div class='ocr_carea' id='block_1_4' title="bbox 301 456 3574 536">
    <p class='ocr_par' dir='ltr' id='par_1_4' title="bbox 301 456 3574 536">
     <span class='ocr_line' id='line_1_4' title="bbox 301 456 3574 536; baseline 0 -15"><span class='ocrx_word' id='word_1_8' title='bbox 301 464 523 529; x_wconf 80' lang='lat' dir='ltr'><strong>Libano,</strong></span> <span class='ocrx_word' id='word_1_9' title='bbox 561 466 611 513; x_wconf 89' lang='lat' dir='ltr'><strong>et</strong></span> <span class='ocrx_word' id='word_1_10' title='bbox 634 456 1070 513; x_wconf 84' lang='lat' dir='ltr'><strong>conculcaverunt</strong></span> <span class='ocrx_word' id='word_1_11' title='bbox 1098 456 1317 512; x_wconf 80' lang='lat' dir='ltr'><strong>cordum</strong></span> <span class='ocrx_word' id='word_1_12' title='bbox 1340 458 1366 512; x_wconf 81' lang='lat'><strong><em>?</em></strong></span> <span class='ocrx_word' id='word_1_13' title='bbox 1385 457 1475 513; x_wconf 92' lang='lat' dir='ltr'><strong>lV.</strong></span> <span class='ocrx_word' id='word_1_14' title='bbox 1514 457 1648 528; x_wconf 80' lang='lat' dir='ltr'><strong>Reg.</strong></span> <span class='ocrx_word' id='word_1_15' title='bbox 1686 458 1773 512; x_wconf 77' lang='grc'><strong>14.</strong></span> <span class='ocrx_word' id='word_1_16' title='bbox 1822 458 1876 514; x_wconf 82' lang='grc'><strong>9.</strong></span> <span class='ocrx_word' id='word_1_17' title='bbox 1907 465 1958 523; x_wconf 81' lang='grc' dir='ltr'><strong>Α</strong></span> <span class='ocrx_word' id='word_1_18' title='bbox 1984 461 2243 518; x_wconf 76' lang='lat' dir='ltr'><strong>scribitur</strong></span> <span class='ocrx_word' id='word_1_19' title='bbox 2268 477 2283 516; x_wconf 91' lang='lat'><strong>:</strong></span> <span class='ocrx_word' id='word_1_20' title='bbox 2311 472 2359 516; x_wconf 89' lang='lat' dir='ltr'><strong>et</strong></span> <span class='ocrx_word' id='word_1_21' title='bbox 2382 463 2559 532; x_wconf 66' lang='lat' dir='ltr'><strong>efferri</strong></span> <span class='ocrx_word' id='word_1_22' title='bbox 2593 462 2717 532; x_wconf 80' lang='lat' dir='ltr'><strong>fecit</strong></span> <span class='ocrx_word' id='word_1_23' title='bbox 2746 462 2921 517; x_wconf 87' lang='lat' dir='ltr'><strong>lucum</strong></span> <span class='ocrx_word' id='word_1_24' title='bbox 2951 463 3017 519; x_wconf 87' lang='lat' dir='ltr'><strong>de</strong></span> <span class='ocrx_word' id='word_1_25' title='bbox 3044 463 3199 519; x_wconf 85' lang='lat' dir='ltr'><strong>domo</strong></span> <span class='ocrx_word' id='word_1_26' title='bbox 3225 464 3460 532; x_wconf 74' lang='lat' dir='ltr'><strong>Domini,</strong></span> <span class='ocrx_word' id='word_1_27' title='bbox 3486 467 3574 536; x_wconf 78' lang='lat' dir='ltr'><strong>[o-</strong></span> 
     </span>
    </p>
   </div>
   <div class='ocr_carea' id='block_1_5' title="bbox 367 546 1884 628">
    <p class='ocr_par' dir='ltr' id='par_1_5' title="bbox 367 546 1884 628">
     <span class='ocr_line' id='line_1_5' title="bbox 367 546 1884 628; baseline -0.006 -18"><span class='ocrx_word' id='word_1_28' title='bbox 367 554 456 611; x_wconf 73' lang='grc'><strong>64.</strong></span> <span class='ocrx_word' id='word_1_29' title='bbox 498 552 681 620; x_wconf 88' lang='lat' dir='ltr'><strong>Quare</strong></span> <span class='ocrx_word' id='word_1_30' title='bbox 704 549 773 604; x_wconf 87' lang='lat' dir='ltr'><strong>de</strong></span> <span class='ocrx_word' id='word_1_31' title='bbox 816 547 1109 628; x_wconf 73' lang='lat' dir='ltr'><strong>Jeroboam</strong></span> <span class='ocrx_word' id='word_1_32' title='bbox 1138 547 1250 604; x_wconf 83' lang='lat' dir='ltr'><strong>lilio</strong></span> <span class='ocrx_word' id='word_1_33' title='bbox 1295 546 1424 604; x_wconf 73' lang='lat' dir='ltr'><strong>Joas</strong></span> <span class='ocrx_word' id='word_1_34' title='bbox 1454 548 1745 604; x_wconf 89' lang='lat' dir='ltr'><strong>scribitur:</strong></span> <span class='ocrx_word' id='word_1_35' title='bbox 1771 548 1884 619; x_wconf 81' lang='lat' dir='ltr'><strong>ipse</strong></span> 
     </span>
    </p>
   </div>
   <div class='ocr_carea' id='block_1_6' title="bbox 301 638 1884 723">
    <p class='ocr_par' dir='ltr' id='par_1_6' title="bbox 301 638 1884 723">
     <span class='ocr_line' id='line_1_6' title="bbox 301 638 1884 723; baseline -0.008 -18"><span class='ocrx_word' id='word_1_36' title='bbox 301 647 525 705; x_wconf 85' lang='lat' dir='ltr'><strong>restituit</strong></span> <span class='ocrx_word' id='word_1_37' title='bbox 557 656 811 723; x_wconf 58' lang='lat' dir='ltr'><strong>terminus</strong></span> <span class='ocrx_word' id='word_1_38' title='bbox 839 640 1012 695; x_wconf 84' lang='lat' dir='ltr'><strong>Israel</strong></span> <span class='ocrx_word' id='word_1_39' title='bbox 1031 640 1097 694; x_wconf 85' lang='lat' dir='ltr'><strong>ab</strong></span> <span class='ocrx_word' id='word_1_40' title='bbox 1125 641 1346 695; x_wconf 72' lang='lat' dir='ltr'><strong>introitu</strong></span> <span class='ocrx_word' id='word_1_41' title='bbox 1391 639 1586 693; x_wconf 77' lang='lat' dir='ltr'><strong>Ematlt</strong></span> <span class='ocrx_word' id='word_1_42' title='bbox 1627 655 1787 710; x_wconf 87' lang='lat' dir='ltr'><strong>usque</strong></span> <span class='ocrx_word' id='word_1_43' title='bbox 1814 638 1884 693; x_wconf 86' lang='lat' dir='ltr'><strong>ad</strong></span> 
     </span>
    </p>
   </div>
   <div class='ocr_carea' id='block_1_7' title="bbox 300 728 1888 804">
    <p class='ocr_par' dir='ltr' id='par_1_7' title="bbox 300 728 1888 804">
     <span class='ocr_line' id='line_1_7' title="bbox 300 728 1888 804; baseline -0.008 -10"><span class='ocrx_word' id='word_1_44' title='bbox 300 751 443 794; x_wconf 82' lang='lat' dir='ltr'><strong>mare</strong></span> <span class='ocrx_word' id='word_1_45' title='bbox 480 733 802 798; x_wconf 66' lang='lat' dir='ltr'><strong>solitudinis,</strong></span> <span class='ocrx_word' id='word_1_46' title='bbox 826 731 989 804; x_wconf 64' lang='lat' dir='ltr'><strong>juxta</strong></span> <span class='ocrx_word' id='word_1_47' title='bbox 1014 746 1306 785; x_wconf 82' lang='lat' dir='ltr'><strong>sermonem</strong></span> <span class='ocrx_word' id='word_1_48' title='bbox 1341 729 1577 795; x_wconf 89' lang='lat' dir='ltr'><strong>Domini,</strong></span> <span class='ocrx_word' id='word_1_49' title='bbox 1606 746 1759 800; x_wconf 84' lang='lat' dir='ltr'><strong>quem</strong></span> <span class='ocrx_word' id='word_1_50' title='bbox 1804 728 1888 783; x_wconf 91' lang='lat' dir='ltr'><strong>lo-</strong></span> 
     </span>
    </p>
   </div>
   <div class='ocr_carea' id='block_1_8' title="bbox 298 820 1886 897">
    <p class='ocr_par' dir='ltr' id='par_1_8' title="bbox 298 820 1886 897">
     <span class='ocr_line' id='line_1_8' title="bbox 298 820 1886 897; baseline -0.006 -12"><span class='ocrx_word' id='word_1_51' title='bbox 298 839 453 886; x_wconf 87' lang='lat' dir='ltr'><strong>cutus</strong></span> <span class='ocrx_word' id='word_1_52' title='bbox 505 836 582 884; x_wconf 89' lang='lat' dir='ltr'><strong>est</strong></span> <span class='ocrx_word' id='word_1_53' title='bbox 628 843 721 897; x_wconf 88' lang='lat' dir='ltr'><strong>per</strong></span> <span class='ocrx_word' id='word_1_54' title='bbox 765 841 972 880; x_wconf 82' lang='lat' dir='ltr'><strong>servum</strong></span> <span class='ocrx_word' id='word_1_55' title='bbox 1020 839 1175 877; x_wconf 89' lang='lat' dir='ltr'><strong>suum</strong></span> <span class='ocrx_word' id='word_1_56' title='bbox 1226 820 1425 877; x_wconf 70' lang='lat' dir='ltr'><strong>lanam</strong></span> <span class='ocrx_word' id='word_1_57' title='bbox 1465 821 1638 891; x_wconf 79' lang='lat' dir='ltr'><strong>[ilium</strong></span> <span class='ocrx_word' id='word_1_58' title='bbox 1674 821 1886 876; x_wconf 82' lang='lat' dir='ltr'><strong>Amathi</strong></span> 
     </span>
    </p>
   </div>
   <div class='ocr_carea' id='block_1_9' title="bbox 299 911 1885 991">
    <p class='ocr_par' dir='ltr' id='par_1_9' title="bbox 299 911 1885 991">
     <span class='ocr_line' id='line_1_9' title="bbox 299 911 1885 991; baseline -0.004 -17"><span class='ocrx_word' id='word_1_59' title='bbox 299 918 640 991; x_wconf 72' lang='lat' dir='ltr'><strong>Prophetam.</strong></span> <span class='ocrx_word' id='word_1_60' title='bbox 671 916 796 972; x_wconf 72' lang='lat' dir='ltr'><strong>Jan.</strong></span> <span class='ocrx_word' id='word_1_61' title='bbox 830 916 884 971; x_wconf 93' lang='grc'><strong>1.</strong></span> <span class='ocrx_word' id='word_1_62' title='bbox 911 916 964 971; x_wconf 84' lang='grc'><strong>1.</strong></span> <span class='ocrx_word' id='word_1_63' title='bbox 1018 914 1123 972; x_wconf 90' lang='lat' dir='ltr'><strong>Ubi</strong></span> <span class='ocrx_word' id='word_1_64' title='bbox 1148 912 1315 970; x_wconf 76' lang='lat' dir='ltr'><strong>Jonas</strong></span> <span class='ocrx_word' id='word_1_65' title='bbox 1354 913 1472 969; x_wconf 81' lang='lat' dir='ltr'><strong>haec</strong></span> <span class='ocrx_word' id='word_1_66' title='bbox 1507 914 1721 970; x_wconf 87' lang='lat' dir='ltr'><strong>locutus</strong></span> <span class='ocrx_word' id='word_1_67' title='bbox 1736 911 1885 969; x_wconf 75' lang='lat' dir='ltr'><strong>fuit?</strong></span> 
     </span>
    </p>
   </div>
   <div class='ocr_carea' id='block_1_10' title="bbox 299 1010 520 1068">
    <p class='ocr_par' dir='ltr' id='par_1_10' title="bbox 299 1010 520 1068">
     <span class='ocr_line' id='line_1_10' title="bbox 299 1010 520 1068; baseline -0.014 0"><span class='ocrx_word' id='word_1_68' title='bbox 299 1012 387 1068; x_wconf 75' lang='grc'><strong>14.</strong></span> <span class='ocrx_word' id='word_1_69' title='bbox 425 1010 520 1066; x_wconf 75' lang='grc'><strong>25.</strong></span> 
     </span>
    </p>
   </div>
   <div class='ocr_carea' id='block_1_11' title="bbox 369 1093 1889 1170">
    <p class='ocr_par' dir='ltr' id='par_1_11' title="bbox 369 1093 1889 1170">
     <span class='ocr_line' id='line_1_11' title="bbox 369 1093 1889 1170; baseline -0.006 -13"><span class='ocrx_word' id='word_1_70' title='bbox 369 1101 459 1158; x_wconf 88' lang='grc'><strong>65.</strong></span> <span class='ocrx_word' id='word_1_71' title='bbox 500 1100 611 1156; x_wconf 89' lang='lat' dir='ltr'><strong>Cur</strong></span> <span class='ocrx_word' id='word_1_72' title='bbox 667 1100 736 1155; x_wconf 91' lang='lat' dir='ltr'><strong>de</strong></span> <span class='ocrx_word' id='word_1_73' title='bbox 782 1096 1020 1154; x_wconf 80' lang='lat' dir='ltr'><strong>Joatban</strong></span> <span class='ocrx_word' id='word_1_74' title='bbox 1066 1111 1197 1170; x_wconf 86' lang='lat' dir='ltr'><strong>rege</strong></span> <span class='ocrx_word' id='word_1_75' title='bbox 1233 1095 1372 1153; x_wconf 85' lang='lat' dir='ltr'><strong>Juda</strong></span> <span class='ocrx_word' id='word_1_76' title='bbox 1431 1093 1735 1150; x_wconf 76' lang='lat' dir='ltr'><strong>scribitur?</strong></span> <span class='ocrx_word' id='word_1_77' title='bbox 1778 1094 1889 1165; x_wconf 85' lang='lat' dir='ltr'><strong>ipse</strong></span> 
     </span>
    </p>
   </div>
   <div class='ocr_carea' id='block_1_12' title="bbox 297 1187 1886 1267">
    <p class='ocr_par' dir='ltr' id='par_1_12' title="bbox 297 1187 1886 1267">
     <span class='ocr_line' id='line_1_12' title="bbox 297 1187 1886 1267; baseline -0.007 -15"><span class='ocrx_word' id='word_1_78' title='bbox 297 1196 584 1267; x_wconf 69' lang='lat' dir='ltr'><strong>aediﬁcavit</strong></span> <span class='ocrx_word' id='word_1_79' title='bbox 652 1204 860 1266; x_wconf 81' lang='lat' dir='ltr'><strong>portam</strong></span> <span class='ocrx_word' id='word_1_80' title='bbox 906 1193 1095 1248; x_wconf 82' lang='lat' dir='ltr'><strong>domus</strong></span> <span class='ocrx_word' id='word_1_81' title='bbox 1163 1190 1382 1247; x_wconf 88' lang='lat' dir='ltr'><strong>Domini</strong></span> <span class='ocrx_word' id='word_1_82' title='bbox 1436 1187 1886 1244; x_wconf 84' lang='lat' dir='ltr'><strong>sublimissimam.</strong></span> 
     </span>
    </p>
   </div>
   <div class='ocr_carea' id='block_1_13' title="bbox 298 1277 1890 1355">
    <p class='ocr_par' dir='ltr' id='par_1_13' title="bbox 298 1277 1890 1355">
     <span class='ocr_line' id='line_1_13' title="bbox 298 1277 1890 1355; baseline -0.008 -10"><span class='ocrx_word' id='word_1_83' title='bbox 298 1290 389 1345; x_wconf 85' lang='grc'><strong>15.</strong></span> <span class='ocrx_word' id='word_1_84' title='bbox 429 1287 520 1344; x_wconf 75' lang='grc'><strong>55.</strong></span> <span class='ocrx_word' id='word_1_85' title='bbox 565 1284 820 1355; x_wconf 84' lang='lat' dir='ltr'><strong>Nunquid</strong></span> <span class='ocrx_word' id='word_1_86' title='bbox 851 1298 883 1339; x_wconf 87' lang='lat' dir='ltr'><strong>a</strong></span> <span class='ocrx_word' id='word_1_87' title='bbox 932 1283 1221 1339; x_wconf 87' lang='lat' dir='ltr'><strong>Salomone</strong></span> <span class='ocrx_word' id='word_1_88' title='bbox 1270 1289 1432 1337; x_wconf 84' lang='lat' dir='ltr'><strong>antea</strong></span> <span class='ocrx_word' id='word_1_89' title='bbox 1474 1277 1740 1335; x_wconf 69' lang='lat' dir='ltr'><strong>aediﬁcata</strong></span> <span class='ocrx_word' id='word_1_90' title='bbox 1782 1293 1890 1333; x_wconf 91' lang='lat' dir='ltr'><strong>non</strong></span> 
     </span>
    </p>
   </div>
   <div class='ocr_carea' id='block_1_14' title="bbox 296 1374 1222 1435">
    <p class='ocr_par' dir='ltr' id='par_1_14' title="bbox 296 1374 1222 1435">
     <span class='ocr_line' id='line_1_14' title="bbox 296 1374 1222 1435; baseline -0.01 0"><span class='ocrx_word' id='word_1_91' title='bbox 296 1377 519 1435; x_wconf 75' lang='lat' dir='ltr'><strong>fuerat?</strong></span> <span class='ocrx_word' id='word_1_92' title='bbox 555 1392 624 1430; x_wconf 89' lang='lat' dir='ltr'><strong>an</strong></span> <span class='ocrx_word' id='word_1_93' title='bbox 644 1389 841 1431; x_wconf 87' lang='lat' dir='ltr'><strong>novam</strong></span> <span class='ocrx_word' id='word_1_94' title='bbox 869 1374 1176 1429; x_wconf 73' lang='lat' dir='ltr'><strong>construxit</strong></span> <span class='ocrx_word' id='word_1_95' title='bbox 1198 1374 1222 1426; x_wconf 73' lang='lat' dir='ltr'><strong>i</strong></span> 
     </span>
    </p>
   </div>
   <div class='ocr_carea' id='block_1_15' title="bbox 373 1461 1892 1535">
    <p class='ocr_par' dir='ltr' id='par_1_15' title="bbox 373 1461 1892 1535">
     <span class='ocr_line' id='line_1_15' title="bbox 373 1461 1892 1535; baseline -0.007 -9"><span class='ocrx_word' id='word_1_96' title='bbox 373 1470 462 1525; x_wconf 86' lang='lat'><strong>66.</strong></span> <span class='ocrx_word' id='word_1_97' title='bbox 502 1468 613 1524; x_wconf 86' lang='lat' dir='ltr'><strong>Cur</strong></span> <span class='ocrx_word' id='word_1_98' title='bbox 639 1467 708 1523; x_wconf 89' lang='lat' dir='ltr'><strong>de</strong></span> <span class='ocrx_word' id='word_1_99' title='bbox 735 1466 969 1522; x_wconf 83' lang='lat' dir='ltr'><strong>Ezechia</strong></span> <span class='ocrx_word' id='word_1_100' title='bbox 997 1464 1296 1521; x_wconf 78' lang='lat' dir='ltr'><strong>scribitur:</strong></span> <span class='ocrx_word' id='word_1_101' title='bbox 1341 1472 1633 1535; x_wconf 81' lang='lat' dir='ltr'><strong>postquam</strong></span> <span class='ocrx_word' id='word_1_102' title='bbox 1658 1461 1892 1532; x_wconf 89' lang='lat' dir='ltr'><strong>dissipa-</strong></span> 
     </span>
    </p>
   </div>
   <div class='ocr_carea' id='block_1_16' title="bbox 299 1552 1889 1624">
    <p class='ocr_par' dir='ltr' id='par_1_16' title="bbox 299 1552 1889 1624">
     <span class='ocr_line' id='line_1_16' title="bbox 299 1552 1889 1624; baseline -0.007 -8"><span class='ocrx_word' id='word_1_103' title='bbox 299 1562 384 1616; x_wconf 88' lang='lat' dir='ltr'><strong>vit</strong></span> <span class='ocrx_word' id='word_1_104' title='bbox 419 1559 659 1624; x_wconf 76' lang='lat' dir='ltr'><strong>exeelsa,</strong></span> <span class='ocrx_word' id='word_1_105' title='bbox 687 1566 744 1613; x_wconf 91' lang='lat' dir='ltr'><strong>et</strong></span> <span class='ocrx_word' id='word_1_106' title='bbox 789 1555 1049 1614; x_wconf 77' lang='lat' dir='ltr'><strong>contrivit</strong></span> <span class='ocrx_word' id='word_1_107' title='bbox 1098 1555 1344 1611; x_wconf 82' lang='lat' dir='ltr'><strong>statuas?</strong></span> <span class='ocrx_word' id='word_1_108' title='bbox 1380 1554 1451 1609; x_wconf 85' lang='lat' dir='ltr'><strong>Et</strong></span> <span class='ocrx_word' id='word_1_109' title='bbox 1472 1553 1695 1609; x_wconf 77' lang='lat' dir='ltr'><strong>succidit</strong></span> <span class='ocrx_word' id='word_1_110' title='bbox 1720 1552 1889 1616; x_wconf 88' lang='lat' dir='ltr'><strong>lucos,</strong></span> 
     </span>
    </p>
   </div>
   <div class='ocr_carea' id='block_1_17' title="bbox 302 1642 1894 1719">
    <p class='ocr_par' dir='ltr' id='par_1_17' title="bbox 302 1642 1894 1719">
     <span class='ocr_line' id='line_1_17' title="bbox 302 1642 1894 1719; baseline -0.006 -15"><span class='ocrx_word' id='word_1_111' title='bbox 302 1649 659 1719; x_wconf 79' lang='lat' dir='ltr'><strong>confregitque</strong></span> <span class='ocrx_word' id='word_1_112' title='bbox 682 1656 976 1718; x_wconf 80' lang='lat' dir='ltr'><strong>serpentem</strong></span> <span class='ocrx_word' id='word_1_113' title='bbox 1007 1660 1234 1711; x_wconf 70' lang='lat' dir='ltr'><strong>teneam,</strong></span> <span class='ocrx_word' id='word_1_114' title='bbox 1280 1659 1435 1715; x_wconf 78' lang='lat' dir='ltr'><strong>quem</strong></span> <span class='ocrx_word' id='word_1_115' title='bbox 1482 1643 1605 1712; x_wconf 76' lang='lat' dir='ltr'><strong>fecit</strong></span> <span class='ocrx_word' id='word_1_116' title='bbox 1641 1642 1894 1712; x_wconf 78' lang='lat' dir='ltr'><strong>Moyses;</strong></span> 
     </span>
    </p>
   </div>
   <div class='ocr_carea' id='block_1_18' title="bbox 303 1731 1937 1811">
    <p class='ocr_par' dir='ltr' id='par_1_18' title="bbox 303 1731 1937 1811">
     <span class='ocr_line' id='line_1_18' title="bbox 303 1731 1937 1811; baseline -0.006 -16"><span class='ocrx_word' id='word_1_117' title='bbox 303 1740 604 1811; x_wconf 74' lang='lat' dir='ltr'><strong>weavitquc</strong></span> <span class='ocrx_word' id='word_1_118' title='bbox 626 1755 747 1793; x_wconf 91' lang='lat' dir='ltr'><strong>eum</strong></span> <span class='ocrx_word' id='word_1_119' title='bbox 774 1735 1045 1792; x_wconf 85' lang='lat' dir='ltr'><strong>Naastan.</strong></span> <span class='ocrx_word' id='word_1_120' title='bbox 1076 1735 1378 1810; x_wconf 86' lang='lat' dir='ltr'><strong>(Nobestan</strong></span> <span class='ocrx_word' id='word_1_121' title='bbox 1416 1732 1686 1805; x_wconf 89' lang='lat' dir='ltr'><strong>Vulgata).</strong></span> <span class='ocrx_word' id='word_1_122' title='bbox 1717 1732 1803 1788; x_wconf 89' lang='grc'><strong>18.</strong></span> <span class='ocrx_word' id='word_1_123' title='bbox 1831 1731 1887 1786; x_wconf 73' lang='grc'><strong>4.</strong></span> <span class='ocrx_word' id='word_1_124' title='bbox 1928 1740 1937 1747; x_wconf 86' lang='grc'><strong><em>“</em></strong></span> 
     </span>
    </p>
   </div>
   <div class='ocr_carea' id='block_1_19' title="bbox 1926 1818 3586 1895">
    <p class='ocr_par' dir='ltr' id='par_1_19' title="bbox 1926 1818 3586 1895">
     <span class='ocr_line' id='line_1_19' title="bbox 1926 1818 3586 1895; baseline -0.001 -17"><span class='ocrx_word' id='word_1_125' title='bbox 1926 1818 1973 1878; x_wconf 85' lang='grc' dir='ltr'><strong>Β</strong></span> <span class='ocrx_word' id='word_1_126' title='bbox 1997 1831 2124 1893; x_wconf 90' lang='lat' dir='ltr'><strong>post</strong></span> <span class='ocrx_word' id='word_1_127' title='bbox 2147 1835 2350 1893; x_wconf 88' lang='lat' dir='ltr'><strong>pauca:</strong></span> <span class='ocrx_word' id='word_1_128' title='bbox 2378 1821 2444 1877; x_wconf 87' lang='lat' dir='ltr'><strong>Et</strong></span> <span class='ocrx_word' id='word_1_129' title='bbox 2466 1820 2670 1893; x_wconf 80' lang='lat' dir='ltr'><strong>Sopber</strong></span> <span class='ocrx_word' id='word_1_130' title='bbox 2703 1824 2992 1895; x_wconf 90' lang='lat' dir='ltr'><strong>principem</strong></span> <span class='ocrx_word' id='word_1_131' title='bbox 3040 1824 3320 1890; x_wconf 68' lang='lat' dir='ltr'><strong>exercitus,</strong></span> <span class='ocrx_word' id='word_1_132' title='bbox 3348 1825 3438 1895; x_wconf 91' lang='lat' dir='ltr'><strong>qui</strong></span> <span class='ocrx_word' id='word_1_133' title='bbox 3463 1838 3586 1892; x_wconf 88' lang='lat' dir='ltr'><strong>pro-</strong></span> 
     </span>
    </p>
   </div>
   <div class='ocr_carea' id='block_1_20' title="bbox 302 1829 1090 1902">
    <p class='ocr_par' dir='ltr' id='par_1_20' title="bbox 302 1829 1090 1902">
     <span class='ocr_line' id='line_1_20' title="bbox 302 1829 1090 1902; baseline -0.005 -15"><span class='ocrx_word' id='word_1_134' title='bbox 302 1831 374 1887; x_wconf 87' lang='lat' dir='ltr'><strong>Et</strong></span> <span class='ocrx_word' id='word_1_135' title='bbox 394 1831 621 1902; x_wconf 86' lang='lat' dir='ltr'><strong>reliqua.</strong></span> <span class='ocrx_word' id='word_1_136' title='bbox 661 1829 799 1898; x_wconf 89' lang='lat' dir='ltr'><strong>Quid</strong></span> <span class='ocrx_word' id='word_1_137' title='bbox 823 1838 911 1887; x_wconf 87' lang='lat' dir='ltr'><strong>est</strong></span> <span class='ocrx_word' id='word_1_138' title='bbox 943 1829 1090 1885; x_wconf 78' lang='lat' dir='ltr'><strong>hoc?</strong></span> 
     </span>
    </p>
   </div>
   <div class='ocr_carea' id='block_1_21' title="bbox 376 1918 1898 1992">
    <p class='ocr_par' dir='ltr' id='par_1_21' title="bbox 376 1918 1898 1992">
     <span class='ocr_line' id='line_1_21' title="bbox 376 1918 1898 1992; baseline -0.005 -14"><span class='ocrx_word' id='word_1_139' title='bbox 376 1923 464 1978; x_wconf 89' lang='lat'><strong>67.</strong></span> <span class='ocrx_word' id='word_1_140' title='bbox 504 1922 614 1979; x_wconf 89' lang='lat' dir='ltr'><strong>Cur</strong></span> <span class='ocrx_word' id='word_1_141' title='bbox 636 1937 735 1992; x_wconf 91' lang='lat' dir='ltr'><strong>per</strong></span> <span class='ocrx_word' id='word_1_142' title='bbox 761 1922 981 1977; x_wconf 81' lang='lat' dir='ltr'><strong>Esaiam</strong></span> <span class='ocrx_word' id='word_1_143' title='bbox 1010 1922 1078 1977; x_wconf 89' lang='lat' dir='ltr'><strong>ad</strong></span> <span class='ocrx_word' id='word_1_144' title='bbox 1106 1920 1400 1977; x_wconf 85' lang='lat' dir='ltr'><strong>Ezechiam</strong></span> <span class='ocrx_word' id='word_1_145' title='bbox 1427 1931 1612 1990; x_wconf 85' lang='lat' dir='ltr'><strong>regem</strong></span> <span class='ocrx_word' id='word_1_146' title='bbox 1653 1918 1854 1974; x_wconf 86' lang='lat' dir='ltr'><strong>dicitur</strong></span> <span class='ocrx_word' id='word_1_147' title='bbox 1873 1918 1898 1970; x_wconf 83' lang='lat'><strong>?</strong></span> 
     </span>
    </p>
   </div>
   <div class='ocr_carea' id='block_1_22' title="bbox 299 2009 1895 2085">
    <p class='ocr_par' dir='ltr' id='par_1_22' title="bbox 299 2009 1895 2085">
     <span class='ocr_line' id='line_1_22' title="bbox 299 2009 1895 2085; baseline -0.003 -16"><span class='ocrx_word' id='word_1_148' title='bbox 299 2013 442 2069; x_wconf 79' lang='lat' dir='ltr'><strong>Ecce</strong></span> <span class='ocrx_word' id='word_1_149' title='bbox 465 2013 576 2068; x_wconf 79' lang='lat' dir='ltr'><strong>dies</strong></span> <span class='ocrx_word' id='word_1_150' title='bbox 599 2014 831 2081; x_wconf 78' lang='lat' dir='ltr'><strong>ueniunt,</strong></span> <span class='ocrx_word' id='word_1_151' title='bbox 849 2022 899 2069; x_wconf 89' lang='lat' dir='ltr'><strong>et</strong></span> <span class='ocrx_word' id='word_1_152' title='bbox 919 2012 1161 2084; x_wconf 73' lang='lat' dir='ltr'><strong>auferent</strong></span> <span class='ocrx_word' id='word_1_153' title='bbox 1187 2010 1444 2085; x_wconf 77' lang='lat' dir='ltr'><strong>(Vulgata</strong></span> <span class='ocrx_word' id='word_1_154' title='bbox 1466 2009 1895 2079; x_wconf 82' lang='lat' dir='ltr'><strong>transferentur)</strong></span> 
     </span>
    </p>
   </div>
   <div class='ocr_carea' id='block_1_23' title="bbox 300 2103 1898 2175">
    <p class='ocr_par' dir='ltr' id='par_1_23' title="bbox 300 2103 1898 2175">
     <span class='ocr_line' id='line_1_23' title="bbox 300 2103 1898 2175; baseline -0.002 -16"><span class='ocrx_word' id='word_1_155' title='bbox 300 2104 483 2159; x_wconf 84' lang='lat' dir='ltr'><strong>omnia</strong></span> <span class='ocrx_word' id='word_1_156' title='bbox 515 2120 635 2175; x_wconf 67' lang='lat' dir='ltr'><strong>quis</strong></span> <span class='ocrx_word' id='word_1_157' title='bbox 672 2112 798 2160; x_wconf 88' lang='lat' dir='ltr'><strong>sunt</strong></span> <span class='ocrx_word' id='word_1_158' title='bbox 837 2103 894 2158; x_wconf 90' lang='lat' dir='ltr'><strong>in</strong></span> <span class='ocrx_word' id='word_1_159' title='bbox 921 2103 1078 2158; x_wconf 85' lang='lat' dir='ltr'><strong>domo</strong></span> <span class='ocrx_word' id='word_1_160' title='bbox 1122 2113 1237 2169; x_wconf 89' lang='lat' dir='ltr'><strong>tua,</strong></span> <span class='ocrx_word' id='word_1_161' title='bbox 1292 2114 1342 2158; x_wconf 87' lang='lat' dir='ltr'><strong>et</strong></span> <span class='ocrx_word' id='word_1_162' title='bbox 1387 2120 1506 2175; x_wconf 71' lang='lat' dir='ltr'><strong>qua:</strong></span> <span class='ocrx_word' id='word_1_163' title='bbox 1547 2104 1898 2159; x_wconf 83' lang='lat' dir='ltr'><strong>condiderunt</strong></span> 
     </span>
    </p>
   </div>
   <div class='ocr_carea' id='block_1_24' title="bbox 298 2196 1896 2268">
    <p class='ocr_par' dir='ltr' id='par_1_24' title="bbox 298 2196 1896 2268">
     <span class='ocr_line' id='line_1_24' title="bbox 298 2196 1896 2268; baseline 0.001 -19"><span class='ocrx_word' id='word_1_164' title='bbox 298 2206 476 2268; x_wconf 84' lang='lat' dir='ltr'><strong>patres</strong></span> <span class='ocrx_word' id='word_1_165' title='bbox 505 2199 582 2251; x_wconf 88' lang='lat' dir='ltr'><strong>tui</strong></span> <span class='ocrx_word' id='word_1_166' title='bbox 608 2198 666 2252; x_wconf 88' lang='lat' dir='ltr'><strong>in</strong></span> <span class='ocrx_word' id='word_1_167' title='bbox 702 2196 1028 2267; x_wconf 83' lang='lat' dir='ltr'><strong>Babylonem</strong></span> <span class='ocrx_word' id='word_1_168' title='bbox 1051 2209 1072 2249; x_wconf 90' lang='lat'><strong><em>:</em></strong></span> <span class='ocrx_word' id='word_1_169' title='bbox 1100 2213 1207 2252; x_wconf 90' lang='lat' dir='ltr'><strong>non</strong></span> <span class='ocrx_word' id='word_1_170' title='bbox 1246 2198 1533 2252; x_wconf 83' lang='lat' dir='ltr'><strong>remanebit</strong></span> <span class='ocrx_word' id='word_1_171' title='bbox 1585 2197 1896 2267; x_wconf 82' lang='lat' dir='ltr'><strong>quidquam,</strong></span> 
     </span>
    </p>
   </div>
   <div class='ocr_carea' id='block_1_25' title="bbox 297 2286 1894 2358">
    <p class='ocr_par' dir='ltr' id='par_1_25' title="bbox 297 2286 1894 2358">
     <span class='ocr_line' id='line_1_25' title="bbox 297 2286 1894 2358; baseline -0.001 -18"><span class='ocrx_word' id='word_1_172' title='bbox 297 2287 379 2340; x_wconf 83' lang='lat' dir='ltr'><strong>ait</strong></span> <span class='ocrx_word' id='word_1_173' title='bbox 406 2286 684 2351; x_wconf 86' lang='lat' dir='ltr'><strong>Dominus,</strong></span> <span class='ocrx_word' id='word_1_174' title='bbox 738 2287 830 2342; x_wconf 83' lang='lat' dir='ltr'><strong>sed</strong></span> <span class='ocrx_word' id='word_1_175' title='bbox 875 2287 941 2341; x_wconf 82' lang='lat' dir='ltr'><strong>de</strong></span> <span class='ocrx_word' id='word_1_176' title='bbox 965 2286 1092 2356; x_wconf 80' lang='lat' dir='ltr'><strong>ﬁliis</strong></span> <span class='ocrx_word' id='word_1_177' title='bbox 1135 2303 1266 2358; x_wconf 86' lang='lat' dir='ltr'><strong>quos</strong></span> <span class='ocrx_word' id='word_1_178' title='bbox 1299 2287 1591 2358; x_wconf 85' lang='lat' dir='ltr'><strong>generabis,</strong></span> <span class='ocrx_word' id='word_1_179' title='bbox 1621 2296 1774 2343; x_wconf 84' lang='lat' dir='ltr'><strong>erunt</strong></span> <span class='ocrx_word' id='word_1_180' title='bbox 1796 2302 1894 2340; x_wconf 89' lang='lat' dir='ltr'><strong>eu-</strong></span> 
     </span>
    </p>
   </div>
   <div class='ocr_carea' id='block_1_26' title="bbox 300 2372 1891 2447">
    <p class='ocr_par' dir='ltr' id='par_1_26' title="bbox 300 2372 1891 2447">
     <span class='ocr_line' id='line_1_26' title="bbox 300 2372 1891 2447; baseline -0.003 -15"><span class='ocrx_word' id='word_1_181' title='bbox 300 2378 464 2432; x_wconf 69' lang='lat' dir='ltr'><strong>nuchi</strong></span> <span class='ocrx_word' id='word_1_182' title='bbox 514 2379 573 2431; x_wconf 92' lang='lat' dir='ltr'><strong>in</strong></span> <span class='ocrx_word' id='word_1_183' title='bbox 627 2376 828 2446; x_wconf 84' lang='lat' dir='ltr'><strong>palatio</strong></span> <span class='ocrx_word' id='word_1_184' title='bbox 867 2376 1003 2447; x_wconf 84' lang='lat' dir='ltr'><strong>regis</strong></span> <span class='ocrx_word' id='word_1_185' title='bbox 1046 2374 1355 2447; x_wconf 79' lang='lat' dir='ltr'><strong>Babylonis.</strong></span> <span class='ocrx_word' id='word_1_186' title='bbox 1394 2376 1484 2430; x_wconf 75' lang='lat'><strong>20.</strong></span> <span class='ocrx_word' id='word_1_187' title='bbox 1543 2376 1628 2430; x_wconf 85' lang='grc'><strong>1⁸7.</strong></span> <span class='ocrx_word' id='word_1_188' title='bbox 1668 2376 1756 2432; x_wconf 88' lang='grc'><strong>18.</strong></span> <span class='ocrx_word' id='word_1_189' title='bbox 1787 2372 1891 2441; x_wconf 81' lang='lat' dir='ltr'><strong>Qui</strong></span> 
     </span>
    </p>
   </div>
   <div class='ocr_carea' id='block_1_27' title="bbox 302 2469 956 2527">
    <p class='ocr_par' dir='ltr' id='par_1_27' title="bbox 302 2469 956 2527">
     <span class='ocr_line' id='line_1_27' title="bbox 302 2469 956 2527; baseline -0.005 0"><span class='ocrx_word' id='word_1_190' title='bbox 302 2469 531 2527; x_wconf 78' lang='lat' dir='ltr'><strong>fuerunt</strong></span> <span class='ocrx_word' id='word_1_191' title='bbox 560 2470 650 2524; x_wconf 88' lang='lat' dir='ltr'><strong>isti</strong></span> <span class='ocrx_word' id='word_1_192' title='bbox 673 2470 907 2525; x_wconf 86' lang='lat' dir='ltr'><strong>eunuchi</strong></span> <span class='ocrx_word' id='word_1_193' title='bbox 933 2470 956 2524; x_wconf 84' lang='lat'><strong>?</strong></span> 
     </span>
    </p>
   </div>
   <div class='ocr_carea' id='block_1_28' title="bbox 379 2556 1894 2631">
    <p class='ocr_par' dir='ltr' id='par_1_28' title="bbox 379 2556 1894 2631">
     <span class='ocr_line' id='line_1_28' title="bbox 379 2556 1894 2631; baseline -0.003 -14"><span class='ocrx_word' id='word_1_194' title='bbox 379 2559 469 2617; x_wconf 83' lang='lat'><strong>68.</strong></span> <span class='ocrx_word' id='word_1_195' title='bbox 510 2559 649 2627; x_wconf 87' lang='lat' dir='ltr'><strong>Quid</strong></span> <span class='ocrx_word' id='word_1_196' title='bbox 705 2560 811 2615; x_wconf 85' lang='lat' dir='ltr'><strong>sibi</strong></span> <span class='ocrx_word' id='word_1_197' title='bbox 858 2560 972 2615; x_wconf 83' lang='lat' dir='ltr'><strong>vult</strong></span> <span class='ocrx_word' id='word_1_198' title='bbox 998 2559 1143 2630; x_wconf 88' lang='lat' dir='ltr'><strong>quod</strong></span> <span class='ocrx_word' id='word_1_199' title='bbox 1199 2567 1325 2631; x_wconf 91' lang='lat' dir='ltr'><strong>post</strong></span> <span class='ocrx_word' id='word_1_200' title='bbox 1370 2558 1606 2631; x_wconf 88' lang='lat' dir='ltr'><strong>plurima</strong></span> <span class='ocrx_word' id='word_1_201' title='bbox 1632 2559 1699 2615; x_wconf 93' lang='lat' dir='ltr'><strong>de</strong></span> <span class='ocrx_word' id='word_1_202' title='bbox 1744 2556 1894 2613; x_wconf 82' lang='lat' dir='ltr'><strong>Josia</strong></span> 
     </span>
    </p>
   </div>
   <div class='ocr_carea' id='block_1_29' title="bbox 687 2705 1544 2751">
    <p class='ocr_par' dir='ltr' id='par_1_29' title="bbox 687 2705 1544 2751">
     <span class='ocr_line' id='line_1_29' title="bbox 687 2705 1544 2751; baseline 0 -2"><span class='ocrx_word' id='word_1_203' title='bbox 687 2706 1020 2751; x_wconf 78' lang='lat' dir='ltr'><strong>HACTENUS</strong></span> <span class='ocrx_word' id='word_1_204' title='bbox 1064 2705 1480 2751; x_wconf 74' lang='lat' dir='ltr'><strong>THEUTMIRUS</strong></span> <span class='ocrx_word' id='word_1_205' title='bbox 1527 2710 1544 2749; x_wconf 70' lang='grc' dir='ltr'>ζ</span> 
     </span>
    </p>
   </div>
   <div class='ocr_carea' id='block_1_30' title="bbox 380 2831 1895 2905">
    <p class='ocr_par' dir='ltr' id='par_1_30' title="bbox 380 2831 1895 2905">
     <span class='ocr_line' id='line_1_30' title="bbox 380 2831 1895 2905; baseline -0.001 -16"><span class='ocrx_word' id='word_1_206' title='bbox 380 2831 685 2903; x_wconf 89' lang='lat' dir='ltr'><strong>Compellit,</strong></span> <span class='ocrx_word' id='word_1_207' title='bbox 725 2840 783 2888; x_wconf 91' lang='lat' dir='ltr'><strong>et</strong></span> <span class='ocrx_word' id='word_1_208' title='bbox 818 2833 1149 2905; x_wconf 80' lang='lat' dir='ltr'><strong>constringit</strong></span> <span class='ocrx_word' id='word_1_209' title='bbox 1197 2847 1306 2899; x_wconf 89' lang='lat' dir='ltr'><strong>me,</strong></span> <span class='ocrx_word' id='word_1_210' title='bbox 1344 2833 1517 2888; x_wconf 80' lang='lat' dir='ltr'><strong>frater</strong></span> <span class='ocrx_word' id='word_1_211' title='bbox 1541 2831 1895 2888; x_wconf 88' lang='lat' dir='ltr'><strong>Christianis-</strong></span> 
     </span>
    </p>
   </div>
   <div class='ocr_carea' id='block_1_31' title="bbox 306 2922 1896 2996">
    <p class='ocr_par' dir='ltr' id='par_1_31' title="bbox 306 2922 1896 2996">
     <span class='ocr_line' id='line_1_31' title="bbox 306 2922 1896 2996; baseline -0.004 -14"><span class='ocrx_word' id='word_1_212' title='bbox 306 2926 467 2991; x_wconf 87' lang='lat' dir='ltr'><strong>sime,</strong></span> <span class='ocrx_word' id='word_1_213' title='bbox 507 2924 850 2989; x_wconf 88' lang='lat' dir='ltr'><strong>Theutmire,</strong></span> <span class='ocrx_word' id='word_1_214' title='bbox 903 2933 997 2979; x_wconf 88' lang='lat' dir='ltr'><strong>tua</strong></span> <span class='ocrx_word' id='word_1_215' title='bbox 1027 2936 1055 2965; x_wconf 71' lang='grc' dir='ltr'>α</span> <span class='ocrx_word' id='word_1_216' title='bbox 1106 2932 1414 2996; x_wconf 86' lang='lat' dir='ltr'><strong>opportuna</strong></span> <span class='ocrx_word' id='word_1_217' title='bbox 1464 2923 1784 2979; x_wconf 89' lang='lat' dir='ltr'><strong>multimoda</strong></span> <span class='ocrx_word' id='word_1_218' title='bbox 1811 2922 1896 2976; x_wconf 90' lang='lat' dir='ltr'><strong>in-</strong></span> 
     </span>
    </p>
   </div>
   <div class='ocr_carea' id='block_1_32' title="bbox 298 3015 1897 3089">
    <p class='ocr_par' dir='ltr' id='par_1_32' title="bbox 298 3015 1897 3089">
     <span class='ocr_line' id='line_1_32' title="bbox 298 3015 1897 3089; baseline -0.003 -17"><span class='ocrx_word' id='word_1_219' title='bbox 298 3016 549 3089; x_wconf 89' lang='lat' dir='ltr'><strong>quisitio,</strong></span> <span class='ocrx_word' id='word_1_220' title='bbox 614 3031 724 3071; x_wconf 90' lang='lat' dir='ltr'><strong>non</strong></span> <span class='ocrx_word' id='word_1_221' title='bbox 761 3016 1111 3082; x_wconf 85' lang='lat' dir='ltr'><strong>necessitate,</strong></span> <span class='ocrx_word' id='word_1_222' title='bbox 1180 3016 1275 3071; x_wconf 89' lang='lat' dir='ltr'><strong>sed</strong></span> <span class='ocrx_word' id='word_1_223' title='bbox 1311 3015 1452 3085; x_wconf 86' lang='lat' dir='ltr'><strong>quod</strong></span> <span class='ocrx_word' id='word_1_224' title='bbox 1483 3022 1570 3071; x_wconf 89' lang='lat' dir='ltr'><strong>est</strong></span> <span class='ocrx_word' id='word_1_225' title='bbox 1605 3015 1897 3070; x_wconf 85' lang='lat' dir='ltr'><strong>vehemen-</strong></span> 
     </span>
    </p>
   </div>
   <div class='ocr_carea' id='block_1_33' title="bbox 301 3100 1897 3172">
    <p class='ocr_par' dir='ltr' id='par_1_33' title="bbox 301 3100 1897 3172">
     <span class='ocr_line' id='line_1_33' title="bbox 301 3100 1897 3172; baseline -0.004 -11"><span class='ocrx_word' id='word_1_226' title='bbox 301 3108 436 3172; x_wconf 85' lang='lat' dir='ltr'><strong>tius,</strong></span> <span class='ocrx_word' id='word_1_227' title='bbox 464 3105 762 3170; x_wconf 87' lang='lat' dir='ltr'><strong>cbaritate,</strong></span> <span class='ocrx_word' id='word_1_228' title='bbox 811 3105 879 3159; x_wconf 90' lang='lat' dir='ltr'><strong>ad</strong></span> <span class='ocrx_word' id='word_1_229' title='bbox 910 3105 1206 3159; x_wconf 87' lang='lat' dir='ltr'><strong>multorum</strong></span> <span class='ocrx_word' id='word_1_230' title='bbox 1254 3105 1406 3159; x_wconf 86' lang='lat' dir='ltr'><strong>exire</strong></span> <span class='ocrx_word' id='word_1_231' title='bbox 1434 3103 1733 3167; x_wconf 79' lang='lat' dir='ltr'><strong>publicum,</strong></span> <span class='ocrx_word' id='word_1_232' title='bbox 1784 3100 1897 3155; x_wconf 82' lang='lat' dir='ltr'><strong>for-</strong></span> 
     </span>
    </p>
   </div>
   <div class='ocr_carea' id='block_1_34' title="bbox 300 3192 1892 3265">
    <p class='ocr_par' dir='ltr' id='par_1_34' title="bbox 300 3192 1892 3265">
     <span class='ocr_line' id='line_1_34' title="bbox 300 3192 1892 3265; baseline -0.004 -14"><span class='ocrx_word' id='word_1_233' title='bbox 300 3196 732 3265; x_wconf 84' lang='lat' dir='ltr'><strong>midandumque</strong></span> <span class='ocrx_word' id='word_1_234' title='bbox 758 3192 1023 3262; x_wconf 86' lang='lat' dir='ltr'><strong>judicium</strong></span> <span class='ocrx_word' id='word_1_235' title='bbox 1050 3211 1062 3247; x_wconf 95' lang='lat'><strong>:</strong></span> <span class='ocrx_word' id='word_1_236' title='bbox 1103 3193 1321 3248; x_wconf 87' lang='lat' dir='ltr'><strong>illorum</strong></span> <span class='ocrx_word' id='word_1_237' title='bbox 1348 3193 1601 3248; x_wconf 79' lang='lat' dir='ltr'><strong>videlicet</strong></span> <span class='ocrx_word' id='word_1_238' title='bbox 1628 3192 1771 3255; x_wconf 90' lang='lat' dir='ltr'><strong>dico,</strong></span> <span class='ocrx_word' id='word_1_239' title='bbox 1798 3192 1892 3261; x_wconf 87' lang='lat' dir='ltr'><strong>qui</strong></span> 
     </span>
    </p>
   </div>
   <div class='ocr_carea' id='block_1_35' title="bbox 1987 552 3573 620">
    <p class='ocr_par' dir='ltr' id='par_1_35' title="bbox 1987 552 3573 620">
     <span class='ocr_line' id='line_1_35' title="bbox 1987 552 3573 620; baseline 0.003 -15"><span class='ocrx_word' id='word_1_240' title='bbox 1987 569 2076 607; x_wconf 87' lang='lat' dir='ltr'><strong>ras</strong></span> <span class='ocrx_word' id='word_1_241' title='bbox 2104 552 2441 608; x_wconf 81' lang='lat' dir='ltr'><strong>Hierusalem</strong></span> <span class='ocrx_word' id='word_1_242' title='bbox 2468 554 2523 608; x_wconf 83' lang='lat' dir='ltr'><strong>in</strong></span> <span class='ocrx_word' id='word_1_243' title='bbox 2547 552 2782 609; x_wconf 78' lang='lat' dir='ltr'><strong>convalle</strong></span> <span class='ocrx_word' id='word_1_244' title='bbox 2803 553 3032 620; x_wconf 83' lang='lat' dir='ltr'><strong>Cedron,</strong></span> <span class='ocrx_word' id='word_1_245' title='bbox 3070 564 3119 610; x_wconf 89' lang='lat' dir='ltr'><strong>et</strong></span> <span class='ocrx_word' id='word_1_246' title='bbox 3148 556 3428 612; x_wconf 83' lang='lat' dir='ltr'><strong>combussit</strong></span> <span class='ocrx_word' id='word_1_247' title='bbox 3449 571 3573 611; x_wconf 81' lang='lat' dir='ltr'><strong>eum</strong></span> 
     </span>
    </p>
   </div>
   <div class='ocr_carea' id='block_1_36' title="bbox 1985 642 3577 721">
    <p class='ocr_par' dir='ltr' id='par_1_36' title="bbox 1985 642 3577 721">
     <span class='ocr_line' id='line_1_36' title="bbox 1985 642 3577 721; baseline 0.003 -25"><span class='ocrx_word' id='word_1_248' title='bbox 1985 642 2076 707; x_wconf 84' lang='lat' dir='ltr'><strong>ibi,</strong></span> <span class='ocrx_word' id='word_1_249' title='bbox 2108 652 2158 698; x_wconf 87' lang='lat' dir='ltr'><strong>et</strong></span> <span class='ocrx_word' id='word_1_250' title='bbox 2187 642 2381 714; x_wconf 82' lang='lat' dir='ltr'><strong>redegit</strong></span> <span class='ocrx_word' id='word_1_251' title='bbox 2418 643 2782 714; x_wconf 77' lang='lat' dir='ltr'><strong>inpulverem,</strong></span> <span class='ocrx_word' id='word_1_252' title='bbox 2806 654 2854 699; x_wconf 90' lang='lat' dir='ltr'><strong>et</strong></span> <span class='ocrx_word' id='word_1_253' title='bbox 2876 646 3095 715; x_wconf 83' lang='lat' dir='ltr'><strong>proiecit</strong></span> <span class='ocrx_word' id='word_1_254' title='bbox 3134 663 3292 718; x_wconf 89' lang='lat' dir='ltr'><strong>super</strong></span> <span class='ocrx_word' id='word_1_255' title='bbox 3331 646 3577 721; x_wconf 73' lang='lat' dir='ltr'><strong>sepulcra</strong></span> 
     </span>
    </p>
   </div>
   <div class='ocr_carea' id='block_1_37' title="bbox 1987 730 3576 809">
    <p class='ocr_par' dir='ltr' id='par_1_37' title="bbox 1987 730 3576 809">
     <span class='ocr_line' id='line_1_37' title="bbox 1987 730 3576 809; baseline 0.003 -22"><span class='ocrx_word' id='word_1_256' title='bbox 1987 730 2129 802; x_wconf 77' lang='lat' dir='ltr'><strong>uulgi</strong></span> <span class='ocrx_word' id='word_1_257' title='bbox 2153 734 2179 786; x_wconf 76' lang='lat'><strong><em>?</em></strong></span> <span class='ocrx_word' id='word_1_258' title='bbox 2234 732 2376 800; x_wconf 91' lang='lat' dir='ltr'><strong>Quid</strong></span> <span class='ocrx_word' id='word_1_259' title='bbox 2438 742 2527 789; x_wconf 90' lang='lat' dir='ltr'><strong>est</strong></span> <span class='ocrx_word' id='word_1_260' title='bbox 2577 733 2683 791; x_wconf 84' lang='lat' dir='ltr'><strong>iste</strong></span> <span class='ocrx_word' id='word_1_261' title='bbox 2746 734 2950 793; x_wconf 84' lang='lat' dir='ltr'><strong>lucus?</strong></span> <span class='ocrx_word' id='word_1_262' title='bbox 3013 744 3108 792; x_wconf 89' lang='lat' dir='ltr'><strong>aut</strong></span> <span class='ocrx_word' id='word_1_263' title='bbox 3154 753 3277 808; x_wconf 83' lang='lat' dir='ltr'><strong>quae</strong></span> <span class='ocrx_word' id='word_1_264' title='bbox 3326 738 3576 809; x_wconf 87' lang='lat' dir='ltr'><strong>sepulcra</strong></span> 
     </span>
    </p>
   </div>
   <div class='ocr_carea' id='block_1_38' title="bbox 1987 823 2377 895">
    <p class='ocr_par' dir='ltr' id='par_1_38' title="bbox 1987 823 2377 895">
     <span class='ocr_line' id='line_1_38' title="bbox 1987 823 2377 895; baseline 0.005 -18"><span class='ocrx_word' id='word_1_265' title='bbox 1987 823 2133 895; x_wconf 91' lang='lat' dir='ltr'><strong>vulgi</strong></span> <span class='ocrx_word' id='word_1_266' title='bbox 2152 824 2176 877; x_wconf 82' lang='lat'><strong>?</strong></span> <span class='ocrx_word' id='word_1_267' title='bbox 2200 823 2289 879; x_wconf 75' lang='grc'><strong>25.</strong></span> <span class='ocrx_word' id='word_1_268' title='bbox 2324 824 2377 879; x_wconf 88' lang='grc'><strong>6.</strong></span> 
     </span>
    </p>
   </div>
   <div class='ocr_carea' id='block_1_39' title="bbox 2058 914 3577 989">
    <p class='ocr_par' dir='ltr' id='par_1_39' title="bbox 2058 914 3577 989">
     <span class='ocr_line' id='line_1_39' title="bbox 2058 914 3577 989; baseline 0.001 -20"><span class='ocrx_word' id='word_1_269' title='bbox 2058 914 2148 970; x_wconf 82' lang='grc'><strong>69.</strong></span> <span class='ocrx_word' id='word_1_270' title='bbox 2186 914 2458 972; x_wconf 67' lang='lat' dir='ltr'><strong>Destruit</strong></span> <span class='ocrx_word' id='word_1_271' title='bbox 2481 930 2688 988; x_wconf 83' lang='lat' dir='ltr'><strong>quoque</strong></span> <span class='ocrx_word' id='word_1_272' title='bbox 2731 925 2782 971; x_wconf 90' lang='lat' dir='ltr'><strong>et</strong></span> <span class='ocrx_word' id='word_1_273' title='bbox 2823 915 2969 971; x_wconf 82' lang='lat' dir='ltr'><strong>idola</strong></span> <span class='ocrx_word' id='word_1_274' title='bbox 3015 915 3269 989; x_wconf 79' lang='lat' dir='ltr'><strong>(Vulgata</strong></span> <span class='ocrx_word' id='word_1_275' title='bbox 3300 915 3577 988; x_wconf 66' lang='lat' dir='ltr'><strong>aediculas)</strong></span> 
     </span>
    </p>
   </div>
   <div class='ocr_carea' id='block_1_40' title="bbox 1988 1007 3578 1081">
    <p class='ocr_par' dir='ltr' id='par_1_40' title="bbox 1988 1007 3578 1081">
     <span class='ocr_line' id='line_1_40' title="bbox 1988 1007 3578 1081; baseline 0.001 -20"><span class='ocrx_word' id='word_1_276' title='bbox 1988 1007 2408 1077; x_wconf 73' lang='lat' dir='ltr'><strong>effeminatorum</strong></span> <span class='ocrx_word' id='word_1_277' title='bbox 2437 1024 2556 1081; x_wconf 62' lang='lat' dir='ltr'><strong>quae</strong></span> <span class='ocrx_word' id='word_1_278' title='bbox 2596 1010 2828 1065; x_wconf 85' lang='lat' dir='ltr'><strong>erantin</strong></span> <span class='ocrx_word' id='word_1_279' title='bbox 2868 1010 3027 1064; x_wconf 82' lang='lat' dir='ltr'><strong>domo</strong></span> <span class='ocrx_word' id='word_1_280' title='bbox 3060 1009 3298 1076; x_wconf 78' lang='lat' dir='ltr'><strong>Domini,</strong></span> <span class='ocrx_word' id='word_1_281' title='bbox 3326 1026 3421 1080; x_wconf 89' lang='lat' dir='ltr'><strong>pro</strong></span> <span class='ocrx_word' id='word_1_282' title='bbox 3463 1010 3578 1080; x_wconf 84' lang='lat' dir='ltr'><strong>qui-</strong></span> 
     </span>
    </p>
   </div>
   <div class='ocr_carea' id='block_1_41' title="bbox 1991 1098 3491 1171">
    <p class='ocr_par' dir='ltr' id='par_1_41' title="bbox 1991 1098 3491 1171">
     <span class='ocr_line' id='line_1_41' title="bbox 1991 1098 3491 1171; baseline -0.003 -13"><span class='ocrx_word' id='word_1_283' title='bbox 1991 1103 2085 1158; x_wconf 87' lang='lat' dir='ltr'><strong>bus</strong></span> <span class='ocrx_word' id='word_1_284' title='bbox 2113 1100 2358 1155; x_wconf 81' lang='lat' dir='ltr'><strong>mulieres</strong></span> <span class='ocrx_word' id='word_1_285' title='bbox 2386 1099 2626 1154; x_wconf 70' lang='lat' dir='ltr'><strong>texebant</strong></span> <span class='ocrx_word' id='word_1_286' title='bbox 2655 1101 2809 1171; x_wconf 89' lang='lat' dir='ltr'><strong>quasi</strong></span> <span class='ocrx_word' id='word_1_287' title='bbox 2836 1098 3184 1155; x_wconf 81' lang='lat' dir='ltr'><strong>domunculas</strong></span> <span class='ocrx_word' id='word_1_288' title='bbox 3205 1099 3331 1154; x_wconf 87' lang='lat' dir='ltr'><strong>luci.</strong></span> <span class='ocrx_word' id='word_1_289' title='bbox 3359 1115 3414 1153; x_wconf 92' lang='lat' dir='ltr'><strong>v.</strong></span> <span class='ocrx_word' id='word_1_290' title='bbox 3438 1100 3491 1153; x_wconf 80' lang='lat'><strong>7.</strong></span> 
     </span>
    </p>
   </div>
   <div class='ocr_carea' id='block_1_42' title="bbox 2061 1191 3580 1264">
    <p class='ocr_par' dir='ltr' id='par_1_42' title="bbox 2061 1191 3580 1264">
     <span class='ocr_line' id='line_1_42' title="bbox 2061 1191 3580 1264; baseline -0.003 -14"><span class='ocrx_word' id='word_1_291' title='bbox 2061 1194 2150 1250; x_wconf 88' lang='lat'><strong>70.</strong></span> <span class='ocrx_word' id='word_1_292' title='bbox 2190 1194 2262 1248; x_wconf 87' lang='lat' dir='ltr'><strong>Et</strong></span> <span class='ocrx_word' id='word_1_293' title='bbox 2312 1192 2572 1248; x_wconf 71' lang='lat' dir='ltr'><strong>destruxit</strong></span> <span class='ocrx_word' id='word_1_294' title='bbox 2602 1209 2726 1248; x_wconf 88' lang='lat' dir='ltr'><strong>aras</strong></span> <span class='ocrx_word' id='word_1_295' title='bbox 2751 1202 3028 1264; x_wconf 87' lang='lat' dir='ltr'><strong>portarum</strong></span> <span class='ocrx_word' id='word_1_296' title='bbox 3055 1193 3114 1247; x_wconf 85' lang='lat' dir='ltr'><strong>in</strong></span> <span class='ocrx_word' id='word_1_297' title='bbox 3158 1192 3381 1246; x_wconf 80' lang='lat' dir='ltr'><strong>introitu</strong></span> <span class='ocrx_word' id='word_1_298' title='bbox 3419 1191 3580 1245; x_wconf 73' lang='lat' dir='ltr'><strong>bestii</strong></span> 
     </span>
    </p>
   </div>
   <div class='ocr_carea' id='block_1_43' title="bbox 1989 1281 3582 1355">
    <p class='ocr_par' dir='ltr' id='par_1_43' title="bbox 1989 1281 3582 1355">
     <span class='ocr_line' id='line_1_43' title="bbox 1989 1281 3582 1355; baseline -0.003 -16"><span class='ocrx_word' id='word_1_299' title='bbox 1989 1284 2156 1339; x_wconf 73' lang='lat' dir='ltr'><strong>Josite</strong></span> <span class='ocrx_word' id='word_1_300' title='bbox 2178 1283 2432 1355; x_wconf 86' lang='lat' dir='ltr'><strong>principis</strong></span> <span class='ocrx_word' id='word_1_301' title='bbox 2470 1282 2695 1337; x_wconf 81' lang='lat' dir='ltr'><strong>civitatis</strong></span> <span class='ocrx_word' id='word_1_302' title='bbox 2724 1297 2899 1353; x_wconf 86' lang='lat' dir='ltr'><strong>usque</strong></span> <span class='ocrx_word' id='word_1_303' title='bbox 2923 1283 3052 1337; x_wconf 89' lang='lat' dir='ltr'><strong>dum</strong></span> <span class='ocrx_word' id='word_1_304' title='bbox 3077 1282 3210 1338; x_wconf 85' lang='lat' dir='ltr'><strong>dicit</strong></span> <span class='ocrx_word' id='word_1_305' title='bbox 3243 1281 3308 1335; x_wconf 77' lang='lat' dir='ltr'><strong>de</strong></span> <span class='ocrx_word' id='word_1_306' title='bbox 3331 1281 3582 1335; x_wconf 78' lang='lat' dir='ltr'><strong>sacerdo-</strong></span> 
     </span>
    </p>
   </div>
   <div class='ocr_carea' id='block_1_44' title="bbox 1991 1371 3580 1441">
    <p class='ocr_par' dir='ltr' id='par_1_44' title="bbox 1991 1371 3580 1441">
     <span class='ocr_line' id='line_1_44' title="bbox 1991 1371 3580 1441; baseline 0 -13"><span class='ocrx_word' id='word_1_307' title='bbox 1991 1374 2129 1429; x_wconf 87' lang='lat' dir='ltr'><strong>tibus</strong></span> <span class='ocrx_word' id='word_1_308' title='bbox 2181 1373 2510 1429; x_wconf 69' lang='lat' dir='ltr'><strong>excelsorum</strong></span> <span class='ocrx_word' id='word_1_309' title='bbox 2543 1372 2878 1429; x_wconf 77' lang='lat' dir='ltr'><strong>comedebant</strong></span> <span class='ocrx_word' id='word_1_310' title='bbox 2929 1374 3104 1428; x_wconf 64' lang='lat' dir='ltr'><strong>anima</strong></span> <span class='ocrx_word' id='word_1_311' title='bbox 3144 1373 3202 1427; x_wconf 86' lang='lat' dir='ltr'><strong>in</strong></span> <span class='ocrx_word' id='word_1_312' title='bbox 3248 1372 3423 1428; x_wconf 81' lang='lat' dir='ltr'><strong>medio</strong></span> <span class='ocrx_word' id='word_1_313' title='bbox 3462 1371 3580 1441; x_wconf 76' lang='lat' dir='ltr'><strong>[ra-</strong></span> 
     </span>
    </p>
   </div>
   <div class='ocr_carea' id='block_1_45' title="bbox 1993 1465 2732 1522">
    <p class='ocr_par' dir='ltr' id='par_1_45' title="bbox 1993 1465 2732 1522">
     <span class='ocr_line' id='line_1_45' title="bbox 1993 1465 2732 1522; baseline -0.005 0"><span class='ocrx_word' id='word_1_314' title='bbox 1993 1476 2136 1522; x_wconf 89' lang='lat' dir='ltr'><strong>trum</strong></span> <span class='ocrx_word' id='word_1_315' title='bbox 2156 1482 2394 1520; x_wconf 89' lang='lat' dir='ltr'><strong>suorum.</strong></span> <span class='ocrx_word' id='word_1_316' title='bbox 2429 1465 2483 1520; x_wconf 83' lang='lat'><strong>5.</strong></span> <span class='ocrx_word' id='word_1_317' title='bbox 2509 1465 2565 1520; x_wconf 92' lang='lat'><strong>8.</strong></span> <span class='ocrx_word' id='word_1_318' title='bbox 2598 1472 2654 1521; x_wconf 90' lang='lat' dir='ltr'><strong>et</strong></span> <span class='ocrx_word' id='word_1_319' title='bbox 2677 1466 2732 1521; x_wconf 86' lang='lat'><strong>9.</strong></span> 
     </span>
    </p>
   </div>
   <div class='ocr_carea' id='block_1_46' title="bbox 2064 1555 3581 1628">
    <p class='ocr_par' dir='ltr' id='par_1_46' title="bbox 2064 1555 3581 1628">
     <span class='ocr_line' id='line_1_46' title="bbox 2064 1555 3581 1628; baseline 0.001 -18"><span class='ocrx_word' id='word_1_320' title='bbox 2064 1557 2153 1611; x_wconf 87' lang='grc'><strong>71.</strong></span> <span class='ocrx_word' id='word_1_321' title='bbox 2198 1555 2340 1610; x_wconf 84' lang='lat' dir='ltr'><strong>Tulit</strong></span> <span class='ocrx_word' id='word_1_322' title='bbox 2361 1572 2566 1628; x_wconf 85' lang='lat' dir='ltr'><strong>quoque</strong></span> <span class='ocrx_word' id='word_1_323' title='bbox 2591 1558 2854 1627; x_wconf 85' lang='lat' dir='ltr'><strong>principes</strong></span> <span class='ocrx_word' id='word_1_324' title='bbox 2897 1557 3103 1613; x_wconf 67' lang='lat' dir='ltr'><strong>militia:</strong></span> <span class='ocrx_word' id='word_1_325' title='bbox 3131 1555 3377 1613; x_wconf 76' lang='lat' dir='ltr'><strong>Samiam</strong></span> <span class='ocrx_word' id='word_1_326' title='bbox 3403 1573 3581 1612; x_wconf 84' lang='lat' dir='ltr'><strong>sacer-</strong></span> 
     </span>
    </p>
   </div>
   <div class='ocr_carea' id='block_1_47' title="bbox 1994 1645 3585 1717">
    <p class='ocr_par' dir='ltr' id='par_1_47' title="bbox 1994 1645 3585 1717">
     <span class='ocr_line' id='line_1_47' title="bbox 1994 1645 3585 1717; baseline 0.001 -18"><span class='ocrx_word' id='word_1_327' title='bbox 1994 1646 2167 1701; x_wconf 82' lang='lat' dir='ltr'><strong>dotem</strong></span> <span class='ocrx_word' id='word_1_328' title='bbox 2202 1646 2450 1717; x_wconf 86' lang='lat' dir='ltr'><strong>primum,</strong></span> <span class='ocrx_word' id='word_1_329' title='bbox 2482 1655 2530 1701; x_wconf 88' lang='lat' dir='ltr'><strong>et</strong></span> <span class='ocrx_word' id='word_1_330' title='bbox 2558 1645 2879 1717; x_wconf 82' lang='lat' dir='ltr'><strong>Sophoniam</strong></span> <span class='ocrx_word' id='word_1_331' title='bbox 2913 1648 3238 1703; x_wconf 82' lang='lat' dir='ltr'><strong>sacerdotem</strong></span> <span class='ocrx_word' id='word_1_332' title='bbox 3270 1648 3585 1713; x_wconf 83' lang='lat' dir='ltr'><strong>secundum,</strong></span> 
     </span>
    </p>
   </div>
   <div class='ocr_carea' id='block_1_48' title="bbox 1993 1731 3587 1803">
    <p class='ocr_par' dir='ltr' id='par_1_48' title="bbox 1993 1731 3587 1803">
     <span class='ocr_line' id='line_1_48' title="bbox 1993 1731 3587 1803; baseline -0.002 -16"><span class='ocrx_word' id='word_1_333' title='bbox 1993 1741 2043 1787; x_wconf 90' lang='lat' dir='ltr'><strong>et</strong></span> <span class='ocrx_word' id='word_1_334' title='bbox 2069 1742 2175 1787; x_wconf 90' lang='lat' dir='ltr'><strong>tres</strong></span> <span class='ocrx_word' id='word_1_335' title='bbox 2190 1732 2452 1803; x_wconf 71' lang='lat' dir='ltr'><strong>janitores</strong></span> <span class='ocrx_word' id='word_1_336' title='bbox 2477 1745 2498 1784; x_wconf 91' lang='lat'><strong><em>:</em></strong></span> <span class='ocrx_word' id='word_1_337' title='bbox 2547 1731 2683 1787; x_wconf 80' lang='lat' dir='ltr'><strong>etde</strong></span> <span class='ocrx_word' id='word_1_338' title='bbox 2732 1732 2940 1787; x_wconf 80' lang='lat' dir='ltr'><strong>civitate</strong></span> <span class='ocrx_word' id='word_1_339' title='bbox 2968 1734 3266 1788; x_wconf 69' lang='lat' dir='ltr'><strong>eunuchum</strong></span> <span class='ocrx_word' id='word_1_340' title='bbox 3301 1748 3485 1787; x_wconf 85' lang='lat' dir='ltr'><strong>unum.</strong></span> <span class='ocrx_word' id='word_1_341' title='bbox 3518 1731 3587 1785; x_wconf 87' lang='lat' dir='ltr'><strong>Et</strong></span> 
     </span>
    </p>
   </div>
   <div class='ocr_carea' id='block_1_49' title="bbox 1997 1909 3590 1985">
    <p class='ocr_par' dir='ltr' id='par_1_49' title="bbox 1997 1909 3590 1985">
     <span class='ocr_line' id='line_1_49' title="bbox 1997 1909 3590 1985; baseline 0.001 -20"><span class='ocrx_word' id='word_1_342' title='bbox 1997 1909 2154 1966; x_wconf 87' lang='lat' dir='ltr'><strong>babat</strong></span> <span class='ocrx_word' id='word_1_343' title='bbox 2202 1913 2401 1966; x_wconf 87' lang='lat' dir='ltr'><strong>tirones</strong></span> <span class='ocrx_word' id='word_1_344' title='bbox 2447 1912 2513 1966; x_wconf 84' lang='lat' dir='ltr'><strong>de</strong></span> <span class='ocrx_word' id='word_1_345' title='bbox 2557 1910 2752 1982; x_wconf 81' lang='lat' dir='ltr'><strong>populo</strong></span> <span class='ocrx_word' id='word_1_346' title='bbox 2808 1921 2984 1967; x_wconf 70' lang='lat' dir='ltr'><strong>terrm.</strong></span> <span class='ocrx_word' id='word_1_347' title='bbox 3022 1913 3254 1985; x_wconf 86' lang='lat' dir='ltr'><strong>Propter</strong></span> <span class='ocrx_word' id='word_1_348' title='bbox 3280 1913 3422 1984; x_wconf 87' lang='lat' dir='ltr'><strong>quod</strong></span> <span class='ocrx_word' id='word_1_349' title='bbox 3452 1911 3590 1967; x_wconf 87' lang='lat' dir='ltr'><strong>dicit</strong></span> 
     </span>
    </p>
   </div>
   <div class='ocr_carea' id='block_1_50' title="bbox 1993 2003 3585 2074">
    <p class='ocr_par' dir='ltr' id='par_1_50' title="bbox 1993 2003 3585 2074">
     <span class='ocr_line' id='line_1_50' title="bbox 1993 2003 3585 2074; baseline 0.002 -16"><span class='ocrx_word' id='word_1_350' title='bbox 1993 2003 2336 2059; x_wconf 83' lang='lat' dir='ltr'><strong>sacerdotem</strong></span> <span class='ocrx_word' id='word_1_351' title='bbox 2373 2004 2633 2074; x_wconf 89' lang='lat' dir='ltr'><strong>primum,</strong></span> <span class='ocrx_word' id='word_1_352' title='bbox 2673 2011 2730 2059; x_wconf 89' lang='lat' dir='ltr'><strong>et</strong></span> <span class='ocrx_word' id='word_1_353' title='bbox 2772 2004 3123 2061; x_wconf 74' lang='lat' dir='ltr'><strong>secundum?</strong></span> <span class='ocrx_word' id='word_1_354' title='bbox 3151 2007 3236 2062; x_wconf 88' lang='lat' dir='ltr'><strong>vel</strong></span> <span class='ocrx_word' id='word_1_355' title='bbox 3272 2006 3585 2063; x_wconf 84' lang='lat' dir='ltr'><strong>eunuchum</strong></span> 
     </span>
    </p>
   </div>
   <div class='ocr_carea' id='block_1_51' title="bbox 1992 2097 3588 2169">
    <p class='ocr_par' dir='ltr' id='par_1_51' title="bbox 1992 2097 3588 2169">
     <span class='ocr_line' id='line_1_51' title="bbox 1992 2097 3588 2169; baseline 0.002 -17"><span class='ocrx_word' id='word_1_356' title='bbox 1992 2111 2184 2161; x_wconf 88' lang='lat' dir='ltr'><strong>unum,</strong></span> <span class='ocrx_word' id='word_1_357' title='bbox 2244 2105 2301 2151; x_wconf 90' lang='lat' dir='ltr'><strong>et</strong></span> <span class='ocrx_word' id='word_1_358' title='bbox 2349 2105 2464 2154; x_wconf 89' lang='lat' dir='ltr'><strong>tres</strong></span> <span class='ocrx_word' id='word_1_359' title='bbox 2512 2097 2827 2168; x_wconf 73' lang='lat' dir='ltr'><strong>ianitores?</strong></span> <span class='ocrx_word' id='word_1_360' title='bbox 2884 2098 2971 2155; x_wconf 87' lang='lat' dir='ltr'><strong>vel</strong></span> <span class='ocrx_word' id='word_1_361' title='bbox 3007 2100 3100 2169; x_wconf 87' lang='lat' dir='ltr'><strong>qui</strong></span> <span class='ocrx_word' id='word_1_362' title='bbox 3167 2108 3295 2157; x_wconf 79' lang='lat' dir='ltr'><strong>sunt</strong></span> <span class='ocrx_word' id='word_1_363' title='bbox 3331 2100 3588 2156; x_wconf 75' lang='lat' dir='ltr'><strong>tirones?</strong></span> 
     </span>
    </p>
   </div>
   <div class='ocr_carea' id='block_1_52' title="bbox 1990 2186 2391 2252">
    <p class='ocr_par' dir='ltr' id='par_1_52' title="bbox 1990 2186 2391 2252">
     <span class='ocr_line' id='line_1_52' title="bbox 1990 2186 2391 2252; baseline -0.005 -8"><span class='ocrx_word' id='word_1_364' title='bbox 1990 2188 2082 2244; x_wconf 71' lang='grc'><strong>25.</strong></span> <span class='ocrx_word' id='word_1_365' title='bbox 2108 2186 2197 2252; x_wconf 85' lang='grc'><strong>18,</strong></span> <span class='ocrx_word' id='word_1_366' title='bbox 2220 2196 2278 2243; x_wconf 90' lang='lat' dir='ltr'><strong>et</strong></span> <span class='ocrx_word' id='word_1_367' title='bbox 2304 2189 2391 2244; x_wconf 82' lang='lat' dir='ltr'><strong>l9.</strong></span> 
     </span>
    </p>
   </div>
   <div class='ocr_carea' id='block_1_53' title="bbox 2065 2276 3586 2353">
    <p class='ocr_par' dir='ltr' id='par_1_53' title="bbox 2065 2276 3586 2353">
     <span class='ocr_line' id='line_1_53' title="bbox 2065 2276 3586 2353; baseline 0.002 -20"><span class='ocrx_word' id='word_1_368' title='bbox 2065 2277 2153 2333; x_wconf 72' lang='lat'><strong>72.</strong></span> <span class='ocrx_word' id='word_1_369' title='bbox 2195 2276 2490 2333; x_wconf 78' lang='lat' dir='ltr'><strong>Sublevavit</strong></span> <span class='ocrx_word' id='word_1_370' title='bbox 2528 2277 2931 2336; x_wconf 80' lang='lat' dir='ltr'><strong>Evilmerodach</strong></span> <span class='ocrx_word' id='word_1_371' title='bbox 2978 2298 3072 2339; x_wconf 70' lang='lat' dir='ltr'><strong>mc</strong></span> <span class='ocrx_word' id='word_1_372' title='bbox 3106 2281 3392 2353; x_wconf 73' lang='lat' dir='ltr'><strong>Babylonis</strong></span> <span class='ocrx_word' id='word_1_373' title='bbox 3422 2297 3586 2347; x_wconf 84' lang='lat' dir='ltr'><strong>anno,</strong></span> 
     </span>
    </p>
   </div>
   <div class='ocr_carea' id='block_1_54' title="bbox 1998 2368 3589 2442">
    <p class='ocr_par' dir='ltr' id='par_1_54' title="bbox 1998 2368 3589 2442">
     <span class='ocr_line' id='line_1_54' title="bbox 1998 2368 3589 2442; baseline 0.003 -22"><span class='ocrx_word' id='word_1_374' title='bbox 1998 2384 2104 2438; x_wconf 87' lang='lat' dir='ltr'><strong>quo</strong></span> <span class='ocrx_word' id='word_1_375' title='bbox 2147 2383 2368 2437; x_wconf 87' lang='lat' dir='ltr'><strong>regnare</strong></span> <span class='ocrx_word' id='word_1_376' title='bbox 2388 2377 2637 2437; x_wconf 61' lang='lat' dir='ltr'><strong>coeperat,</strong></span> <span class='ocrx_word' id='word_1_377' title='bbox 2675 2379 2831 2439; x_wconf 83' lang='lat' dir='ltr'><strong>caput</strong></span> <span class='ocrx_word' id='word_1_378' title='bbox 2875 2368 3121 2426; x_wconf 80' lang='lat' dir='ltr'><strong>Joachim</strong></span> <span class='ocrx_word' id='word_1_379' title='bbox 3167 2372 3302 2442; x_wconf 78' lang='lat' dir='ltr'><strong>regis</strong></span> <span class='ocrx_word' id='word_1_380' title='bbox 3350 2371 3495 2426; x_wconf 71' lang='lat' dir='ltr'><strong>Iuda</strong></span> <span class='ocrx_word' id='word_1_381' title='bbox 3521 2371 3589 2425; x_wconf 75' lang='lat' dir='ltr'><strong>de</strong></span> 
     </span>
    </p>
   </div>
   <div class='ocr_carea' id='block_1_55' title="bbox 1999 2456 3588 2530">
    <p class='ocr_par' dir='ltr' id='par_1_55' title="bbox 1999 2456 3588 2530">
     <span class='ocr_line' id='line_1_55' title="bbox 1999 2456 3588 2530; baseline 0.003 -20"><span class='ocrx_word' id='word_1_382' title='bbox 1999 2471 2209 2510; x_wconf 86' lang='lat' dir='ltr'><strong>carcere</strong></span> <span class='ocrx_word' id='word_1_383' title='bbox 2227 2496 2244 2521; x_wconf 94' lang='lat'><strong>,</strong></span> <span class='ocrx_word' id='word_1_384' title='bbox 2289 2466 2340 2511; x_wconf 89' lang='lat' dir='ltr'><strong>et</strong></span> <span class='ocrx_word' id='word_1_385' title='bbox 2367 2456 2574 2510; x_wconf 87' lang='lat' dir='ltr'><strong>locutus</strong></span> <span class='ocrx_word' id='word_1_386' title='bbox 2610 2466 2688 2511; x_wconf 90' lang='lat' dir='ltr'><strong>est</strong></span> <span class='ocrx_word' id='word_1_387' title='bbox 2738 2458 2785 2512; x_wconf 92' lang='lat' dir='ltr'><strong>ei</strong></span> <span class='ocrx_word' id='word_1_388' title='bbox 2811 2459 3052 2530; x_wconf 83' lang='lat' dir='ltr'><strong>benigne,</strong></span> <span class='ocrx_word' id='word_1_389' title='bbox 3080 2464 3253 2530; x_wconf 78' lang='lat' dir='ltr'><strong>usque</strong></span> <span class='ocrx_word' id='word_1_390' title='bbox 3277 2462 3405 2516; x_wconf 85' lang='lat' dir='ltr'><strong>dum</strong></span> <span class='ocrx_word' id='word_1_391' title='bbox 3433 2461 3588 2517; x_wconf 86' lang='lat' dir='ltr'><strong>dicit.</strong></span> 
     </span>
    </p>
   </div>
   <div class='ocr_carea' id='block_1_56' title="bbox 2002 2546 3255 2607">
    <p class='ocr_par' dir='ltr' id='par_1_56' title="bbox 2002 2546 3255 2607">
     <span class='ocr_line' id='line_1_56' title="bbox 2002 2546 3255 2607; baseline 0.002 -5"><span class='ocrx_word' id='word_1_392' title='bbox 2002 2546 2257 2603; x_wconf 85' lang='lat' dir='ltr'><strong>Omnibus</strong></span> <span class='ocrx_word' id='word_1_393' title='bbox 2295 2546 2477 2601; x_wconf 85' lang='lat' dir='ltr'><strong>diebus</strong></span> <span class='ocrx_word' id='word_1_394' title='bbox 2503 2547 2622 2601; x_wconf 68' lang='lat' dir='ltr'><strong>vitae</strong></span> <span class='ocrx_word' id='word_1_395' title='bbox 2642 2562 2773 2603; x_wconf 69' lang='lat' dir='ltr'><strong>sure.</strong></span> <span class='ocrx_word' id='word_1_396' title='bbox 2805 2547 2938 2604; x_wconf 84' lang='lat' dir='ltr'><strong>Ibid.</strong></span> <span class='ocrx_word' id='word_1_397' title='bbox 2963 2549 3113 2605; x_wconf 58' lang='lat' dir='ltr'><strong>v37.</strong></span> <span class='ocrx_word' id='word_1_398' title='bbox 3145 2560 3255 2607; x_wconf 89' lang='lat' dir='ltr'><strong>etc.</strong></span> 
     </span>
    </p>
   </div>
   <div class='ocr_carea' id='block_1_57' title="bbox 1591 2697 3215 2749">
    <p class='ocr_par' dir='ltr' id='par_1_57' title="bbox 1591 2697 3215 2749">
     <span class='ocr_line' id='line_1_57' title="bbox 1591 2697 3215 2749; baseline -0.002 0"><span class='ocrx_word' id='word_1_399' title='bbox 1591 2707 1675 2748; x_wconf 79' lang='grc' dir='ltr'><strong>ΔΙ)</strong></span> <span class='ocrx_word' id='word_1_400' title='bbox 1718 2704 1890 2749; x_wconf 72' lang='lat' dir='ltr'><strong>HUNC</strong></span> <span class='ocrx_word' id='word_1_401' title='bbox 1934 2700 2145 2746; x_wconf 72' lang='lat' dir='ltr'><strong>POBRO</strong></span> <span class='ocrx_word' id='word_1_402' title='bbox 2189 2697 2424 2744; x_wconf 70' lang='lat' dir='ltr'><strong>MODUM</strong></span> <span class='ocrx_word' id='word_1_403' title='bbox 2468 2697 2841 2742; x_wconf 75' lang='lat' dir='ltr'><strong>BESPONDET</strong></span> <span class='ocrx_word' id='word_1_404' title='bbox 2881 2701 3215 2746; x_wconf 70' lang='lat' dir='ltr'><strong>CLAUDIUS.</strong></span> 
     </span>
    </p>
   </div>
   <div class='ocr_carea' id='block_1_58' title="bbox 1998 2826 3591 2900">
    <p class='ocr_par' dir='ltr' id='par_1_58' title="bbox 1998 2826 3591 2900">
     <span class='ocr_line' id='line_1_58' title="bbox 1998 2826 3591 2900; baseline 0.003 -17"><span class='ocrx_word' id='word_1_405' title='bbox 1998 2826 2448 2900; x_wconf 83' lang='lat' dir='ltr'><strong>perjudicandum</strong></span> <span class='ocrx_word' id='word_1_406' title='bbox 2491 2840 2601 2897; x_wconf 92' lang='lat' dir='ltr'><strong>quo</strong></span> <span class='ocrx_word' id='word_1_407' title='bbox 2637 2826 2868 2898; x_wconf 89' lang='lat' dir='ltr'><strong>quisque</strong></span> <span class='ocrx_word' id='word_1_408' title='bbox 2917 2836 3163 2899; x_wconf 85' lang='lat' dir='ltr'><strong>tempore</strong></span> <span class='ocrx_word' id='word_1_409' title='bbox 3215 2830 3458 2898; x_wconf 81' lang='lat' dir='ltr'><strong>scribat;</strong></span> <span class='ocrx_word' id='word_1_410' title='bbox 3494 2832 3591 2888; x_wconf 87' lang='lat' dir='ltr'><strong>sed</strong></span> 
     </span>
    </p>
   </div>
   <div class='ocr_carea' id='block_1_59' title="bbox 1997 2916 3594 2987">
    <p class='ocr_par' dir='ltr' id='par_1_59' title="bbox 1997 2916 3594 2987">
     <span class='ocr_line' id='line_1_59' title="bbox 1997 2916 3594 2987; baseline 0.003 -14"><span class='ocrx_word' id='word_1_411' title='bbox 1997 2918 2104 2974; x_wconf 87' lang='lat' dir='ltr'><strong>hoc</strong></span> <span class='ocrx_word' id='word_1_412' title='bbox 2131 2917 2468 2973; x_wconf 87' lang='lat' dir='ltr'><strong>solummodo</strong></span> <span class='ocrx_word' id='word_1_413' title='bbox 2522 2916 2963 2984; x_wconf 86' lang='lat' dir='ltr'><strong>discernendum,</strong></span> <span class='ocrx_word' id='word_1_414' title='bbox 3007 2927 3320 2974; x_wconf 84' lang='lat' dir='ltr'><strong>utrumnam</strong></span> <span class='ocrx_word' id='word_1_415' title='bbox 3350 2936 3500 2987; x_wconf 86' lang='lat' dir='ltr'><strong>vera,</strong></span> <span class='ocrx_word' id='word_1_416' title='bbox 3534 2929 3594 2977; x_wconf 89' lang='lat' dir='ltr'><strong>et</strong></span> 
     </span>
    </p>
   </div>
   <div class='ocr_carea' id='block_1_60' title="bbox 1996 3006 3585 3081">
    <p class='ocr_par' dir='ltr' id='par_1_60' title="bbox 1996 3006 3585 3081">
     <span class='ocr_line' id='line_1_60' title="bbox 1996 3006 3585 3081; baseline 0.002 -17"><span class='ocrx_word' id='word_1_417' title='bbox 1996 3009 2285 3074; x_wconf 87' lang='lat' dir='ltr'><strong>catholica,</strong></span> <span class='ocrx_word' id='word_1_418' title='bbox 2338 3023 2407 3061; x_wconf 90' lang='lat' dir='ltr'><strong>an</strong></span> <span class='ocrx_word' id='word_1_419' title='bbox 2455 3006 2611 3073; x_wconf 81' lang='lat' dir='ltr'><strong>falsa,</strong></span> <span class='ocrx_word' id='word_1_420' title='bbox 2669 3015 2727 3063; x_wconf 90' lang='lat' dir='ltr'><strong>et</strong></span> <span class='ocrx_word' id='word_1_421' title='bbox 2750 3008 3008 3064; x_wconf 57' lang='lat' dir='ltr'><strong>haeretica</strong></span> <span class='ocrx_word' id='word_1_422' title='bbox 3058 3011 3188 3076; x_wconf 90' lang='lat' dir='ltr'><strong>sint,</strong></span> <span class='ocrx_word' id='word_1_423' title='bbox 3222 3026 3344 3081; x_wconf 78' lang='lat' dir='ltr'><strong>qua:</strong></span> <span class='ocrx_word' id='word_1_424' title='bbox 3369 3012 3585 3067; x_wconf 88' lang='lat' dir='ltr'><strong>scribit.</strong></span> 
     </span>
    </p>
   </div>
   <div class='ocr_carea' id='block_1_61' title="bbox 1996 3098 3590 3169">
    <p class='ocr_par' dir='ltr' id='par_1_61' title="bbox 1996 3098 3590 3169">
     <span class='ocr_line' id='line_1_61' title="bbox 1996 3098 3590 3169; baseline 0.001 -14"><span class='ocrx_word' id='word_1_425' title='bbox 1996 3100 2066 3168; x_wconf 76' lang='lat' dir='ltr'><strong>Et</strong></span> <span class='ocrx_word' id='word_1_426' title='bbox 2088 3099 2216 3169; x_wconf 88' lang='lat' dir='ltr'><strong>quia</strong></span> <span class='ocrx_word' id='word_1_427' title='bbox 2239 3108 2294 3153; x_wconf 91' lang='lat' dir='ltr'><strong>tu</strong></span> <span class='ocrx_word' id='word_1_428' title='bbox 2317 3113 2458 3169; x_wconf 68' lang='lat' dir='ltr'><strong>saepe</strong></span> <span class='ocrx_word' id='word_1_429' title='bbox 2478 3114 2509 3152; x_wconf 90' lang='lat' dir='ltr'><strong>a</strong></span> <span class='ocrx_word' id='word_1_430' title='bbox 2532 3114 2621 3154; x_wconf 88' lang='lat' dir='ltr'><strong>me</strong></span> <span class='ocrx_word' id='word_1_431' title='bbox 2655 3098 2891 3168; x_wconf 84' lang='lat' dir='ltr'><strong>requiris</strong></span> <span class='ocrx_word' id='word_1_432' title='bbox 2938 3100 3235 3156; x_wconf 87' lang='lat' dir='ltr'><strong>multarum</strong></span> <span class='ocrx_word' id='word_1_433' title='bbox 3279 3117 3460 3156; x_wconf 89' lang='lat' dir='ltr'><strong>rerum</strong></span> <span class='ocrx_word' id='word_1_434' title='bbox 3492 3103 3590 3157; x_wconf 86' lang='lat' dir='ltr'><strong>ab-</strong></span> 
     </span>
    </p>
   </div>
   <div class='ocr_carea' id='block_1_62' title="bbox 1996 3187 3589 3262">
    <p class='ocr_par' dir='ltr' id='par_1_62' title="bbox 1996 3187 3589 3262">
     <span class='ocr_line' id='line_1_62' title="bbox 1996 3187 3589 3262; baseline 0.003 -19"><span class='ocrx_word' id='word_1_435' title='bbox 1996 3188 2341 3254; x_wconf 85' lang='lat' dir='ltr'><strong>solutionem,</strong></span> <span class='ocrx_word' id='word_1_436' title='bbox 2369 3187 2713 3258; x_wconf 81' lang='lat' dir='ltr'><strong>maximeque</strong></span> <span class='ocrx_word' id='word_1_437' title='bbox 2738 3189 2794 3243; x_wconf 89' lang='lat' dir='ltr'><strong>in</strong></span> <span class='ocrx_word' id='word_1_438' title='bbox 2836 3188 3229 3257; x_wconf 87' lang='lat' dir='ltr'><strong>Pentateucho,</strong></span> <span class='ocrx_word' id='word_1_439' title='bbox 3261 3199 3428 3262; x_wconf 86' lang='lat' dir='ltr'><strong>atque</strong></span> <span class='ocrx_word' id='word_1_440' title='bbox 3449 3192 3589 3248; x_wconf 90' lang='lat' dir='ltr'><strong>libro</strong></span> 
     </span>
    </p>
   </div>
   <div class='ocr_carea' id='block_1_63' title="bbox 299 3274 3592 3355">
    <p class='ocr_par' dir='ltr' id='par_1_63' title="bbox 299 3274 3592 3355">
     <span class='ocr_line' id='line_1_63' title="bbox 299 3274 3592 3355; baseline -0.002 -11"><span class='ocrx_word' id='word_1_441' title='bbox 299 3289 604 3344; x_wconf 83' lang='lat' dir='ltr'><strong>secundum</strong></span> <span class='ocrx_word' id='word_1_442' title='bbox 632 3286 851 3351; x_wconf 87' lang='lat' dir='ltr'><strong>faciem,</strong></span> <span class='ocrx_word' id='word_1_443' title='bbox 891 3294 947 3340; x_wconf 90' lang='lat' dir='ltr'><strong>et</strong></span> <span class='ocrx_word' id='word_1_444' title='bbox 972 3302 1083 3341; x_wconf 92' lang='lat' dir='ltr'><strong>non</strong></span> <span class='ocrx_word' id='word_1_445' title='bbox 1117 3284 1329 3355; x_wconf 87' lang='lat' dir='ltr'><strong>justum</strong></span> <span class='ocrx_word' id='word_1_446' title='bbox 1353 3293 1626 3340; x_wconf 84' lang='lat' dir='ltr'><strong>noverunt</strong></span> <span class='ocrx_word' id='word_1_447' title='bbox 1651 3283 1896 3353; x_wconf 78' lang='lat' dir='ltr'><strong>judicare</strong></span> <span class='ocrx_word' id='word_1_448' title='bbox 1923 3274 1967 3336; x_wconf 90' lang='lat' dir='ltr'>C</span> <span class='ocrx_word' id='word_1_449' title='bbox 1998 3279 2226 3349; x_wconf 80' lang='lat' dir='ltr'><strong>Regum,</strong></span> <span class='ocrx_word' id='word_1_450' title='bbox 2269 3277 2361 3348; x_wconf 90' lang='lat' dir='ltr'><strong>qui</strong></span> <span class='ocrx_word' id='word_1_451' title='bbox 2387 3286 2439 3333; x_wconf 87' lang='lat' dir='ltr'><strong>et</strong></span> <span class='ocrx_word' id='word_1_452' title='bbox 2472 3278 2830 3347; x_wconf 83' lang='lat' dir='ltr'><strong>antiquiores,</strong></span> <span class='ocrx_word' id='word_1_453' title='bbox 2873 3287 2930 3334; x_wconf 91' lang='lat' dir='ltr'><strong>et</strong></span> <span class='ocrx_word' id='word_1_454' title='bbox 2972 3280 3324 3337; x_wconf 86' lang='lat' dir='ltr'><strong>obscuriores</strong></span> <span class='ocrx_word' id='word_1_455' title='bbox 3376 3281 3592 3337; x_wconf 71' lang='lat' dir='ltr'><strong>caeteris</strong></span> 
     </span>
    </p>
   </div>
   <div class='ocr_carea' id='block_1_64' title="bbox 298 3374 1892 3450">
    <p class='ocr_par' dir='ltr' id='par_1_64' title="bbox 298 3374 1892 3450">
     <span class='ocr_line' id='line_1_64' title="bbox 298 3374 1892 3450; baseline -0.003 -18"><span class='ocrx_word' id='word_1_456' title='bbox 298 3378 567 3450; x_wconf 73' lang='lat' dir='ltr'><strong>judicium</strong></span> <span class='ocrx_word' id='word_1_457' title='bbox 586 3393 601 3443; x_wconf 89' lang='lat'><strong>;</strong></span> <span class='ocrx_word' id='word_1_458' title='bbox 633 3376 704 3432; x_wconf 90' lang='lat' dir='ltr'><strong>ob</strong></span> <span class='ocrx_word' id='word_1_459' title='bbox 722 3375 829 3431; x_wconf 87' lang='lat' dir='ltr'><strong>hoc</strong></span> <span class='ocrx_word' id='word_1_460' title='bbox 841 3376 1095 3431; x_wconf 87' lang='lat' dir='ltr'><strong>videlicet</strong></span> <span class='ocrx_word' id='word_1_461' title='bbox 1116 3375 1261 3446; x_wconf 93' lang='lat' dir='ltr'><strong>quod</strong></span> <span class='ocrx_word' id='word_1_462' title='bbox 1288 3375 1343 3430; x_wconf 90' lang='lat' dir='ltr'><strong>in</strong></span> <span class='ocrx_word' id='word_1_463' title='bbox 1361 3374 1638 3447; x_wconf 85' lang='lat' dir='ltr'><strong>opusculis</strong></span> <span class='ocrx_word' id='word_1_464' title='bbox 1663 3374 1892 3441; x_wconf 86' lang='lat' dir='ltr'><strong>nostris,</strong></span> 
     </span>
    </p>
   </div>
   <div class='ocr_carea' id='block_1_65' title="bbox 302 3465 1897 3538">
    <p class='ocr_par' dir='ltr' id='par_1_65' title="bbox 302 3465 1897 3538">
     <span class='ocr_line' id='line_1_65' title="bbox 302 3465 1897 3538; baseline -0.002 -15"><span class='ocrx_word' id='word_1_465' title='bbox 302 3469 362 3523; x_wconf 87' lang='lat' dir='ltr'><strong>in</strong></span> <span class='ocrx_word' id='word_1_466' title='bbox 401 3467 740 3538; x_wconf 75' lang='lat' dir='ltr'><strong>expositione</strong></span> <span class='ocrx_word' id='word_1_467' title='bbox 771 3466 1152 3534; x_wconf 87' lang='lat' dir='ltr'><strong>Pentateuchi,</strong></span> <span class='ocrx_word' id='word_1_468' title='bbox 1201 3475 1364 3537; x_wconf 89' lang='lat' dir='ltr'><strong>atque</strong></span> <span class='ocrx_word' id='word_1_469' title='bbox 1410 3465 1534 3521; x_wconf 88' lang='lat' dir='ltr'><strong>libri</strong></span> <span class='ocrx_word' id='word_1_470' title='bbox 1581 3465 1811 3537; x_wconf 61' lang='lat' dir='ltr'><strong>Regum,</strong></span> <span class='ocrx_word' id='word_1_471' title='bbox 1841 3473 1897 3520; x_wconf 86' lang='lat' dir='ltr'><strong>et</strong></span> 
     </span>
    </p>
   </div>
   <div class='ocr_carea' id='block_1_66' title="bbox 304 3555 1897 3628">
    <p class='ocr_par' dir='ltr' id='par_1_66' title="bbox 304 3555 1897 3628">
     <span class='ocr_line' id='line_1_66' title="bbox 304 3555 1897 3628; baseline -0.002 -15"><span class='ocrx_word' id='word_1_472' title='bbox 304 3568 458 3615; x_wconf 88' lang='lat' dir='ltr'><strong>tuam</strong></span> <span class='ocrx_word' id='word_1_473' title='bbox 512 3558 852 3628; x_wconf 90' lang='lat' dir='ltr'><strong>petitionem,</strong></span> <span class='ocrx_word' id='word_1_474' title='bbox 907 3565 964 3613; x_wconf 89' lang='lat' dir='ltr'><strong>et</strong></span> <span class='ocrx_word' id='word_1_475' title='bbox 988 3571 1168 3612; x_wconf 87' lang='lat' dir='ltr'><strong>meam</strong></span> <span class='ocrx_word' id='word_1_476' title='bbox 1215 3555 1593 3626; x_wconf 77' lang='lat' dir='ltr'><strong>praelationem</strong></span> <span class='ocrx_word' id='word_1_477' title='bbox 1639 3556 1694 3610; x_wconf 88' lang='lat' dir='ltr'><strong>in</strong></span> <span class='ocrx_word' id='word_1_478' title='bbox 1721 3555 1897 3625; x_wconf 88' lang='lat' dir='ltr'><strong>capite</strong></span> 
     </span>
    </p>
   </div>
   <div class='ocr_carea' id='block_1_67' title="bbox 305 3646 1898 3720">
    <p class='ocr_par' dir='ltr' id='par_1_67' title="bbox 305 3646 1898 3720">
     <span class='ocr_line' id='line_1_67' title="bbox 305 3646 1898 3720; baseline -0.001 -18"><span class='ocrx_word' id='word_1_479' title='bbox 305 3663 512 3720; x_wconf 87' lang='lat' dir='ltr'><strong>ponere</strong></span> <span class='ocrx_word' id='word_1_480' title='bbox 531 3648 726 3719; x_wconf 79' lang='lat' dir='ltr'><strong>iubes;</strong></span> <span class='ocrx_word' id='word_1_481' title='bbox 760 3647 903 3717; x_wconf 89' lang='lat' dir='ltr'><strong>quod</strong></span> <span class='ocrx_word' id='word_1_482' title='bbox 924 3646 1111 3702; x_wconf 88' lang='lat' dir='ltr'><strong>multis</strong></span> <span class='ocrx_word' id='word_1_483' title='bbox 1134 3656 1322 3702; x_wconf 87' lang='lat' dir='ltr'><strong>nostro</strong></span> <span class='ocrx_word' id='word_1_484' title='bbox 1368 3654 1615 3717; x_wconf 90' lang='lat' dir='ltr'><strong>tempore</strong></span> <span class='ocrx_word' id='word_1_485' title='bbox 1636 3661 1898 3716; x_wconf 68' lang='lat' dir='ltr'><strong>praesum-</strong></span> 
     </span>
    </p>
   </div>
   <div class='ocr_carea' id='block_1_68' title="bbox 303 3736 1895 3810">
    <p class='ocr_par' dir='ltr' id='par_1_68' title="bbox 303 3736 1895 3810">
     <span class='ocr_line' id='line_1_68' title="bbox 303 3736 1895 3810; baseline 0 -18"><span class='ocrx_word' id='word_1_486' title='bbox 303 3746 561 3810; x_wconf 87' lang='lat' dir='ltr'><strong>ptuosum</strong></span> <span class='ocrx_word' id='word_1_487' title='bbox 582 3752 704 3793; x_wconf 87' lang='lat' dir='ltr'><strong>esse</strong></span> <span class='ocrx_word' id='word_1_488' title='bbox 724 3738 951 3802; x_wconf 84' lang='lat' dir='ltr'><strong>videtur,</strong></span> <span class='ocrx_word' id='word_1_489' title='bbox 985 3745 1150 3806; x_wconf 91' lang='lat' dir='ltr'><strong>atque</strong></span> <span class='ocrx_word' id='word_1_490' title='bbox 1173 3736 1483 3793; x_wconf 88' lang='lat' dir='ltr'><strong>ridiculum.</strong></span> <span class='ocrx_word' id='word_1_491' title='bbox 1508 3737 1612 3804; x_wconf 91' lang='lat' dir='ltr'><strong>Qui</strong></span> <span class='ocrx_word' id='word_1_492' title='bbox 1636 3738 1682 3792; x_wconf 87' lang='lat' dir='ltr'><strong>si</strong></span> <span class='ocrx_word' id='word_1_493' title='bbox 1704 3752 1895 3792; x_wconf 83' lang='lat' dir='ltr'><strong>verum</strong></span> 
     </span>
    </p>
   </div>
   <div class='ocr_carea' id='block_1_69' title="bbox 308 3827 1899 3899">
    <p class='ocr_par' dir='ltr' id='par_1_69' title="bbox 308 3827 1899 3899">
     <span class='ocr_line' id='line_1_69' title="bbox 308 3827 1899 3899; baseline 0 -15"><span class='ocrx_word' id='word_1_494' title='bbox 308 3844 511 3884; x_wconf 89' lang='lat' dir='ltr'><strong>nomen</strong></span> <span class='ocrx_word' id='word_1_495' title='bbox 538 3829 567 3869; x_wconf 74' lang='grc' dir='ltr'><strong>ι)</strong></span> <span class='ocrx_word' id='word_1_496' title='bbox 608 3827 943 3899; x_wconf 79' lang='lat' dir='ltr'><strong>praefationis</strong></span> <span class='ocrx_word' id='word_1_497' title='bbox 986 3835 1229 3891; x_wconf 90' lang='lat' dir='ltr'><strong>nossent,</strong></span> <span class='ocrx_word' id='word_1_498' title='bbox 1264 3842 1370 3883; x_wconf 91' lang='lat' dir='ltr'><strong>non</strong></span> <span class='ocrx_word' id='word_1_499' title='bbox 1402 3838 1533 3897; x_wconf 91' lang='lat' dir='ltr'><strong>puto</strong></span> <span class='ocrx_word' id='word_1_500' title='bbox 1568 3829 1672 3883; x_wconf 88' lang='lat' dir='ltr'><strong>ista</strong></span> <span class='ocrx_word' id='word_1_501' title='bbox 1714 3828 1899 3884; x_wconf 84' lang='lat' dir='ltr'><strong>dicere</strong></span> 
     </span>
    </p>
   </div>
   <div class='ocr_carea' id='block_1_70' title="bbox 315 3918 1895 3990">
    <p class='ocr_par' dir='ltr' id='par_1_70' title="bbox 315 3918 1895 3990">
     <span class='ocr_line' id='line_1_70' title="bbox 315 3918 1895 3990; baseline -0.001 -18"><span class='ocrx_word' id='word_1_502' title='bbox 315 3919 667 3989; x_wconf 85' lang='lat' dir='ltr'><strong>potuissent:</strong></span> <span class='ocrx_word' id='word_1_503' title='bbox 701 3920 829 3989; x_wconf 88' lang='lat' dir='ltr'><strong>quia</strong></span> <span class='ocrx_word' id='word_1_504' title='bbox 853 3919 1101 3990; x_wconf 82' lang='lat' dir='ltr'><strong>praefatio</strong></span> <span class='ocrx_word' id='word_1_505' title='bbox 1126 3918 1285 3988; x_wconf 89' lang='lat' dir='ltr'><strong>primi</strong></span> <span class='ocrx_word' id='word_1_506' title='bbox 1330 3918 1512 3987; x_wconf 87' lang='lat' dir='ltr'><strong>operis</strong></span> <span class='ocrx_word' id='word_1_507' title='bbox 1562 3919 1763 3972; x_wconf 89' lang='lat' dir='ltr'><strong>locutio</strong></span> <span class='ocrx_word' id='word_1_508' title='bbox 1789 3927 1895 3984; x_wconf 88' lang='lat' dir='ltr'><strong>est,</strong></span> 
     </span>
    </p>
   </div>
   <div class='ocr_carea' id='block_1_71' title="bbox 318 4009 1901 4080">
    <p class='ocr_par' dir='ltr' id='par_1_71' title="bbox 318 4009 1901 4080">
     <span class='ocr_line' id='line_1_71' title="bbox 318 4009 1901 4080; baseline -0.001 -16"><span class='ocrx_word' id='word_1_509' title='bbox 318 4018 377 4064; x_wconf 90' lang='lat' dir='ltr'><strong>et</strong></span> <span class='ocrx_word' id='word_1_510' title='bbox 409 4012 431 4041; x_wconf 68' lang='grc' dir='ltr'><strong>ο</strong></span> <span class='ocrx_word' id='word_1_511' title='bbox 463 4009 781 4080; x_wconf 72' lang='lat' dir='ltr'><strong>praelocutio</strong></span> <span class='ocrx_word' id='word_1_512' title='bbox 829 4009 1115 4076; x_wconf 88' lang='lat' dir='ltr'><strong>librorum,</strong></span> <span class='ocrx_word' id='word_1_513' title='bbox 1165 4024 1288 4079; x_wconf 66' lang='lat' dir='ltr'><strong>qua:</strong></span> <span class='ocrx_word' id='word_1_514' title='bbox 1312 4018 1438 4063; x_wconf 88' lang='lat' dir='ltr'><strong>ante</strong></span> <span class='ocrx_word' id='word_1_515' title='bbox 1486 4023 1682 4063; x_wconf 82' lang='lat' dir='ltr'><strong>causas</strong></span> <span class='ocrx_word' id='word_1_516' title='bbox 1710 4023 1901 4063; x_wconf 88' lang='lat' dir='ltr'><strong>narra-</strong></span> 
     </span>
    </p>
   </div>
   <div class='ocr_carea' id='block_1_72' title="bbox 312 4099 1896 4170">
    <p class='ocr_par' dir='ltr' id='par_1_72' title="bbox 312 4099 1896 4170">
     <span class='ocr_line' id='line_1_72' title="bbox 312 4099 1896 4170; baseline 0.001 -16"><span class='ocrx_word' id='word_1_517' title='bbox 312 4101 522 4155; x_wconf 86' lang='lat' dir='ltr'><strong>tionum</strong></span> <span class='ocrx_word' id='word_1_518' title='bbox 549 4101 616 4155; x_wconf 87' lang='lat' dir='ltr'><strong>ad</strong></span> <span class='ocrx_word' id='word_1_519' title='bbox 639 4100 989 4156; x_wconf 78' lang='lat' dir='ltr'><strong>instruendus</strong></span> <span class='ocrx_word' id='word_1_520' title='bbox 1015 4099 1351 4154; x_wconf 88' lang='lat' dir='ltr'><strong>audientium</strong></span> <span class='ocrx_word' id='word_1_521' title='bbox 1404 4115 1564 4155; x_wconf 87' lang='lat' dir='ltr'><strong>aures</strong></span> <span class='ocrx_word' id='word_1_522' title='bbox 1590 4108 1896 4170; x_wconf 84' lang='lat' dir='ltr'><strong>coaptatur.</strong></span> 
     </span>
    </p>
   </div>
   <div class='ocr_carea' id='block_1_73' title="bbox 312 4190 1901 4262">
    <p class='ocr_par' dir='ltr' id='par_1_73' title="bbox 312 4190 1901 4262">
     <span class='ocr_line' id='line_1_73' title="bbox 312 4190 1901 4262; baseline 0 -16"><span class='ocrx_word' id='word_1_523' title='bbox 312 4192 466 4247; x_wconf 87' lang='lat' dir='ltr'><strong>Dicta</strong></span> <span class='ocrx_word' id='word_1_524' title='bbox 493 4200 676 4246; x_wconf 87' lang='lat' dir='ltr'><strong>autem</strong></span> <span class='ocrx_word' id='word_1_525' title='bbox 724 4190 996 4261; x_wconf 69' lang='lat' dir='ltr'><strong>prmfatio,</strong></span> <span class='ocrx_word' id='word_1_526' title='bbox 1031 4191 1185 4260; x_wconf 86' lang='lat' dir='ltr'><strong>quasi</strong></span> <span class='ocrx_word' id='word_1_527' title='bbox 1210 4190 1547 4261; x_wconf 74' lang='lat' dir='ltr'><strong>praelocutio,</strong></span> <span class='ocrx_word' id='word_1_528' title='bbox 1600 4191 1653 4245; x_wconf 93' lang='lat' dir='ltr'><strong>id</strong></span> <span class='ocrx_word' id='word_1_529' title='bbox 1674 4199 1757 4246; x_wconf 91' lang='lat' dir='ltr'><strong>est</strong></span> <span class='ocrx_word' id='word_1_530' title='bbox 1786 4192 1901 4262; x_wconf 88' lang='lat' dir='ltr'><strong>pri-</strong></span> 
     </span>
    </p>
   </div>
   <div class='ocr_carea' id='block_1_74' title="bbox 314 4281 1901 4353">
    <p class='ocr_par' dir='ltr' id='par_1_74' title="bbox 314 4281 1901 4353">
     <span class='ocr_line' id='line_1_74' title="bbox 314 4281 1901 4353; baseline -0.001 -15"><span class='ocrx_word' id='word_1_531' title='bbox 314 4298 402 4338; x_wconf 88' lang='lat' dir='ltr'><strong>ma</strong></span> <span class='ocrx_word' id='word_1_532' title='bbox 436 4282 658 4348; x_wconf 86' lang='lat' dir='ltr'><strong>locutio,</strong></span> <span class='ocrx_word' id='word_1_533' title='bbox 691 4290 748 4337; x_wconf 91' lang='lat' dir='ltr'><strong>et</strong></span> <span class='ocrx_word' id='word_1_534' title='bbox 774 4281 883 4337; x_wconf 89' lang='lat' dir='ltr'><strong>alio</strong></span> <span class='ocrx_word' id='word_1_535' title='bbox 905 4282 1127 4336; x_wconf 89' lang='lat' dir='ltr'><strong>nomine</strong></span> <span class='ocrx_word' id='word_1_536' title='bbox 1152 4281 1430 4353; x_wconf 87' lang='lat' dir='ltr'><strong>prologus,</strong></span> <span class='ocrx_word' id='word_1_537' title='bbox 1462 4281 1516 4335; x_wconf 88' lang='lat' dir='ltr'><strong>id</strong></span> <span class='ocrx_word' id='word_1_538' title='bbox 1554 4291 1638 4337; x_wconf 90' lang='lat' dir='ltr'><strong>est</strong></span> <span class='ocrx_word' id='word_1_539' title='bbox 1668 4296 1901 4351; x_wconf 87' lang='lat' dir='ltr'><strong>sequen-</strong></span> 
     </span>
    </p>
   </div>
   <div class='ocr_carea' id='block_1_75' title="bbox 321 4370 1901 4443">
    <p class='ocr_par' dir='ltr' id='par_1_75' title="bbox 321 4370 1901 4443">
     <span class='ocr_line' id='line_1_75' title="bbox 321 4370 1901 4443; baseline 0.001 -16"><span class='ocrx_word' id='word_1_540' title='bbox 321 4374 394 4427; x_wconf 88' lang='lat' dir='ltr'><strong>tis</strong></span> <span class='ocrx_word' id='word_1_541' title='bbox 418 4372 597 4443; x_wconf 89' lang='lat' dir='ltr'><strong>operis</strong></span> <span class='ocrx_word' id='word_1_542' title='bbox 623 4370 888 4441; x_wconf 64' lang='lat' dir='ltr'><strong>praefatio,</strong></span> <span class='ocrx_word' id='word_1_543' title='bbox 915 4379 1020 4438; x_wconf 88' lang='lat' dir='ltr'><strong>est,</strong></span> <span class='ocrx_word' id='word_1_544' title='bbox 1061 4379 1116 4426; x_wconf 91' lang='lat' dir='ltr'><strong>et</strong></span> <span class='ocrx_word' id='word_1_545' title='bbox 1138 4370 1353 4425; x_wconf 89' lang='lat' dir='ltr'><strong>initium</strong></span> <span class='ocrx_word' id='word_1_546' title='bbox 1376 4370 1684 4437; x_wconf 87' lang='lat' dir='ltr'><strong>locutionis,</strong></span> <span class='ocrx_word' id='word_1_547' title='bbox 1714 4379 1771 4425; x_wconf 93' lang='lat' dir='ltr'><strong>et</strong></span> <span class='ocrx_word' id='word_1_548' title='bbox 1805 4387 1901 4429; x_wconf 79' lang='lat' dir='ltr'><strong>ca-</strong></span> 
     </span>
    </p>
   </div>
   <div class='ocr_carea' id='block_1_76' title="bbox 313 4461 1903 4533">
    <p class='ocr_par' dir='ltr' id='par_1_76' title="bbox 313 4461 1903 4533">
     <span class='ocr_line' id='line_1_76' title="bbox 313 4461 1903 4533; baseline 0.001 -17"><span class='ocrx_word' id='word_1_549' title='bbox 313 4471 413 4532; x_wconf 90' lang='lat' dir='ltr'><strong>put</strong></span> <span class='ocrx_word' id='word_1_550' title='bbox 464 4462 897 4533; x_wconf 87' lang='lat' dir='ltr'><strong>compositionis,</strong></span> <span class='ocrx_word' id='word_1_551' title='bbox 958 4463 1104 4533; x_wconf 84' lang='lat' dir='ltr'><strong>quod</strong></span> <span class='ocrx_word' id='word_1_552' title='bbox 1166 4470 1221 4517; x_wconf 93' lang='lat' dir='ltr'><strong>et</strong></span> <span class='ocrx_word' id='word_1_553' title='bbox 1250 4461 1358 4517; x_wconf 89' lang='lat' dir='ltr'><strong>alio</strong></span> <span class='ocrx_word' id='word_1_554' title='bbox 1423 4462 1641 4517; x_wconf 88' lang='lat' dir='ltr'><strong>nomine</strong></span> <span class='ocrx_word' id='word_1_555' title='bbox 1704 4463 1903 4518; x_wconf 90' lang='lat' dir='ltr'><strong>dicitur</strong></span> 
     </span>
    </p>
   </div>
   <div class='ocr_carea' id='block_1_77' title="bbox 1996 3368 3593 3444">
    <p class='ocr_par' dir='ltr' id='par_1_77' title="bbox 1996 3368 3593 3444">
     <span class='ocr_line' id='line_1_77' title="bbox 1996 3368 3593 3444; baseline 0.004 -22"><span class='ocrx_word' id='word_1_556' title='bbox 1996 3369 2151 3425; x_wconf 91' lang='lat' dir='ltr'><strong>libris</strong></span> <span class='ocrx_word' id='word_1_557' title='bbox 2180 3369 2376 3424; x_wconf 71' lang='lat' dir='ltr'><strong>divina:</strong></span> <span class='ocrx_word' id='word_1_558' title='bbox 2425 3368 2561 3439; x_wconf 84' lang='lat' dir='ltr'><strong>legis</strong></span> <span class='ocrx_word' id='word_1_559' title='bbox 2588 3376 2734 3436; x_wconf 90' lang='lat' dir='ltr'><strong>sunt,</strong></span> <span class='ocrx_word' id='word_1_560' title='bbox 2763 3379 2821 3426; x_wconf 91' lang='lat' dir='ltr'><strong>et</strong></span> <span class='ocrx_word' id='word_1_561' title='bbox 2860 3385 3060 3443; x_wconf 85' lang='lat' dir='ltr'><strong>magno</strong></span> <span class='ocrx_word' id='word_1_562' title='bbox 3109 3373 3410 3444; x_wconf 88' lang='lat' dir='ltr'><strong>interprete</strong></span> <span class='ocrx_word' id='word_1_563' title='bbox 3453 3375 3593 3430; x_wconf 86' lang='lat' dir='ltr'><strong>indi—</strong></span> 
     </span>
    </p>
   </div>
   <div class='ocr_carea' id='block_1_78' title="bbox 1996 3458 3592 3534">
    <p class='ocr_par' dir='ltr' id='par_1_78' title="bbox 1996 3458 3592 3534">
     <span class='ocr_line' id='line_1_78' title="bbox 1996 3458 3592 3534; baseline 0.003 -19"><span class='ocrx_word' id='word_1_564' title='bbox 1996 3468 2142 3532; x_wconf 87' lang='lat' dir='ltr'><strong>gent,</strong></span> <span class='ocrx_word' id='word_1_565' title='bbox 2173 3459 2410 3530; x_wconf 88' lang='lat' dir='ltr'><strong>atquein</strong></span> <span class='ocrx_word' id='word_1_566' title='bbox 2435 3458 2535 3526; x_wconf 88' lang='lat' dir='ltr'><strong>eis,</strong></span> <span class='ocrx_word' id='word_1_567' title='bbox 2566 3475 2676 3514; x_wconf 90' lang='lat' dir='ltr'><strong>non</strong></span> <span class='ocrx_word' id='word_1_568' title='bbox 2703 3476 2771 3515; x_wconf 79' lang='lat' dir='ltr'><strong>ex</strong></span> <span class='ocrx_word' id='word_1_569' title='bbox 2811 3476 2934 3517; x_wconf 90' lang='lat' dir='ltr'><strong>meo</strong></span> <span class='ocrx_word' id='word_1_570' title='bbox 2984 3463 3222 3534; x_wconf 86' lang='lat' dir='ltr'><strong>ingenio,</strong></span> <span class='ocrx_word' id='word_1_571' title='bbox 3250 3465 3345 3519; x_wconf 89' lang='lat' dir='ltr'><strong>sed</strong></span> <span class='ocrx_word' id='word_1_572' title='bbox 3372 3480 3440 3521; x_wconf 87' lang='lat' dir='ltr'><strong>ex</strong></span> <span class='ocrx_word' id='word_1_573' title='bbox 3470 3464 3592 3519; x_wconf 84' lang='lat' dir='ltr'><strong>illu-</strong></span> 
     </span>
    </p>
   </div>
   <div class='ocr_carea' id='block_1_79' title="bbox 1997 3549 3589 3622">
    <p class='ocr_par' dir='ltr' id='par_1_79' title="bbox 1997 3549 3589 3622">
     <span class='ocr_line' id='line_1_79' title="bbox 1997 3549 3589 3622; baseline 0.003 -18"><span class='ocrx_word' id='word_1_574' title='bbox 1997 3549 2193 3604; x_wconf 87' lang='lat' dir='ltr'><strong>strium</strong></span> <span class='ocrx_word' id='word_1_575' title='bbox 2220 3549 2505 3604; x_wconf 88' lang='lat' dir='ltr'><strong>doctorum</strong></span> <span class='ocrx_word' id='word_1_576' title='bbox 2533 3549 2760 3620; x_wconf 86' lang='lat' dir='ltr'><strong>judicio,</strong></span> <span class='ocrx_word' id='word_1_577' title='bbox 2792 3565 2969 3619; x_wconf 88' lang='lat' dir='ltr'><strong>neque</strong></span> <span class='ocrx_word' id='word_1_578' title='bbox 2991 3568 3058 3607; x_wconf 75' lang='lat' dir='ltr'><strong>ex</strong></span> <span class='ocrx_word' id='word_1_579' title='bbox 3091 3554 3312 3622; x_wconf 89' lang='lat' dir='ltr'><strong>propria</strong></span> <span class='ocrx_word' id='word_1_580' title='bbox 3363 3556 3589 3609; x_wconf 87' lang='lat' dir='ltr'><strong>temeri-</strong></span> 
     </span>
    </p>
   </div>
   <div class='ocr_carea' id='block_1_80' title="bbox 1998 3636 3591 3712">
    <p class='ocr_par' dir='ltr' id='par_1_80' title="bbox 1998 3636 3591 3712">
     <span class='ocr_line' id='line_1_80' title="bbox 1998 3636 3591 3712; baseline 0.004 -22"><span class='ocrx_word' id='word_1_581' title='bbox 1998 3646 2128 3703; x_wconf 86' lang='lat' dir='ltr'><strong>tate,</strong></span> <span class='ocrx_word' id='word_1_582' title='bbox 2161 3637 2257 3692; x_wconf 88' lang='lat' dir='ltr'><strong>sed</strong></span> <span class='ocrx_word' id='word_1_583' title='bbox 2305 3651 2374 3691; x_wconf 78' lang='lat' dir='ltr'><strong>ex</strong></span> <span class='ocrx_word' id='word_1_584' title='bbox 2400 3636 2630 3693; x_wconf 88' lang='lat' dir='ltr'><strong>aliorum</strong></span> <span class='ocrx_word' id='word_1_585' title='bbox 2688 3641 3016 3694; x_wconf 85' lang='lat' dir='ltr'><strong>auctoritate</strong></span> <span class='ocrx_word' id='word_1_586' title='bbox 3072 3640 3591 3712; x_wconf 84' lang='lat' dir='ltr'><strong>interrogationibus</strong></span> 
     </span>
    </p>
   </div>
   <div class='ocr_carea' id='block_1_81' title="bbox 1999 3728 3588 3801">
    <p class='ocr_par' dir='ltr' id='par_1_81' title="bbox 1999 3728 3588 3801">
     <span class='ocr_line' id='line_1_81' title="bbox 1999 3728 3588 3801; baseline 0.004 -19"><span class='ocrx_word' id='word_1_587' title='bbox 1999 3728 2126 3791; x_wconf 87' lang='lat' dir='ltr'><strong>tuis,</strong></span> <span class='ocrx_word' id='word_1_588' title='bbox 2172 3743 2282 3783; x_wconf 91' lang='lat' dir='ltr'><strong>non</strong></span> <span class='ocrx_word' id='word_1_589' title='bbox 2326 3736 2593 3797; x_wconf 89' lang='lat' dir='ltr'><strong>quantum</strong></span> <span class='ocrx_word' id='word_1_590' title='bbox 2632 3729 2814 3795; x_wconf 87' lang='lat' dir='ltr'><strong>debui,</strong></span> <span class='ocrx_word' id='word_1_591' title='bbox 2854 3731 2951 3785; x_wconf 90' lang='lat' dir='ltr'><strong>sed</strong></span> <span class='ocrx_word' id='word_1_592' title='bbox 2996 3740 3259 3800; x_wconf 89' lang='lat' dir='ltr'><strong>quantum</strong></span> <span class='ocrx_word' id='word_1_593' title='bbox 3305 3734 3479 3801; x_wconf 91' lang='lat' dir='ltr'><strong>potui,</strong></span> <span class='ocrx_word' id='word_1_594' title='bbox 3505 3750 3588 3790; x_wconf 89' lang='lat' dir='ltr'><strong>sa-</strong></span> 
     </span>
    </p>
   </div>
   <div class='ocr_carea' id='block_1_82' title="bbox 1999 3816 3588 3891">
    <p class='ocr_par' dir='ltr' id='par_1_82' title="bbox 1999 3816 3588 3891">
     <span class='ocr_line' id='line_1_82' title="bbox 1999 3816 3588 3891; baseline 0.004 -19"><span class='ocrx_word' id='word_1_595' title='bbox 1999 3816 2196 3881; x_wconf 78' lang='lat' dir='ltr'><strong>tisfeci,</strong></span> <span class='ocrx_word' id='word_1_596' title='bbox 2253 3831 2590 3872; x_wconf 86' lang='lat' dir='ltr'><strong>conservans</strong></span> <span class='ocrx_word' id='word_1_597' title='bbox 2622 3833 2731 3872; x_wconf 90' lang='lat' dir='ltr'><strong>non</strong></span> <span class='ocrx_word' id='word_1_598' title='bbox 2770 3826 2883 3873; x_wconf 88' lang='lat' dir='ltr'><strong>tam</strong></span> <span class='ocrx_word' id='word_1_599' title='bbox 2933 3818 2962 3859; x_wconf 73' lang='grc' dir='ltr'><strong>ἀ</strong></span> <span class='ocrx_word' id='word_1_600' title='bbox 3006 3820 3207 3891; x_wconf 86' lang='lat' dir='ltr'><strong>eloquii</strong></span> <span class='ocrx_word' id='word_1_601' title='bbox 3257 3823 3588 3880; x_wconf 79' lang='lat' dir='ltr'><strong>exsultantis</strong></span> 
     </span>
    </p>
   </div>
   <div class='ocr_carea' id='block_1_83' title="bbox 1999 3907 3585 3976">
    <p class='ocr_par' dir='ltr' id='par_1_83' title="bbox 1999 3907 3585 3976">
     <span class='ocr_line' id='line_1_83' title="bbox 1999 3907 3585 3976; baseline 0.006 -16"><span class='ocrx_word' id='word_1_602' title='bbox 1999 3907 2285 3973; x_wconf 85' lang='lat' dir='ltr'><strong>ambitum,</strong></span> <span class='ocrx_word' id='word_1_603' title='bbox 2319 3922 2484 3976; x_wconf 91' lang='lat' dir='ltr'><strong>quam</strong></span> <span class='ocrx_word' id='word_1_604' title='bbox 2516 3907 2838 3963; x_wconf 70' lang='lat' dir='ltr'><strong>necessaria:</strong></span> <span class='ocrx_word' id='word_1_605' title='bbox 2879 3909 3165 3965; x_wconf 79' lang='lat' dir='ltr'><strong>brevitatis</strong></span> <span class='ocrx_word' id='word_1_606' title='bbox 3186 3913 3407 3967; x_wconf 83' lang='lat' dir='ltr'><strong>modum</strong></span> <span class='ocrx_word' id='word_1_607' title='bbox 3441 3931 3454 3967; x_wconf 89' lang='lat'>:</span> <span class='ocrx_word' id='word_1_608' title='bbox 3504 3915 3585 3971; x_wconf 91' lang='lat' dir='ltr'><strong>sic</strong></span> 
     </span>
    </p>
   </div>
   <div class='ocr_carea' id='block_1_84' title="bbox 1999 3998 3585 4074">
    <p class='ocr_par' dir='ltr' id='par_1_84' title="bbox 1999 3998 3585 4074">
     <span class='ocr_line' id='line_1_84' title="bbox 1999 3998 3585 4074; baseline 0.004 -21"><span class='ocrx_word' id='word_1_609' title='bbox 1999 3998 2145 4054; x_wconf 89' lang='lat' dir='ltr'><strong>enim</strong></span> <span class='ocrx_word' id='word_1_610' title='bbox 2181 4005 2239 4053; x_wconf 89' lang='lat' dir='ltr'><strong>et</strong></span> <span class='ocrx_word' id='word_1_611' title='bbox 2258 3998 2563 4054; x_wconf 86' lang='lat' dir='ltr'><strong>innumeris</strong></span> <span class='ocrx_word' id='word_1_612' title='bbox 2585 3998 2842 4054; x_wconf 79' lang='lat' dir='ltr'><strong>satisﬁeri</strong></span> <span class='ocrx_word' id='word_1_613' title='bbox 2885 4000 3331 4071; x_wconf 88' lang='lat' dir='ltr'><strong>inquisitionibus</strong></span> <span class='ocrx_word' id='word_1_614' title='bbox 3358 4005 3464 4060; x_wconf 90' lang='lat' dir='ltr'><strong>tuis</strong></span> <span class='ocrx_word' id='word_1_615' title='bbox 3486 4020 3585 4074; x_wconf 84' lang='lat' dir='ltr'><strong>po-</strong></span> 
     </span>
    </p>
   </div>
   <div class='ocr_carea' id='block_1_85' title="bbox 2000 4088 3590 4163">
    <p class='ocr_par' dir='ltr' id='par_1_85' title="bbox 2000 4088 3590 4163">
     <span class='ocr_line' id='line_1_85' title="bbox 2000 4088 3590 4163; baseline 0.006 -22"><span class='ocrx_word' id='word_1_616' title='bbox 2000 4088 2150 4154; x_wconf 86' lang='lat' dir='ltr'><strong>terit,</strong></span> <span class='ocrx_word' id='word_1_617' title='bbox 2176 4095 2234 4142; x_wconf 91' lang='lat' dir='ltr'><strong>et</strong></span> <span class='ocrx_word' id='word_1_618' title='bbox 2279 4088 2409 4143; x_wconf 90' lang='lat' dir='ltr'><strong>mihi</strong></span> <span class='ocrx_word' id='word_1_619' title='bbox 2440 4088 2664 4159; x_wconf 90' lang='lat' dir='ltr'><strong>insuper</strong></span> <span class='ocrx_word' id='word_1_620' title='bbox 2695 4089 2925 4145; x_wconf 89' lang='lat' dir='ltr'><strong>liberum</strong></span> <span class='ocrx_word' id='word_1_621' title='bbox 2968 4092 3075 4147; x_wconf 89' lang='lat' dir='ltr'><strong>erit</strong></span> <span class='ocrx_word' id='word_1_622' title='bbox 3102 4092 3281 4163; x_wconf 86' lang='lat' dir='ltr'><strong>aliqua</strong></span> <span class='ocrx_word' id='word_1_623' title='bbox 3319 4095 3590 4156; x_wconf 79' lang='lat' dir='ltr'><strong>extrinse-</strong></span> 
     </span>
    </p>
   </div>
   <div class='ocr_carea' id='block_1_86' title="bbox 1999 4179 3589 4250">
    <p class='ocr_par' dir='ltr' id='par_1_86' title="bbox 1999 4179 3589 4250">
     <span class='ocr_line' id='line_1_86' title="bbox 1999 4179 3589 4250; baseline 0.008 -17"><span class='ocrx_word' id='word_1_624' title='bbox 1999 4194 2119 4245; x_wconf 86' lang='lat' dir='ltr'><strong>cus,</strong></span> <span class='ocrx_word' id='word_1_625' title='bbox 2142 4194 2264 4250; x_wconf 70' lang='lat' dir='ltr'><strong>quae</strong></span> <span class='ocrx_word' id='word_1_626' title='bbox 2292 4179 2586 4250; x_wconf 81' lang='lat' dir='ltr'><strong>cognitioni</strong></span> <span class='ocrx_word' id='word_1_627' title='bbox 2619 4190 2723 4237; x_wconf 77' lang='lat' dir='ltr'><strong>tuae</strong></span> <span class='ocrx_word' id='word_1_628' title='bbox 2748 4183 2902 4239; x_wconf 85' lang='lat' dir='ltr'><strong>utilia</strong></span> <span class='ocrx_word' id='word_1_629' title='bbox 2929 4182 3186 4249; x_wconf 85' lang='lat' dir='ltr'><strong>arbitror,</strong></span> <span class='ocrx_word' id='word_1_630' title='bbox 3213 4185 3265 4239; x_wconf 89' lang='lat' dir='ltr'><strong>in</strong></span> <span class='ocrx_word' id='word_1_631' title='bbox 3290 4185 3412 4243; x_wconf 89' lang='lat' dir='ltr'><strong>aliis</strong></span> <span class='ocrx_word' id='word_1_632' title='bbox 3433 4187 3589 4245; x_wconf 85' lang='lat' dir='ltr'><strong>libris</strong></span> 
     </span>
    </p>
   </div>
   <div class='ocr_carea' id='block_1_87' title="bbox 2000 4274 3591 4348">
    <p class='ocr_par' dir='ltr' id='par_1_87' title="bbox 2000 4274 3591 4348">
     <span class='ocr_line' id='line_1_87' title="bbox 2000 4274 3591 4348; baseline 0.004 -19"><span class='ocrx_word' id='word_1_633' title='bbox 2000 4274 2263 4339; x_wconf 85' lang='lat' dir='ltr'><strong>inserere,</strong></span> <span class='ocrx_word' id='word_1_634' title='bbox 2291 4274 2338 4329; x_wconf 89' lang='lat' dir='ltr'><strong>si</strong></span> <span class='ocrx_word' id='word_1_635' title='bbox 2374 4274 2479 4329; x_wconf 90' lang='lat' dir='ltr'><strong>ista</strong></span> <span class='ocrx_word' id='word_1_636' title='bbox 2518 4275 2615 4331; x_wconf 90' lang='lat' dir='ltr'><strong>tibi</strong></span> <span class='ocrx_word' id='word_1_637' title='bbox 2639 4284 2860 4347; x_wconf 83' lang='lat' dir='ltr'><strong>accepta</strong></span> <span class='ocrx_word' id='word_1_638' title='bbox 2907 4276 3258 4348; x_wconf 76' lang='lat' dir='ltr'><strong>iudicaveris.</strong></span> <span class='ocrx_word' id='word_1_639' title='bbox 3308 4279 3465 4336; x_wconf 87' lang='lat' dir='ltr'><strong>Scire</strong></span> <span class='ocrx_word' id='word_1_640' title='bbox 3491 4296 3591 4336; x_wconf 88' lang='lat' dir='ltr'><strong>au-</strong></span> 
     </span>
    </p>
   </div>
   <div class='ocr_carea' id='block_1_88' title="bbox 2002 4365 3595 4443">
    <p class='ocr_par' dir='ltr' id='par_1_88' title="bbox 2002 4365 3595 4443">
     <span class='ocr_line' id='line_1_88' title="bbox 2002 4365 3595 4443; baseline 0.005 -23"><span class='ocrx_word' id='word_1_641' title='bbox 2002 4373 2112 4420; x_wconf 86' lang='lat' dir='ltr'><strong>tem</strong></span> <span class='ocrx_word' id='word_1_642' title='bbox 2161 4365 2281 4421; x_wconf 84' lang='lat' dir='ltr'><strong>volo</strong></span> <span class='ocrx_word' id='word_1_643' title='bbox 2321 4375 2395 4431; x_wconf 89' lang='lat' dir='ltr'><strong>te,</strong></span> <span class='ocrx_word' id='word_1_644' title='bbox 2432 4365 2620 4432; x_wconf 78' lang='lat' dir='ltr'><strong>frater,</strong></span> <span class='ocrx_word' id='word_1_645' title='bbox 2657 4369 2800 4443; x_wconf 87' lang='lat' dir='ltr'><strong>quod</strong></span> <span class='ocrx_word' id='word_1_646' title='bbox 2830 4369 2948 4424; x_wconf 64' lang='lat' dir='ltr'><strong>haec</strong></span> <span class='ocrx_word' id='word_1_647' title='bbox 2991 4369 3192 4425; x_wconf 85' lang='lat' dir='ltr'><strong>locutio</strong></span> <span class='ocrx_word' id='word_1_648' title='bbox 3230 4371 3347 4428; x_wconf 85' lang='lat' dir='ltr'><strong>vias</strong></span> <span class='ocrx_word' id='word_1_649' title='bbox 3370 4373 3595 4442; x_wconf 85' lang='lat' dir='ltr'><strong>quidem</strong></span> 
     </span>
    </p>
   </div>
   <div class='ocr_carea' id='block_1_89' title="bbox 2001 4460 3589 4533">
    <p class='ocr_par' dir='ltr' id='par_1_89' title="bbox 2001 4460 3589 4533">
     <span class='ocr_line' id='line_1_89' title="bbox 2001 4460 3589 4533; baseline 0.003 -18"><span class='ocrx_word' id='word_1_650' title='bbox 2001 4461 2212 4530; x_wconf 85' lang='lat' dir='ltr'><strong>aperiat</strong></span> <span class='ocrx_word' id='word_1_651' title='bbox 2241 4460 2612 4532; x_wconf 69' lang='lat' dir='ltr'><strong>intelligentiae</strong></span> <span class='ocrx_word' id='word_1_652' title='bbox 2644 4480 2657 4516; x_wconf 90' lang='lat'><strong>:</strong></span> <span class='ocrx_word' id='word_1_653' title='bbox 2689 4477 2796 4519; x_wconf 88' lang='lat' dir='ltr'><strong>non</strong></span> <span class='ocrx_word' id='word_1_654' title='bbox 2829 4470 3011 4517; x_wconf 87' lang='lat' dir='ltr'><strong>tamen</strong></span> <span class='ocrx_word' id='word_1_655' title='bbox 3051 4463 3362 4533; x_wconf 85' lang='lat' dir='ltr'><strong>singillatim</strong></span> <span class='ocrx_word' id='word_1_656' title='bbox 3389 4473 3589 4521; x_wconf 84' lang='lat' dir='ltr'><strong>cuncta</strong></span> 
     </span>
    </p>
   </div>
   <div class='ocr_carea' id='block_1_90' title="bbox 296 4552 3591 4627">
    <p class='ocr_par' dir='ltr' id='par_1_90' title="bbox 296 4552 3591 4627">
     <span class='ocr_line' id='line_1_90' title="bbox 296 4552 3591 4627; baseline 0.003 -25"><span class='ocrx_word' id='word_1_657' title='bbox 296 4552 652 4620; x_wconf 66' lang='lat' dir='ltr'><strong>memmium;</strong></span> <span class='ocrx_word' id='word_1_658' title='bbox 678 4553 997 4623; x_wconf 74' lang='lat' dir='ltr'><strong>prommium</strong></span> <span class='ocrx_word' id='word_1_659' title='bbox 1030 4554 1176 4608; x_wconf 86' lang='lat' dir='ltr'><strong>enim</strong></span> <span class='ocrx_word' id='word_1_660' title='bbox 1200 4562 1287 4609; x_wconf 88' lang='lat' dir='ltr'><strong>est</strong></span> <span class='ocrx_word' id='word_1_661' title='bbox 1317 4554 1533 4609; x_wconf 89' lang='lat' dir='ltr'><strong>initium</strong></span> <span class='ocrx_word' id='word_1_662' title='bbox 1564 4555 1814 4622; x_wconf 88' lang='lat' dir='ltr'><strong>docendi,</strong></span> <span class='ocrx_word' id='word_1_663' title='bbox 1845 4562 1901 4610; x_wconf 88' lang='lat' dir='ltr'><strong>et</strong></span> <span class='ocrx_word' id='word_1_664' title='bbox 1926 4618 1970 4627; x_wconf 32' lang='lat' dir='ltr'><strong>ﬁ</strong></span> <span class='ocrx_word' id='word_1_665' title='bbox 2002 4567 2122 4622; x_wconf 78' lang='lat' dir='ltr'><strong>quae</strong></span> <span class='ocrx_word' id='word_1_666' title='bbox 2142 4552 2341 4622; x_wconf 87' lang='lat' dir='ltr'><strong>scripta</strong></span> <span class='ocrx_word' id='word_1_667' title='bbox 2373 4561 2519 4616; x_wconf 89' lang='lat' dir='ltr'><strong>sunt,</strong></span> <span class='ocrx_word' id='word_1_668' title='bbox 2548 4552 2780 4608; x_wconf 84' lang='lat' dir='ltr'><strong>disserat</strong></span> <span class='ocrx_word' id='word_1_669' title='bbox 2805 4559 2969 4621; x_wconf 89' lang='lat' dir='ltr'><strong>atque</strong></span> <span class='ocrx_word' id='word_1_670' title='bbox 3015 4553 3280 4609; x_wconf 86' lang='lat' dir='ltr'><strong>absolvat.</strong></span> <span class='ocrx_word' id='word_1_671' title='bbox 3312 4555 3465 4611; x_wconf 89' lang='lat' dir='ltr'><strong>Sicut</strong></span> <span class='ocrx_word' id='word_1_672' title='bbox 3494 4571 3591 4627; x_wconf 84' lang='lat' dir='ltr'><strong>po-</strong></span> 
     </span>
    </p>
   </div>
   <div class='ocr_carea' id='block_1_91' title="bbox 316 4618 3600 4716">
    <p class='ocr_par' dir='ltr' id='par_1_91' title="bbox 316 4618 3600 4716">
     <span class='ocr_line' id='line_1_91' title="bbox 316 4618 3600 4716; baseline 0.002 -19"><span class='ocrx_word' id='word_1_673' title='bbox 316 4644 589 4715; x_wconf 86' lang='lat' dir='ltr'><strong>principia</strong></span> <span class='ocrx_word' id='word_1_674' title='bbox 637 4618 922 4712; x_wconf 82' lang='lat' dir='ltr'><strong>librorum,</strong></span> <span class='ocrx_word' id='word_1_675' title='bbox 958 4661 1079 4716; x_wconf 76' lang='lat' dir='ltr'><strong>qum</strong></span> <span class='ocrx_word' id='word_1_676' title='bbox 1140 4656 1267 4700; x_wconf 85' lang='lat' dir='ltr'><strong>ante</strong></span> <span class='ocrx_word' id='word_1_677' title='bbox 1296 4662 1475 4702; x_wconf 72' lang='lat' dir='ltr'><strong>causae</strong></span> <span class='ocrx_word' id='word_1_678' title='bbox 1526 4618 1901 4704; x_wconf 71' lang='lat' dir='ltr'><strong>narrationem</strong></span> <span class='ocrx_word' id='word_1_679' title='bbox 1925 4618 1978 4677; x_wconf 71' lang='grc' dir='ltr'>Β</span> <span class='ocrx_word' id='word_1_680' title='bbox 2005 4618 2100 4707; x_wconf 47' lang='grc' dir='ltr'><strong>ι-ιιί,</strong></span> <span class='ocrx_word' id='word_1_681' title='bbox 2141 4618 2395 4713; x_wconf 80' lang='lat' dir='ltr'><strong>respondi</strong></span> <span class='ocrx_word' id='word_1_682' title='bbox 2422 4640 2864 4711; x_wconf 87' lang='lat' dir='ltr'><strong>inquisitionibus</strong></span> <span class='ocrx_word' id='word_1_683' title='bbox 2881 4618 3010 4697; x_wconf 71' lang='lat' dir='ltr'><strong>tuis.</strong></span> <span class='ocrx_word' id='word_1_684' title='bbox 3046 4641 3106 4697; x_wconf 89' lang='lat' dir='ltr'><strong>Si</strong></span> <span class='ocrx_word' id='word_1_685' title='bbox 3140 4643 3270 4713; x_wconf 89' lang='lat' dir='ltr'><strong>quid</strong></span> <span class='ocrx_word' id='word_1_686' title='bbox 3300 4645 3367 4700; x_wconf 91' lang='lat' dir='ltr'><strong>de</strong></span> <span class='ocrx_word' id='word_1_687' title='bbox 3391 4618 3600 4701; x_wconf 52' lang='lat' dir='ltr'><strong>bis-re-</strong></span> 
     </span>
    </p>
   </div>
   <div class='ocr_carea' id='block_1_92' title="bbox 316 4735 1900 4806">
    <p class='ocr_par' dir='ltr' id='par_1_92' title="bbox 316 4735 1900 4806">
     <span class='ocr_line' id='line_1_92' title="bbox 316 4735 1900 4806; baseline 0.001 -17"><span class='ocrx_word' id='word_1_688' title='bbox 316 4735 384 4791; x_wconf 89' lang='lat' dir='ltr'><strong>ad</strong></span> <span class='ocrx_word' id='word_1_689' title='bbox 406 4735 753 4792; x_wconf 88' lang='lat' dir='ltr'><strong>instruendas</strong></span> <span class='ocrx_word' id='word_1_690' title='bbox 779 4736 1114 4792; x_wconf 87' lang='lat' dir='ltr'><strong>audientium</strong></span> <span class='ocrx_word' id='word_1_691' title='bbox 1143 4752 1305 4792; x_wconf 85' lang='lat' dir='ltr'><strong>aures</strong></span> <span class='ocrx_word' id='word_1_692' title='bbox 1333 4744 1677 4806; x_wconf 86' lang='lat' dir='ltr'><strong>coaptantur.</strong></span> <span class='ocrx_word' id='word_1_693' title='bbox 1733 4737 1900 4806; x_wconf 86' lang='lat' dir='ltr'><strong>Cujus</strong></span> 
     </span>
    </p>
   </div>
   <div class='ocr_carea' id='block_1_93' title="bbox 318 4828 1904 4898">
    <p class='ocr_par' dir='ltr' id='par_1_93' title="bbox 318 4828 1904 4898">
     <span class='ocr_line' id='line_1_93' title="bbox 318 4828 1904 4898; baseline 0.003 -16"><span class='ocrx_word' id='word_1_694' title='bbox 318 4842 517 4883; x_wconf 90' lang='lat' dir='ltr'><strong>nomen</strong></span> <span class='ocrx_word' id='word_1_695' title='bbox 566 4828 809 4898; x_wconf 87' lang='lat' dir='ltr'><strong>plerique</strong></span> <span class='ocrx_word' id='word_1_696' title='bbox 843 4828 998 4883; x_wconf 83' lang='lat' dir='ltr'><strong>latini</strong></span> <span class='ocrx_word' id='word_1_697' title='bbox 1050 4829 1209 4898; x_wconf 87' lang='lat' dir='ltr'><strong>periti</strong></span> <span class='ocrx_word' id='word_1_698' title='bbox 1264 4828 1340 4882; x_wconf 84' lang='lat' dir='ltr'><strong>ita</strong></span> <span class='ocrx_word' id='word_1_699' title='bbox 1388 4840 1707 4898; x_wconf 88' lang='lat' dir='ltr'><strong>posuerunt.</strong></span> <span class='ocrx_word' id='word_1_700' title='bbox 1754 4830 1904 4887; x_wconf 89' lang='lat' dir='ltr'><strong>Sciat</strong></span> 
     </span>
    </p>
   </div>
   <div class='ocr_carea' id='block_1_94' title="bbox 317 4917 1903 4989">
    <p class='ocr_par' dir='ltr' id='par_1_94' title="bbox 317 4917 1903 4989">
     <span class='ocr_line' id='line_1_94' title="bbox 317 4917 1903 4989; baseline 0.003 -19"><span class='ocrx_word' id='word_1_701' title='bbox 317 4917 551 4989; x_wconf 80' lang='lat' dir='ltr'><strong>quisque</strong></span> <span class='ocrx_word' id='word_1_702' title='bbox 582 4918 670 4973; x_wconf 87' lang='lat' dir='ltr'><strong>ille</strong></span> <span class='ocrx_word' id='word_1_703' title='bbox 696 4927 797 4984; x_wconf 83' lang='lat' dir='ltr'><strong>est,</strong></span> <span class='ocrx_word' id='word_1_704' title='bbox 831 4927 1015 4973; x_wconf 89' lang='lat' dir='ltr'><strong>nostro</strong></span> <span class='ocrx_word' id='word_1_705' title='bbox 1056 4920 1285 4989; x_wconf 86' lang='lat' dir='ltr'><strong>tempori</strong></span> <span class='ocrx_word' id='word_1_706' title='bbox 1330 4918 1636 4984; x_wconf 87' lang='lat' dir='ltr'><strong>scientiam,</strong></span> <span class='ocrx_word' id='word_1_707' title='bbox 1669 4936 1776 4975; x_wconf 90' lang='lat' dir='ltr'><strong>non</strong></span> <span class='ocrx_word' id='word_1_708' title='bbox 1809 4936 1903 4974; x_wconf 90' lang='lat' dir='ltr'><strong>no-</strong></span> 
     </span>
    </p>
   </div>
   <div class='ocr_carea' id='block_1_95' title="bbox 320 5010 1904 5080">
    <p class='ocr_par' dir='ltr' id='par_1_95' title="bbox 320 5010 1904 5080">
     <span class='ocr_line' id='line_1_95' title="bbox 320 5010 1904 5080; baseline 0.001 -14"><span class='ocrx_word' id='word_1_709' title='bbox 320 5021 451 5067; x_wconf 57' lang='lat' dir='ltr'><strong>stra</strong></span> <span class='ocrx_word' id='word_1_710' title='bbox 509 5011 750 5066; x_wconf 64' lang='lat' dir='ltr'><strong>scientiae</strong></span> <span class='ocrx_word' id='word_1_711' title='bbox 808 5010 1081 5066; x_wconf 79' lang='lat' dir='ltr'><strong>scribendi</strong></span> <span class='ocrx_word' id='word_1_712' title='bbox 1127 5019 1339 5080; x_wconf 86' lang='lat' dir='ltr'><strong>tempus</strong></span> <span class='ocrx_word' id='word_1_713' title='bbox 1395 5011 1629 5067; x_wconf 88' lang='lat' dir='ltr'><strong>deesse:</strong></span> <span class='ocrx_word' id='word_1_714' title='bbox 1695 5012 1904 5069; x_wconf 89' lang='lat' dir='ltr'><strong>scilicet</strong></span> 
     </span>
    </p>
   </div>
   <div class='ocr_carea' id='block_1_96' title="bbox 323 5102 1903 5175">
    <p class='ocr_par' dir='ltr' id='par_1_96' title="bbox 323 5102 1903 5175">
     <span class='ocr_line' id='line_1_96' title="bbox 323 5102 1903 5175; baseline 0.001 -18"><span class='ocrx_word' id='word_1_715' title='bbox 323 5111 538 5173; x_wconf 83' lang='lat' dir='ltr'><strong>tempus</strong></span> <span class='ocrx_word' id='word_1_716' title='bbox 585 5119 683 5175; x_wconf 89' lang='lat' dir='ltr'><strong>per</strong></span> <span class='ocrx_word' id='word_1_717' title='bbox 718 5119 909 5160; x_wconf 85' lang='lat' dir='ltr'><strong>omnes</strong></span> <span class='ocrx_word' id='word_1_718' title='bbox 962 5102 1273 5174; x_wconf 84' lang='lat' dir='ltr'><strong>Scripturas</strong></span> <span class='ocrx_word' id='word_1_719' title='bbox 1312 5102 1614 5158; x_wconf 86' lang='lat' dir='ltr'><strong>disserendi</strong></span> <span class='ocrx_word' id='word_1_720' title='bbox 1660 5119 1806 5170; x_wconf 84' lang='lat' dir='ltr'><strong>esse,</strong></span> <span class='ocrx_word' id='word_1_721' title='bbox 1857 5105 1903 5159; x_wconf 91' lang='lat' dir='ltr'><strong>si</strong></span> 
     </span>
    </p>
   </div>
   <div class='ocr_carea' id='block_1_97' title="bbox 320 5191 1902 5265">
    <p class='ocr_par' dir='ltr' id='par_1_97' title="bbox 320 5191 1902 5265">
     <span class='ocr_line' id='line_1_97' title="bbox 320 5191 1902 5265; baseline 0.001 -18"><span class='ocrx_word' id='word_1_722' title='bbox 320 5191 561 5262; x_wconf 84' lang='lat' dir='ltr'><strong>Spiritus</strong></span> <span class='ocrx_word' id='word_1_723' title='bbox 589 5193 762 5248; x_wconf 88' lang='lat' dir='ltr'><strong>sancti</strong></span> <span class='ocrx_word' id='word_1_724' title='bbox 793 5193 967 5265; x_wconf 89' lang='lat' dir='ltr'><strong>gratia</strong></span> <span class='ocrx_word' id='word_1_725' title='bbox 997 5192 1251 5262; x_wconf 87' lang='lat' dir='ltr'><strong>cuiquam</strong></span> <span class='ocrx_word' id='word_1_726' title='bbox 1273 5193 1525 5264; x_wconf 81' lang='lat' dir='ltr'><strong>dignatur</strong></span> <span class='ocrx_word' id='word_1_727' title='bbox 1545 5194 1737 5250; x_wconf 85' lang='lat' dir='ltr'><strong>adesse</strong></span> <span class='ocrx_word' id='word_1_728' title='bbox 1764 5212 1775 5249; x_wconf 89' lang='lat'><strong>:</strong></span> <span class='ocrx_word' id='word_1_729' title='bbox 1801 5210 1902 5250; x_wconf 90' lang='lat' dir='ltr'><strong>nec</strong></span> 
     </span>
    </p>
   </div>
   <div class='ocr_carea' id='block_1_98' title="bbox 397 5347 1382 5420">
    <p class='ocr_par' dir='ltr' id='par_1_98' title="bbox 397 5347 1382 5420">
     <span class='ocr_line' id='line_1_98' title="bbox 397 5347 1382 5420; baseline 0 -18"><span class='ocrx_word' id='word_1_730' title='bbox 397 5359 426 5420; x_wconf 52' lang='grc' dir='ltr'>ξ</span> <span class='ocrx_word' id='word_1_731' title='bbox 461 5348 710 5420; x_wconf 54' lang='lat' dir='ltr'><strong>Arbitror</strong></span> <span class='ocrx_word' id='word_1_732' title='bbox 734 5348 1016 5420; x_wconf 83' lang='lat' dir='ltr'><strong>legendum</strong></span> <span class='ocrx_word' id='word_1_733' title='bbox 1056 5347 1382 5418; x_wconf 87' lang='lat' dir='ltr'><strong>importuna.</strong></span> 
     </span>
    </p>
   </div>
   <div class='ocr_carea' id='block_1_99' title="bbox 397 5418 1897 5476">
    <p class='ocr_par' dir='ltr' id='par_1_99' title="bbox 397 5418 1897 5476">
     <span class='ocr_line' id='line_1_99' title="bbox 397 5418 1897 5476; baseline -0.001 -2"><span class='ocrx_word' id='word_1_734' title='bbox 397 5418 425 5458; x_wconf 64' lang='grc' dir='ltr'>δ</span> <span class='ocrx_word' id='word_1_735' title='bbox 464 5419 760 5474; x_wconf 84' lang='lat' dir='ltr'><strong>Emendavi</strong></span> <span class='ocrx_word' id='word_1_736' title='bbox 796 5418 1174 5473; x_wconf 67' lang='lat' dir='ltr'><strong>&#39;manifestum</strong></span> <span class='ocrx_word' id='word_1_737' title='bbox 1226 5419 1572 5476; x_wconf 86' lang='lat' dir='ltr'><strong>amanuensis</strong></span> <span class='ocrx_word' id='word_1_738' title='bbox 1618 5436 1897 5476; x_wconf 73' lang='lat' dir='ltr'><strong>errorem:</strong></span> 
     </span>
    </p>
   </div>
   <div class='ocr_carea' id='block_1_100' title="bbox 327 5488 1903 5561">
    <p class='ocr_par' dir='ltr' id='par_1_100' title="bbox 327 5488 1903 5561">
     <span class='ocr_line' id='line_1_100' title="bbox 327 5488 1903 5561; baseline 0.003 -18"><span class='ocrx_word' id='word_1_739' title='bbox 327 5490 667 5561; x_wconf 68' lang='lat' dir='ltr'><strong>transcripsit</strong></span> <span class='ocrx_word' id='word_1_740' title='bbox 688 5490 832 5546; x_wconf 88' lang='lat' dir='ltr'><strong>enim</strong></span> <span class='ocrx_word' id='word_1_741' title='bbox 854 5488 1111 5561; x_wconf 67' lang='lat' dir='ltr'><strong>librarius</strong></span> <span class='ocrx_word' id='word_1_742' title='bbox 1137 5497 1320 5561; x_wconf 80' lang='lat' dir='ltr'><strong>noster</strong></span> <span class='ocrx_word' id='word_1_743' title='bbox 1357 5491 1466 5544; x_wconf 80' lang='lat' dir='ltr'><strong>veri</strong></span> <span class='ocrx_word' id='word_1_744' title='bbox 1501 5492 1742 5561; x_wconf 70' lang='lat' dir='ltr'><strong>nominis</strong></span> <span class='ocrx_word' id='word_1_745' title='bbox 1766 5507 1903 5561; x_wconf 63' lang='lat' dir='ltr'><strong>prte-</strong></span> 
     </span>
    </p>
   </div>
   <div class='ocr_carea' id='block_1_101' title="bbox 327 5557 1901 5633">
    <p class='ocr_par' dir='ltr' id='par_1_101' title="bbox 327 5557 1901 5633">
     <span class='ocr_line' id='line_1_101' title="bbox 327 5557 1901 5633; baseline 0.001 -20"><span class='ocrx_word' id='word_1_746' title='bbox 327 5557 579 5633; x_wconf 43' lang='lat' dir='ltr'><strong>fationisi</strong></span> <span class='ocrx_word' id='word_1_747' title='bbox 600 5558 673 5633; x_wconf 86' lang='lat' dir='ltr'><strong>_Si</strong></span> <span class='ocrx_word' id='word_1_748' title='bbox 704 5560 826 5633; x_wconf 85' lang='lat' dir='ltr'><strong>quis</strong></span> <span class='ocrx_word' id='word_1_749' title='bbox 853 5559 959 5633; x_wconf 75' lang='lat' dir='ltr'><strong>legi</strong></span> <span class='ocrx_word' id='word_1_750' title='bbox 986 5557 1160 5633; x_wconf 84' lang='lat' dir='ltr'><strong>malit_</strong></span> <span class='ocrx_word' id='word_1_751' title='bbox 1185 5557 1454 5633; x_wconf 80' lang='lat' dir='ltr'><strong>veritatem</strong></span> <span class='ocrx_word' id='word_1_752' title='bbox 1501 5558 1579 5633; x_wconf 91' lang='lat' dir='ltr'><strong>[id</strong></span> <span class='ocrx_word' id='word_1_753' title='bbox 1601 5570 1684 5616; x_wconf 84' lang='lat' dir='ltr'><strong>est</strong></span> <span class='ocrx_word' id='word_1_754' title='bbox 1718 5557 1901 5633; x_wconf 68' lang='lat' dir='ltr'><strong>veram</strong></span> 
     </span>
    </p>
   </div>
   <div class='ocr_carea' id='block_1_102' title="bbox 325 5626 1901 5754">
    <p class='ocr_par' dir='ltr' id='par_1_102' title="bbox 325 5626 1901 5754">
     <span class='ocr_line' id='line_1_102' title="bbox 325 5626 1901 5754; baseline 0.003 -72"><span class='ocrx_word' id='word_1_755' title='bbox 325 5626 739 5754; x_wconf 51' lang='lat' dir='ltr'><strong>cgniplogiamI</strong></span> <span class='ocrx_word' id='word_1_756' title='bbox 762 5626 987 5685; x_wconf 78' lang='lat' dir='ltr'><strong>nominis</strong></span> <span class='ocrx_word' id='word_1_757' title='bbox 1018 5626 1368 5698; x_wconf 73' lang='lat' dir='ltr'><strong>prcefationis,</strong></span> <span class='ocrx_word' id='word_1_758' title='bbox 1396 5626 1525 5696; x_wconf 53' lang='lat' dir='ltr'><strong>etcf,</strong></span> <span class='ocrx_word' id='word_1_759' title='bbox 1555 5647 1655 5702; x_wconf 80' lang='lat' dir='ltr'><strong>ego</strong></span> <span class='ocrx_word' id='word_1_760' title='bbox 1678 5631 1901 5687; x_wconf 84' lang='lat' dir='ltr'><strong>minime</strong></span> 
     </span>
     <span class='ocr_line' id='line_1_103' title="bbox 327 5714 605 5754; baseline -0.004 0"><span class='ocrx_word' id='word_1_761' title='bbox 327 5714 360 5754; x_wconf 94' lang='lat' dir='ltr'><strong>o</strong></span> <span class='ocrx_word' id='word_1_762' title='bbox 427 5716 473 5754; x_wconf 79' lang='lat' dir='ltr'><strong>is</strong></span> <span class='ocrx_word' id='word_1_763' title='bbox 499 5715 605 5753; x_wconf 86' lang='lat' dir='ltr'><strong>am.</strong></span> 
     </span>
    </p>
   </div>
   <div class='ocr_carea' id='block_1_103' title="bbox 327 5708 605 5755">
    <p class='ocr_par' dir='ltr' id='par_1_103' title="bbox 327 5708 605 5755">
     <span class='ocr_line' id='line_1_104' title="bbox 327 5708 605 5755; baseline -0.004 -1"><span class='ocrx_word' id='word_1_764' title='bbox 327 5708 605 5755; x_wconf 83' lang='lat' dir='ltr'><strong>obsistam.</strong></span> 
     </span>
    </p>
   </div>
   <div class='ocr_carea' id='block_1_104' title="bbox 400 5769 1899 5841">
    <p class='ocr_par' dir='ltr' id='par_1_104' title="bbox 400 5769 1899 5841">
     <span class='ocr_line' id='line_1_105' title="bbox 400 5769 1899 5841; baseline 0.003 -15"><span class='ocrx_word' id='word_1_765' title='bbox 400 5782 426 5811; x_wconf 80' lang='grc' dir='ltr'>ι</span> <span class='ocrx_word' id='word_1_766' title='bbox 466 5769 772 5828; x_wconf 84' lang='lat' dir='ltr'><strong>Prolocutio</strong></span> <span class='ocrx_word' id='word_1_767' title='bbox 823 5769 1015 5841; x_wconf 84' lang='lat' dir='ltr'><strong>legitur</strong></span> <span class='ocrx_word' id='word_1_768' title='bbox 1055 5769 1108 5825; x_wconf 88' lang='lat' dir='ltr'><strong>in</strong></span> <span class='ocrx_word' id='word_1_769' title='bbox 1136 5769 1430 5841; x_wconf 78' lang='lat' dir='ltr'><strong>exemplari</strong></span> <span class='ocrx_word' id='word_1_770' title='bbox 1479 5774 1545 5827; x_wconf 86' lang='lat' dir='ltr'><strong>ad</strong></span> <span class='ocrx_word' id='word_1_771' title='bbox 1570 5787 1656 5828; x_wconf 88' lang='lat' dir='ltr'><strong>me</strong></span> <span class='ocrx_word' id='word_1_772' title='bbox 1686 5773 1854 5831; x_wconf 86' lang='lat' dir='ltr'><strong>misso</strong></span> <span class='ocrx_word' id='word_1_773' title='bbox 1886 5792 1899 5830; x_wconf 89' lang='lat'><strong>:</strong></span> 
     </span>
    </p>
   </div>
   <div class='ocr_carea' id='block_1_105' title="bbox 2004 4732 3589 4802">
    <p class='ocr_par' dir='ltr' id='par_1_105' title="bbox 2004 4732 3589 4802">
     <span class='ocr_line' id='line_1_106' title="bbox 2004 4732 3589 4802; baseline 0.003 -14"><span class='ocrx_word' id='word_1_774' title='bbox 2004 4734 2129 4797; x_wconf 86' lang='lat' dir='ltr'><strong>bus,</strong></span> <span class='ocrx_word' id='word_1_775' title='bbox 2167 4733 2313 4788; x_wconf 90' lang='lat' dir='ltr'><strong>unde</strong></span> <span class='ocrx_word' id='word_1_776' title='bbox 2356 4748 2443 4787; x_wconf 91' lang='lat' dir='ltr'><strong>me</strong></span> <span class='ocrx_word' id='word_1_777' title='bbox 2492 4732 2866 4802; x_wconf 85' lang='lat' dir='ltr'><strong>interrogasti,</strong></span> <span class='ocrx_word' id='word_1_778' title='bbox 2917 4732 3172 4788; x_wconf 83' lang='lat' dir='ltr'><strong>invenisti</strong></span> <span class='ocrx_word' id='word_1_779' title='bbox 3209 4735 3424 4802; x_wconf 89' lang='lat' dir='ltr'><strong>melius,</strong></span> <span class='ocrx_word' id='word_1_780' title='bbox 3473 4737 3589 4792; x_wconf 82' lang='lat' dir='ltr'><strong>sive</strong></span> 
     </span>
    </p>
   </div>
   <div class='ocr_carea' id='block_1_106' title="bbox 2005 4824 3591 4895">
    <p class='ocr_par' dir='ltr' id='par_1_106' title="bbox 2005 4824 3591 4895">
     <span class='ocr_line' id='line_1_107' title="bbox 2005 4824 3591 4895; baseline 0.003 -17"><span class='ocrx_word' id='word_1_781' title='bbox 2005 4824 2249 4881; x_wconf 87' lang='lat' dir='ltr'><strong>invenire</strong></span> <span class='ocrx_word' id='word_1_782' title='bbox 2301 4824 2566 4893; x_wconf 84' lang='lat' dir='ltr'><strong>potueris,</strong></span> <span class='ocrx_word' id='word_1_783' title='bbox 2631 4824 2999 4895; x_wconf 86' lang='lat' dir='ltr'><strong>gratissimum</strong></span> <span class='ocrx_word' id='word_1_784' title='bbox 3033 4824 3372 4891; x_wconf 84' lang='lat' dir='ltr'><strong>habebimus,</strong></span> <span class='ocrx_word' id='word_1_785' title='bbox 3419 4827 3464 4882; x_wconf 90' lang='lat' dir='ltr'><strong>si</strong></span> <span class='ocrx_word' id='word_1_786' title='bbox 3491 4843 3591 4883; x_wconf 89' lang='lat' dir='ltr'><strong>nos</strong></span> 
     </span>
    </p>
   </div>
   <div class='ocr_carea' id='block_1_107' title="bbox 2004 4913 3588 4988">
    <p class='ocr_par' dir='ltr' id='par_1_107' title="bbox 2004 4913 3588 4988">
     <span class='ocr_line' id='line_1_108' title="bbox 2004 4913 3588 4988; baseline 0.003 -20"><span class='ocrx_word' id='word_1_787' title='bbox 2004 4913 2200 4970; x_wconf 78' lang='lat' dir='ltr'><strong>feceris</strong></span> <span class='ocrx_word' id='word_1_788' title='bbox 2228 4930 2409 4970; x_wconf 90' lang='lat' dir='ltr'><strong>nosse.</strong></span> <span class='ocrx_word' id='word_1_789' title='bbox 2448 4913 2553 4969; x_wconf 85' lang='lat' dir='ltr'><strong>Pro</strong></span> <span class='ocrx_word' id='word_1_790' title='bbox 2580 4930 2687 4984; x_wconf 88' lang='lat' dir='ltr'><strong>qua</strong></span> <span class='ocrx_word' id='word_1_791' title='bbox 2732 4929 2791 4970; x_wconf 89' lang='lat' dir='ltr'><strong>re</strong></span> <span class='ocrx_word' id='word_1_792' title='bbox 2832 4923 2886 4969; x_wconf 90' lang='lat' dir='ltr'><strong>te</strong></span> <span class='ocrx_word' id='word_1_793' title='bbox 2923 4915 3186 4985; x_wconf 85' lang='lat' dir='ltr'><strong>deprecor</strong></span> <span class='ocrx_word' id='word_1_794' title='bbox 3216 4930 3317 4987; x_wconf 88' lang='lat' dir='ltr'><strong>per</strong></span> <span class='ocrx_word' id='word_1_795' title='bbox 3358 4918 3588 4988; x_wconf 76' lang='lat' dir='ltr'><strong>gratiam</strong></span> 
     </span>
    </p>
   </div>
   <div class='ocr_carea' id='block_1_108' title="bbox 2005 5006 3585 5080">
    <p class='ocr_par' dir='ltr' id='par_1_108' title="bbox 2005 5006 3585 5080">
     <span class='ocr_line' id='line_1_109' title="bbox 2005 5006 3585 5080; baseline 0.002 -18"><span class='ocrx_word' id='word_1_796' title='bbox 2005 5006 2121 5073; x_wconf 86' lang='lat' dir='ltr'><strong>Dei,</strong></span> <span class='ocrx_word' id='word_1_797' title='bbox 2145 5022 2265 5077; x_wconf 65' lang='lat' dir='ltr'><strong>quae</strong></span> <span class='ocrx_word' id='word_1_798' title='bbox 2295 5007 2349 5061; x_wconf 90' lang='lat' dir='ltr'><strong>in</strong></span> <span class='ocrx_word' id='word_1_799' title='bbox 2381 5015 2452 5074; x_wconf 89' lang='lat' dir='ltr'><strong>te,</strong></span> <span class='ocrx_word' id='word_1_800' title='bbox 2481 5015 2541 5062; x_wconf 88' lang='lat' dir='ltr'><strong>ut</strong></span> <span class='ocrx_word' id='word_1_801' title='bbox 2579 5008 2765 5074; x_wconf 86' lang='lat' dir='ltr'><strong>credo,</strong></span> <span class='ocrx_word' id='word_1_802' title='bbox 2794 5009 3079 5075; x_wconf 74' lang='lat' dir='ltr'><strong>exuberat,</strong></span> <span class='ocrx_word' id='word_1_803' title='bbox 3126 5017 3186 5064; x_wconf 91' lang='lat' dir='ltr'><strong>ut</strong></span> <span class='ocrx_word' id='word_1_804' title='bbox 3218 5024 3327 5065; x_wconf 90' lang='lat' dir='ltr'><strong>non</strong></span> <span class='ocrx_word' id='word_1_805' title='bbox 3357 5024 3585 5080; x_wconf 89' lang='lat' dir='ltr'><strong>respuas</strong></span> 
     </span>
    </p>
   </div>
   <div class='ocr_carea' id='block_1_109' title="bbox 2005 5099 3586 5171">
    <p class='ocr_par' dir='ltr' id='par_1_109' title="bbox 2005 5099 3586 5171">
     <span class='ocr_line' id='line_1_110' title="bbox 2005 5099 3586 5171; baseline 0.002 -16"><span class='ocrx_word' id='word_1_806' title='bbox 2005 5100 2406 5169; x_wconf 87' lang='lat' dir='ltr'><strong>deprecantem,</strong></span> <span class='ocrx_word' id='word_1_807' title='bbox 2465 5099 2560 5155; x_wconf 92' lang='lat' dir='ltr'><strong>sed</strong></span> <span class='ocrx_word' id='word_1_808' title='bbox 2620 5099 2849 5156; x_wconf 88' lang='lat' dir='ltr'><strong>libenter</strong></span> <span class='ocrx_word' id='word_1_809' title='bbox 2902 5100 3120 5166; x_wconf 87' lang='lat' dir='ltr'><strong>doceas,</strong></span> <span class='ocrx_word' id='word_1_810' title='bbox 3145 5101 3190 5156; x_wconf 89' lang='lat' dir='ltr'><strong>si</strong></span> <span class='ocrx_word' id='word_1_811' title='bbox 3241 5102 3371 5171; x_wconf 90' lang='lat' dir='ltr'><strong>quid</strong></span> <span class='ocrx_word' id='word_1_812' title='bbox 3411 5110 3586 5171; x_wconf 88' lang='lat' dir='ltr'><strong>potes,</strong></span> 
     </span>
    </p>
   </div>
   <div class='ocr_carea' id='block_1_110' title="bbox 2004 5190 3589 5263">
    <p class='ocr_par' dir='ltr' id='par_1_110' title="bbox 2004 5190 3589 5263">
     <span class='ocr_line' id='line_1_111' title="bbox 2004 5190 3589 5263; baseline 0.002 -17"><span class='ocrx_word' id='word_1_813' title='bbox 2004 5193 2149 5262; x_wconf 88' lang='lat' dir='ltr'><strong>quod</strong></span> <span class='ocrx_word' id='word_1_814' title='bbox 2183 5205 2271 5246; x_wconf 89' lang='lat' dir='ltr'><strong>me</strong></span> <span class='ocrx_word' id='word_1_815' title='bbox 2321 5190 2495 5245; x_wconf 82' lang='lat' dir='ltr'><strong>lateor</strong></span> <span class='ocrx_word' id='word_1_816' title='bbox 2543 5192 2812 5262; x_wconf 80' lang='lat' dir='ltr'><strong>ignorare.</strong></span> <span class='ocrx_word' id='word_1_817' title='bbox 2857 5191 2924 5245; x_wconf 84' lang='lat' dir='ltr'><strong>Et</strong></span> <span class='ocrx_word' id='word_1_818' title='bbox 2944 5192 2989 5246; x_wconf 91' lang='lat' dir='ltr'><strong>si</strong></span> <span class='ocrx_word' id='word_1_819' title='bbox 3026 5191 3158 5263; x_wconf 89' lang='lat' dir='ltr'><strong>quid</strong></span> <span class='ocrx_word' id='word_1_820' title='bbox 3206 5192 3332 5247; x_wconf 87' lang='lat' dir='ltr'><strong>hinc</strong></span> <span class='ocrx_word' id='word_1_821' title='bbox 3372 5192 3589 5249; x_wconf 76' lang='lat' dir='ltr'><strong>absolu-</strong></span> 
     </span>
    </p>
   </div>
   <div class='ocr_carea' id='block_1_111' title="bbox 2006 5353 3587 5426">
    <p class='ocr_par' dir='ltr' id='par_1_111' title="bbox 2006 5353 3587 5426">
     <span class='ocr_line' id='line_1_112' title="bbox 2006 5353 3587 5426; baseline -0.001 -14"><span class='ocrx_word' id='word_1_822' title='bbox 2006 5356 2256 5412; x_wconf 71' lang='lat' dir='ltr'><strong>Sllelltlli</strong></span> <span class='ocrx_word' id='word_1_823' title='bbox 2300 5355 2634 5426; x_wconf 69' lang='lat' dir='ltr'><strong>prmlocutio,</strong></span> <span class='ocrx_word' id='word_1_824' title='bbox 2672 5365 2731 5410; x_wconf 88' lang='lat' dir='ltr'><strong>ut</strong></span> <span class='ocrx_word' id='word_1_825' title='bbox 2762 5353 3076 5410; x_wconf 85' lang='lat' dir='ltr'><strong>conveniret</strong></span> <span class='ocrx_word' id='word_1_826' title='bbox 3110 5368 3233 5426; x_wconf 82' lang='lat' dir='ltr'><strong>cum</strong></span> <span class='ocrx_word' id='word_1_827' title='bbox 3274 5368 3411 5426; x_wconf 83' lang='lat' dir='ltr'><strong>voce</strong></span> <span class='ocrx_word' id='word_1_828' title='bbox 3443 5370 3587 5425; x_wconf 73' lang='lat' dir='ltr'><strong>prte-</strong></span> 
     </span>
    </p>
   </div>
   <div class='ocr_carea' id='block_1_112' title="bbox 2005 5423 3589 5497">
    <p class='ocr_par' dir='ltr' id='par_1_112' title="bbox 2005 5423 3589 5497">
     <span class='ocr_line' id='line_1_113' title="bbox 2005 5423 3589 5497; baseline 0 -16"><span class='ocrx_word' id='word_1_829' title='bbox 2005 5428 2158 5497; x_wconf 75' lang='grc' dir='ltr'><strong>[αιὶο.</strong></span> <span class='ocrx_word' id='word_1_830' title='bbox 2194 5423 2481 5491; x_wconf 67' lang='lat' dir='ltr'><strong>Caeterum,</strong></span> <span class='ocrx_word' id='word_1_831' title='bbox 2535 5427 2582 5481; x_wconf 87' lang='lat' dir='ltr'><strong>si</strong></span> <span class='ocrx_word' id='word_1_832' title='bbox 2606 5426 2729 5495; x_wconf 76' lang='lat' dir='ltr'><strong>quis</strong></span> <span class='ocrx_word' id='word_1_833' title='bbox 2781 5439 2975 5497; x_wconf 75' lang='lat' dir='ltr'><strong>vocem</strong></span> <span class='ocrx_word' id='word_1_834' title='bbox 3023 5423 3314 5497; x_wconf 72' lang='lat' dir='ltr'><strong>prolocutjo</strong></span> <span class='ocrx_word' id='word_1_835' title='bbox 3352 5423 3589 5497; x_wconf 78' lang='lat' dir='ltr'><strong>retinere</strong></span> 
     </span>
    </p>
   </div>
   <div class='ocr_carea' id='block_1_113' title="bbox 2004 5493 3588 5566">
    <p class='ocr_par' dir='ltr' id='par_1_113' title="bbox 2004 5493 3588 5566">
     <span class='ocr_line' id='line_1_114' title="bbox 2004 5493 3588 5566; baseline -0.001 -16"><span class='ocrx_word' id='word_1_836' title='bbox 2004 5493 2152 5562; x_wconf 78' lang='lat' dir='ltr'><strong>velit,</strong></span> <span class='ocrx_word' id='word_1_837' title='bbox 2186 5498 2418 5552; x_wconf 88' lang='lat' dir='ltr'><strong>retineat</strong></span> <span class='ocrx_word' id='word_1_838' title='bbox 2464 5510 2561 5565; x_wconf 88' lang='lat' dir='ltr'><strong>per</strong></span> <span class='ocrx_word' id='word_1_839' title='bbox 2586 5493 2672 5566; x_wconf 79' lang='lat' dir='ltr'><strong>me</strong></span> <span class='ocrx_word' id='word_1_840' title='bbox 2703 5495 2917 5565; x_wconf 86' lang='lat' dir='ltr'><strong>quidem</strong></span> <span class='ocrx_word' id='word_1_841' title='bbox 2943 5493 3109 5561; x_wconf 85' lang='lat' dir='ltr'><strong>licet;</strong></span> <span class='ocrx_word' id='word_1_842' title='bbox 3142 5494 3265 5548; x_wconf 84' lang='lat' dir='ltr'><strong>novi</strong></span> <span class='ocrx_word' id='word_1_843' title='bbox 3300 5496 3444 5551; x_wconf 86' lang='lat' dir='ltr'><strong>enim</strong></span> <span class='ocrx_word' id='word_1_844' title='bbox 3465 5512 3588 5566; x_wconf 84' lang='lat' dir='ltr'><strong>pro-</strong></span> 
     </span>
    </p>
   </div>
   <div class='ocr_carea' id='block_1_114' title="bbox 2001 5564 2825 5637">
    <p class='ocr_par' dir='ltr' id='par_1_114' title="bbox 2001 5564 2825 5637">
     <span class='ocr_line' id='line_1_115' title="bbox 2001 5564 2825 5637; baseline -0.002 -18"><span class='ocrx_word' id='word_1_845' title='bbox 2001 5566 2178 5637; x_wconf 79' lang='lat' dir='ltr'><strong>logum</strong></span> <span class='ocrx_word' id='word_1_846' title='bbox 2216 5568 2344 5631; x_wconf 89' lang='lat' dir='ltr'><strong>dici,</strong></span> <span class='ocrx_word' id='word_1_847' title='bbox 2377 5580 2482 5637; x_wconf 85' lang='lat' dir='ltr'><strong>non</strong></span> <span class='ocrx_word' id='word_1_848' title='bbox 2506 5564 2825 5637; x_wconf 60' lang='lat' dir='ltr'><strong>praelegunt.</strong></span> 
     </span>
    </p>
   </div>
   <div class='ocr_carea' id='block_1_115' title="bbox 2072 5634 3580 5705">
    <p class='ocr_par' dir='ltr' id='par_1_115' title="bbox 2072 5634 3580 5705">
     <span class='ocr_line' id='line_1_116' title="bbox 2072 5634 3580 5705; baseline -0.001 -14"><span class='ocrx_word' id='word_1_849' title='bbox 2072 5636 2098 5675; x_wconf 74' lang='grc' dir='ltr'>ἀ</span> <span class='ocrx_word' id='word_1_850' title='bbox 2138 5636 2193 5690; x_wconf 87' lang='lat' dir='ltr'><strong>In</strong></span> <span class='ocrx_word' id='word_1_851' title='bbox 2225 5635 2520 5704; x_wconf 76' lang='lat' dir='ltr'><strong>exemplari</strong></span> <span class='ocrx_word' id='word_1_852' title='bbox 2577 5635 2807 5689; x_wconf 73' lang='lat' dir='ltr'><strong>habetur</strong></span> <span class='ocrx_word' id='word_1_853' title='bbox 2834 5642 3081 5705; x_wconf 68' lang='lat' dir='ltr'><strong>(ntiquom</strong></span> <span class='ocrx_word' id='word_1_854' title='bbox 3114 5650 3126 5687; x_wconf 71' lang='grc' dir='ltr'>ε</span> <span class='ocrx_word' id='word_1_855' title='bbox 3161 5636 3253 5690; x_wconf 87' lang='lat' dir='ltr'><strong>scd</strong></span> <span class='ocrx_word' id='word_1_856' title='bbox 3297 5634 3580 5705; x_wconf 70' lang='lat' dir='ltr'><strong>legendum</strong></span> 
     </span>
    </p>
   </div>
   <div class='ocr_carea' id='block_1_116' title="bbox 2001 5704 3582 5776">
    <p class='ocr_par' dir='ltr' id='par_1_116' title="bbox 2001 5704 3582 5776">
     <span class='ocr_line' id='line_1_117' title="bbox 2001 5704 3582 5776; baseline -0.001 -17"><span class='ocrx_word' id='word_1_857' title='bbox 2001 5707 2220 5761; x_wconf 80' lang='lat' dir='ltr'><strong>omnino</strong></span> <span class='ocrx_word' id='word_1_858' title='bbox 2246 5714 2330 5763; x_wconf 88' lang='lat' dir='ltr'><strong>est</strong></span> <span class='ocrx_word' id='word_1_859' title='bbox 2356 5716 2484 5769; x_wconf 84' lang='lat' dir='ltr'><strong>tum,</strong></span> <span class='ocrx_word' id='word_1_860' title='bbox 2526 5712 2585 5776; x_wconf 87' lang='lat' dir='ltr'><strong>ut</strong></span> <span class='ocrx_word' id='word_1_861' title='bbox 2628 5704 2947 5774; x_wconf 73' lang='lat' dir='ltr'><strong>respondeat</strong></span> <span class='ocrx_word' id='word_1_862' title='bbox 2976 5705 3250 5775; x_wconf 61' lang='lat' dir='ltr'><strong>particulae</strong></span> <span class='ocrx_word' id='word_1_863' title='bbox 3280 5704 3458 5776; x_wconf 75' lang='lat' dir='ltr'><strong>[quam</strong></span> <span class='ocrx_word' id='word_1_864' title='bbox 3482 5720 3582 5776; x_wconf 78' lang='lat' dir='ltr'><strong>nc-</strong></span> 
     </span>
    </p>
   </div>
   <div class='ocr_carea' id='block_1_117' title="bbox 2004 5774 3579 5848">
    <p class='ocr_par' dir='ltr' id='par_1_117' title="bbox 2004 5774 3579 5848">
     <span class='ocr_line' id='line_1_118' title="bbox 2004 5774 3579 5848; baseline 0.001 -17"><span class='ocrx_word' id='word_1_865' title='bbox 2004 5778 2246 5833; x_wconf 62' lang='lat' dir='ltr'><strong>cessarite</strong></span> <span class='ocrx_word' id='word_1_866' title='bbox 2277 5775 2587 5848; x_wconf 73' lang='lat' dir='ltr'><strong>brevitatis].</strong></span> <span class='ocrx_word' id='word_1_867' title='bbox 2612 5775 2666 5830; x_wconf 82' lang='lat' dir='ltr'><strong>Id</strong></span> <span class='ocrx_word' id='word_1_868' title='bbox 2696 5776 2806 5847; x_wconf 85' lang='lat' dir='ltr'><strong>jam</strong></span> <span class='ocrx_word' id='word_1_869' title='bbox 2832 5774 3150 5848; x_wconf 69' lang='lat' dir='ltr'><strong>puerietavit</strong></span> <span class='ocrx_word' id='word_1_870' title='bbox 3176 5776 3230 5832; x_wconf 82' lang='grc' dir='ltr'><strong>Ρ.</strong></span> <span class='ocrx_word' id='word_1_871' title='bbox 3269 5774 3579 5833; x_wconf 68' lang='grc' dir='ltr'><strong>Ζπιιεινὶίιε.</strong></span> 
     </span>
    </p>
   </div>
  </div>
