3976 6170
363 342 474 406 635

1431 337 1709 395 CLAUDII
1747 337 2217 398 TAURINENSIS
2253 339 2562 400 EPISCOPI

3510 350 3606 407 636

367 472 505 527 tum,
555 475 622 539 ac
660 457 947 514 difﬁnitum
992 424 1354 524 disputatione
1406 451 1737 519 rationabili,
1780 459 1945 521 atque
1971 451 2025 513 Α
2116 450 2194 505 De
2218 450 2516 505 certamine
2549 448 2743 517 David,
2779 459 2836 506 et
2863 451 3053 509 Goliae.

365 553 610 628 perfecta
635 551 719 607 vel
744 547 943 619 legisti,
970 545 1053 602 vel
1076 545 1294 608 audisti,
1319 543 1406 599 vel
1435 543 1601 598 etiam
1629 544 1744 615 ipse
1765 543 1941 599 adhuc

369 645 579 706 audire,
610 649 703 695 aut
745 639 946 709 legere,
996 643 1090 692 aut
1134 635 1443 707 excogitare
1487 634 1730 704 potueris
1794 641 1938 703 peto,

371 744 431 790 ut
466 733 597 788 mihi
630 731 848 786 mittere
877 743 986 784 non
1033 726 1293 799 graveris.
1327 725 1463 792 Quia
1502 725 1650 794 quod
1673 723 1940 779 conﬁten-

368 824 499 878 dum
536 830 622 877 est
665 818 917 876 charitati
964 825 1092 882 tuae,
1133 814 1254 886 plus
1283 813 1415 868 mihi
1467 812 1685 883 expedit
1711 811 1938 875 discere,

369 928 532 983 quam
561 913 774 968 docere.
818 908 953 963 Nam
1006 907 1111 962 hoc
1137 907 1506 969 admonemus,
1537 903 1753 958 dicente
1801 901 1946 972 Apo-

369 1004 508 1061 stolo
533 1001 735 1058 Iacobo
769 1000 843 1072 (l.
873 998 984 1069 19.)
1014 1016 1028 1051 :
1063 995 1144 1052 Sit
1169 1005 1344 1051 autem
1386 994 1553 1051 omnis
1601 994 1757 1049 homo
1796 992 1946 1048 celos:

367 1097 440 1152 ad
460 1092 801 1155 audiendum,
834 1089 1018 1144 tardus
1051 1096 1227 1141 autem
1253 1084 1323 1140 ad
1360 1083 1695 1156 loquendum.
1748 1083 1818 1138 Et
1845 1083 1947 1139 sic-

365 1194 428 1242 ut
452 1186 529 1240 ait
570 1182 921 1239 doctissimus
947 1177 1113 1232 Pater
1149 1174 1486 1246 Augustinus
1513 1190 1527 1227 :
1571 1180 1630 1226 ut
1655 1172 1943 1237 discamus,

366 1278 587 1333 invitare
612 1292 705 1330 nos
727 1273 872 1329 debet
913 1271 1143 1326 suavitas
1175 1268 1409 1324 veritatis
1432 1280 1450 1319 :
1483 1263 1551 1320 Ut
1569 1274 1746 1320 autem
1764 1266 1948 1320 docea-

367 1388 504 1437 mus,
550 1384 732 1438 cogere
767 1364 1046 1421 necessitas
1090 1361 1386 1416 charitatis.
1429 1358 1533 1417 Ubi
1579 1358 1761 1429 potius
1785 1372 1947 1413 oran-

367 1461 493 1516 dum
528 1467 630 1523 est,
662 1465 723 1513 ut
745 1463 988 1511 transeat
1015 1455 1118 1508 ista
1158 1452 1481 1517 necessitas,
1516 1465 1621 1520 qua
1664 1450 1945 1504 hominem

367 1552 525 1607 docet
561 1550 756 1620 aliquis
782 1549 946 1603 homo
973 1564 987 1599 :
1016 1544 1085 1601 Et
1107 1544 1272 1599 simus
1321 1559 1498 1599 omnes
1532 1540 1779 1596 docibiles
1805 1541 1899 1595 Dei
1926 1554 1944 1592 :

368 1642 549 1711 (Joan.
582 1641 635 1695 6.
662 1639 752 1694 45.
784 1637 899 1693 Isa.
931 1636 1020 1691 54.
1045 1634 1156 1707 15.)
1186 1633 1433 1705 quamvis
1470 1634 1575 1689 hoc
1601 1632 1793 1696 simus,
1822 1645 1947 1686 cum

366 1747 452 1797 ea,
482 1746 602 1801 qua:
622 1731 691 1785 ad
710 1745 893 1785 veram
905 1728 1163 1799 pietatem
1188 1727 1482 1798 pertinent,
1504 1724 1757 1790 dicimus,
1782 1723 1946 1779 etiam

2114 540 2191 596 De
2251 555 2318 596 eo
2376 541 2522 611 quod
2582 540 2710 596 Saul
2743 558 2843 611 pro
2885 538 3135 598 centum'
3166 547 3448 616 przeputiis
3483 547 3608 604 Phi-

2042 631 2349 686 listinorum
2372 670 2388 695 ,
2428 629 2598 684 David
2635 628 2803 685 tiliam
2830 632 3100 701 promittit
3134 631 3267 688 dare
3294 650 3539 690 uxorem.

2114 724 2191 779 De
2214 722 2339 795 luga
2369 723 2540 779 David
2567 732 2625 779 et
2652 724 2827 780 salute
2848 724 2987 796 ejus,
3027 732 3084 780 et
3112 724 3425 791 simulacro,
3471 725 3611 797 quod

2042 814 2099 870 in
2126 813 2267 869 lecto
2286 813 2403 884 ejus
2426 814 2706 869 inventum
2729 822 2831 870 est.

2112 901 2193 957 De
2217 902 2450 957 adventu
2470 902 2641 957 David
2669 904 2736 958 ad
2763 902 3092 972 Samuelem,
3134 914 3191 961 et
3235 907 3441 962 nuntiis
3465 907 3613 974 Saul,

2043 999 2136 1069 qui
2181 996 2332 1052 missi
2364 1005 2512 1062 sunt,
2540 1004 2602 1052 ut
2632 998 3105 1068 apprehenderent
3132 999 3333 1066 David,
3394 1001 3489 1070 qui
3532 1017 3616 1058 ac-

2045 1095 2204 1159 cepto
2243 1088 2437 1159 spiritu
2464 1089 2558 1144 Dei
2590 1089 3066 1161 prophetaverunt.

2114 1182 2192 1237 De
2217 1182 2529 1238 reversione
2575 1197 2718 1238 arcte
2764 1181 2978 1237 Domini
3006 1183 3075 1238 ad
3116 1190 3321 1239 terram
3349 1183 3619 1241 Israelita-

2044 1286 2187 1337 rum,
2217 1278 2274 1326 et
2296 1271 2648 1341 percussione
2676 1271 3155 1327 Bethsamitarum.

2121 1360 2195 1415 De
2234 1374 2301 1414 eo
2330 1361 2475 1430 quod
2521 1360 2785 1430 scriptum
2821 1369 2906 1417 est
2950 1362 3083 1417 :Ea:
3134 1381 3240 1435 qua
3293 1365 3380 1420 die
3432 1369 3620 1422 mansit

2046 1467 2174 1506 arca
2206 1450 2422 1504 Domini
2457 1451 2515 1504 in
2537 1449 2938 1515 Cariathiarim,
2980 1451 3320 1523 multiplicati
3340 1465 3463 1509 sunt
3490 1456 3615 1510 dies.

2117 1542 2194 1597 De
2225 1557 2292 1597 eo
2327 1543 2472 1612 quod
2508 1544 2772 1613 scriptum
2808 1551 2934 1599 est:
2965 1544 3291 1616 Congregato
3340 1550 3484 1603 oinni
3528 1566 3619 1619 ρο-

2044 1633 2170 1705 pulo
2204 1632 2377 1688 Israel
2395 1673 2411 1697 ,
2450 1635 2615 1689 oravit
2650 1631 2865 1688 Samuel
2903 1634 3183 1691 Dominum
3204 1676 3220 1702 ,
3257 1645 3308 1690 et
3353 1638 3617 1693 exaudivit

2047 1740 2188 1779 eum.

368 1822 586 1893 quando
608 1821 698 1876 illa
723 1822 918 1877 docere
939 1820 1154 1875 videtur
1178 1819 1363 1874 homo.
1407 1816 1544 1885 Quia
1575 1814 1649 1887 (1.
1681 1812 1862 1869 Corin.
1885 1812 1939 1867 3.
1969 1806 2019 1865 B
2114 1815 2190 1870 De
2218 1814 2344 1871 ﬁliis
2373 1814 2615 1881 Samuel,
2638 1816 2730 1885 qui
2752 1815 3141 1870 declinaverunt
3162 1825 3280 1887 post
3317 1817 3617 1882 avaritiam,

366 1912 446 1985 7.)
489 1928 648 1983 neque
701 1913 790 1983 qui
836 1910 1041 1981 plantat
1080 1918 1155 1963 est
1187 1907 1409 1979 aliquid,
1462 1921 1625 1976 neque
1664 1905 1754 1975 qui
1783 1904 1940 1973 rigat,

365 2003 458 2057 sed
484 2002 573 2073 qui
603 2002 978 2055 incrementum
1011 1998 1102 2052 dat
1129 1996 1291 2051 Deus.
1327 1994 1462 2051 Cum
1497 1993 1699 2063 itaque,
1726 1992 1772 2047 si
1801 1991 1943 2047 Deus

364 2093 759 2149 incrementum
789 2107 897 2146 non
920 2091 1091 2155 daret,
1120 2087 1257 2143 nihil
1299 2093 1484 2142 essent
1518 2084 1747 2155 apostoli
1783 2083 1941 2153 plan-

366 2191 592 2247 tatores,
621 2191 676 2237 et
697 2182 959 2253 rigatores
987 2198 1001 2235 :
1044 2186 1247 2250 quanto
1284 2176 1459 2246 magis
1487 2190 1606 2247 ego,
1634 2174 1721 2229 vel
1753 2182 1831 2265 tu,
1854 2173 1941 2228 vel

364 2274 591 2345 quilibet
614 2272 775 2342 hujus
795 2270 1053 2342 temporis
1076 2268 1347 2332 homines,
1391 2265 1483 2336 qui
1512 2265 1565 2319 in
1585 2266 1690 2319 hoc
1710 2262 1941 2319 novissi-

364 2380 456 2421 mo
480 2372 723 2434 tempore
767 2362 1014 2417 videmur
1060 2374 1181 2416 esse
1218 2356 1505 2414 doctores?
1531 2354 1728 2411 Addidi
1775 2355 1939 2410 etiam

364 2455 421 2510 in
446 2455 551 2509 hoc
601 2468 765 2524 opere
811 2454 1028 2508 brevem
1078 2447 1562 2519 expositiunculam
1596 2445 1941 2517 allegoricam

363 2545 418 2598 in
446 2543 583 2600 libro
619 2543 788 2610 Ruth,
841 2540 985 2612 quod
1010 2548 1067 2596 tu
1113 2555 1218 2595 non
1271 2536 1578 2609 postulasti,
1619 2549 1740 2606 quae
1767 2535 1941 2603 magis

364 2636 431 2690 ad
467 2635 663 2691 librum
690 2632 959 2699 Iudicum,
994 2646 1155 2705 quam
1184 2630 1252 2684 ad
1296 2629 1502 2700 Regum
1549 2627 1822 2697 pertinere
1862 2626 1942 2679 vi-

363 2724 541 2779 detur.
598 2722 705 2778 Pro
748 2737 855 2793 qua
910 2736 969 2777 re
1012 2721 1257 2784 obsecro,
1303 2726 1364 2773 ut
1402 2733 1507 2784 me,
1568 2717 1670 2772 etsi
1714 2728 1940 2785 corpore

362 2815 519 2887 longe
537 2815 798 2886 positum,
839 2822 1018 2869 tamen
1064 2820 1242 2868 mente
1278 2810 1637 2881 propinquum
1685 2806 1942 2863 orationi-

363 2909 466 2963 bus
504 2908 612 2963 tuis
638 2907 885 2964 Creatori
908 2906 1148 2963 omnium
1181 2903 1559 2961 commendare
1584 2917 1692 2958 non
1713 2916 1934 2967 cesses;

365 3006 426 3052 ut
446 3012 544 3068 per
562 2997 818 3052 virtutem
860 2996 1087 3053 ﬂetuum
1134 3003 1370 3059 tuorum,
1398 3002 1455 3048 et
1495 2992 1690 3048 merita
1735 2991 1938 3047 oratio-

2045 1915 2096 1960 et
2128 1915 2441 1978 acceperunt
2464 1922 2703 1961 munera.

2116 2001 2193 2056 De
2238 2000 2495 2058 unctione
2543 2000 2673 2056 Saul
2718 2000 2895 2072 regis,
2927 2006 2983 2054 et
3009 1999 3243 2055 adventu
3269 1999 3539 2057 Samuelis
3562 2000 3619 2056 in

2044 2090 2285 2164 Galgala.

2111 2182 2189 2238 De
2211 2181 2420 2253 jejunio
2450 2183 2656 2240 indicto
2685 2197 2716 2238 a
2759 2181 2941 2240 Saule.

2114 2272 2192 2326 De
2216 2271 2402 2343 prmlio
2425 2270 2554 2327 Saul
2579 2280 2769 2328 contra
2794 2272 3079 2340 Amalech,
3121 2281 3179 2327 et
3198 2275 3347 2343 Agag
3395 2286 3609 2342 regem;

2041 2369 2097 2418 et
2115 2363 2183 2419 de
2202 2377 2269 2418 eo
2290 2364 2433 2433 quod
2453 2364 2714 2433 scriptum
2737 2371 2855 2419 est:
2881 2365 3129 2435 ptenitere
3149 2363 3455 2428 Dominum,
3478 2363 3612 2434 quod

2042 2456 2365 2509 constituerit
2388 2452 2520 2510 Saul
2548 2472 2735 2525 regem.

2111 2543 2189 2597 De
2200 2542 2577 2614 objurgatione
2598 2542 2865 2599 Samuelis
2884 2543 2939 2598 in
2966 2542 3112 2605 Saul,
3132 2557 3229 2598 cur
3248 2559 3356 2598 non
3371 2543 3606 2599 audisset

2047 2642 2227 2682 vocem
2251 2628 2482 2694 Domini,
2513 2636 2567 2683 et
2594 2627 2854 2684 scissione
2882 2629 3029 2700 pallii
3062 2628 3353 2694 Samuelis,
3382 2644 3478 2684 nec
3500 2646 3602 2684 non

2040 2726 2097 2772 et
2125 2725 2297 2773 morte
2322 2717 2473 2788 Agag
2512 2718 2673 2789 regis.

2111 2809 2189 2864 De
2212 2809 2549 2879 adjuratione
2572 2809 2740 2866 David
2763 2819 2818 2866 et
2838 2809 3128 2868 Jonathan.

2113 2902 2215 2959 Ubi
2249 2903 2422 2959 David
2470 2904 2540 2959 ad
2593 2902 2907 2962 Abimelech
2963 2908 3297 2963 sacerdotem
3348 2909 3514 2975 venit,
3559 2917 3612 2965 et

2040 2994 2274 3066 gladium
2318 2994 2486 3051 Goliae
2532 2996 2784 3063 sustulit,
2827 3012 2923 3054 seu
2951 3010 2974 3037 ο
3024 3014 3193 3069 panes
3228 3002 3610 3073 propositionis

362 3103 513 3153 num,
542 3094 599 3142 et
622 3088 666 3143 si
688 3086 845 3157 juxta
874 3084 1094 3142 ﬂuvium
1118 3084 1350 3150 Cbobar,
1388 3082 1442 3138 id
1471 3089 1555 3137 est
1578 3096 1736 3137 secus
1757 3094 1941 3152 grave-
1976 3152 2005 3157 _
2040 3084 2269 3153 accepit.

363 3152 546 3232 dinem
575 3190 601 3218 ι
630 3152 790 3248 hujus
813 3176 995 3232 seaculi
1016 3176 1284 3241 detincor,
1312 3183 1491 3230 tamen
1520 3172 1808 3228 Dominum
1837 3186 1937 3226 no-
1962 3152 2006 3213 (ἶ
2112 3152 2213 3229 Ubi
2260 3173 2431 3231 David
2472 3175 2539 3231 ad
2575 3190 2757 3247 regem
2781 3175 2950 3233 Achis
3003 3178 3159 3252 fugit,
3199 3187 3255 3236 et
3295 3178 3523 3234 mutavit
3551 3194 3611 3233 os

363 3273 535 3320 strum
566 3265 620 3319 in
650 3265 931 3334 majestate
959 3264 1143 3335 gloriae
1171 3276 1284 3317 sum
1312 3261 1497 3318 videre
1537 3260 1786 3316 desidero
1813 3278 1826 3313 :
1857 3267 1943 3314 at-

359 3372 466 3428 que
486 3357 554 3412 ab
581 3357 698 3427 ipso
726 3356 912 3410 audire
936 3353 1075 3425 quod
1105 3356 1162 3409 in
1190 3352 1360 3408 medio
1407 3353 1740 3422 scorpionum
1785 3350 1936 3405 habi-

359 3450 488 3505 tatio
517 3458 695 3504 nostra
722 3450 978 3504 consistit.
1011 3448 1205 3503 Ezech.
1232 3448 1287 3501 2.
1320 3447 1372 3502 6.

430 3540 507 3594 De
539 3539 798 3602 Alchana,
831 3537 1065 3601 Eleana,
1103 3544 1160 3592 et
1198 3537 1405 3592 duabus
1433 3534 1692 3595 uxoribus
1716 3534 1856 3606 ejus,
1885 3542 1941 3591 et

362 3632 648 3690 nativitate
678 3629 969 3686 Samuelis.
995 3629 1129 3700 Cap.
1156 3644 1190 3682 ι.

434 3721 510 3777 De
538 3720 761 3777 Cantico
792 3720 980 3775 Annae.

433 3815 460 3855 δ
489 3814 566 3869 De
587 3814 854 3885 propheta
887 3813 954 3866 ad
974 3810 1094 3866 Heli
1119 3810 1388 3867 destinato
1406 3850 1421 3876 ,
1445 3817 1500 3864 et
1527 3807 1672 3864 malo
1705 3806 1937 3863 ﬁliorum

360 3905 495 3975 ejus,
524 3914 686 3975 atque
711 3912 885 3959 morte
916 3903 1176 3973 ipsorum.

431 3998 510 4053 De
535 3997 814 4055 sacerdote
837 3996 1002 4062 ﬁdeli,
1021 4013 1181 4066 quem
1199 3997 1426 4069 spondet
1438 3996 1600 4061 Deus,
1624 3995 1937 4066 quodjuxta

362 4106 460 4145 cor
485 4104 642 4145 suum
680 4089 771 4145 sit.

431 4179 509 4234 De
536 4178 765 4247 caligine
810 4184 1089 4233 oculorum
1140 4177 1251 4231 Leli
1279 4217 1293 4242 ,
1349 4175 1493 4241 Heli,
1546 4185 1603 4231 et
1649 4185 1938 4247 augmento

363 4269 666 4324 Samuelis:
698 4276 752 4323 et
782 4268 962 4323 verbis
990 4268 1224 4334 Domini,
1246 4283 1366 4339 qum
1404 4284 1512 4323 non
1539 4268 1854 4325 ceciderunt
1884 4269 1937 4323 in

364 4370 585 4418 terram.

2039 3280 2217 3322 suum.

2109 3358 2210 3414 Ubi
2249 3359 2306 3414 in
2344 3361 2599 3433 spelunca
2638 3362 2808 3419 David
2846 3404 2862 3429 ,
2921 3362 3099 3420 Saulis
3139 3362 3476 3436 chlamydem
3514 3362 3607 3418 ah-

2039 3449 2217 3504 scidit.

2112 3541 2187 3595 De
2213 3541 2565 3599 descensione
2600 3545 2769 3600 David
2815 3546 2868 3600 in
2898 3545 3189 3600 solitudine
3213 3544 3472 3608 Machon,
3521 3542 3607 3597 ubi

2038 3630 2316 3686 habitabat
2336 3631 2527 3700 Nabal,
2556 3633 2646 3689 ubi
2671 3634 2859 3701 David,
2884 3635 3185 3692 dormiente
3207 3634 3336 3693 Saul
3351 3677 3367 3702 ,
3389 3643 3447 3692 et
3461 3649 3610 3691 exer—

2037 3720 2145 3774 citu
2175 3719 2312 3789 ejus,
2335 3722 2549 3778 hastam
2566 3765 2581 3790 ,
2605 3726 2971 3795 scyphumque
2996 3726 3239 3782 abstulit.

2106 3810 2182 3865 De
2216 3812 2401 3881 praelia
2430 3812 2599 3868 David
2628 3813 2683 3867 in
2713 3814 2995 3870 Amalech.

2109 3901 2184 3957 De
2200 3904 2521 3973 phitouissa,
2537 3920 2699 3975 quam
2719 3906 2992 3962 consuluit
3014 3905 3165 3974 Saul,
3180 3916 3237 3965 et
3257 3909 3604 3965 suscitatioue

2040 3992 2326 4049 Samuelis.

1982 4084 1997 4091 ’
2108 4085 2183 4140 De
2211 4086 2395 4155 prazlio
2419 4086 2826 4143 Philistinorum
2846 4130 2861 4155 ,
2905 4097 2960 4145 et
2987 4090 3142 4161 plaga
3167 4090 3225 4146 in
3254 4091 3443 4158 lsrael,
3469 4106 3604 4147 mor-

2040 4183 2198 4244 teque
2221 4174 2372 4241 Saul,
2400 4184 2455 4231 et
2481 4175 2727 4233 Jonathte
2757 4178 2853 4233 lilii
2883 4178 3022 4249 ejus.

2109 4265 2186 4321 De
2228 4264 2373 4321 luctu
2405 4266 2575 4323 David
2622 4284 2721 4338 pro
2774 4277 2949 4324 morte
3004 4267 3133 4324 Saul
3157 4307 3175 4336 ,
3225 4277 3282 4324 et
3327 4269 3601 4332 Jonatbae.

2038 4365 2094 4411 et
2146 4356 2560 4426 interemptione
2591 4357 2787 4423 lsrael,
2838 4358 3321 4430 maledictioneque
3348 4359 3602 4416 montium

432 4452 509 4506 De
531 4466 670 4506 arca:
696 4451 1030 4521 captivitate,
1082 4459 1137 4507 et
1184 4451 1325 4507 idolo
1352 4451 1559 4523 Dagon,
1589 4468 1692 4507 nec
1729 4467 1835 4508 non
1880 4459 1937 4507 et
1960 4491 2013 4550 Β
2038 4445 2257 4550 Gelboe.

361 4551 537 4600 morte
571 4542 714 4609 lleli,
745 4551 906 4613 atque
933 4559 1073 4598 nuru
1097 4557 1214 4599 sua.

430 4636 507 4690 De
535 4635 724 4704 spiritu
748 4634 996 4706 maligno,
1027 4635 1117 4704 qui
1143 4633 1386 4690 irruebat
1413 4632 1469 4688 in
1496 4631 1647 4689 Saul.

432 4728 509 4783 De
539 4726 729 4791 David,
763 4733 818 4781 et
838 4726 1092 4780 unctione
1119 4725 1256 4795 ejus.

591 4833 1223 4916 Hieronymusindibro,
1256 4847 1414 4916 quem
1445 4829 1814 4916 inscripsitde
1841 4847 1936 4913 no-

2107 4539 2135 4582 ά
2176 4540 2384 4611 Regum
2437 4549 2679 4612 tempora
2722 4550 2847 4612 post
2884 4542 3118 4611 judices,
3175 4542 3391 4612 quando
3419 4541 3601 4605 David,

2039 4630 2200 4687 Saule
2244 4632 2565 4702 reprobato,
2615 4633 2780 4704 coepit
2815 4648 3079 4704 regnare,
3118 4634 3400 4704 incipiunt.
3457 4633 3603 4690 Unde

2035 4721 2257 4787 etliber,
2282 4722 2372 4777 ubi
2396 4738 2484 4778 res
2504 4730 2668 4795 gesta:
2688 4723 3053 4789 continentur,
3076 4739 3239 4794 quem
3261 4739 3409 4779 nunc
3428 4737 3604 4795 aggre-

2033 4830 2176 4912 enim
2213 4832 2279 4916 d_e
2302 4832 2463 4916 nugis
2501 4831 2623 4916 istis
2649 4846 2773 4887 eum
2804 4834 3012 4888 moneri
3040 4849 3176 4903 opus
3200 4835 3322 4916 est?
3348 4835 3599 4916 reliquos,

360 4907 587 4973 minibus
626 4900 892 4959 Hebraicis
923 4901 1130 4957 Chobar
1155 4900 1327 4973 vertit
1349 4900 1841 4973 gravitudo.gEtiam
1876 4901 1931 4956 in
2033 4902 2126 4973 qui
2173 4902 2258 4973 vel
2300 4900 2427 4973 rm
2466 4902 2806 4972 aliquatenus
2846 4900 3093 4973 possunt,
3132 4904 3214 4959 vel
3249 4900 3482 4959 Claudio‘
3504 4903 3601 4973 ipsi

360 4970 611 5061 essent"
638 4973 996 5061 ρῖρυίξείνξιυή
1019 4970 1523 5061 audiuere“!
1540 4970 1932 5061 “EVi".'}.‘:I?§’

361 5041 566 5120 piciens
592 5041 797 5120 scilicet
824 5043 889 5120 ad
916 5041 1063 5106 eam,
1098 5056 1260 5120 quam
1297 5042 1526 5120 dicimus
1573 5041 1928 5120 signiﬁcatio-

361 5110 504 5174 nem.
533 5116 741 5170 Rursus
771 5113 827 5167 in
866 5113 1302 5182 interpretatione
1336 5111 1569 5182 homilize
1596 5110 1783 5181 prima:
1804 5110 1929 5182 Dri-

396 5188 512 5243 enis
538 5188 593 5241 in
616 5182 972 5240 Ezechielem.
1003 5180 1072 5237 Et
1097 5199 1188 5252 ego
1209 5198 1351 5236 eram
1368 5181 1527 5305 iuxta
1553 5180 1768 5251 ﬂuvium
1789 5180 1929 5235 Cho-

396 5274 474 5305 ar-
498 5255 636 5305 auod
664 5257 1033 5305 intemretatur
1050 5253 1342 5305 aravitudo.
1390 5252 1434 5305 ἰ
1462 5251 1713 5305 deinceps
1744 5269 1756 5303 :
1784 5267 1929 5305 secus

396 5205 512 5243 enls
538 5205 593 5241 In
620 5205 972 5240 nzccnlelem.
1003 5205 1070 5237 nt
1097 5205 1188 5252 ego
1209 5205 1351 5236 cram
1403 5205 1408 5233 ι

361 5205 475 5320 ξαν,
498 5255 636 5327 quod
664 5257 1033 5327 interpretatur
1049 5253 1342 5327 gravitudo.

362 5319 552 5394 [lumen
584 5325 723 5379 istud
754 5319 1115 5395 gravissimum
1153 5323 1352 5395 swculi.
1384 5322 1515 5395 llaec
1544 5331 1729 5395 tamen
1764 5319 1929 5375 inter-

362 5390 594 5464 pretatio
630 5390 913 5459 Bocharto,
954 5393 1178 5463 aliisque
1198 5392 1329 5450 viris
1344 5392 1547 5464 criticis
1574 5390 1837 5464 displicet:

435 5463 558 5535 bln
620 5458 927 5535 exemplari
972 5458 1200 5535 habetur
1239 5465 1304 5519 de
1358 5461 1625 5535 Propheta
1660 5458 1753 5513 'ad
1809 5458 1933 5514 Heli

363 5532 709 5614 destinatum,
730 5532 793 5587 et'
821 5534 1288 5614 malumuﬁliorum
1333 5532 1445 5614 ejus
1464 5573 1505 5614 ,H
1525 5539 1678 5614 atqrue.
1712 5539 1930 5614 mortem

2036 4970 2222 5055 tribui,
2255 4970 2447 5042 reliqui
2485 4970 2899 5043 etﬁrelinquam,
2931 4973 3132 5030 lectore
3173 4974 3489 5045 plerumque
3513 4970 3603 5027 ad-

2035 5051 2475 5184 ﬁngamus
2501 5129 2611 5177 seu,
2636 5112 2713 5167 vel
2737 5123 2792 5168 et
2816 5111 3002 5184 afﬁnes
3029 5112 3163 5168 alias
3183 5128 3325 5184 smpe
3350 5114 3459 5170 vim
3481 5128 3599 5169 con-

2032 5182 2331 5255 junctionis
2354 5184 2408 5255 in
2438 5183 2836 5255 Ecclesiasticis
2864 5182 3231 5254 Scriptoribus
3256 5182 3457 5241 habere
3483 5185 3600 5255 quis

1417 5262 1434 5305 t
1462 5251 1713 5319 deinceps
1744 5269 1756 5303 :
1784 5267 1933 5305 secus
2038 5251 2281 5308 nesciat?
2313 5254 2371 5308 ld
2404 5253 2557 5308 multi
2581 5253 2928 5318 adnotarunt,
2971 5251 3025 5307 et
3048 5269 3116 5310 ne
3161 5254 3358 5310 multos
3385 5251 3599 5309 enume-

2041 5338 2178 5404 rem,
2212 5324 2594 5404 sanctissimus
2625 5324 2687 5378 D.
2726 5323 3156 5404 N._Benedict_us
3198 5323 3330 5404 XlV_
3346 5325 3402 5379 in
3432 5325 3596 5404 adnuo:

2038 5394 2331 5465 tationibus
2380 5393 2435 5449 in
2487 5394 2708 5449 missam
2754 5394 2822 5451 ad
2867 5409 2933 5449 ea
2982 5395 3146 5450 verba
3184 5408 3200 5448 :
3255 5393 3330 5449 vel
3381 5395 3472 5465 qui
3508 5392 3595 5447 tibi

2036 5463 2408 5589 aﬂgrilsidorus
2432 5539 2559 5588 ante
2604 5532 2886 5589 Claudium
2930 5534 3046 5589 haec
3075 5533 3340 5594 ipsissima
3384 5533 3595 5594 docuit.

363 5604 614 5670 ipsorum.
650 5603 836 5676 _llunc,
857 5611 945 5676 __et
989 5600 1124 5658 alios
1179 5603 1339 5674 hujus
1360 5600 1570 5676 similes
1595 5600 1676 5672 '[si
1716 5600 1929 5669 quando
2034 5604 2130 5660 sed
2154 5605 2332 5661 verbis
2363 5604 2648 5676 aliquando
2677 5604 2904 5661 diversis
2932 5600 3189 5660 etordine
3206 5618 3310 5659 non
3337 5604 3470 5660 nmil
3501 5604 3597 5656 ini-

362 5672 670 5742 occurrent]
728 5671 1040 5742 manifestos
1085 5671 1429 5727 amanilensis
1484 5671 1700 5742 errores
1747 5685 1929 5725 emen-

366 5741 485 5796 davi
507 5780 521 5805 ,
577 5748 631 5794 et
662 5741 986 5804 ’cmendabo,
1029 5741 1228 5794 lectore
1259 5743 1478 5798 minime
1508 5741 1799 5807 admonito,
1833 5755 1930 5795 cur

2034 5682 2260 5730 mutato.
