3976 6170
325 276 418 332 657

1209 273 1671 344 ρυίΕδτιοΝεε
1711 275 1863 332 XXX
1904 274 2133 331 SUPER
2174 275 2421 332 LIBROS
2459 275 2722 332 REGUM.

3464 281 3569 336 658

320 392 496 445 ditnur
519 429 533 453 ,
582 385 888 452 Malacliim,
941 387 993 442 id
1020 395 1104 442 est
1158 387 1356 458 Regum
1401 389 1688 453 vocitatur,
1718 388 1809 458 qui
1835 387 1888 442 in
1919 392 1969 452 Α
1994 389 2188 458 uena);
2221 389 2422 443 sterilis
2449 404 2578 444 vero
2597 397 2715 445 erat
2742 404 2891 460 prior
2934 390 3051 455 illa,
3107 405 3227 461 qua:
3259 399 3313 446 et
3341 392 3570 448 nobilior

321 483 476 538 tertio
524 489 579 535 et
618 488 814 550 quarto
840 480 1112 535 volumine
1167 482 1476 536 continetur
1528 497 1543 534 :
1591 481 1892 550 meliusque

319 571 481 627 multo
505 579 589 624 est
619 569 928 636 Malachim,
968 571 1022 625 id
1051 582 1136 626 est
1164 571 1384 642 Regum,
1413 588 1570 642 quam
1601 571 1889 637 Malachot,

320 661 368 717 id
398 668 484 714 est
503 659 806 729 Regnorum
836 660 1038 716 dicere.
1090 659 1207 717 Non
1242 661 1388 716 enim
1427 661 1715 716 multarum
1761 676 1892 733 gen-

320 753 445 808 tium
477 766 644 819 regna
694 750 973 817 describit,
1013 753 1108 808 sed
1135 753 1298 807 unius
1344 751 1629 808 lsraelitici
1683 753 1887 823 populi,

317 841 402 911 qui
447 840 698 907 tribubus
735 839 1019 896 duodecim
1050 841 1361 896 continetur
1413 858 1425 894 :
1482 840 1601 911 plus
1628 850 1807 895 tamen
1835 843 1889 895 in

316 944 526 988 terrena
554 930 886 986 Hierusalem
918 931 1089 986 tribus
1112 932 1278 997 Juda,
1315 946 1423 985 una
1465 945 1531 985 ex
1585 931 1887 997 duodecim,

315 1025 563 1080 diuturna
589 1023 932 1080 successione
955 1025 1218 1095 regnavit.
1246 1023 1305 1078 ln
1319 1038 1426 1092 qua
1446 1023 1666 1078 civitate
1687 1023 1891 1094 (repro-

313 1115 436 1170 Lato
511 1103 730 1183 Saule),
793 1113 944 1183 prior
992 1113 1162 1168 David
1215 1113 1479 1184 regnavit.
1530 1130 1548 1163 ι
1582 1113 1641 1166 ln
1693 1113 1890 1182 quibus

314 1205 640 1275 temporibus
670 1215 695 1244 α
728 1204 927 1270 multa,
975 1213 1030 1260 et
1059 1207 1211 1260 varia
1254 1213 1594 1260 sacramenta
1647 1204 1886 1270 Christi,

309 1305 360 1349 et
386 1295 648 1351 Ecclesia;
669 1295 698 1335 δ
727 1293 1046 1366 ﬁgurantur.
1071 1295 1207 1350 Nam
1233 1306 1254 1335 ε
1271 1295 1326 1350 in
1349 1296 1465 1366 ipso
1485 1296 1638 1350 initio
1658 1295 1886 1367 Regum,

308 1392 699 1439 commutatum
756 1383 1123 1439 sacerdotium
1172 1385 1228 1438 in
1281 1382 1542 1449 Samuel,
1598 1385 1890 1452 reprobato

308 1475 419 1530 lli-li
463 1494 476 1529 :
511 1483 566 1530 et
591 1483 982 1531 commutatum
1012 1491 1238 1546 regnum
1278 1476 1333 1530 in
1383 1475 1574 1540 David,
1601 1475 1890 1544 reprobato

310 1566 506 1631 Saule,
547 1565 848 1632 exclamat,
877 1566 1228 1637 prasnuntiari
1263 1579 1464 1620 novum
1508 1565 1886 1628 sacerdotium,

310 1673 618 1728 novumque
657 1672 881 1727 regnum
918 1656 1232 1729 (reprobato
1261 1665 1480 1723 vetere,
1524 1657 1668 1726 quod
1698 1657 1888 1710 umbra

1994 485 2132 530 erat.
2166 477 2373 532 Similia
2404 478 2646 534 invenies
2669 480 2833 534 etiam
2867 479 2921 534 in
2944 479 3142 536 Genesi
3168 498 3182 536 :
3214 491 3441 552 cognata
3465 483 3567 538 sibi

1993 575 2078 621 est
2122 567 2319 638 quippe
2359 567 2639 638 Scriptura
2688 570 2882 626 divina.
2924 571 3168 627 Invenies
3216 572 3288 626 ibi
3337 573 3569 642 primam

1993 672 2216 712 uxorem
2245 658 2476 714 Abraha:
2498 660 2686 714 Saram
2711 661 3032 716 nobiliorem
3070 680 3083 716 :
3111 661 3414 718 Secundam
3440 679 3569 719 vero

1993 749 2304 821 Egyptiam
2318 750 2466 823 Agar
2487 753 2775 824 ignobilem
2801 751 2967 808 fuisse
2991 769 3006 808 :
3030 765 3086 809 et
3112 765 3238 810 ante
3261 763 3468 824 patrem
3490 755 3570 810 ef-

1993 839 2193 896 fectum
2221 844 2496 898 Abraham
2527 844 2594 898 de
2620 844 2858 915 ignobili,
2909 861 3073 914 quam
3105 846 3171 900 de
3215 846 3384 900 nobili
3414 845 3565 916 (Gen.

1995 932 2302 999 16.1.,17.
2339 935 2447 999 19.,
2482 936 2568 990 18.
2618 935 2731 1000 10.,
2779 935 2868 988 21.
2917 935 2968 988 1.
3013 933 3164 1006 ete.).
3215 934 3340 989 Fuit
3387 942 3569 990 tamen

1990 1025 2332 1092 postmodum
2357 1025 2522 1079 etiam
2553 1024 2619 1079 de
2663 1025 2827 1079 nobili
2853 1023 3080 1094 conjuge
3106 1033 3278 1094 pater.
3327 1025 3405 1080 ita
3436 1041 3568 1097 ergo

1991 1113 2155 1167 etiam
2195 1129 2335 1169 nunc
2367 1114 2600 1169 llelcana
2630 1115 2741 1178 hic,
2767 1115 2857 1184 qui
2883 1123 2966 1169 est
3001 1117 3258 1184 possessio
3274 1115 3394 1181 Dei,
3415 1117 3570 1184 prius

1991 1202 2060 1256 de
2090 1204 2326 1258 secunda
2375 1219 2545 1258 uxore
2579 1203 2808 1260 efﬁcitur
2835 1213 3012 1274 pater,
3042 1221 3202 1274 quam
3255 1205 3323 1260 de
3368 1205 3567 1274 prima,

1992 1292 2245 1360 quoniam
2276 1293 2784 1350 concluseratDeus
2828 1294 3042 1348 vulvam
3069 1295 3269 1362 Annae,
3321 1295 3461 1350 sicut
3512 1303 3570 1350 et

1992 1383 2140 1452 prius
2169 1384 2507 1440 concluserat
2527 1385 2740 1440 vulvam
2784 1384 2952 1440 Sara.
2985 1387 3113 1442 Post
3140 1388 3400 1457 plurimos
3437 1402 3568 1444 vero

1991 1479 2178 1541 partus
2205 1471 2527 1538 Phennenaa,
2560 1475 2728 1528 etiam
2751 1474 2921 1529 Annae
2939 1476 3099 1530 vulva
3124 1477 3481 1542 orationibus,
3513 1485 3569 1532 et

1992 1561 2244 1631 precibus
2268 1563 2527 1631 aperitur,
2555 1571 2604 1617 et
2631 1562 2862 1619 efﬁcitur
2885 1565 3051 1620 etiam
3102 1566 3217 1636 ipsa
3243 1575 3418 1621 mater
3469 1567 3567 1621 ﬁlii

1991 1647 2304 1718 ejus,quem
2327 1650 2523 1706 obtulit
2543 1651 2672 1708 Deo.
2702 1651 2774 1722 (Ι.
2801 1651 2928 1723 Reg.
2956 1653 3004 1706 1.
3035 1654 3120 1707 11.
3147 1654 3238 1707 24.
3270 1656 3402 1725 etc.)
3429 1656 3568 1722 Quid

307 1757 423 1803 erat
460 1745 653 1818 futuri)
704 1749 758 1800 in
815 1746 1043 1802 Domino
1071 1744 1198 1801 Jesu
1250 1744 1468 1801 Christo
1518 1753 1806 1800 venturum
1835 1743 1884 1797 ἀ.
1918 1731 1963 1789 Β
1991 1756 2120 1812 ergo
2151 1742 2265 1797 haec
2311 1743 2365 1796 in
2419 1757 2481 1798 se
2534 1744 2862 1798 sacramenti
2913 1745 3226 1799 contineant
3264 1745 3564 1802 videamus.

308 1837 493 1894 Nonne
520 1839 636 1909 ipse
666 1837 853 1903 David,
890 1852 1012 1893 eum
1049 1851 1220 1907 panes
1252 1835 1637 1907 propositionis
1659 1835 1887 1890 mandu-

307 1931 470 1996 cavit,
512 1944 648 2001 quos
675 1943 780 1983 non
811 1928 1009 1984 licebat
1047 1928 1376 1983 manducare
1402 1927 1506 1982 nisi
1544 1925 1674 1981 solis
1708 1941 1891 1981 sacer-

306 2021 522 2076 dotibus
551 2020 602 2073 in
634 2035 739 2074 una
759 2060 774 2086 ,
801 2019 1095 2088 eademque
1124 2033 1356 2088 persona
1404 2025 1696 2086 utrumque
1739 2015 1886 2070 futu-

307 2127 447 2177 rum,
483 2110 536 2165 id
564 2117 648 2164 est
678 2111 733 2164 in
765 2124 873 2163 uno
903 2109 1121 2162 domino
1146 2106 1272 2162 Jesu
1301 2105 1519 2161 Christo
1560 2120 1810 2176 regnum,
1833 2113 1888 2160 et

304 2202 665 2257 sacerdotium
707 2199 1006 2270 ﬁgurabat?
1048 2199 1114 2252 Et
1159 2198 1340 2268 aspice
1379 2197 1577 2268 Regum
1620 2205 1884 2266 tempora,

303 2292 432 2361 quia
457 2293 635 2361 primo
662 2289 937 2354 Iudicum,
987 2297 1176 2358 postea
1219 2287 1420 2357 Regum
1449 2301 1466 2338 .'
1513 2288 1592 2341 sic
1616 2286 1720 2340 erit
1737 2283 1889 2352 judi-

303 2383 472 2444 cium,
504 2388 690 2448 postea
719 2395 954 2448 regnum.

384 2489 402 2520 ι
447 2468 574 2523 Fuit
612 2469 689 2522 vir
715 2485 852 2522 unus
885 2469 950 2522 de
980 2467 1244 2521 Ramatha
1283 2470 1337 2520 in
1385 2464 1598 2538 Sophim
1625 2468 1688 2521 de
1717 2477 1889 2521 monfe

308 2558 591 2630 Ephraim,
621 2569 668 2612 et
696 2575 883 2613 nomen
914 2559 1028 2628 ejus
1075 2556 1315 2612 llelcana
1334 2599 1348 2623 ,
1380 2558 1522 2627 [ilius
1547 2556 1885 2621 llieroboam,

302 2651 407 2721 ﬁlii
454 2650 613 2706 Heliu
642 2691 656 2716 ,
702 2650 802 2720 ﬁlii
833 2650 978 2716 Tau,
1010 2649 1111 2719 ﬁlii
1156 2649 1323 2719 Suplt,
1377 2649 1717 2719 Epitrata’us.
1758 2647 1888 2702 llel-

302 2760 443 2798 cana
482 2758 593 2798 non
639 2742 706 2797 de
755 2743 903 2798 Aran
958 2742 1033 2814 (id
1086 2751 1169 2798 est
1215 2741 1456 2814 Amrant)
1487 2751 1668 2807 ortus,
1703 2742 1797 2796 sed
1823 2742 1888 2796 de

305 2837 456 2889 lsaar
483 2875 499 2901 ,
537 2835 630 2906 qui
676 2844 730 2890 et
785 2837 899 2906 ipse
929 2836 1069 2891 ﬁlius
1091 2835 1192 2890 fuit
1219 2835 1419 2901 Caath,
1469 2843 1524 2889 et
1550 2833 1721 2890 Caath
1748 2834 1888 2890 filius

303 2925 456 2982 Levi.
481 2923 678 2998 (Exod.
711 2927 767 2984 6.
802 2928 887 2982 18.
919 2926 1005 2982 19.
1029 2926 1158 2996 etc.)

380 3037 399 3070 ι
434 3019 537 3074 llic
563 3018 712 3074 lsaar
736 3027 892 3089 pater
921 3019 1020 3074 f‘uit
1047 3019 1222 3075 Chore
1247 3031 1270 3058 ε
1289 3059 1304 3084 ,
1349 3034 1456 3088 quo
1483 3026 1742 3089 pereunte
1789 3018 1884 3073 ﬁlii

302 3068 1312 3180 είιέεἶὲῖιιξιῖξέι-ιῖιῖἐῗ(ιίῖιὶξηῗέξῖιθ’.
1342 3068 1450 3162 ἦ
1469 3068 1606 3179 ἕιὲζῇ
1621 3068 1885 3177 Βξευῖέιξ
1914 3068 1960 3130 C

303 3199 476 3270 stirpe
521 3199 538 3236 ί
571 3199 673 3254 fuit
695 3199 932 3264 Samuel,
965 3215 1192 3270 quorum
1215 3199 1508 3269 posteritas
1530 3207 1718 3270 postea
1748 3208 1887 3253 tem-

304 3289 531 3358 poribus
560 3289 776 3344 Davidis
801 3298 858 3344 et
881 3289 1152 3362 Salomon,
1186 3298 1512 3357 cantatores,
1538 3298 1592 3344 et
1615 3289 1888 3360 prophetae

305 3382 354 3436 in
383 3381 585 3452 p0pulo
608 3422 622 3446 ,
660 3390 714 3436 et
751 3383 806 3437 in
855 3383 1054 3452 templo
1095 3382 1189 3437 Dei
1222 3381 1455 3437 fuerunt.
1498 3381 1571 3453 (I.
1610 3379 1795 3436 Paral.
1830 3381 1880 3436 6.

302 3471 386 3525 28.
417 3471 514 3525 52.
544 3471 634 3526 55.
680 3471 811 3543 etc.)
868 3472 1039 3542 ilujus
1087 3471 1258 3527 Caath
1313 3471 1529 3527 familia:
1561 3480 1884 3542 acceperunt

304 3562 467 3616 urbes
491 3601 505 3623 ,
539 3569 592 3614 et
618 3561 925 3616 suburbana
951 3562 1019 3616 ad
1046 3561 1455 3615 inhabilandum
1497 3559 1579 3631 (ut
1606 3561 1742 3616 liber
1760 3559 1885 3615 Jesu

305 3650 448 3707 Nave
483 3653 752 3724 testatur)
798 3655 850 3708 in
906 3662 1088 3708 monte
1126 3654 1382 3722 prraiin
1428 3652 1564 3725 (Jos.
1598 3653 1687 3707 20.
1735 3653 1784 3706 7.
1832 3661 1887 3707 et

301 3747 388 3802 2|.
414 3749 483 3804 2f
502 3788 516 3802 .
539 3749 632 3804 22.
660 3751 789 3822 etc.)
814 3792 826 3814 ,
871 3751 962 3806 ubi
994 3751 1212 3805 fuerunt
1239 3751 1486 3807 civitates
1526 3750 1743 3806 Sichem
1770 3791 1785 3817 ,
1832 3760 1886 3805 et

303 3840 510 3907 Cazer,
543 3851 598 3898 et
625 3842 900 3899 Cethsaim
917 3886 932 3909 ,
957 3854 1010 3899 et
1031 3843 1322 3899 Betheron.

378 3953 394 3983 ι
425 3933 562 3988 Fuit
611 3934 842 3989 llelcana
883 3936 1025 3990 ﬁlius
1055 3935 1412 4000 llieroboam,
1460 3935 1554 3989 ﬁlii
1584 3934 1762 3998 lleliu,
1793 3934 1888 3990 ﬁlii

308 4020 448 4087 Tau,
495 4021 588 4075 ﬁlii
612 4021 761 4094 Suph
784 4063 798 4089 ,
833 4023 930 4078 ﬁlii
959 4024 1195 4080 llelcana
1223 4065 1237 4090 ,
1269 4024 1361 4078 ﬁlii
1392 4024 1582 4090 Joltcl,
1617 4025 1710 4080 ﬁlii
1746 4025 1885 4080 Aza-
1923 4063 1928 4068 -

304 4112 424 4178 riae,
459 4112 561 4167 ﬁlii
587 4114 894 4184 Sophonize,
921 4114 1012 4168 ﬁlii
1046 4115 1216 4170 Taath
1238 4157 1252 4182 ,
1291 4115 1384 4170 ﬁlii
1412 4116 1558 4183 Asir,
1606 4115 1700 4170 ﬁlii
1730 4116 1887 4171 Abia-

309 4205 463 4275 saph,
500 4205 590 4259 ﬁlii
615 4206 809 4272 Chore,
842 4206 932 4261 filii
959 4207 1121 4272 lsaar,
1153 4207 1247 4263 ﬁlii
1275 4205 1466 4273 Caath,
1493 4208 1588 4262 ﬁlii
1615 4207 1763 4274 Levi,
1794 4207 1885 4262 ﬁlii

309 4293 497 4359 Israel,
525 4303 583 4348 ιιι
615 4297 776 4350 verba
802 4295 1010 4351 dierum
1050 4306 1290 4352 narrant.
1327 4300 1351 4338 Β
1383 4297 1450 4352 Et
1485 4298 1666 4350 habuit
1698 4313 1886 4352 uxores

308 4386 459 4452 duas,
505 4404 688 4441 nomen
715 4389 805 4442 uni
825 4388 998 4454 Anna,
1025 4399 1072 4442 et
1103 4406 1287 4444 nomen
1309 4389 1552 4444 secunda:
1578 4387 1882 4444 Phennena.

310 4475 659 4548 Fueruntque
685 4476 982 4534 Phenncnu:
1013 4480 1146 4548 ﬁlii,
1185 4482 1349 4535 Amm:
1396 4490 1568 4533 autem
1595 4498 1698 4535 non
1738 4492 1885 4536 erant

311 4567 459 4622 liberi
493 4583 510 4618 :
545 4577 599 4624 et
624 4579 839 4624 cmtera.
857 4569 959 4624 Isle
985 4587 1112 4642 ergo
1138 4571 1418 4626 laudabilis
1442 4571 1526 4624 vir
1549 4571 1732 4625 habuit
1756 4571 1890 4628 duas

310 4675 548 4724 uxores,
610 4677 803 4716 nomen
859 4662 950 4716 uni
1011 4661 1202 4726 Anna,
1271 4669 1326 4716 et
1389 4677 1583 4715 nomen
1640 4663 1889 4718 secunda:

301 4750 625 4810 .Pliennena.
669 4755 911 4811 llabehat
949 4765 1128 4810 autem
1157 4755 1296 4810 ﬁlios
1323 4755 1388 4809 de
1417 4753 1653 4809 secunda
1686 4752 1886 4824 (Phen-

387 4916 411 4944 ι
452 4903 659 4966 Multis,
693 4912 749 4958 et
771 4905 935 4958 variis
961 4904 1154 4958 modis.
1188 4902 1327 4957 Ibid.

389 4973 418 5014 δ
467 4973 664 5027 Revela
673 4991 704 5026 n
713 4982 816 5028 tur.

391 5055 411 5113 ς
466 5043 550 5097 Ab
577 5044 693 5113 ipso
719 5044 969 5100 exordio.

386 5112 410 5151 ἀ
449 5109 703 5168 Christus
729 5129 869 5182 saepe
897 5112 1208 5184 prmdicitur
1249 5121 1437 5184 auctor
1468 5110 1632 5184 futuri
1674 5109 1887 5174 smculi;

321 5183 373 5264 id
402 5192 490 5264 est
529 5193 723 5238 auctor
752 5184 872 5264 novi
901 5182 1080 5264 regni,
1105 5184 1246 5264 quod
1265 5183 1363 5264 .hic
1384 5182 1576 5236 merito
1608 5189 1890 5234 venturum

322 5253 553 5323 dicitur,
585 5261 894 5323 comparate
923 5251 1126 5323 scilicet
1155 5251 1221 5305 ad
1257 5251 1496 5323 Judacos,
1540 5265 1780 5323 quorum
1806 5265 1890 5303 re-

321 5337 485 5392 gnum
506 5322 618 5390 jam
641 5318 838 5377 dudum
858 5322 1147 5392 desolatum
1168 5331 1242 5374 est
1268 5333 1312 5375 et
1335 5318 1632 5392 protritum.
1653 5318 1884 5374 Eucher.

324 5391 529 5464 uenturi
547 5391 783 5464 [Christi
821 5391 1070 5464 scilicet].

326 5530 367 5584 Ε
399 5472 424 5499 ⁸
468 5457 823 5586 Igilié'Iquoque
844 5457 1174 5527 lsaar,Core
1218 5469 1274 5515 et
1293 5459 1530 5531 Nepheg,
1591 5468 1646 5512 et
1675 5457 1887 5512 chhri.

373 5545 461 5584 ιο.
527 5572 537 5583 .
643 5572 655 5585 .

349 5530 461 5584 ﬁxo.
487 5532 537 5584 6.
567 5530 655 5586 21’.

404 5601 426 5680 ξ
447 5601 629 5680 Cujus,
654 5602 917 5680 autnsihvis
937 5603 1080 5657 illius
1101 5599 1177 5680 [id
1198 5599 1399 5680 est_llel
1421 5614 1578 5680 capre.
1592 5598 1674 5652 vel
1697 5597 1886 5680 lsaar].

402 5673 426 5710 ε
464 5670 636 5725 Paral.
669 5673 715 5726 1.
743 5673 793 5725 ﬁ.
817 5672 917 5727 Sed
940 5688 1060 5728 cum
1085 5669 1261 5739 aliquo
1288 5671 1339 5725 in
1359 5669 1662 5724 nominibus
1689 5669 1892 5724 exscri-

1989 1831 2280 1888 Phennena
2305 1833 2696 1902 interpretatur
2721 1834 2984 1888 conversio
3028 1848 3046 1887 :
3093 1835 3249 1889 Anna
3277 1844 3459 1891 autem
3485 1837 3568 1892 in-

1989 1928 2319 1989 terpretatur
2364 1921 2556 1991 gratia.
2617 1914 2772 1977 Unde
2825 1922 3053 1992 quisque
3093 1924 3119 1963 h
3179 1931 3446 1989 nostrum,
3473 1925 3566 1995 qui

1988 2011 2103 2067 vult
2121 2010 2258 2068 efﬁci
2279 2014 2538 2083 possessio
2561 2013 2678 2079 Dei,
2701 2012 2834 2068 istas
2854 2013 2955 2068 sibi
2979 2015 3113 2069 duas
3124 2015 3317 2086 jungat
3333 2032 3563 2073 uxores:

1987 2093 2083 2157 sed
2109 2118 2231 2158 cum
2282 2103 2416 2172 ipsis
2461 2103 2565 2159 sibi
2620 2104 2838 2174 nuptias
2868 2105 3140 2171 celebrat,
3179 2107 3416 2175 primum
3463 2110 3569 2165 sibi

1982 2191 2174 2264 jungat
2207 2209 2327 2264 quae
2365 2194 2601 2250 nobilior
2635 2203 2754 2260 est,
2803 2204 2860 2250 et
2910 2197 3224 2266 generosior
3248 2237 3264 2262 ,
3315 2202 3563 2268 gratiam.

1988 2283 2114 2338 Hac
2135 2286 2280 2339 enim
2309 2285 2465 2340 nobis
2486 2300 2585 2354 per
2617 2285 2776 2341 ﬁdem
2804 2287 2978 2356 prima
3015 2287 3359 2358 conjungitur
3382 2329 3398 2354 ,
3429 2291 3569 2346 sicut

1988 2381 2044 2426 et
2067 2373 2357 2442 Apostolus
2385 2374 2544 2429 dicit:
2579 2377 2593 2415 ί
2621 2372 2806 2430 Gratia
2827 2375 2958 2430 salvi
2985 2378 3110 2446 facti
3133 2379 3256 2431 estis
3277 2395 3370 2448 per
3387 2380 3563 2448 ﬁdem.

1991 2461 2250 2518 Secunda:
2272 2479 2401 2518 vero
2431 2463 2808 2535 conjungimur
2842 2465 3210 2538 (Phennenaa),
3250 2467 3304 2522 id
3329 2476 3411 2522 est
3440 2485 3566 2523 con-

1990 2557 2214 2610 versioni
2229 2596 2245 2621 ,
2271 2556 2399 2626 quia
2423 2569 2521 2626 per
2543 2556 2774 2626 gratiam
2796 2555 3138 2612 credulitatis
3166 2558 3476 2613 emendatio
3509 2560 3569 2613 ﬁt

1990 2661 2200 2701 morum
2227 2687 2242 2713 ,
2281 2654 2336 2700 et
2360 2646 2483 2701 vita:
2506 2647 2812 2701 conversio.
2859 2645 2967 2701 Sed
2996 2661 3121 2701 cum
3173 2647 3274 2701 iste
3319 2647 3391 2702 sit
3434 2649 3568 2704 ordo

1989 2736 2320 2806 nuptiarum,
2342 2735 2482 2790 alius
2508 2735 2644 2790 ordo
2684 2734 3082 2805 procreationis
3110 2734 3361 2792 edicitur.
3385 2735 3568 2792 Prima

1988 2841 2223 2896 namque
2266 2827 2421 2883 nobis
2446 2825 2586 2880 ﬁlios
2622 2826 2767 2895 parit
2794 2826 3085 2881 Phennena
3110 2865 3126 2891 ,
3191 2825 3316 2896 quia
3361 2827 3567 2897 primos

1986 2915 2200 2972 fructus
2227 2917 2292 2972 de
2327 2916 2680 2972 conversione
2704 2915 3050 2986 proferimus,
3077 2924 3134 2971 et
3156 2917 3329 2986 prima
3347 2917 3568 2988 justitize

1989 3008 2234 3078 germina
2269 3008 2336 3063 de
2375 3007 2615 3073 actibus,
2644 3015 2698 3062 et
2733 3007 2986 3078 operibus
3013 3022 3365 3076 procreamus
3399 3026 3412 3060 :
3456 3008 3567 3076 pri-

1991 3114 2139 3152 murn
2168 3114 2402 3168 namque
2421 3098 2651 3167 justitia:
2672 3113 2808 3167 opus
2833 3106 2937 3162 est,
2966 3097 3210 3154 converti
3228 3113 3258 3150 a
3284 3099 3524 3168 peccatis
3549 3117 3562 3154 :

1988 3189 2116 3259 quia
2143 3190 2244 3244 nisi
2270 3198 2396 3243 ante
2422 3198 2839 3253 convertamur,
2873 3197 2930 3244 et
2953 3189 3284 3245 declinemus
3323 3204 3354 3242 a
3399 3190 3562 3255 malo,

1987 3297 2094 3336 non
2119 3281 2416 3352 poterimus
2449 3281 2515 3336 de
2547 3280 2701 3335 Anna
2743 3279 2879 3335 cflici
2901 3288 3115 3348 patres,
3161 3293 3259 3336 nec
3296 3279 3363 3334 de
3391 3281 3564 3350 gratia

1986 3373 2128 3427 ﬁlios
2172 3387 2453 3442 generare.

2066 3482 2082 3516 ι
2121 3464 2408 3520 Videamus
2435 3479 2564 3536 ergo
2589 3466 3012 3536 uniuscujusque
3045 3465 3397 3522 diﬁ‘erentias.
3428 3467 3564 3520 Fen-

1987 3572 2128 3612 nena
2169 3557 2307 3612 ﬁlios
2339 3559 2520 3622 habet,
2553 3557 2644 3613 sed
2669 3559 2760 3628 qui
2792 3573 2896 3612 non
2926 3559 3186 3613 assistunt
3208 3558 3320 3613 Deo
3350 3575 3362 3611 :
3389 3573 3565 3626 neque

1985 3649 2130 3702 enim
2162 3648 2296 3702 tales
2322 3648 2414 3702 ﬁlii
2442 3658 2668 3717 possunt
2706 3663 2826 3703 esse
2855 3648 3224 3703 conversionis
3248 3688 3262 3713 ,
3316 3657 3377 3702 ut
3421 3648 3566 3703 adsi-

1986 3746 2154 3803 stant,
2178 3747 2232 3793 et
2253 3739 2567 3792 adhaereant
2602 3738 2729 3802 Deo,
2767 3753 2865 3792 nec
2898 3747 3078 3793 tamen
3101 3739 3290 3792 inanes
3317 3747 3372 3792 et
3414 3740 3566 3808 peni-

1989 3837 2075 3881 tus
2111 3826 2272 3880 alieni
2305 3834 2429 3880 sunt
2452 3842 2483 3880 a
2511 3827 2672 3881 rebus
2703 3827 2818 3880 Dei.
2870 3827 3158 3896 Accipiunt
3185 3842 3417 3898 namque
3440 3844 3565 3898 par-

1989 3929 2070 3975 tes
2099 3919 2166 3974 de
2188 3918 2471 3974 sacriﬁciis
2498 3919 2725 3986 divinis,
2781 3929 2836 3975 et
2878 3921 3046 3978 edunt
3092 3921 3158 3977 de
3208 3923 3401 3978 hostiis
3442 3925 3562 3978 Dei.

1991 4012 2372 4083 Unusquisque
2398 4026 2526 4083 ergo
2555 4020 2799 4066 nostrum
2820 4012 2997 4082 primo
3019 4013 3357 4068 convertitur
3379 4029 3409 4068 a
3432 4029 3560 4085 pec-

1989 4112 2131 4169 cato,
2164 4111 2224 4158 ut
2250 4118 2317 4157 ex
2345 4105 2698 4159 conversione
2733 4113 2955 4174 generet
2977 4119 3140 4176 opera
3181 4103 3429 4174 justitiaa,
3461 4121 3562 4177 po-

1989 4206 2104 4253 stea
2129 4213 2259 4254 vero
2273 4199 2506 4254 excitata
2532 4198 2586 4253 in
2617 4199 2772 4254 nobis
2794 4199 2948 4255 Anna
2976 4217 3072 4271 per
3095 4201 3292 4266 zelum,
3318 4208 3373 4257 et
3397 4218 3562 4258 remu-

1989 4288 2248 4342 lationem
2290 4289 2456 4354 boni,
2497 4303 2712 4359 precem
2746 4287 2923 4344 fundit
2943 4291 3012 4345 ad
3040 4292 3240 4359 Deum,
3273 4301 3408 4348 utet
3435 4293 3562 4363 ipsa

1992 4379 2132 4435 ﬁlios
2159 4387 2398 4452 generet.
2434 4379 2633 4448 Quales
2657 4396 2784 4452 ergo
2823 4382 2979 4436 Anna
3013 4398 3133 4451 qua:
3157 4394 3242 4437 est
3276 4385 3466 4454 gratia,
3502 4385 3562 4437 ﬁ~

1993 4471 2094 4526 lios
2117 4471 2374 4542 generat?
2397 4469 2498 4538 Qui
2530 4470 2803 4528 assideant
2824 4471 2953 4524 Deo.
2980 4469 3164 4525 Gratia
3193 4473 3357 4535 enim,
3383 4479 3438 4526 et
3465 4488 3562 4526 ve-

1994 4563 2128 4617 ritas
2150 4578 2248 4632 per
2266 4561 2450 4618 Jesum
2474 4561 2749 4617 Christum
2799 4559 2942 4616 facta
2967 4570 3071 4625 est,
3126 4561 3214 4615 hic
3263 4577 3392 4631 ergo
3423 4561 3565 4617 ﬁlius

1994 4661 2076 4709 est
2103 4654 2321 4724 gratiae,
2371 4653 2463 4724 qui
2509 4653 2620 4707 Deo
2646 4659 2831 4714 vacat,
2861 4658 2914 4706 et
2936 4649 3096 4706 verbo
3124 4650 3240 4705 Dei.
3292 4649 3422 4705 Post
3449 4651 3564 4705 haec

1992 4744 2168 4799 oravit
2201 4743 2387 4809 Anna,
2439 4752 2496 4798 et
2524 4743 2599 4797 ait
2633 4741 2646 4792 i
2691 4760 2703 4795 :
2733 4742 3112 4812 Conﬁrmatum
3166 4753 3239 4798 est
3273 4760 3365 4796 cor
3393 4761 3561 4798 meum

1988 4897 2177 4952 bendis
2205 4897 2540 4952 discrimine.

2060 4969 2085 5009 δ
2127 4970 2183 5022 ln
2210 4968 2500 5036 exemplari
2531 4969 2668 5020 unde
2694 4969 2910 5037 quisque
2942 4983 3099 5036 ergo;
3129 4977 3219 5022 aut
3249 4966 3406 5029 unde,
3466 4975 3559 5021 aut

1990 5055 2112 5107 ergo
2162 5037 2445 5092 redundat.
2487 5037 2698 5107 Ademi
2727 5054 2848 5106 ergo
2902 5051 2919 5087 :
2967 5049 3021 5090 tu
3066 5038 3111 5091 si
3145 5039 3226 5090 vis
3275 5038 3440 5107 deme
3469 5052 3561 5090 vo-

1980 5105 2108 5162 cem
2161 5107 2296 5162 unde
2347 5109 2552 5178 pariter
2610 5105 3020 5162 redundantem.
3069 5107 3370 5162 Eucherius
3429 5105 3560 5176 legit

1991 5194 2286 5302 "atellam.
2337 5246 2389 5301 5.
2444 5247 2494 5301 1.
2549 5246 2668 5302 Cal.
2719 5244 2894 5300 2.16.
2954 5244 3023 5299 Et
3080 5245 3389 5314 expressius
3421 5245 3556 5314 Eph-

1992 5317 2047 5370 2.
2069 5318 2251 5453 iSCap.
2284 5384 2336 5436 2.
2387 5400 2436 5436 v.
2474 5384 2522 5438 1.
2555 5382 2661 5438 Sed
2690 5399 2811 5439 cum
2863 5383 3030 5438 multo
3065 5384 3379 5440 discrimine
3424 5385 3561 5441 hanc

1995 5454 2532 5523 interpretationem,
2591 5462 2646 5509 et
2687 5453 2957 5522 vulgatam
2987 5463 3249 5520 nostram,
3315 5457 3425 5510 imo
3475 5457 3560 5509 iu-

1996 5535 2078 5596 tcr
2115 5525 2383 5596 vulgatam
2413 5561 2428 5586 ,
2475 5533 2530 5596 et
2566 5538 2922 5596 eam,qu:im
2956 5526 3175 5579 exhibet
3209 5525 3557 5596 Augustinus

1995 5595 2248 5719 dveinccens
2283 5593 2627 5664 allegandus;
2690 5594 2741 5647 id
2787 5605 2869 5649 est
2904 5611 2968 5649 ex
2998 5595 3171 5665 capite
3196 5595 3245 5648 ι.
3274 5593 3394 5650 libri
3426 5610 3561 5653 xvii.

2048 5683 2072 5720 ε
2146 5673 2342 5717 ιιιιιαιε.
