3904 6174
324 302 428 361 659

1388 276 1669 337 CLAUDII
1703 267 2173 332 TAURINENSIS
2212 268 2521 328 EPISCOPI

3487 266 3606 324 διο

323 415 385 467 in
436 406 666 465 Domino
690 443 708 469 ,
743 410 793 457 et
833 396 1121 454 exaltatum
1157 400 1231 449 est
1275 406 1441 451 comat
1483 405 1658 444 meum
1698 404 1755 442 tn
1795 384 1906 439 Deo
1937 384 1987 443 A
2010 384 2257 455 quoniam
2284 384 2429 440 Deus
2449 384 2791 439 scientiarum
2813 382 3094 437 Dominus.
3122 381 3243 452 ipse
3267 396 3367 437 vos
3391 381 3520 447 scit,
3546 391 3612 438 et

327 500 553 560 salutari
580 511 713 550 meo.
761 489 1053 545 Dilatatum
1083 493 1160 541 est
1187 501 1244 539 os
1287 499 1462 538 meum
1486 497 1645 552 super
1672 479 1915 535 inimicos
2015 482 2107 537 ubi
2144 495 2305 535 nemo
2333 479 2454 546 scit,
2491 479 2747 548 quoniam
2776 478 2871 548 qui
2898 484 3056 548 putat
3105 492 3165 531 se
3197 475 3402 546 aliquid
3460 491 3614 541 esse,

329 605 490 647 meos.
520 586 723 641 La'tata
751 595 870 636 sum
891 580 948 633 in
966 575 1190 632 salutari
1214 584 1327 639 tuo,
1359 582 1469 629 etc.
1500 584 1529 614 ι
1575 571 1653 628 lta
1687 584 1756 626 ne
1785 584 1920 624 vero

327 680 493 736 verba
549 677 667 731 haec
714 671 878 728 unius
925 666 1257 725 mulierculae
1303 664 1640 736 putabuntur
1685 676 1809 718 esse
1852 660 1920 715 de

328 778 460 826 nato
489 766 595 824 sibi
616 764 730 821 ﬁlio
752 759 1118 836 gratulantis?
1146 766 1435 814 tantumne
1458 769 1611 809 mens
1636 751 1918 809 hominum

326 878 361 917 a
389 860 511 915 luce
538 855 790 913 veritatis
833 867 1026 909 aversa
1053 858 1157 917 est,
1198 858 1261 903 ut
1296 861 1403 902 non
1433 845 1677 902 sentiant
1726 855 1920 913 super-

327 951 482 1025 gredi
503 948 724 1013 modum
754 945 971 1002 feminae
1000 943 1163 1013 hujus
1183 940 1327 997 dicta
1344 979 1360 1004 ,
1387 952 1510 1008 quae
1534 934 1709 993 fudit?

408 1060 428 1094 ι
463 1042 633 1097 Porro
657 1039 750 1108 qui
787 1037 951 1091 rebus
982 1034 1132 1103 ipsis,
1160 1046 1282 1102 quae
1303 1029 1420 1099 jam
1451 1033 1732 1098 emperant
1756 1025 1924 1082 etiam

334 1134 392 1191 in
414 1134 518 1188 hac
544 1127 979 1200 peregrinatione
1008 1123 1293 1194 compleri,
1321 1119 1711 1179 convenienter
1737 1130 1924 1171 move-

334 1234 461 1289 tur,
516 1235 697 1277 nonne
725 1218 999 1283 intcndit,
1035 1224 1093 1273 et
1138 1215 1365 1286 aspicit,
1416 1222 1474 1269 et
1505 1211 1786 1283 cognoscit
1829 1223 1929 1281 per

2017 585 2143 626 cum
2179 569 2314 625 nihil
2341 570 2413 624 sit
2437 609 2453 634 ,
2484 584 2545 624 se
2570 569 2689 638 ipse
2731 568 2961 623 seducit.
2988 566 3115 624 Haec
3137 567 3395 622 dicuntur
3415 568 3617 622 adver—

2018 660 2178 716 sariis
2202 660 2441 715 civitatis
2461 659 2559 714 Dei
2581 658 2649 713 ad
2692 657 3047 729 Babyloniam
3084 657 3510 728 pertinentibus,
3544 659 3619 714 de

2019 770 2115 811 sua
2144 755 2345 810 virtute
2374 753 2858 824 praesumentibus,
2891 752 2945 807 in
2971 767 3057 816 se,
3112 766 3220 806 non
3271 751 3327 805 in
3376 750 3621 807 Domino

2020 844 2398 917 gloriantibus,
2424 859 2488 899 ex
2506 844 2702 915 quibus
2723 850 2850 899 sunt
2870 843 3038 898 etiam
3052 840 3306 900 carnales
3328 842 3616 907 lsraelitae,

2024 945 2251 993 terrente
2280 936 2618 993 Hierusalem
2650 936 2798 991 cives
2854 935 3170 1007 terrigenae,
3222 936 3337 1005 qui,
3392 943 3455 990 ut
3480 934 3623 991 dicit

2024 1032 2314 1104 Apostolus
2341 1031 2521 1106 (Rom.
2553 1033 2640 1088 10.
2682 1033 2795 1104 5.),
2832 1033 3134 1103 ignorantes
3160 1031 3261 1087 Dei
3302 1033 3570 1100 iustitiam
3600 1074 3617 1098 ,

2026 1127 2104 1199 (id
2131 1135 2215 1182 est
2240 1142 2401 1196 quam
2424 1126 2520 1181 dat
2544 1125 2686 1181 Deus
2712 1126 2938 1191 homini,
2979 1126 3073 1196 qui
3098 1125 3245 1181 solus
3272 1134 3357 1181 est
3393 1125 3582 1194 justus
3601 1168 3617 1191 ,

2024 1226 2192 1289 atque
2212 1216 2539 1290 justiﬁeans)
2564 1259 2580 1284 ,
2628 1227 2677 1273 et
2706 1233 2859 1272 suam
2897 1216 3123 1272 volentes
3169 1218 3523 1283 constituere,
3566 1218 3621 1272 id

339 1318 481 1372 hunc
526 1312 812 1369 mulierem
837 1350 852 1377 ,
893 1309 1050 1381 cujus
1088 1308 1255 1363 etiam
1282 1320 1485 1362 nomen
1535 1303 1612 1375 (id
1643 1309 1728 1358 est
1749 1297 1926 1371 Anna)
2027 1319 2112 1365 est
2133 1308 2281 1365 velut
2305 1324 2336 1364 a
2366 1323 2427 1364 se
2452 1310 2559 1366 sibi
2592 1317 2973 1380 praeparatam,
3005 1325 3113 1365 non
3141 1310 3210 1366 ab
3255 1310 3347 1364 illo
3378 1311 3625 1381 imperti-

334 1405 510 1479 gratia
540 1403 657 1473 eius
690 1402 1100 1472 interpretatur,
1128 1398 1304 1469 ipsam
1325 1395 1642 1467 religionem
1671 1391 1927 1448 christia-

2060 1418 2141 1457 atu
2167 1443 2182 1467 ,
2214 1401 2440 1472 iustitiae
2475 1401 2576 1456 Dei
2628 1418 2735 1456 non
2770 1411 2894 1456 sunt
2919 1401 3163 1472 subjecti.
3215 1400 3415 1471 Utique
3440 1443 3456 1465 ε
3495 1403 3623 1472 quia

340 1513 467 1553 nam
488 1536 504 1562 ,
535 1497 710 1566 ipsam
737 1493 1013 1549 civitatem
1042 1490 1171 1556 Dei,
1198 1487 1359 1571 (cuius
1389 1502 1487 1543 rex
1524 1492 1630 1551 est,
1659 1493 1715 1540 et
1742 1482 1931 1540 condi-

2060 1494 2253 1571 uperbi
2282 1493 2350 1548 de
2375 1507 2472 1548 suo
2490 1500 2768 1563 putantes,
2802 1507 2914 1547 non
2940 1493 3008 1547 de
3046 1491 3143 1547 Dei
3168 1533 3182 1557 ,
3214 1507 3374 1561 posse
3403 1490 3623 1562 placere

341 1598 430 1646 ῑυΐ
471 1587 755 1650 (Ἇπίεῐυεν
799 1584 973 1655 ipsam
1000 1589 1277 1653 1³0⁸⁸³³⁸ωο
1325 1579 1423 1635 Dei
1475 1577 1730 1648 ετειύαηιν
1779 1571 1934 1642 (illius
2032 1600 2095 1640 se
2118 1584 2249 1651 Deo,
2275 1583 2369 1653 qui
2394 1592 2472 1637 est
2501 1581 2645 1637 Deus
2672 1582 3014 1638 scientiarum
3032 1623 3046 1648 ,
3072 1590 3235 1652 atque
3264 1582 3420 1646 ideo,
3451 1590 3510 1635 et
3538 1596 3624 1635 ar-

340 1683 660 1755 prophetico
689 1680 884 1750 spiritu
914 1678 993 1733 sic
1015 1676 1196 1732 locuta
1229 1675 1346 1730 est?
1372 1688 1403 1728 a
1424 1688 1534 1744 qua
1555 1670 1776 1742 superbi
1798 1669 1930 1724 alie-
1960 1740 2006 1755 _
2036 1675 2180 1731 biter
2201 1674 2680 1733 conscientiarum.
2727 1673 2807 1728 Ibi
2836 1673 3027 1729 videns
3070 1674 3412 1744 cogitationes
3455 1672 3628 1726 homi-

346 1740 582 1839 llallllﬂ',
604 1779 668 1825 ιιι
686 1740 918 1834 cedam;
965 1783 1074 1838 qua
1108 1763 1343 1822 humiles
1366 1740 1692 1835 ίῐηίδὶειηιιντ,
1721 1770 1783 1817 ιιι
1807 1775 1931 1817 ευτ’·
1960 1740 2009 1801 Β
2037 1784 2163 1822 num
2180 1768 2304 1839 quia
2337 1783 2489 1822 came
2517 1775 2639 1822 sunt
2682 1762 2853 1838 (Psal.
2875 1765 2966 1822 9'5.
2996 1766 3085 1820 il.
3118 1740 3234 1837 55).
3262 1765 3321 1820 Si
3343 1766 3630 1821 hominum

344 1872 509 1937 gant,
566 1862 712 1933 quod
747 1859 986 1915 maxime
1037 1858 1272 1928 hymnus
1327 1855 1430 1910 iste
1480 1860 1758 1922 personat.
1816 1850 1934 1906 Nisi

345 1956 637 2027 quisquam
657 1949 798 2007 forte
822 1949 1066 2004 dicturus
1094 1954 1201 2012 est,
1227 1944 1362 2000 nihil
1399 1944 1557 1999 istam
1588 1941 1939 2013 prophetasse

349 2047 658 2111 mulierem,
717 2043 817 2100 sed
862 2042 1035 2098 Deum
1085 2037 1457 2095 tantummodo
1483 2042 1708 2107 propter
1732 2031 1901 2087 ﬁlium
1920 2072 1936 2097 ,

349 2153 515 2208 quem
555 2143 780 2207 precata
837 2131 1178 2204 impetravit,
1225 2126 1523 2186 exsultanti
1555 2124 1942 2198 praedicatione

358 2231 631 2288 laudasse.
660 2228 801 2297 Quid
821 2240 954 2297 ergo
977 2223 1080 2282 sibi
1104 2221 1221 2278 vult
1237 2221 1382 2291 quod
1401 2218 1516 2275 ait?
1541 2217 1737 2271 Arcum
1763 2222 1945 2287 poten-

353 2326 488 2379 tium
512 2322 636 2394 fecit
660 2320 964 2391 inﬁmum,
995 2326 1045 2372 et
1064 2315 1264 2385 inﬁrmi
1283 2311 1555 2385 praecincti
1576 2317 1699 2365 sunt
1733 2308 1941 2363 virtute.

359 2412 515 2469 Pleni
558 2410 784 2483 panibus
819 2406 1069 2462 minorati
1119 2412 1241 2460 sunt
1265 2444 1281 2471 ,
1316 2412 1364 2459 et
1394 2403 1681 2458 esurientes
1716 2400 1944 2455 transie—

357 2513 481 2558 runt
502 2511 729 2566 terram,
757 2498 883 2570 quia
907 2494 1099 2552 sterilis
1119 2494 1317 2567 peperit
1345 2501 1542 2565 septem
1561 2533 1576 2559 ,
1618 2501 1667 2547 et
1693 2490 1861 2546 multa
1891 2490 1949 2544 in

356 2593 485 2665 ﬁliis
526 2592 798 2663 inﬁrmata
825 2597 923 2645 est.
954 2586 1211 2658 Nunquid
1252 2595 1446 2658 septem
1476 2584 1594 2655 ipsa
1622 2587 1945 2654 pepererat,

358 2683 609 2754 quamvis
630 2680 833 2738 sterilis
860 2679 1064 2736 fuerit?
1122 2677 1356 2735 Unicum
1379 2674 1647 2740 habebat,
1689 2688 1814 2730 cum
1845 2672 1952 2727 ista

359 2776 575 2833 dicebat
604 2792 619 2829 :
644 2773 743 2831 sed
768 2787 870 2829 nec
888 2778 1080 2844 postea
1111 2779 1303 2842 septem
1323 2769 1552 2840 peperit,
1581 2768 1697 2822 sive
1723 2781 1843 2833 sex,
1881 2781 1949 2822 ex

362 2867 565 2937 quibus
590 2863 856 2935 septimus
878 2871 1025 2927 esset
1052 2862 1166 2933 ipse
1189 2859 1434 2925 Samuel,
1462 2860 1559 2915 sed
1605 2866 1719 2915 tres
1746 2873 1951 2925 mares,

364 2959 574 3015 etduas
600 2955 849 3012 feminas.
891 2954 1119 3010 Demum
1161 2953 1252 3008 illa
1304 2954 1358 3008 in
1383 2951 1599 3030 populo,
1620 2967 1744 3008 cum
1779 2952 1956 3008 adhuc

360 3062 524 3104 nemo
549 3053 829 3118 regnaret,
854 3045 1000 3115 quod
1022 3044 1078 3100 in
1104 3052 1357 3100 extremo
1377 3044 1558 3115 posuit
1587 3044 1638 3110 ι’,
1669 3044 1763 3099 dat
1786 3043 1951 3098 virtu-

366 3150 471 3193 tem
531 3138 737 3208 regibus
782 3137 976 3191 nostris
1001 3175 1017 3201 ,
1064 3145 1113 3190 et
1141 3134 1390 3190 exultauit
1428 3151 1591 3190 cornu
1623 3132 1820 3189 Christi
1844 3134 1948 3209 sui.

365 3228 524 3286 Unde
544 3228 791 3293 dicebat,
820 3228 867 3282 si
896 3242 1004 3282 non
1030 3227 1422 3296 prophetabat?
1470 3228 1626 3283 Dicat
1671 3241 1801 3297 ergo
1853 3225 1955 3281 Ec-

367 3319 539 3376 clesia
567 3317 801 3384 Christi,
838 3316 1042 3373 Civitas
1091 3316 1256 3388 Regis
1284 3318 1466 3389 magni
1494 3359 1509 3384 ,
1569 3317 1742 3388 gratia
1774 3316 1952 3387 plena,

366 3410 518 3484 prole
543 3409 787 3466 fecunda.
820 3409 978 3465 Dicat
996 3408 1140 3478 quod
1162 3418 1314 3464 tanto
1335 3421 1461 3464 ante
1485 3410 1551 3464 de
1574 3422 1632 3463 se
1654 3409 1955 3480 propheta-

370 3515 483 3562 tum
503 3519 603 3574 per
624 3519 688 3561 os
725 3504 887 3576 hujus
924 3503 1026 3573 piae
1049 3503 1242 3559 matris
1269 3503 1532 3576 agnoscit.
1561 3501 1955 3573 Conﬁrmatum

369 3606 446 3653 est
471 3613 563 3651 cor
590 3612 763 3650 meum
798 3596 853 3651 in
902 3593 1168 3661 Domino,
1230 3603 1279 3649 et
1338 3593 1628 3649 exaltatum
1674 3604 1751 3649 est
1797 3606 1959 3648 cornu

370 3705 545 3745 meum
593 3689 651 3743 in
696 3687 803 3743 Deo
850 3703 988 3742 meo.
1020 3686 1164 3743 Vere
1204 3686 1588 3743 conﬁrmatum
1625 3693 1712 3741 est
1748 3699 1872 3749 cor,
1905 3692 1963 3739 et

371 3794 542 3836 cornu
578 3777 906 3843 exaltatum,
937 3777 1063 3847 quia
1112 3792 1222 3834 non
1276 3777 1331 3832 in
1363 3790 1424 3834 se
1447 3816 1463 3843 ,
1504 3777 1601 3832 sed
1633 3776 1688 3831 in
1734 3774 1962 3831 Domino

373 3874 486 3929 Deo
510 3886 628 3928 suo.
654 3869 951 3925 Dilatatum
971 3880 1045 3925 est
1066 3886 1226 3941 super
1246 3869 1489 3924 inimicos
1512 3885 1653 3924 meos
1675 3876 1723 3923 et
1752 3882 1923 3922 meum
1943 3878 1960 3917 :

376 3964 505 4036 quia
532 3971 588 4020 et
621 3962 676 4018 in
705 3962 971 4032 angustiis
1010 3976 1390 4033 pressurarum
1420 3977 1591 4017 sermo
1620 3960 1719 4015 Dei
1748 3977 1852 4015 non
1886 3970 1962 4015 est

381 4054 654 4126 alligatus.
695 4064 719 4096 ι
756 4052 961 4108 Ιιωῑιιεα
992 4069 1129 4119 sum,
1158 4054 1362 4125 inquit,
1392 4052 1420 4093 ἀ
1467 4054 1525 4109 in
1571 4051 1799 4108 salutari
1848 4060 1961 4106 tuo.

372 4146 632 4203 Christus
657 4151 740 4200 est
769 4144 873 4199 iste
899 4141 1088 4210 Iesus,
1121 4159 1283 4215 quem
1316 4143 1542 4199 Simeon
1585 4142 1679 4197 ille
1699 4182 1715 4208 ,
1745 4142 1886 4197 sicut
1908 4141 1965 4195 in

382 4237 679 4308 Evangelia
707 4237 925 4309 legitur,
965 4237 1118 4309 (Luc.
1149 4238 1206 4294 2.
1235 4239 1326 4295 25.
1361 4238 1493 4307 etc.)
1537 4252 1705 4295 senex
1733 4236 1969 4308 amplec-

383 4338 508 4385 tens
536 4342 800 4399 parvum,
850 4343 1149 4400 agnoscens
1197 4345 1451 4401 magnum
1481 4345 1497 4384 :
1551 4344 1690 4384 nunc
1719 4328 1965 4393 dimittis,

2037 1865 2164 1914 sunt
2191 1899 2206 1925 ,
2242 1865 2297 1913 et
2328 1858 2397 1913 ab
2418 1857 2510 1913 illo
2534 1871 2644 1913 non
2670 1865 2797 1914 sunt
2829 1855 2903 1929 (1.
2940 1845 3068 1929 ﬂag.
3098 1857 3153 1912 2.
3189 1856 3267 1930 5).
3300 1856 3373 1911 Et
3409 1875 3629 1928 pra-pa-

2039 1966 2165 2003 rans
2194 1990 2209 2015 ,
2260 1948 2469 2020 inquit,
2526 1948 2919 2002 adinventiones
2971 1964 3117 2003 suas.
3178 1946 3323 2015 Quas
3370 1948 3634 2003 adiuven-

2040 2041 2217 2096 tiones
2244 2048 2529 2111 putamus,
2562 2040 2666 2095 nisi
2693 2047 2752 2095 ut
2779 2039 3001 2110 superbi
3028 2041 3261 2108 cadant,
3310 2048 3367 2096 et
3395 2041 3635 2097 humiles

2039 2131 2301 2204 surgant?
2352 2130 2463 2186 Has
2496 2131 2695 2201 quippe
2734 2130 3152 2187 adinventiones
3200 2130 3525 2201 exequitur,
3556 2132 3636 2186 di-

2041 2239 2194 2281 cens.
2227 2221 2395 2278 Arcus
2425 2222 2714 2294 potentium
2740 2222 3045 2291 inﬁrmatus
3070 2232 3168 2288 est,
3191 2232 3239 2277 et
3265 2222 3469 2292 inﬁrmi
3495 2239 3632 2293 pra?-

2047 2316 2205 2371 cincti
2234 2323 2357 2371 sunt
2379 2316 2588 2370 virtute.
2618 2314 2932 2386 Inﬁrmatus
2961 2325 3035 2369 est
3064 2331 3239 2377 arcus,
3268 2312 3323 2368 id
3348 2320 3435 2368 est
3461 2314 3635 2368 inten-

2048 2408 2126 2464 tio
2154 2422 2342 2463 eorum
2368 2447 2384 2472 ,
2413 2407 2508 2476 qui
2546 2414 2655 2461 tam
2685 2415 2936 2476 potentes
2966 2406 3068 2461 sibi
3112 2406 3386 2469 videntur,
3425 2412 3490 2458 ut
3518 2403 3636 2458 sine

2047 2499 2144 2556 Dei
2172 2500 2336 2562 dono,
2362 2507 2526 2570 atque
2556 2498 2846 2569 adiutorio,
2876 2499 3109 2553 humana
3146 2495 3471 2553 suillcientia
3498 2535 3515 2560 ,
3554 2495 3636 2550 di-

2046 2592 2176 2647 vina
2199 2590 2410 2662 possint
2434 2589 2663 2660 implere
2704 2589 2980 2644 mandata.
3016 2588 3086 2642 Et
3108 2589 3510 2659 praecinguntur
3535 2589 3636 2642 uir-

2050 2693 2178 2749 tute,
2207 2697 2440 2754 quorum
2471 2682 2684 2737 interna
2711 2696 2816 2737 vox
2843 2690 2927 2737 est
2953 2677 3128 2751 (Psal.
3156 2680 3210 2736 6.
3238 2679 3340 2749 5.),
3385 2678 3637 2735 Miserere

2052 2780 2176 2846 mei,
2219 2777 2443 2832 Domine
2470 2790 2489 2829 :
2526 2777 2776 2848 quoniam
2800 2777 3044 2848 inﬁrmus
3069 2776 3233 2832 sum.’

2129 2889 2148 2921 ι
2185 2869 2339 2925 Pleni
2366 2869 2612 2942 panibus,
2642 2868 2838 2939 inquit,
2878 2870 3131 2925 minorati
3158 2880 3301 2936 sunt,
3332 2878 3380 2924 et
3404 2870 3635 2924 esurien-

2054 2974 2130 3018 tes
2161 2963 2487 3018 transierunt
2523 2971 2739 3016 terram.
2786 2959 2888 3027 Qui
2939 2968 3067 3017 sunt.
3119 2961 3455 3033 intelligendi
3501 2959 3635 3031 pleni

2053 3056 2299 3126 panibus,
2328 3055 2432 3110 nisi
2468 3054 2630 3109 iidem
2654 3053 2754 3125 ipsi
2780 3054 2933 3124 quasi
2960 3062 3244 3124 potentes:
3278 3054 3330 3109 id
3362 3062 3445 3109 est
3465 3050 3636 3108 lsrae-

2055 3147 2186 3213 lita},
2218 3145 2413 3216 quibus
2436 3144 2634 3200 credita
2660 3154 2781 3199 sunt
2803 3144 3011 3217 eloquia
3061 3143 3157 3199 Dei
3205 3143 3386 3217 (Rom.
3431 3144 3487 3198 5.
3518 3142 3635 3211 2.)?

2058 3236 2165 3293 Sed
2190 3238 2244 3292 in
2272 3251 2337 3293 eo
2361 3236 2583 3308 populo,
2610 3235 2822 3292 ancilla:
2885 3235 2980 3291 ﬁlii
3020 3236 3271 3290 minorati
3294 3243 3454 3299 sunt,
3495 3233 3634 3303 quod

2055 3330 2225 3387 verbo
2259 3330 2442 3385 minus
2490 3328 2694 3394 latino,
2748 3328 2887 3383 bene
2938 3335 3116 3382 tamen
3155 3340 3475 3397 expressum
3510 3331 3634 3379 est:

2058 3423 2204 3494 quod
2227 3438 2294 3478 ex
2324 3420 2621 3490 majoribus
2652 3421 2894 3476 minores
2923 3419 3052 3475 facti
3080 3427 3238 3481 sunt,
3270 3417 3396 3487 quia
3427 3424 3485 3471 et
3514 3415 3639 3486 ipsis

2057 3514 2288 3586 panibus
2317 3511 2393 3584 (id
2416 3519 2500 3570 est
2526 3511 2724 3567 divinis
2751 3510 2954 3577 verbis,
2978 3526 3098 3581 quae
3112 3509 3369 3565 Israelitae
3391 3507 3493 3563 soli
3519 3516 3640 3562 tunc

2060 3619 2129 3661 ex
2155 3605 2406 3660 omnibus
2445 3605 2692 3676 gentibus
2743 3603 3091 3675 acceperunt)
3147 3611 3360 3658 terrena
3409 3601 3638 3671 sapiunt.

2061 3696 2263 3754 Gentes
2291 3704 2504 3762 autem,
2533 3696 2729 3766 (litibus
2753 3694 2841 3751 lex
2865 3694 2955 3750 illa
2976 3711 3084 3749 non
3109 3702 3230 3749 erat
3256 3691 3404 3755 data,
3434 3700 3639 3760 postea-

2062 3801 2226 3857 quam
2247 3801 2347 3857 per
2382 3799 2581 3840 novum
2612 3791 2995 3840 testamentum
3036 3782 3102 3838 ad
3130 3782 3341 3849 eloquia
3367 3780 3460 3835 illa
3490 3793 3641 3833 vene-

2066 3885 2221 3942 runt,
2258 3876 2487 3932 multum
2519 3875 2809 3932 esuriendo
2828 3916 2843 3942 ,
2872 3882 3075 3929 terram
3100 3873 3439 3928 transierunt
3466 3912 3483 3935 ,
3524 3869 3640 3939 quia

2064 3969 2120 4024 in
2154 3969 2236 4025 eis
2259 3984 2368 4025 non
2400 3976 2639 4033 terrena,
2672 3968 2766 4023 sed
2800 3966 3045 4023 cmlesti‘a
3078 3972 3395 4037 sapuerunt.
3433 3962 3504 4017 Et
3540 3963 3645 4017 bare

2064 4061 2214 4118 velut
2249 4068 2588 4133 quereretur
2613 4074 2777 4116 causa
2795 4100 2810 4126 ,
2847 4074 2949 4116 cur
2972 4058 3176 4115 factum
3200 4058 3291 4113 sit.

2144 4173 2163 4206 ι
2193 4153 2333 4221 Quia
2348 4153 2541 4209 sterilis
2566 4153 2764 4224 peperit
2785 4162 3002 4224 septem,
3019 4160 3068 4205 et
3090 4149 3257 4205 multa
3272 4150 3327 4203 in
3350 4148 3483 4217 ﬁliis
3507 4148 3646 4218 inﬁr»

2066 4256 2214 4302 mata
2240 4254 2335 4301 est.
2376 4245 2476 4301 Hie
2501 4252 2710 4309 totum,
2774 4242 2918 4315 quod
2970 4241 3430 4314 prophetabatur,
3482 4239 3647 4295 eluxit

2071 4336 2487 4410 agnoscentibus
2515 4350 2802 4391 numerum
2828 4334 3216 4406 septenarium,
3256 4347 3365 4403 quo
3407 4341 3494 4387 est
3535 4333 3648 4386 uni-

387 4419 589 4490 inquit,
621 4434 828 4474 seruum
856 4429 1007 4475 tuum
1026 4420 1085 4474 in
1110 4435 1257 4491 pace,
1283 4421 1535 4492 quoniam
1562 4421 1803 4476 viderunt
1829 4419 1968 4475 oculi
1993 4432 2049 4495 ι)
2072 4443 2246 4484 versas
2272 4427 2529 4484 Ecclesia:
2564 4426 2863 4499 signiﬁcata
2901 4424 3183 4497 perfectio.
3230 4424 3464 4495 Propter
3484 4421 3646 4494 quod,

387 4510 491 4565 mei
512 4507 748 4565 salutare
768 4518 937 4565 tuum.
954 4511 1110 4567 Dicat
1131 4511 1316 4584 itaque
1339 4510 1611 4569 Ecclesia:
1628 4511 1831 4568 Lwtata
1852 4528 1969 4567 sum

384 4603 443 4656 in
468 4600 699 4657 salutari
725 4611 837 4656 tuo.

465 4710 487 4744 s
525 4703 549 4732 ο
575 4691 837 4755 Quoniam
871 4710 974 4749 non
1008 4704 1084 4750 est
1130 4705 1345 4750 sanctus
1390 4696 1524 4750 sicut
1567 4695 1821 4750 Dominus
1850 4738 1865 4762 ,
1922 4708 1969 4751 et

388 4800 493 4839 non
517 4795 593 4838 est
609 4785 787 4854 justus
820 4787 958 4840 sicut
998 4785 1142 4841 Deus
1178 4797 1372 4842 noster.
1419 4787 1700 4858 Tanquam
1729 4801 1969 4853 sanctus,

387 4883 444 4930 et
464 4876 810 4933 sanctiﬁcans

389 5173 481 5228 qus
511 5157 738 5224 excelsa,
763 5175 928 5231 neque
953 5167 1105 5214 exeat
1128 5158 1544 5231 magniloquium
1572 5160 1635 5214 de
1658 5177 1749 5216 ore
1779 5171 1971 5226 vestro,

434 5424 647 5505 [nudius
666 5434 941 5505 deinceps.

391 5499 509 5624 te;
533 5500 603 5623 ξπ
651 5503 827 5630 segeat
861 5499 1001 5558 'cum
1038 5504 1361 5575 principibus
1389 5546 1403 5572 ,
1443 5514 1493 5559 et
1544 5504 1731 5560 solium
1788 5504 1973 5576 gloria:

510 5587 541 5623 a
571 5611 583 5624 .
622 5588 675 5625 ν.
748 5615 760 5628 .

510 5587 583 5624 αι.
622 5588 675 5625 ν.
706 5587 760 5628 ὅ.

466 5640 573 5715 “ull.
591 5641 828 5715 Tinioth.
855 5643 909 5697 2.
934 5645 1064 5698 9.in
1080 5644 1379 5715 Augustino
1390 5646 1535 5700 edito
1551 5663 1577 5699 a
1593 5645 1697 5700 PP.
1718 5646 1773 5702 S.
1799 5646 1970 5702 Mauri

391 5710 641 5771 additur:
668 5730 758 5769 nec
792 5714 843 5766 in
867 5710 1196 5781 prwconibu?
1219 5713 1471 5784 alligatis.

870 4896 884 4931 :
940 4875 1122 4947 justus
1148 4887 1203 4933 et
1222 4877 1546 4949 justiﬁcaus.
1590 4877 1708 4934 Non
1738 4888 1824 4936 est
1852 4895 1975 4935 san-

387 4978 511 5028 ctus
537 4980 733 5043 praeter
763 4982 838 5037 te,
864 4972 990 5042 quia
1018 4987 1177 5028 nemo
1208 4972 1289 5039 ﬁt,
1318 4973 1423 5028 nisi
1472 4975 1569 5029 abs
1614 4980 1686 5028 te.
1730 4973 1975 5044 Denique

388 5064 636 5134 sequitur
654 5064 754 5136 :(v.
777 5064 856 5135 5.)
894 5064 1077 5119 Nolite
1104 5064 1323 5136 gloriari
1344 5068 1581 5138 superbi,
1630 5075 1681 5121 et
1710 5066 1869 5121 nolite
1897 5066 1976 5122 lo-

461 5300 489 5329 ι
515 5269 641 5363 llas}
668 5307 790 5362 quae
809 5303 1114 5363 sequuntur
1133 5294 1315 5348 omnia
1344 5294 1616 5362 exscripta
1646 5300 1772 5347 sunt
1799 5308 1866 5348 ex
1885 5309 1978 5351 ca-

387 5361 500 5482 siae
612 5361 990 5449 libi-initae
1019 5362 1286 5419 Civitate:
1320 5364 1465 5436 quod
1516 5361 1620 5418 non
1671 5364 1977 5421 dissimulat

490 5432 647 5482 udtus
666 5434 941 5482 damnans-

2073 4527 2129 4576 et
2163 4518 2401 4575 Joannes
2447 4518 2737 4590 Apostolus
2791 4518 2860 4574 ad
2889 4524 3095 4589 septem
3127 4515 3319 4572 scribit
3345 4514 3649 4579 Ecclesias,

2074 4610 2314 4683 (Apocal.
2343 4610 2397 4665 2.
2424 4609 2506 4681 4.)
2530 4624 2596 4666 eo
2615 4609 2776 4666 modo
2803 4624 2861 4666 se
2889 4608 3180 4665 ostendens
3201 4607 3269 4663 ad
3295 4607 3457 4663 unius
3482 4606 3652 4677 pleni-

2074 4699 2315 4755 tudinem
2339 4699 2599 4754 scribere.
2660 4699 2729 4754 Et
2786 4700 2841 4754 in
2879 4698 3184 4769 proverbiis
3211 4696 3528 4753 Salomonis
3555 4697 3653 4751 hoc

2075 4799 2234 4844 antea
2262 4789 2614 4862 praeﬁgurans
2648 4786 2925 4860 Sapientia
2952 4787 3134 4861 (Prov.
3170 4789 3223 4844 9.
3257 4787 3335 4859 1.)
3377 4787 3652 4857 aediﬁcavit

2075 4882 2173 4936 sibi
2199 4882 2434 4947 domum,
2458 4892 2506 4936 et
2525 4880 2760 4953 stt/fulsit
2785 4881 2884 4936 sibi
2909 4881 3180 4937 columnas
3202 4890 3418 4951 septem.
3440 4878 3653 4935 Sterilis

2075 4974 2223 5030 enim
2245 4983 2366 5030 erat
2394 4975 2450 5030 in
2470 4975 2724 5031 omnibus
2736 4975 2987 5047 gentibus
3006 4974 3102 5030 Dei
3122 4973 3338 5039 civitas,
3366 4982 3650 5043 antequam

2076 5065 2179 5122 iste
2236 5064 2377 5123 fetus
2407 5107 2421 5132 ,
2488 5082 2648 5138 quem
2706 5066 3019 5133 cernimus,
3076 5064 3335 5122 oriretur.
3373 5065 3652 5119 Cernimus

2077 5158 2261 5223 etiam,
2297 5172 2417 5229 qua:
2466 5158 2641 5223 (multa
2694 5156 2753 5214 in
2788 5157 2917 5229 ﬁliis
2966 5167 3115 5225 erat,
3150 5171 3300 5212 nunc
3326 5153 3649 5219 inﬁrmatam

2152 5293 2179 5333 ά
2209 5293 2274 5366 lu)
2297 5293 2494 5350 Codice
2520 5293 2730 5366 inquid,
2752 5302 2809 5350 et
2835 5294 2948 5360 hic,
2972 5300 3027 5366 et
3046 5297 3371 5366 pautopost.
3398 5288 3538 5343 Alibi
3563 5286 3649 5342 ad-

2079 5367 2214 5420 verti
2244 5364 2453 5420 litteras
2484 5374 2504 5417 t
2540 5364 2597 5419 et
2632 5364 2666 5418 d
2697 5365 2751 5419 in
2783 5365 3031 5435 antiquis
3050 5364 3327 5435 codicibus
3350 5376 3494 5435 saepe
3531 5374 3648 5429 per-

2081 5434 2301 5499 mutari,
2330 5435 2481 5505 adeo
2527 5442 2587 5489 ut
2611 5435 2824 5504 legatur
2849 5432 3067 5505 inquid,
3089 5433 3279 5503 capud,
3308 5432 3375 5487 ed
3400 5449 3413 5484 :
3440 5439 3508 5505 et_
3526 5444 3640 5505 cou-

2080 5515 2161 5560 tra
2195 5515 2292 5570 set,
2318 5503 2489 5567 Davit,
2522 5514 2628 5560 etc.
2657 5498 2791 5563 Vide
2830 5498 3235 5560 adnotationem
3266 5518 3468 5558 nonam
3496 5501 3551 5554 iu
3591 5498 3646 5552 S.

2077 5575 2350 5631 Antipatri
2373 5592 2699 5631 sermonem.

2154 5659 2177 5685 ε
2211 5642 2257 5700 1.
2285 5645 2416 5717 Reg.
2446 5646 2501 5700 2.
2525 5646 2579 5700 2.
2610 5645 2715 5703 Sed
2758 5662 2881 5703 cum
2931 5646 3113 5717 aliquo
3147 5643 3484 5706 discrimine,
3513 5642 3648 5710 quod

2079 5717 2138 5772 ﬁt
