3976 6170
334 267 426 324 till

1253 265 1713 335 QUz'ESTlONES
1750 265 1897 322 XXX
1937 264 2163 322 SUPER
2204 267 2452 324 LIBROS
2495 268 2757 326 REGUM.

3493 275 3604 333 642

247 401 256 408 ·
330 380 659 437 llierusalem
685 386 979 445 terrenam,
999 383 1254 451 quoniam
1279 381 1588 452 quicunque
1610 383 1704 437 ﬁlii
1729 382 1910 437 liberte
1937 385 1983 443 Α
2014 380 2236 448 ίιιυίιχει)
2274 382 2366 437 illo
2406 383 2675 450 alienaho,
2705 387 2848 455 quod
2872 387 3111 443 additum
3136 396 3221 445 est
3241 409 3253 444 :
3276 388 3344 445 Et
3372 391 3434 446 de
3458 403 3598 448 ster-

327 476 379 530 in
408 493 470 530 ea
498 480 696 537 erant;
737 474 909 528 virtus
947 474 1064 542 ejus
1099 484 1238 530 erat.
1281 474 1436 531 Nunc
1484 491 1613 531 vero
1659 477 1729 530 ibi
1769 491 1905 545 quo—

326 571 467 623 niam
499 568 677 622 littera
704 575 809 631 est,
836 575 892 621 et
919 568 1141 638 spiritus
1172 584 1276 624 non
1330 577 1434 634 est,
1472 569 1673 624 amissa
1702 569 1904 624 virtute

324 661 591 730 inﬁrmata
619 667 715 712 est.

391 756 478 826 (V.
520 753 598 826 6.)
642 773 660 805 ‹
698 753 952 809 Dominus
977 756 1294 826 mortiﬁcat,
1327 765 1376 811 et
1413 757 1662 826 viviﬁcat,
1690 756 1904 810 deducit

321 847 390 901 ad
416 846 616 915 inferos
641 884 657 909 ,
683 854 731 898 et
765 845 990 898 reducit.
1023 845 1369 901 Mortiﬁcavit
1392 847 1560 914 illam,
1592 862 1713 917 qua:
1736 845 1902 902 multa

319 947 427 991 erat
465 938 520 990 in
549 935 708 1005 ﬁliis,
743 943 798 989 et
827 935 1118 991 viviﬁcavit
1140 937 1280 992 hanc
1304 938 1571 1002 sterilem,
1596 953 1717 1008 quae
1736 953 1904 1009 pepe-

319 1029 606 1098 ritseptem
647 1043 666 1091 ;
705 1027 956 1097 quamvis
1009 1029 1348 1084 commodius
1398 1029 1572 1099 possit
1630 1028 1900 1100 intelligi,

317 1122 533 1176 eosdem
588 1119 898 1184 viviﬁcare;
950 1136 1086 1190 quos
1141 1121 1566 1177 mortiﬁcaverat
1599 1141 1613 1176 :
1652 1123 1706 1178 id
1755 1123 1902 1178 enim

315 1211 458 1266 velut
487 1210 732 1266 addendo
762 1210 1013 1280 repetivit
1045 1227 1057 1264 :
1084 1211 1311 1266 Deducit
1333 1212 1402 1266 ad
1427 1211 1648 1281 inferos,
1678 1222 1726 1266 et
1748 1212 1905 1266 redu-

313 1302 399 1354 cit.
428 1301 638 1368 Quibus
684 1301 828 1356 enim
885 1301 1019 1356 dicit
1064 1301 1358 1373 Apostolus
1401 1303 1626 1376 (Coloss.
1667 1306 1722 1360 5.
1771 1303 1850 1375 1.)
1885 1319 1899 1358 :

310 1392 355 1443 si
383 1391 578 1444 mortui
603 1391 727 1445 estis
765 1407 884 1445 cum
925 1389 1132 1446 Christo
1154 1433 1168 1458 ,
1203 1410 1322 1464 qua:
1348 1410 1560 1448 sursum
1603 1405 1726 1450 sunt
1752 1411 1900 1465 qure-

311 1483 407 1537 rite
429 1523 446 1548 ,
504 1483 592 1536 ubi
627 1483 870 1538 Christus
904 1495 978 1538 est
1005 1486 1060 1540 in
1087 1485 1303 1541 dextera
1360 1485 1460 1542 Dei
1504 1487 1722 1552 sedens;
1760 1487 1903 1542 salu-

309 1574 482 1630 briter
505 1576 694 1644 utique
741 1575 1144 1632 mortiﬁcamur
1183 1594 1214 1631 a
1241 1578 1491 1632 Domino.
1551 1577 1758 1644 Quibus
1803 1579 1902 1633 ad-

302 1665 482 1739 iungit
513 1667 639 1739 (lbi.
665 1683 715 1722 v.
748 1668 828 1742 2.)
861 1686 875 1724 :
915 1687 1032 1740 qua:
1053 1687 1265 1725 sursum
1294 1679 1414 1724 sunt
1441 1671 1629 1742 sapite,
1657 1685 1763 1726 non
1781 1687 1900 1742 qua:

2008 489 2129 527 core
2152 475 2304 544 erigit
2341 476 2568 544 inopem.
2595 476 2752 546 Inops
2774 479 2972 549 quippe
2997 479 3051 533 id
3092 489 3213 548 est,
3255 495 3320 538 ac
3342 497 3549 554 pauper
3580 504 3597 540 :

2007 573 2218 619 stercus
2247 580 2401 631 vero,
2429 566 2572 621 unde
2596 577 2814 624 erectus
2832 577 2940 635 est,
2961 570 3267 626 rectissime
3291 573 3602 645 intelligun-

2008 663 2097 709 tur
2121 664 2498 724 persecutores
2523 656 2694 713 Judtei
2714 701 2729 724 ,
2766 660 2823 714 in
2850 675 3082 729 quorum
3130 678 3358 718 numero
3386 680 3508 720 cum
3541 682 3601 722 se

2006 744 2232 801 dixisset
2251 746 2570 817 Apostolus:
2611 748 2902 804 Ecclesium
2921 763 3224 821 persecutus
3243 771 3362 809 sum
3377 755 3450 826 (I.
3468 757 3592 811 Cor.

2011 833 2096 888 15.
2113 836 2166 890 9.
2184 833 2327 890 Phil.
2343 839 2396 892 '5.
2414 837 2491 909 6.)
2514 855 2660 910 :qua:
2681 841 2810 894 mihi
2827 841 3060 910 fuerunt,
3081 845 3279 914 inquit,
3299 845 3445 900 lucra
3464 847 3592 920 (lbi.

2006 941 2053 978 υ.
2077 926 2178 996 8.),
2210 927 2321 980 haec
2367 938 2577 999 propter
2606 927 2872 985 Christum
2923 933 3119 986 damna
3147 951 3258 988 esse
3288 935 3419 990 duxi
3443 953 3461 990 :
3494 953 3597 994 nec

2005 1016 2178 1072 solum
2209 1017 2554 1086 detrimenta,
2583 1035 2772 1077 verum
2800 1024 2966 1078 etiam
3008 1034 3241 1080 stercora
3288 1028 3596 1084 existimavi

2003 1123 2125 1164 esse
2143 1149 2158 1176 ,
2189 1119 2248 1164 ut
2291 1109 2559 1166 Christum
2588 1112 2980 1184 lucrifacerem.
3018 1118 3096 1173 De
3124 1127 3272 1173 terra
3300 1123 3596 1179 suscitatus

2004 1210 2089 1257 est
2113 1203 2201 1259 ille
2240 1219 2407 1274 supra
2433 1219 2626 1261 omnes
2652 1207 2848 1263 divites
2869 1223 3106 1278 pauper,
3135 1218 3191 1265 et
3224 1211 3290 1265 de
3329 1212 3422 1268 illo
3455 1223 3595 1269 ster-

2003 1308 2131 1350 core
2180 1307 2397 1352 erectus
2439 1305 2522 1352 est
2549 1313 2710 1368 supra
2759 1314 2948 1355 omnes
2976 1302 3266 1371 opulentos
3299 1303 3390 1360 ille
3419 1306 3591 1376 inops,

2003 1392 2058 1440 ut
2087 1385 2272 1440 sedeat
2296 1401 2419 1441 cum
2440 1389 2754 1456 potentibus
2780 1392 2992 1460 populi,
3025 1394 3222 1462 quibus
3264 1395 3340 1448 ait
3371 1396 3590 1467 (Matth.

2005 1476 2091 1532 19.
2115 1476 2233 1547 28.)
2264 1491 2278 1531 :
2311 1478 2555 1532 sedebitis
2584 1496 2742 1550 super
2764 1481 3042 1536 duodecim
3066 1485 3213 1539 sedes
3237 1499 3255 1537 :
3283 1487 3377 1542 sed
3407 1490 3590 1544 sedem

2003 1567 2191 1635 gloriae
2212 1568 2585 1624 haereditatem
2607 1571 2741 1626 dans
2763 1572 2860 1627 eis.
2892 1574 3154 1630 Dixerunt
3171 1576 3314 1630 enim
3341 1587 3595 1646 potentes

2003 1657 2077 1712 illi
2110 1658 2328 1730 (Matth.
2353 1659 2441 1715 19.
2466 1660 2582 1732 27.)
2613 1675 2628 1714 :
2665 1660 2802 1716 Ecce
2834 1679 2928 1716 nos
2959 1664 3263 1736 reliquimus
3287 1669 3462 1722 omnia
3489 1709 3504 1734 ,
3541 1680 3588 1723 et

306 1775 463 1830 super
489 1768 683 1814 terram
715 1772 734 1811 :
757 1768 818 1814 ut
852 1761 966 1830 ipsi
985 1761 1095 1816 sint
1125 1760 1226 1825 illi,
1253 1761 1345 1832 qui
1373 1761 1680 1841 esurientes
1709 1769 1892 1816 trans—

2002 1751 2162 1803 secuti
2187 1766 2370 1804 sumus
2398 1759 2468 1805 te.
2499 1750 2612 1806 Hoc
2648 1759 2832 1806 votum
2885 1755 3246 1822 potentissimi
3291 1769 3587 1825 voverant;

309 1851 490 1906 ierunt
512 1860 716 1907 terram
741 1850 815 1923 (ν.
841 1851 922 1923 5.)
977 1852 1177 1906 Mortui
1199 1853 1336 1907 enim
1357 1853 1503 1917 estis,
1531 1852 1728 1921 inquit.
1753 1851 1896 1907 Ecce

305 1943 577 2013 quomodo
606 1943 896 2000 salubriter
930 1945 1223 2000 mortiﬁcat
1253 1947 1412 2001 Deus.
1464 1945 1668 2000 Deinde
1713 1945 1894 2015 sequi-

306 2042 424 2088 tur:
452 2035 502 2101 (I
509 2035 607 2106 bi.)
640 2035 708 2090 Et
743 2037 850 2091 vita
886 2046 1054 2091 vestra
1084 2037 1392 2092 abscondita
1419 2047 1495 2092 est
1533 2053 1652 2092 cum
1683 2035 1892 2091 Christo

305 2127 358 2179 in
389 2126 519 2181 Deo.
565 2127 704 2182 Ecce
727 2129 998 2196 quomodo
1023 2127 1243 2183 eosdem
1273 2129 1418 2198 ipsos
1442 2128 1683 2183 viviﬁcat
1727 2127 1889 2182 Deus.

305 2213 414 2271 Sed
456 2217 700 2286 nunquid
731 2217 954 2272 eosdem
987 2218 1133 2286 ipsos
1158 2217 1380 2272 deduxit
1437 2217 1507 2272 ad
1563 2216 1797 2282 inferos,
1837 2225 1894 2272 et

304 2308 568 2362 reduxit?
609 2307 722 2361 Hoc
746 2315 1034 2375 utrumque
1071 2307 1187 2362 sine
1209 2307 1579 2361 controversia
1630 2305 1890 2372 ﬁdelium,

301 2399 356 2451 in
390 2398 484 2452 illo
512 2397 693 2467 potius
714 2397 959 2450 videmus
988 2395 1298 2464 impletum,
1346 2395 1521 2464 capite
1561 2393 1768 2448 scilicet
1788 2409 1892 2448 no—

299 2495 422 2541 stro
457 2504 469 2538 :
501 2499 760 2554 cumquo
810 2485 966 2538 vitam
1013 2493 1242 2538 nostram
1294 2483 1348 2538 in
1399 2484 1545 2548 Deo,
1606 2481 1895 2552 Apostolus

297 2576 444 2629 dixit
476 2575 860 2629 absconditam.
917 2574 1054 2630 Nam
1097 2575 1188 2645 qui
1220 2574 1400 2646 (Rom.
1443 2574 1498 2630 8.
1531 2573 1646 2644 52.)
1678 2574 1891 2644 proprio

295 2663 417 2732 [ilio
435 2679 538 2716 non
559 2665 808 2733 pepercit,
825 2663 916 2718 sed
929 2681 1024 2734 pro
1048 2663 1195 2717 nobis
1219 2665 1460 2718 omnibus
1482 2663 1700 2717 tradidit
1718 2662 1889 2728 illum,

297 2755 409 2809 isto
433 2754 595 2809 modo
623 2754 809 2824 utique
848 2754 1197 2810 mortiﬁcavit
1224 2769 1348 2820 eum
1379 2773 1392 2809 :
1423 2763 1480 2809 et
1507 2755 1636 2825 quia
1664 2753 1892 2809 resusci-

299 2845 438 2900 tavit
459 2858 584 2898 cum
615 2859 645 2898 a
670 2845 898 2899 mortuis
915 2885 929 2910 ,
954 2845 1206 2899 eumdem
1231 2860 1450 2900 rursum
1484 2845 1798 2900 viviﬁcavit.
1823 2845 1894 2899 Et

297 2935 425 3004 quia
453 2935 506 2987 in
532 2935 819 3004 prophetia
850 2950 951 2989 vox
984 2933 1102 3002 ejus
1135 2936 1451 3006 agnoscitur
1477 2933 1650 3007 (Psal.
1682 2935 1767 2990 15.
1797 2935 1886 2990 10.

299 3029 416 3080 Act.
444 3025 500 3079 2.
534 3025 650 3097 27.)
682 3043 696 3079 :
727 3042 830 3080 non
863 3025 1190 3096 derelinques
1239 3026 1474 3080 animant
1508 3042 1678 3080 meam
1721 3027 1779 3081 in
1808 3026 1890 3080 in—

1999 1840 2095 1895 sed
2122 1839 2266 1896 unde
2293 1841 2398 1897 hoc
2421 1881 2436 1906 ,
2478 1843 2559 1897 eis
2587 1842 2690 1897 nisi
2723 1843 2792 1897 ab
2821 1843 2914 1898 illo
2932 1885 2947 1910 ,
2982 1846 3048 1898 de
3074 1861 3180 1915 quo
3216 1846 3304 1901 hic
3333 1849 3590 1904 continuo

1996 1930 2202 1986 dictum
2257 1940 2344 1986 est
2386 1933 2451 1986 αἳ
2497 1931 2648 1986 Dans
2699 1943 2876 1987 votum
2925 1936 3141 1989 vovendi
3179 1951 3199 1990 :
3238 1936 3476 2007 alioquin
3520 1955 3586 1995 ex

1996 2019 2104 2076 illis
2128 2029 2310 2077 essent
2334 2024 2650 2093 potentibus
2669 2063 2683 2088 ,
2716 2038 2950 2094 quorum
2978 2025 3284 2094 inﬁrmatus
3309 2038 3384 2082 est
3407 2046 3584 2085 arcus.

1997 2114 2160 2178 Dans,
2191 2114 2386 2184 inquit,
2415 2123 2592 2168 votum
2617 2115 2837 2169 vovendi
2851 2132 2870 2180 ;
2894 2131 3002 2172 non
3029 2117 3172 2171 enim
3189 2117 3418 2175 Domino
3440 2123 3589 2190 quis-

1994 2221 2158 2277 quam
2180 2207 2475 2277 quidquam
2499 2215 2708 2262 rectum
2732 2216 2986 2273 voveret,
3028 2210 3132 2265 nisi
3166 2211 3256 2280 qui
3282 2213 3350 2267 ab
3377 2213 3470 2267 illo
3497 2230 3588 2270 ac-

1995 2298 2205 2367 ciperet
2227 2299 2374 2368 quod
2395 2306 2618 2353 voveret
2646 2298 2719 2370 (v.
2746 2300 2846 2370 8.).
2875 2299 3135 2371 Sequitur
3164 2319 3178 2355 :
3220 2303 3249 2343 b
3283 2303 3351 2357 Et
3377 2305 3587 2360 benedi-

1994 2390 2073 2443 xit
2109 2406 2277 2443 annos
2305 2390 2462 2459 justi.
2506 2391 2578 2446 Ut
2613 2407 2736 2446 cum
2766 2393 2858 2447 illo
2889 2394 3099 2448 scilicet
3125 2395 3244 2450 sine
3283 2396 3390 2451 ﬁne
3420 2400 3582 2464 vivat,

1994 2481 2083 2538 cui
2111 2481 2312 2538 dictum
2340 2490 2423 2536 est
2460 2481 2632 2554 (Psal.
2667 2484 2788 2538 101.
2820 2483 2936 2556 28.)
2966 2500 2981 2538 :
3009 2483 3076 2538 Et
3099 2486 3226 2538 anni
3265 2487 3342 2539 tui
3365 2504 3466 2541 non
3495 2489 3587 2542 de-

1992 2571 2170 2640 ﬁcient
2206 2572 2323 2627 :ibi
2349 2572 2495 2626 enim
2528 2581 2678 2628 stant
2706 2575 2835 2628 anni
2863 2615 2877 2639 ,
2920 2576 3008 2631 hic
3042 2583 3226 2631 autem
3267 2587 3581 2644 transeunt,

1994 2663 2106 2717 imo
2151 2670 2415 2734 pereunt,
2472 2671 2598 2718 ante
2623 2665 2768 2718 enim
2808 2680 2968 2734 quam
3011 2667 3232 2721 veniant
3262 2683 3368 2722 non
3408 2679 3581 2727 sunt:

1993 2769 2116 2810 cum
2168 2762 2351 2809 autem
2397 2755 2667 2820 venerint,
2692 2772 2798 2810 non
2831 2764 3013 2824 erunt,
3046 2759 3173 2828 quia
3200 2774 3321 2813 cum
3352 2776 3450 2816 suo
3477 2761 3586 2819 ﬁne

1990 2845 2233 2900 veniunt.
2272 2844 2479 2901 Horum
2512 2855 2695 2900 autem
2731 2846 2962 2902 duorum
2985 2885 3003 2915 ,
3042 2847 3094 2903 id
3125 2856 3211 2902 est
3245 2849 3378 2905 dans
3409 2861 3585 2906 ratum

1990 2937 2236 3003 cavendi,
2293 2947 2344 2992 et
2395 2938 2656 2992 benedixit
2692 2955 2860 2993 annos
2893 2939 3062 3009 justi,
3108 2957 3273 2996 unum
3303 2951 3389 2998 est
3436 2945 3582 3015 quod

1994 3026 2243 3092 facimus,
2273 3027 2503 3082 alterum
2561 3029 2705 3098 quod
2759 3030 3058 3097 sumimus,
3091 3033 3185 3088 sed
3214 3034 3316 3089 hoc
3347 3035 3580 3090 alterum

297 3119 468 3186 ferno,
501 3119 749 3173 eumdem
779 3119 997 3172 deduxit
1029 3119 1099 3172 ad
1133 3118 1354 3188 inferos,
1405 3128 1454 3172 et
1487 3119 1716 3173 reduxit.
1771 3119 1885 3176 llac
1923 3107 1967 3169 C
2000 3117 2110 3171 Deo
2132 3117 2390 3188 largitore
2416 3133 2522 3173 non
2555 3119 2824 3185 sumitur,
2855 3121 2957 3176 nisi
3008 3137 3132 3178 cum
3184 3124 3305 3195 ipso
3331 3125 3585 3195 adjutore

293 3207 411 3276 ejus
441 3216 764 3278 paupertate
785 3208 940 3263 ditati
970 3223 1158 3263 sumus
1187 3225 1200 3261 :
1230 3209 1486 3263 Dominus
1509 3210 1648 3263 enim
1690 3227 1888 3280 paupe-
1988 3208 2222 3278 primum
2252 3208 2384 3264 illud
2409 3208 2640 3263 elﬁcitur
2665 3229 2678 3263 :
2711 3211 2835 3279 quia
2862 3212 2935 3282 (v.
2969 3211 3022 3283 9)
3047 3229 3152 3266 non
3183 3214 3237 3266 in
3260 3217 3452 3270 virtute
3476 3233 3581 3271 sua

295 3316 376 3354 res
410 3300 544 3370 facit
570 3310 618 3355 et
641 3300 777 3354 ditat
814 3315 987 3354 :nam
1016 3301 1148 3371 quid
1195 3302 1298 3355 hoc
1343 3302 1457 3366 sit,
1508 3311 1572 3356 ut
1615 3303 1882 3368 sciamus,
1984 3309 2165 3369 potens
2184 3308 2259 3352 est
2283 3300 2361 3353 vir
2387 3297 2463 3370 (ν.
2494 3297 2625 3369 10.).
2653 3299 2912 3354 Dominus
2932 3301 3205 3370 inﬁrmum
3233 3301 3363 3371 facit
3387 3305 3578 3358 adver-

293 3389 436 3456 quod
469 3389 746 3458 sequitur,
799 3390 1109 3453 audiamus,
1136 3389 1381 3444 humiliat
1401 3430 1416 3455 ,
1442 3401 1490 3444 et
1519 3391 1718 3444 exaltat
1745 3406 1763 3444 :
1786 3392 1888 3446 uti-
1984 3391 2184 3444 sarium
2209 3406 2398 3453 suum,
2424 3389 2574 3444 illum
2604 3390 2851 3455 scilicet,
2889 3391 2978 3460 qui
3013 3391 3216 3446 homini
3246 3395 3463 3450 voventi
3493 3395 3574 3450 in-

291 3494 396 3549 que
429 3481 700 3551 superbos
734 3467 1019 3544 humiliat,
1077 3490 1131 3536 et
1178 3482 1412 3538 humiles
1457 3482 1693 3538 exaltat:
1727 3465 1884 3551 Qtiod
1984 3480 2154 3544 videt,
2179 3489 2236 3534 et
2262 3480 2498 3544 resistit,
2529 3494 2597 3534 ne
2624 3479 2800 3535 valeat
2825 3479 3053 3550 implere
3081 3483 3226 3551 quod
3258 3485 3424 3537 vovit.
3475 3484 3580 3541 Po-

293 3573 436 3626 enim
467 3573 599 3627 alibi
627 3573 826 3643 legitur
855 3572 1042 3642 (Iacob
1072 3573 1125 3626 4.
1159 3572 1213 3627 6.
1245 3571 1405 3628 Prov.
1449 3573 1502 3626 5.
1531 3574 1650 3644 54.)
1686 3593 1697 3628 :
1741 3574 1884 3630 Deus
1985 3577 2093 3624 test
2112 3585 2178 3624 ex
2201 3570 2451 3640 ambiguo
2469 3585 2646 3640 grreeo
2662 3569 2888 3641 intelligi
2907 3585 2921 3623 :
2943 3570 3366 3625 etadversarium
3387 3589 3541 3627 suum
3561 3616 3577 3629 .

291 3663 534 3732 superbis
564 3663 792 3727 resistit,
815 3662 1100 3716 humilibus
1143 3672 1321 3716 autem
1348 3663 1452 3716 dat»
1471 3665 1724 3733 gratiam,
1765 3665 1883 3720 hac
1983 3675 2108 3715 cum
2133 3661 2280 3714 enim
2303 3661 2563 3715 Dominus
2589 3661 2872 3730 possidere
2903 3676 3004 3715 nos
3026 3661 3288 3730 cmperit,
3336 3662 3587 3731 profecto

293 3761 438 3808 totus
467 3754 630 3808 habet
660 3768 840 3808 sermo
871 3750 1032 3820 hujus
1058 3752 1266 3816 Annae;
1323 3767 1442 3822 quae
1493 3753 1884 3823 interpretatu-
1988 3750 2337 3804 adversarius
2361 3790 2376 3812 ,
2419 3751 2511 3818 qui
2560 3758 2747 3803 noster
2777 3749 2976 3816 fuerat,
3010 3749 3180 3818 ipsius
3212 3749 3292 3814 ﬁt,
3315 3760 3370 3804 et
3399 3751 3580 3808 vince-

291 3846 466 3914 gratia
498 3845 633 3915 ejus.
662 3842 781 3898 Jam
820 3860 953 3899 vero
1004 3842 1147 3912 quod
1195 3841 1507 3914 adiungitur
1540 3861 1552 3898 :
1593 3844 1810 3897 suscitat
1849 3862 1883 3898 a

291 3944 430 3989 terra
474 3952 756 4006 pauperem
785 3949 804 3987 :
831 3935 898 3990 de
927 3933 1076 3988 nullo
1107 3933 1332 3997 melius,
1363 3946 1528 4002 quam
1558 3933 1625 3988 de
1668 3933 1761 3988 illo
1792 3933 1880 3987 in-

293 4025 480 4099 telligo
499 4065 514 4090 ,
543 4026 637 4094 qui
661 4033 882 4095 propter
907 4040 1006 4079 nos
1026 4039 1232 4095 pauper
1251 4023 1426 4078 factus
1447 4031 1549 4090 est,
1584 4040 1708 4079 cum
1733 4025 1883 4080 dives

294 4123 456 4180 esset,
496 4122 555 4167 ut
583 4114 701 4184 ejus
751 4120 1090 4184 paupertate,
1141 4113 1281 4167 sicut
1331 4112 1493 4182 paulo
1523 4120 1650 4167 ante
1677 4113 1878 4168 dictum

293 4213 373 4259 est
393 4245 407 4267 ,
448 4204 775 4258 ditarcmur.
819 4204 994 4274 Ipsum
1021 4203 1167 4258 cnim
1199 4203 1264 4258 de
1295 4209 1438 4256 terra
1463 4203 1745 4257 suscitavit
1770 4211 1879 4258 tam

295 4297 397 4353 cito
417 4339 432 4364 ,
497 4305 558 4351 ut
597 4311 726 4352 caro
773 4294 891 4365 ejus
916 4310 1023 4350 non
1051 4295 1258 4350 videret
1287 4295 1687 4365 corruptionem
1721 4314 1735 4350 :
1780 4311 1881 4351 nec

1988 3845 2076 3892 tur
2105 3854 2135 3892 a
2165 3839 2353 3904 nobis,
2411 3838 2506 3892 sed
2535 3853 2642 3893 non
2673 3838 2881 3892 viribus
2925 3839 3162 3903 nostris,
3213 3840 3338 3909 quia
3373 3857 3476 3895 non
3518 3843 3576 3897 in

1984 3930 2184 3985 virtute.
2213 3946 2312 3982 sua
2355 3937 2537 3998 potens
2572 3937 2648 3982 est
2695 3928 2796 3982 vir.
2832 3927 3091 3982 Dominus
3133 3944 3257 4000 ergo
3303 3930 3577 3999 inﬁrmum

1985 4019 2142 4088 faciet
2166 4018 2524 4072 adversarium
2545 4035 2719 4073 suum.

2057 4122 2079 4150 ε
2118 4128 2138 4161 s
2167 4110 2424 4165 Dominus
2459 4121 2709 4175 sanctus,
2735 4121 2796 4166 ut
2828 4111 3079 4167 vincatur
3114 4129 3147 4168 a
3187 4113 3410 4180 sanctis,
3437 4130 3582 4185 quos

1985 4202 2250 4260 Dominus
2277 4214 2589 4258 sanctorum
2619 4203 2784 4258 eilicit
2809 4211 3049 4266 sanctos.

2061 4311 2080 4344 ι
2123 4293 2200 4348 Ac
2230 4309 2328 4363 per
2349 4292 2375 4331 ά
2402 4294 2517 4348 haec
2549 4305 2571 4332 °
2599 4311 2610 4347 :
2645 4293 2937 4365 negligatur
2978 4295 3208 4366 prudens
3238 4296 3290 4351 in
3342 4297 3574 4368 pruden-

361 4460 385 4489 ι
437 4447 780 4528 Augustinus
813 4445 1056 4528 editus”:
1108 4445 1501 4528 voventi'fnsed
1520 4445 1699 4528 locum
1733 4445 1878 4528 Scri-
1905 4467 1957 4526 Ι)

296 4526 470 4640 ρυλε-αἰ
499 4557 514 4583 ,
541 4515 627 4572 1η
673 4532 782 4586 quo
819 4518 935 4572 haec
983 4516 1274 4581 dicantur,
1310 4515 1413 4570 PP.
1469 4516 1526 4571 S.
1580 4517 1752 4571 Mauri
1795 4535 1878 4574 re-

297 4598 433 4642 ttcen
475 4626 488 4640 .

2062 4457 2085 4486 ο
2125 4444 2252 4518 “me
2305 4460 2425 4514 quae
2466 4445 2733 4518 ‘Claudius
2760 4447 2926 4518 ,pimo
2977 4447 3156 4518 potius
3209 4446 3596 4518 Augustinus,.

1982 4533 2046 4570 ex
2080 4531 2190 4585 quo
2217 4515 2330 4569 haec
2374 4515 2593 4584 scripsit
2638 4516 2916 4579 Claudius,
2956 4515 3122 4569 veluti
3151 4533 3215 4570 ex
3249 4515 3417 4572 Annae
3443 4515 3573 4574 can-4

1984 4587 2089 4641 tico
2111 4586 2394 4655 desumpta
2415 4587 2582 4655 verba
2611 4585 2849 4655 subjicit,
2878 4599 3053 4654 neque
3087 4585 3156 4655 in
3192 4587 3437 4647 Hebraeo.
3467 4604 3566 4643 ne-

363 4659 390 4697 δ
429 4658 697 4727 Sequitur
717 4656 806 4712 hic
833 4654 1096 4727 Claudius
1113 4670 1239 4727 cum
1267 4655 1494 4725 August.
1525 4654 1877 4727 Septuaginta
1979 4671 2086 4727 que
2116 4657 2169 4710 in
2196 4653 2470 4727 plerisque
2525 4653 2729 4727 Graecis
2761 4653 3052 4727 codicibus
3071 4654 3373 4727 habentur,
3403 4657 3565 4727 ideo-

300 4723 654 4797 interpre'tes,
696 4728 787 4816 qui
815 4727 998 4797 legunt
1029 4743 1042 4779 :
1077 4725 1248 4784 διδοὺς
1289 4723 1450 4794 εὐχήν
1482 4735 1555 4795 τῷ
1599 4723 1878 4798 ianum),
1979 4723 2084 4850 (jue
2114 4723 2291 4797 neque
2319 4723 2793 4806 intomplutensi,
2843 4739 3017 4795 neque
3067 4723 3121 4779 in
3170 4724 3292 4779 aliis
3338 4726 3567 4807 reliquis

300 4804 377 4850 mi
404 4798 685 4850 rma-man
711 4819 804 4850 ιτη
829 4796 1059 4850 δικαίου.
1090 4795 1224 4849 dans
1249 4805 1425 4848 votum
1455 4796 1644 4850 orandi
1668 4837 1682 4850 .
1715 4807 1763 4850 et
1797 4799 1882 4850 be-
2004 4812 2096 4850 ere
2143 4797 2395 4850 omnibus
2422 4796 2754 4850 editionibus
2795 4795 3092 4850 habentur:
3151 4802 3332 4850 tamen
3387 4813 3441 4850 in
3471 4798 3566 4850 Bi-

299 4795 685 4870 raisDM-ynasv
711 4795 740 4852 ἴ
742 4819 804 4856 τη
827 4795 1028 4870 divinior)
1045 4836 1059 4861 ,
1090 4795 1224 4870 dans
1249 4805 1425 4870 uotum
1453 4795 1694 4870 orandi;
1715 4795 1763 4870 et
1797 4795 1882 4851 be-

2002 4795 2096 4870 ‘cre
2143 4795 2395 4870 omnibus
2422 4795 3092 4870 editionibushabenlu-r;
3151 4802 3332 4870 tamen
3387 4797 3441 4850 in
3471 4798 3566 4852 Bi-

301 4868 499 4923 nedixit
534 4864 662 4922 anni
699 4868 996 4938 justi.ﬂCur
1027 4875 1138 4938 tam
1169 4867 1238 4920 ab
1268 4864 1539 4938 Hebraico
1564 4875 1620 4920 et
1651 4867 1876 4937 Vulgata
1982 4867 2107 4922 bliis
2144 4865 2350 4922 (ἶνιηοὶε
2391 4867 2458 4920 ab
2485 4867 2622 4922 Aldo
2652 4867 2814 4922 editis
2855 4874 3074 4920 exstant
3104 4882 3116 4918 :
3160 4866 3225 4920 ad
3259 4866 3402 4920 hunc
3445 4883 3564 4922 rno-

301 4938 622 5012 dissentiant
663 4936 826 4992 iidem
855 4936 1228 5012 Septuaginta,
1252 4943 1503 5012 quaerunt
1529 4936 1873 5012 interpretes,

2002 4939 2112 4991 lum
2151 4954 2164 4989 :
2205 4943 2286 4998 Mr)
2315 4939 2612 5012 nauxéGQa-r
2632 4938 2656 4992 ὁ
2688 4939 2922 5012 φρρνιμος
2947 4940 2996 4992 ἓν
3022 4945 3094 5012 Ῑῇ
3121 4941 3355 5012 pperiar:
3382 4938 3566 4993 αὐτοῦ.

303 5008 367 5082 ad
397 5025 540 5080 quos
557 5010 812 5064 lectorem
836 5005 1007 5078 allego
1032 5026 1044 5062 :
1067 5005 1248 5076 neque
1269 5006 1414 5060 enim
1435 5007 1722 5075 praesentis
1745 5022 1876 5077 ope-

2002 5013 2073 5064 icti
2101 5012 2170 5078 ptri
2198 5005 2509 5082 καυχάσβίω-
2529 5005 2802 5082 ὀᾼδυνάὲῥς
2830 5005 2890 5061 ’ἐν
2930 5015 2992 5082 τῇ
3019 5005 3232 5082 δύνᾶμςι
3261 5009 3454 5082 αρτοῇί
3470 5012 3568 5082 βᾳὲ

304 5066 466 5134 riséa
495 5089 748 5135 curaest.
941 5066 971 5078 υ
1095 5147 1099 5148 ί
1159 5066 1178 5076 ⁸
1339 5146 1347 5148 _
1549 5145 1562 5148 _
1779 5066 1848 5148 --

2002 5084 2054 5136 ιή
2089 5066 2374 5148 nan-Lucili»
2401 5077 2428 5132 ὁ
2457 5077 2702 5136 πλούσιος
2741 5079 2788 5130 ἐν
2817 5085 2888 5147 τῷ
2917 5066 3115 5144 πλούτῳ
3148 5066 3336 5130 aurai)“
3379 5077 3484 5130 ἀλλ’
3512 5081 3570 5131 in

375 5160 394 5188 τ
436 5150 494 5204 1η
539 5148 986 5218 interpretatione
1016 5147 1175 5218 hujus
1207 5145 1460 5219 versiculi
1484 5145 1671 5219 _plane
1698 5146 1881 5219 sequi-

2002 5153 2149 5217 τούτῳ
2177 5145 2469 5219 ἑὰνχάσθω
2497 5148 2523 5202 ὁ
2549 5145 2879 5218 καυχώμενοὲ
2901 5147 2948 5200 ἐν
2966 5154 3038 5219 τῷ
3062 5153 3246 5219 συνιεῖν
3273 5150 3357 5219 καὶ
3380 5149 3574 5217 gadio.—

305 5226 390 5295 tu_r
416 5219 672 5295 Claudius
685 5215 822 5295 'cutn
838 5215 1140 5295 Augustino
1145 5217 1457 5295 yersionem
1477 5215 1832 5295 Septuaginta
1863 5236 1874 5270 :

2002 5239 2087 5273 ιειν
2105 5215 2188 5272 ἐὸν
2217 5215 2395 5294 κῦῥιον
2421 5221 2506 5295 ςᾳὶ
2531 5215 2693 5295 ποιεζῦ
2716 5215 2870 5295 ἠρέμα
2893 5217 3319 5295 καίξςκαιοσύνην
3341 5215 3395 5270 iu
3414 5219 3562 5295 μέσῳ

305 5237 390 5272 sur
416 5237 672 5274 uauatus
699 5237 822 5274 cum
838 5237 1140 5288 augusuno
1152 5237 1457 5271 verswnem
1479 5237 1832 5287 Septuaginta
1863 5237 1874 5270 :

305 5288 478 5366 ῇᾷρως
504 5291 1004 5366 Meumodasifdv
1028 5287 1278 5366 ᾀντίδιξιοχ
1303 5291 1489 5366 uiroc}
1509 5291 1684 5366 Hypso;
1696 5294 1842 5366 ἄσχιος
1861 5307 1874 5318 ·

2002 5239 2087 5273 ιειν
2105 5240 2188 5272 τον
2217 5237 2395 5294 κυριον
2421 5239 2506 5295 βαι
2531 5239 2693 5272 ποιειν
2716 5237 2870 5340 κςμα
2893 5237 2978 5270 και
2997 5237 3319 5295 οςκαιοσυνην
3341 5237 3392 5270 εν
3414 5237 3562 5287 μισ-ῳ

2002 5299 2080 5366 τῇς
2109 5298 2233 5366 γῆς·
2265 5303 2385 5366 qua;
2423 5287 2512 5366 sic.
2539 5287 2736 5366 vertit-
2781 5283 3108 5366 'ingarelltus
3152 5292 3336 5366 noster
3361 5299 3379 5336 :
3434 5283 3568 5339 Non

308 5352 473 5414 id'est
509 5360 762 5414 Dominus
792 5357 1012 5413 debilem
1043 5358 1159 5429 [seu
1189 5356 1486 5428 inﬁrmum]
1525 5352 1653 5426 facit
1693 5352 1878 5412 adver—
1985 5352 2238 5429 glorietur
2267 5352 2472 5429 sapiens
2495 5357 2548 5409 in
2571 5357 2826 5425 sapientia
2850 5352 2972 5429 sua,
2993 5362 3041 5407 et
3073 5369 3176 5429 non
3201 5352 3571 5429 glorieturpo-

305 5431 503 5483 sarium
527 5445 721 5484 suum:
749 5430 1006 5483 Dominus
1037 5422 1268 5482 s'anctus.
1467 5422 1486 5428 ’
1525 5422 1534 5426 ⁷
1985 5422 2097 5480 iens
2125 5427 2178 5480 in
2208 5422 2436 5495 potentia
2478 5443 2599 5489 sua,
2632 5422 2683 5477 et
2710 5441 2812 5477 non
2838 5423 3089 5495 glorietur
3115 5422 3334 5495 diresin
3365 5422 3568 5478 divitiis

372 5498 399 5538 ἀ
441 5500 608 5573 Euch.
638 5501 774 5573 hoc:
803 5498 1136 5573 Augustinus
1189 5497 1367 5573 editus
1393 5511 1421 5550 a
1451 5495 1556 5551 PP.
1604 5495 1664 5551 S.
1690 5495 1878 5573 _Mauri
1983 5498 2126 5573 s_uis;
2164 5491 2253 5549 sed
2287 5495 2340 5548 in
2378 5496 2476 5573 hoc
2499 5495 2784 5573 glorietur,
2811 5491 2868 5573 si
2912 5491 3152 5573 intelligit
3174 5503 3267 5573 ,Oet
3297 5495 3562 5573 cognoscit

307 5584 407 5644 tton
433 5569 683 5638 glorietur
703 5572 808 5644 hic,
841 5563 929 5644 et
954 5569 1225 5644 deinceps.
1282 5566 1401 5644 Alia
1433 5581 1650 5637 quoque
1690 5567 1796 5628 hoc
1824 5568 1878 5621 in
1985 5565 2306 5644 Dominum;
2332 5573 2390 5644 Et
2413 5566 2476 5644 .si
2503 5563 2629 5633 facit
2648 5563 2932 5644 judicium,
2979 5572 3028 5616 et
3067 5563 3344 5644 justitiam
3378 5566 3431 5618 in
3461 5581 3565 5644 nte-

1984 5637 2269 5690 dioterrw.
2327 5634 2532 5702 Quibus
2579 5634 2819 5689 recitatis
2868 5635 2982 5689 haec
3031 5633 3247 5701 subjicit
3293 5633 3436 5688 idem
3472 5633 3569 5689 ille

306 5637 424 5693 loco
439 5637 668 5694 exstant
690 5640 1007 5696 discrimina
1039 5639 1179 5692 inter
1215 5637 1458 5692 codicem
1487 5645 1734 5693 nostrum
1758 5676 1773 5702 ,
1825 5646 1880 5692 et

1985 5705 2348 5776 Mingarcllius
2369 5747 2384 5771 ,
2411 5720 2571 5774 quem
2599 5703 2821 5776 aliegavi
2864 5722 2877 5758 :
2917 5719 3036 5776 qua
3087 5702 3240 5759 verba
3282 5718 3448 5792 neque
3475 5703 3564 5758 his

307 5710 505 5762 editum
535 5711 892 5781 Augustinum
913 5752 926 5778 ,
957 5719 1012 5764 et
1041 5707 1272 5762 Eucher.
