  <div class='ocr_page' id='page_1' title='image "/cluster/home/n/w/nwhite01/storage/ocr_20150623/104/hvd.32044052819794/328.png"; bbox 0 0 3976 6170; ppageno 0'>
   <div class='ocr_carea' id='block_1_1' title="bbox 365 181 464 236">
    <p class='ocr_par' dir='ltr' id='par_1_1' title="bbox 365 181 464 236">
     <span class='ocr_line' id='line_1_1' title="bbox 365 181 464 236; baseline 0 -1"><span class='ocrx_word' id='word_1_1' title='bbox 365 181 464 236; x_wconf 68' lang='grc'><strong>613</strong></span> 
     </span>
    </p>
   </div>
   <div class='ocr_carea' id='block_1_2' title="bbox 1242 189 2749 257">
    <p class='ocr_par' dir='ltr' id='par_1_2' title="bbox 1242 189 2749 257">
     <span class='ocr_line' id='line_1_2' title="bbox 1242 189 2749 257; baseline 0.006 -12"><span class='ocrx_word' id='word_1_2' title='bbox 1242 189 1703 257; x_wconf 69' lang='grc' dir='ltr'><strong>ΟΗᾹΞΞἸἸΟΝΕΒ</strong></span> <span class='ocrx_word' id='word_1_3' title='bbox 1742 192 1891 249; x_wconf 80' lang='lat' dir='ltr'><strong>XXX</strong></span> <span class='ocrx_word' id='word_1_4' title='bbox 1930 191 2157 250; x_wconf 83' lang='lat' dir='ltr'><strong>SUPER</strong></span> <span class='ocrx_word' id='word_1_5' title='bbox 2196 193 2446 252; x_wconf 83' lang='lat' dir='ltr'><strong>LIBROS</strong></span> <span class='ocrx_word' id='word_1_6' title='bbox 2484 195 2749 254; x_wconf 77' lang='lat' dir='ltr'><strong>REGUM.</strong></span> 
     </span>
    </p>
   </div>
   <div class='ocr_carea' id='block_1_3' title="bbox 3514 208 3618 263">
    <p class='ocr_par' dir='ltr' id='par_1_3' title="bbox 3514 208 3618 263">
     <span class='ocr_line' id='line_1_3' title="bbox 3514 208 3618 263; baseline -0.019 0"><span class='ocrx_word' id='word_1_7' title='bbox 3514 208 3618 263; x_wconf 71' lang='grc'><strong>646</strong></span> 
     </span>
    </p>
   </div>
   <div class='ocr_carea' id='block_1_4' title="bbox 362 295 1938 395">
    <p class='ocr_par' dir='ltr' id='par_1_4' title="bbox 362 295 1935 381">
     <span class='ocr_line' id='line_1_4' title="bbox 362 295 1935 381; baseline 0.01 -33"><span class='ocrx_word' id='word_1_8' title='bbox 362 309 515 359; x_wconf 87' lang='lat' dir='ltr'><strong>nem,</strong></span> <span class='ocrx_word' id='word_1_9' title='bbox 545 295 686 350; x_wconf 86' lang='lat' dir='ltr'><strong>sicut</strong></span> <span class='ocrx_word' id='word_1_10' title='bbox 714 311 886 369; x_wconf 86' lang='lat' dir='ltr'><strong>reges,</strong></span> <span class='ocrx_word' id='word_1_11' title='bbox 916 309 1136 372; x_wconf 85' lang='lat' dir='ltr'><strong>regant,</strong></span> <span class='ocrx_word' id='word_1_12' title='bbox 1184 313 1239 359; x_wconf 91' lang='lat' dir='ltr'><strong>et</strong></span> <span class='ocrx_word' id='word_1_13' title='bbox 1290 305 1344 359; x_wconf 92' lang='lat' dir='ltr'><strong>in</strong></span> <span class='ocrx_word' id='word_1_14' title='bbox 1400 306 1492 362; x_wconf 92' lang='lat' dir='ltr'><strong>illo</strong></span> <span class='ocrx_word' id='word_1_15' title='bbox 1525 308 1805 374; x_wconf 89' lang='lat' dir='ltr'><strong>mundum,</strong></span> <span class='ocrx_word' id='word_1_16' title='bbox 1841 310 1935 381; x_wconf 92' lang='lat' dir='ltr'><strong>qui</strong></span> 
     </span>
    </p>
   </div>
   <div class='ocr_carea' id='block_1_5' title="bbox 2024 295 3619 395">
    <p class='ocr_par' dir='ltr' id='par_1_5' title="bbox 2038 311 3619 395">
     <span class='ocr_line' id='line_1_5' title="bbox 2038 311 3619 395; baseline 0.013 -35"><span class='ocrx_word' id='word_1_17' title='bbox 2038 321 2176 372; x_wconf 82' lang='lat' dir='ltr'><strong>mea,</strong></span> <span class='ocrx_word' id='word_1_18' title='bbox 2197 323 2315 377; x_wconf 64' lang='lat' dir='ltr'><strong>quis</strong></span> <span class='ocrx_word' id='word_1_19' title='bbox 2351 311 2596 380; x_wconf 64' lang='lat' dir='ltr'><strong>praecepi,</strong></span> <span class='ocrx_word' id='word_1_20' title='bbox 2620 321 2678 365; x_wconf 85' lang='lat' dir='ltr'><strong>ut</strong></span> <span class='ocrx_word' id='word_1_21' title='bbox 2709 312 3025 382; x_wconf 75' lang='lat' dir='ltr'><strong>o/Ierrentur</strong></span> <span class='ocrx_word' id='word_1_22' title='bbox 3057 319 3112 371; x_wconf 89' lang='lat' dir='ltr'><strong>in</strong></span> <span class='ocrx_word' id='word_1_23' title='bbox 3142 320 3351 392; x_wconf 76' lang='lat' dir='ltr'><strong>templo,</strong></span> <span class='ocrx_word' id='word_1_24' title='bbox 3374 337 3423 378; x_wconf 84' lang='lat' dir='ltr'><strong>et</strong></span> <span class='ocrx_word' id='word_1_25' title='bbox 3451 327 3619 395; x_wconf 80' lang='lat' dir='ltr'><strong>magis</strong></span> 
     </span>
    </p>
   </div>
   <div class='ocr_carea' id='block_1_6' title="bbox 359 386 1763 469">
    <p class='ocr_par' dir='ltr' id='par_1_6' title="bbox 359 386 1763 469">
     <span class='ocr_line' id='line_1_6' title="bbox 359 386 1763 469; baseline 0.008 -27"><span class='ocrx_word' id='word_1_26' title='bbox 359 394 580 458; x_wconf 77' lang='lat' dir='ltr'><strong>propter</strong></span> <span class='ocrx_word' id='word_1_27' title='bbox 599 400 695 443; x_wconf 90' lang='lat' dir='ltr'><strong>eos</strong></span> <span class='ocrx_word' id='word_1_28' title='bbox 714 386 852 443; x_wconf 80' lang='lat' dir='ltr'><strong>fudit</strong></span> <span class='ocrx_word' id='word_1_29' title='bbox 874 393 1212 463; x_wconf 86' lang='lat' dir='ltr'><strong>sanguinem,</strong></span> <span class='ocrx_word' id='word_1_30' title='bbox 1234 396 1457 451; x_wconf 78' lang='lat' dir='ltr'><strong>vincant</strong></span> <span class='ocrx_word' id='word_1_31' title='bbox 1482 395 1657 469; x_wconf 62' lang='lat' dir='ltr'><strong>(Ibi).</strong></span> <span class='ocrx_word' id='word_1_32' title='bbox 1752 460 1763 463; x_wconf 37' lang='grc' dir='ltr'>ι</span> 
     </span>
    </p>
   </div>
   <div class='ocr_carea' id='block_1_7' title="bbox 434 477 1938 553">
    <p class='ocr_par' dir='ltr' id='par_1_7' title="bbox 434 477 1938 553">
     <span class='ocr_line' id='line_1_7' title="bbox 434 477 1938 553; baseline 0.01 -23"><span class='ocrx_word' id='word_1_33' title='bbox 434 496 453 529; x_wconf 77' lang='grc' dir='ltr'>ι</span> <span class='ocrx_word' id='word_1_34' title='bbox 496 477 569 532; x_wconf 85' lang='lat' dir='ltr'><strong>Et</strong></span> <span class='ocrx_word' id='word_1_35' title='bbox 581 477 834 535; x_wconf 75' lang='lat' dir='ltr'><strong>exultavit</strong></span> <span class='ocrx_word' id='word_1_36' title='bbox 861 499 1021 537; x_wconf 89' lang='lat' dir='ltr'><strong>cornu</strong></span> <span class='ocrx_word' id='word_1_37' title='bbox 1040 482 1237 539; x_wconf 84' lang='lat' dir='ltr'><strong>Christi</strong></span> <span class='ocrx_word' id='word_1_38' title='bbox 1258 487 1362 540; x_wconf 89' lang='lat' dir='ltr'><strong>sui.</strong></span> <span class='ocrx_word' id='word_1_39' title='bbox 1380 486 1660 553; x_wconf 86' lang='lat' dir='ltr'><strong>Quomodo</strong></span> <span class='ocrx_word' id='word_1_40' title='bbox 1684 488 1938 545; x_wconf 81' lang='lat' dir='ltr'><strong>Christus</strong></span> 
     </span>
    </p>
   </div>
   <div class='ocr_carea' id='block_1_8' title="bbox 358 568 1938 649">
    <p class='ocr_par' dir='ltr' id='par_1_8' title="bbox 358 568 1938 649">
     <span class='ocr_line' id='line_1_8' title="bbox 358 568 1938 649; baseline 0.006 -24"><span class='ocrx_word' id='word_1_41' title='bbox 358 568 617 625; x_wconf 76' lang='lat' dir='ltr'><strong>exaltavit</strong></span> <span class='ocrx_word' id='word_1_42' title='bbox 643 585 814 626; x_wconf 90' lang='lat' dir='ltr'><strong>cornu</strong></span> <span class='ocrx_word' id='word_1_43' title='bbox 844 572 1047 629; x_wconf 93' lang='lat' dir='ltr'><strong>Christi</strong></span> <span class='ocrx_word' id='word_1_44' title='bbox 1075 575 1196 630; x_wconf 91' lang='lat' dir='ltr'><strong>sui?</strong></span> <span class='ocrx_word' id='word_1_45' title='bbox 1233 576 1309 631; x_wconf 91' lang='lat' dir='ltr'><strong>De</strong></span> <span class='ocrx_word' id='word_1_46' title='bbox 1357 593 1466 647; x_wconf 86' lang='lat' dir='ltr'><strong>quo</strong></span> <span class='ocrx_word' id='word_1_47' title='bbox 1493 579 1636 634; x_wconf 89' lang='lat' dir='ltr'><strong>enim</strong></span> <span class='ocrx_word' id='word_1_48' title='bbox 1665 594 1828 649; x_wconf 87' lang='lat' dir='ltr'><strong>supra</strong></span> <span class='ocrx_word' id='word_1_49' title='bbox 1855 578 1938 636; x_wconf 92' lang='lat' dir='ltr'><strong>di-</strong></span> 
     </span>
    </p>
   </div>
   <div class='ocr_carea' id='block_1_9' title="bbox 358 659 1936 735">
    <p class='ocr_par' dir='ltr' id='par_1_9' title="bbox 358 659 1936 735">
     <span class='ocr_line' id='line_1_9' title="bbox 358 659 1936 735; baseline 0.009 -22"><span class='ocrx_word' id='word_1_50' title='bbox 358 668 502 713; x_wconf 89' lang='lat' dir='ltr'><strong>ctum</strong></span> <span class='ocrx_word' id='word_1_51' title='bbox 532 665 617 714; x_wconf 90' lang='lat' dir='ltr'><strong>est</strong></span> <span class='ocrx_word' id='word_1_52' title='bbox 644 676 657 712; x_wconf 91' lang='lat'><strong>:</strong></span> <span class='ocrx_word' id='word_1_53' title='bbox 683 659 942 717; x_wconf 75' lang='lat' dir='ltr'><strong>Dominus</strong></span> <span class='ocrx_word' id='word_1_54' title='bbox 964 665 1197 719; x_wconf 86' lang='lat' dir='ltr'><strong>ascendit</strong></span> <span class='ocrx_word' id='word_1_55' title='bbox 1222 666 1277 720; x_wconf 90' lang='lat' dir='ltr'><strong>in</strong></span> <span class='ocrx_word' id='word_1_56' title='bbox 1314 666 1468 722; x_wconf 70' lang='lat' dir='ltr'><strong>cmlos</strong></span> <span class='ocrx_word' id='word_1_57' title='bbox 1491 709 1506 735; x_wconf 93' lang='lat'><strong>,</strong></span> <span class='ocrx_word' id='word_1_58' title='bbox 1534 680 1589 725; x_wconf 87' lang='lat' dir='ltr'><strong>et</strong></span> <span class='ocrx_word' id='word_1_59' title='bbox 1631 669 1936 727; x_wconf 87' lang='lat' dir='ltr'><strong>intellectus</strong></span> 
     </span>
    </p>
   </div>
   <div class='ocr_carea' id='block_1_10' title="bbox 355 748 1937 826">
    <p class='ocr_par' dir='ltr' id='par_1_10' title="bbox 355 748 1937 826">
     <span class='ocr_line' id='line_1_10' title="bbox 355 748 1937 826; baseline 0.01 -24"><span class='ocrx_word' id='word_1_60' title='bbox 355 757 437 803; x_wconf 87' lang='lat' dir='ltr'><strong>est</strong></span> <span class='ocrx_word' id='word_1_61' title='bbox 465 748 730 805; x_wconf 87' lang='lat' dir='ltr'><strong>Dominus</strong></span> <span class='ocrx_word' id='word_1_62' title='bbox 757 750 1027 820; x_wconf 75' lang='lat' dir='ltr'><strong>Christus,</strong></span> <span class='ocrx_word' id='word_1_63' title='bbox 1060 754 1210 826; x_wconf 90' lang='lat' dir='ltr'><strong>ipse,</strong></span> <span class='ocrx_word' id='word_1_64' title='bbox 1239 757 1381 812; x_wconf 89' lang='lat' dir='ltr'><strong>sicut</strong></span> <span class='ocrx_word' id='word_1_65' title='bbox 1419 759 1510 814; x_wconf 91' lang='lat' dir='ltr'><strong>hic</strong></span> <span class='ocrx_word' id='word_1_66' title='bbox 1547 760 1760 826; x_wconf 88' lang='lat' dir='ltr'><strong>dicitur,</strong></span> <span class='ocrx_word' id='word_1_67' title='bbox 1789 762 1937 817; x_wconf 73' lang='lat' dir='ltr'><strong>exal-</strong></span> 
     </span>
    </p>
   </div>
   <div class='ocr_carea' id='block_1_11' title="bbox 353 836 1931 918">
    <p class='ocr_par' dir='ltr' id='par_1_11' title="bbox 353 836 1931 918">
     <span class='ocr_line' id='line_1_11' title="bbox 353 836 1931 918; baseline 0.01 -27"><span class='ocrx_word' id='word_1_68' title='bbox 353 838 480 893; x_wconf 80' lang='lat' dir='ltr'><strong>tavit</strong></span> <span class='ocrx_word' id='word_1_69' title='bbox 509 854 673 892; x_wconf 82' lang='lat' dir='ltr'><strong>cornu</strong></span> <span class='ocrx_word' id='word_1_70' title='bbox 710 836 908 895; x_wconf 77' lang='lat' dir='ltr'><strong>Christi</strong></span> <span class='ocrx_word' id='word_1_71' title='bbox 931 842 1033 896; x_wconf 90' lang='lat' dir='ltr'><strong>sui.</strong></span> <span class='ocrx_word' id='word_1_72' title='bbox 1068 845 1201 911; x_wconf 87' lang='lat' dir='ltr'><strong>Quis</strong></span> <span class='ocrx_word' id='word_1_73' title='bbox 1226 862 1358 918; x_wconf 85' lang='lat' dir='ltr'><strong>ergo</strong></span> <span class='ocrx_word' id='word_1_74' title='bbox 1387 857 1473 903; x_wconf 90' lang='lat' dir='ltr'><strong>est</strong></span> <span class='ocrx_word' id='word_1_75' title='bbox 1500 847 1749 906; x_wconf 85' lang='lat' dir='ltr'><strong>Christus</strong></span> <span class='ocrx_word' id='word_1_76' title='bbox 1773 849 1931 907; x_wconf 87' lang='lat' dir='ltr'><strong>Chri-</strong></span> 
     </span>
    </p>
   </div>
   <div class='ocr_carea' id='block_1_12' title="bbox 351 928 1927 1008">
    <p class='ocr_par' dir='ltr' id='par_1_12' title="bbox 351 928 1927 1008">
     <span class='ocr_line' id='line_1_12' title="bbox 351 928 1927 1008; baseline 0.009 -25"><span class='ocrx_word' id='word_1_77' title='bbox 351 928 461 983; x_wconf 85' lang='lat' dir='ltr'><strong>sti?</strong></span> <span class='ocrx_word' id='word_1_78' title='bbox 495 943 562 982; x_wconf 92' lang='lat' dir='ltr'><strong>an</strong></span> <span class='ocrx_word' id='word_1_79' title='bbox 615 944 787 984; x_wconf 92' lang='lat' dir='ltr'><strong>cornu</strong></span> <span class='ocrx_word' id='word_1_80' title='bbox 818 930 1081 988; x_wconf 80' lang='lat' dir='ltr'><strong>exaltabit</strong></span> <span class='ocrx_word' id='word_1_81' title='bbox 1128 935 1548 1008; x_wconf 81' lang='lat' dir='ltr'><strong>uniuscujusque</strong></span> <span class='ocrx_word' id='word_1_82' title='bbox 1593 939 1768 996; x_wconf 84' lang='lat' dir='ltr'><strong>ﬁdelis</strong></span> <span class='ocrx_word' id='word_1_83' title='bbox 1801 943 1885 997; x_wconf 89' lang='lat' dir='ltr'><strong>sui</strong></span> <span class='ocrx_word' id='word_1_84' title='bbox 1915 962 1927 996; x_wconf 90' lang='lat'>:</span> 
     </span>
    </p>
   </div>
   <div class='ocr_carea' id='block_1_13' title="bbox 350 1020 1932 1100">
    <p class='ocr_par' dir='ltr' id='par_1_13' title="bbox 350 1020 1932 1100">
     <span class='ocr_line' id='line_1_13' title="bbox 350 1020 1932 1100; baseline 0.009 -25"><span class='ocrx_word' id='word_1_85' title='bbox 350 1021 495 1076; x_wconf 83' lang='lat' dir='ltr'><strong>sicut</strong></span> <span class='ocrx_word' id='word_1_86' title='bbox 516 1020 621 1075; x_wconf 88' lang='lat' dir='ltr'><strong>ista</strong></span> <span class='ocrx_word' id='word_1_87' title='bbox 649 1021 766 1093; x_wconf 90' lang='lat' dir='ltr'><strong>ipsa</strong></span> <span class='ocrx_word' id='word_1_88' title='bbox 796 1022 852 1077; x_wconf 89' lang='lat' dir='ltr'><strong>in</strong></span> <span class='ocrx_word' id='word_1_89' title='bbox 880 1024 1149 1096; x_wconf 90' lang='lat' dir='ltr'><strong>principio</strong></span> <span class='ocrx_word' id='word_1_90' title='bbox 1179 1028 1342 1098; x_wconf 84' lang='lat' dir='ltr'><strong>hujus</strong></span> <span class='ocrx_word' id='word_1_91' title='bbox 1363 1030 1549 1100; x_wconf 86' lang='lat' dir='ltr'><strong>hymni</strong></span> <span class='ocrx_word' id='word_1_92' title='bbox 1572 1032 1647 1087; x_wconf 89' lang='lat' dir='ltr'><strong>ait</strong></span> <span class='ocrx_word' id='word_1_93' title='bbox 1684 1051 1697 1086; x_wconf 92' lang='lat'><strong>:</strong></span> <span class='ocrx_word' id='word_1_94' title='bbox 1728 1033 1932 1089; x_wconf 73' lang='lat' dir='ltr'><strong>exalta-</strong></span> 
     </span>
    </p>
   </div>
   <div class='ocr_carea' id='block_1_14' title="bbox 345 1115 1931 1194">
    <p class='ocr_par' dir='ltr' id='par_1_14' title="bbox 345 1115 1931 1194">
     <span class='ocr_line' id='line_1_14' title="bbox 345 1115 1931 1194; baseline 0.008 -29"><span class='ocrx_word' id='word_1_95' title='bbox 345 1120 461 1165; x_wconf 84' lang='lat' dir='ltr'><strong>tum</strong></span> <span class='ocrx_word' id='word_1_96' title='bbox 488 1118 565 1164; x_wconf 89' lang='lat' dir='ltr'><strong>est</strong></span> <span class='ocrx_word' id='word_1_97' title='bbox 606 1128 770 1165; x_wconf 77' lang='lat' dir='ltr'><strong>cornu</strong></span> <span class='ocrx_word' id='word_1_98' title='bbox 796 1127 970 1166; x_wconf 85' lang='lat' dir='ltr'><strong>meum</strong></span> <span class='ocrx_word' id='word_1_99' title='bbox 1008 1115 1064 1169; x_wconf 90' lang='lat' dir='ltr'><strong>in</strong></span> <span class='ocrx_word' id='word_1_100' title='bbox 1116 1115 1227 1171; x_wconf 91' lang='lat' dir='ltr'><strong>Deo</strong></span> <span class='ocrx_word' id='word_1_101' title='bbox 1284 1135 1400 1172; x_wconf 87' lang='lat' dir='ltr'><strong>meo</strong></span> <span class='ocrx_word' id='word_1_102' title='bbox 1424 1121 1449 1172; x_wconf 85' lang='lat'><strong><em>?</em></strong></span> <span class='ocrx_word' id='word_1_103' title='bbox 1485 1119 1688 1177; x_wconf 91' lang='lat' dir='ltr'><strong>Omnes</strong></span> <span class='ocrx_word' id='word_1_104' title='bbox 1733 1122 1931 1194; x_wconf 85' lang='lat' dir='ltr'><strong>quippe</strong></span> 
     </span>
    </p>
   </div>
   <div class='ocr_carea' id='block_1_15' title="bbox 349 1204 1930 1282">
    <p class='ocr_par' dir='ltr' id='par_1_15' title="bbox 349 1204 1930 1282">
     <span class='ocr_line' id='line_1_15' title="bbox 349 1204 1930 1282; baseline 0.009 -26"><span class='ocrx_word' id='word_1_105' title='bbox 349 1211 543 1259; x_wconf 90' lang='lat' dir='ltr'><strong>unctos</strong></span> <span class='ocrx_word' id='word_1_106' title='bbox 584 1204 703 1274; x_wconf 84' lang='lat' dir='ltr'><strong>ejus</strong></span> <span class='ocrx_word' id='word_1_107' title='bbox 739 1204 1035 1262; x_wconf 86' lang='lat' dir='ltr'><strong>chrismate</strong></span> <span class='ocrx_word' id='word_1_108' title='bbox 1083 1217 1230 1264; x_wconf 90' lang='lat' dir='ltr'><strong>recte</strong></span> <span class='ocrx_word' id='word_1_109' title='bbox 1267 1209 1514 1267; x_wconf 90' lang='lat' dir='ltr'><strong>Christos</strong></span> <span class='ocrx_word' id='word_1_110' title='bbox 1538 1227 1824 1282; x_wconf 86' lang='lat' dir='ltr'><strong>possumus</strong></span> <span class='ocrx_word' id='word_1_111' title='bbox 1851 1216 1930 1271; x_wconf 87' lang='lat' dir='ltr'><strong>di-</strong></span> 
     </span>
    </p>
   </div>
   <div class='ocr_carea' id='block_1_16' title="bbox 346 1290 1925 1374">
    <p class='ocr_par' dir='ltr' id='par_1_16' title="bbox 346 1290 1925 1374">
     <span class='ocr_line' id='line_1_16' title="bbox 346 1290 1925 1374; baseline 0.008 -27"><span class='ocrx_word' id='word_1_112' title='bbox 346 1307 495 1347; x_wconf 86' lang='lat' dir='ltr'><strong>cere.</strong></span> <span class='ocrx_word' id='word_1_113' title='bbox 529 1290 682 1359; x_wconf 88' lang='lat' dir='ltr'><strong>Quod</strong></span> <span class='ocrx_word' id='word_1_114' title='bbox 729 1300 908 1350; x_wconf 91' lang='lat' dir='ltr'><strong>tamen</strong></span> <span class='ocrx_word' id='word_1_115' title='bbox 939 1304 1110 1352; x_wconf 91' lang='lat' dir='ltr'><strong>totum</strong></span> <span class='ocrx_word' id='word_1_116' title='bbox 1143 1313 1267 1353; x_wconf 92' lang='lat' dir='ltr'><strong>cum</strong></span> <span class='ocrx_word' id='word_1_117' title='bbox 1316 1316 1414 1355; x_wconf 90' lang='lat' dir='ltr'><strong>suo</strong></span> <span class='ocrx_word' id='word_1_118' title='bbox 1470 1304 1649 1372; x_wconf 88' lang='lat' dir='ltr'><strong>capite</strong></span> <span class='ocrx_word' id='word_1_119' title='bbox 1694 1318 1925 1374; x_wconf 92' lang='lat' dir='ltr'><strong>corpus,</strong></span> 
     </span>
    </p>
   </div>
   <div class='ocr_carea' id='block_1_17' title="bbox 344 1380 1928 1459">
    <p class='ocr_par' dir='ltr' id='par_1_17' title="bbox 344 1380 1928 1459">
     <span class='ocr_line' id='line_1_17' title="bbox 344 1380 1928 1459; baseline 0.011 -25"><span class='ocrx_word' id='word_1_120' title='bbox 344 1395 489 1435; x_wconf 90' lang='lat' dir='ltr'><strong>unus</strong></span> <span class='ocrx_word' id='word_1_121' title='bbox 517 1388 603 1435; x_wconf 91' lang='lat' dir='ltr'><strong>est</strong></span> <span class='ocrx_word' id='word_1_122' title='bbox 629 1380 897 1439; x_wconf 87' lang='lat' dir='ltr'><strong>Christus.</strong></span> <span class='ocrx_word' id='word_1_123' title='bbox 923 1382 1049 1441; x_wconf 68' lang='lat' dir='ltr'><strong>Haec</strong></span> <span class='ocrx_word' id='word_1_124' title='bbox 1080 1385 1238 1442; x_wconf 88' lang='lat' dir='ltr'><strong>Anna</strong></span> <span class='ocrx_word' id='word_1_125' title='bbox 1271 1391 1616 1459; x_wconf 89' lang='lat' dir='ltr'><strong>prophetavit</strong></span> <span class='ocrx_word' id='word_1_126' title='bbox 1659 1392 1928 1451; x_wconf 86' lang='lat' dir='ltr'><strong>Samuelis</strong></span> 
     </span>
    </p>
   </div>
   <div class='ocr_carea' id='block_1_18' title="bbox 345 1474 1926 1558">
    <p class='ocr_par' dir='ltr' id='par_1_18' title="bbox 345 1474 1926 1558">
     <span class='ocr_line' id='line_1_18' title="bbox 345 1474 1926 1558; baseline 0.011 -32"><span class='ocrx_word' id='word_1_127' title='bbox 345 1480 548 1539; x_wconf 83' lang='lat' dir='ltr'><strong>mater,</strong></span> <span class='ocrx_word' id='word_1_128' title='bbox 578 1474 753 1529; x_wconf 86' lang='lat' dir='ltr'><strong>sancti</strong></span> <span class='ocrx_word' id='word_1_129' title='bbox 804 1475 933 1541; x_wconf 90' lang='lat' dir='ltr'><strong>viri,</strong></span> <span class='ocrx_word' id='word_1_130' title='bbox 962 1478 1299 1550; x_wconf 88' lang='lat' dir='ltr'><strong>multumque</strong></span> <span class='ocrx_word' id='word_1_131' title='bbox 1321 1482 1544 1539; x_wconf 87' lang='lat' dir='ltr'><strong>laudati.</strong></span> <span class='ocrx_word' id='word_1_132' title='bbox 1577 1485 1636 1540; x_wconf 87' lang='lat' dir='ltr'><strong>In</strong></span> <span class='ocrx_word' id='word_1_133' title='bbox 1666 1502 1774 1557; x_wconf 81' lang='lat' dir='ltr'><strong>quo</strong></span> <span class='ocrx_word' id='word_1_134' title='bbox 1801 1488 1926 1558; x_wconf 90' lang='lat' dir='ltr'><strong>qui-</strong></span> 
     </span>
    </p>
   </div>
   <div class='ocr_carea' id='block_1_19' title="bbox 343 1563 1929 1645">
    <p class='ocr_par' dir='ltr' id='par_1_19' title="bbox 343 1563 1929 1645">
     <span class='ocr_line' id='line_1_19' title="bbox 343 1563 1929 1645; baseline 0.01 -26"><span class='ocrx_word' id='word_1_135' title='bbox 343 1563 467 1619; x_wconf 89' lang='lat' dir='ltr'><strong>dem</strong></span> <span class='ocrx_word' id='word_1_136' title='bbox 503 1572 632 1619; x_wconf 87' lang='lat' dir='ltr'><strong>tunc</strong></span> <span class='ocrx_word' id='word_1_137' title='bbox 660 1565 887 1637; x_wconf 87' lang='lat' dir='ltr'><strong>ﬁgurata</strong></span> <span class='ocrx_word' id='word_1_138' title='bbox 910 1577 995 1624; x_wconf 91' lang='lat' dir='ltr'><strong>est</strong></span> <span class='ocrx_word' id='word_1_139' title='bbox 1020 1573 1251 1627; x_wconf 89' lang='lat' dir='ltr'><strong>mutatio</strong></span> <span class='ocrx_word' id='word_1_140' title='bbox 1278 1575 1481 1630; x_wconf 86' lang='lat' dir='ltr'><strong>veteris</strong></span> <span class='ocrx_word' id='word_1_141' title='bbox 1519 1578 1840 1645; x_wconf 88' lang='lat' dir='ltr'><strong>sacerdotii,</strong></span> <span class='ocrx_word' id='word_1_142' title='bbox 1872 1587 1929 1635; x_wconf 90' lang='lat' dir='ltr'><strong>et</strong></span> 
     </span>
    </p>
   </div>
   <div class='ocr_carea' id='block_1_20' title="bbox 2037 397 3617 486">
    <p class='ocr_par' dir='ltr' id='par_1_20' title="bbox 2037 397 3617 486">
     <span class='ocr_line' id='line_1_20' title="bbox 2037 397 3617 486; baseline 0.015 -36"><span class='ocrx_word' id='word_1_143' title='bbox 2037 397 2311 453; x_wconf 86' lang='lat' dir='ltr'><strong>honorasti</strong></span> <span class='ocrx_word' id='word_1_144' title='bbox 2338 399 2480 468; x_wconf 78' lang='lat' dir='ltr'><strong>ﬁlios</strong></span> <span class='ocrx_word' id='word_1_145' title='bbox 2501 411 2639 466; x_wconf 86' lang='lat' dir='ltr'><strong>tuos,</strong></span> <span class='ocrx_word' id='word_1_146' title='bbox 2667 420 2823 473; x_wconf 87' lang='lat' dir='ltr'><strong>quam</strong></span> <span class='ocrx_word' id='word_1_147' title='bbox 2850 421 2950 472; x_wconf 89' lang='lat' dir='ltr'><strong>me,</strong></span> <span class='ocrx_word' id='word_1_148' title='bbox 2985 417 3040 462; x_wconf 87' lang='lat' dir='ltr'><strong>ut</strong></span> <span class='ocrx_word' id='word_1_149' title='bbox 3070 412 3404 468; x_wconf 88' lang='lat' dir='ltr'><strong>comederetis</strong></span> <span class='ocrx_word' id='word_1_150' title='bbox 3431 424 3617 486; x_wconf 79' lang='lat' dir='ltr'><strong>prinu—</strong></span> 
     </span>
    </p>
   </div>
   <div class='ocr_carea' id='block_1_21' title="bbox 2036 486 3621 574">
    <p class='ocr_par' dir='ltr' id='par_1_21' title="bbox 2036 486 3621 574">
     <span class='ocr_line' id='line_1_21' title="bbox 2036 486 3621 574; baseline 0.015 -35"><span class='ocrx_word' id='word_1_151' title='bbox 2036 486 2138 540; x_wconf 88' lang='lat' dir='ltr'><strong>tias</strong></span> <span class='ocrx_word' id='word_1_152' title='bbox 2179 489 2349 543; x_wconf 90' lang='lat' dir='ltr'><strong>omnis</strong></span> <span class='ocrx_word' id='word_1_153' title='bbox 2370 490 2620 558; x_wconf 82' lang='lat' dir='ltr'><strong>sacriﬁcii</strong></span> <span class='ocrx_word' id='word_1_154' title='bbox 2652 490 2823 546; x_wconf 89' lang='lat' dir='ltr'><strong>Israel</strong></span> <span class='ocrx_word' id='word_1_155' title='bbox 2848 495 3031 565; x_wconf 79' lang='lat' dir='ltr'><strong>populi</strong></span> <span class='ocrx_word' id='word_1_156' title='bbox 3057 500 3202 554; x_wconf 80' lang='lat' dir='ltr'><strong>mei?</strong></span> <span class='ocrx_word' id='word_1_157' title='bbox 3240 513 3513 574; x_wconf 83' lang='lat' dir='ltr'><strong>propterea</strong></span> <span class='ocrx_word' id='word_1_158' title='bbox 3541 508 3621 561; x_wconf 86' lang='lat' dir='ltr'><strong>ait</strong></span> 
     </span>
    </p>
   </div>
   <div class='ocr_carea' id='block_1_22' title="bbox 2036 573 3619 657">
    <p class='ocr_par' dir='ltr' id='par_1_22' title="bbox 2036 573 3619 657">
     <span class='ocr_line' id='line_1_22' title="bbox 2036 573 3619 657; baseline 0.013 -29"><span class='ocrx_word' id='word_1_159' title='bbox 2036 573 2292 630; x_wconf 83' lang='lat' dir='ltr'><strong>Dominus</strong></span> <span class='ocrx_word' id='word_1_160' title='bbox 2311 576 2453 631; x_wconf 86' lang='lat' dir='ltr'><strong>Deus</strong></span> <span class='ocrx_word' id='word_1_161' title='bbox 2482 576 2672 633; x_wconf 80' lang='lat' dir='ltr'><strong>Israel.</strong></span> <span class='ocrx_word' id='word_1_162' title='bbox 2695 579 2934 651; x_wconf 87' lang='lat' dir='ltr'><strong>Loquens</strong></span> <span class='ocrx_word' id='word_1_163' title='bbox 2962 583 3167 641; x_wconf 85' lang='lat' dir='ltr'><strong>locutus</strong></span> <span class='ocrx_word' id='word_1_164' title='bbox 3187 605 3326 657; x_wconf 88' lang='lat' dir='ltr'><strong>sum,</strong></span> <span class='ocrx_word' id='word_1_165' title='bbox 3355 601 3411 646; x_wconf 91' lang='lat' dir='ltr'><strong>ut</strong></span> <span class='ocrx_word' id='word_1_166' title='bbox 3430 593 3619 649; x_wconf 84' lang='lat' dir='ltr'><strong>domus</strong></span> 
     </span>
    </p>
   </div>
   <div class='ocr_carea' id='block_1_23' title="bbox 2035 666 3619 751">
    <p class='ocr_par' dir='ltr' id='par_1_23' title="bbox 2035 666 3619 751">
     <span class='ocr_line' id='line_1_23' title="bbox 2035 666 3619 751; baseline 0.014 -34"><span class='ocrx_word' id='word_1_167' title='bbox 2035 672 2147 731; x_wconf 90' lang='lat' dir='ltr'><strong>tua,</strong></span> <span class='ocrx_word' id='word_1_168' title='bbox 2179 675 2228 719; x_wconf 89' lang='lat' dir='ltr'><strong>et</strong></span> <span class='ocrx_word' id='word_1_169' title='bbox 2252 666 2438 722; x_wconf 87' lang='lat' dir='ltr'><strong>domus</strong></span> <span class='ocrx_word' id='word_1_170' title='bbox 2466 670 2632 739; x_wconf 80' lang='lat' dir='ltr'><strong>patris</strong></span> <span class='ocrx_word' id='word_1_171' title='bbox 2661 671 3089 729; x_wconf 57' lang='lat' dir='ltr'><strong>tuixministraret</strong></span> <span class='ocrx_word' id='word_1_172' title='bbox 3109 678 3166 732; x_wconf 90' lang='lat' dir='ltr'><strong>in</strong></span> <span class='ocrx_word' id='word_1_173' title='bbox 3185 690 3463 751; x_wconf 86' lang='lat' dir='ltr'><strong>conspectu</strong></span> <span class='ocrx_word' id='word_1_174' title='bbox 3502 700 3619 739; x_wconf 84' lang='lat' dir='ltr'><strong>meo</strong></span> 
     </span>
    </p>
   </div>
   <div class='ocr_carea' id='block_1_24' title="bbox 2034 759 3617 831">
    <p class='ocr_par' dir='ltr' id='par_1_24' title="bbox 2034 759 3617 831">
     <span class='ocr_line' id='line_1_24' title="bbox 2034 759 3617 831; baseline 0.011 -21"><span class='ocrx_word' id='word_1_175' title='bbox 2034 772 2194 828; x_wconf 87' lang='lat' dir='ltr'><strong>usque</strong></span> <span class='ocrx_word' id='word_1_176' title='bbox 2218 759 2274 812; x_wconf 92' lang='lat' dir='ltr'><strong>in</strong></span> <span class='ocrx_word' id='word_1_177' title='bbox 2300 760 2690 831; x_wconf 83' lang='lat' dir='ltr'><strong>sempiternum.</strong></span> <span class='ocrx_word' id='word_1_178' title='bbox 2729 762 2886 817; x_wconf 87' lang='lat' dir='ltr'><strong>Nunc</strong></span> <span class='ocrx_word' id='word_1_179' title='bbox 2914 775 3092 821; x_wconf 89' lang='lat' dir='ltr'><strong>autem</strong></span> <span class='ocrx_word' id='word_1_180' title='bbox 3142 770 3270 824; x_wconf 87' lang='lat' dir='ltr'><strong>dicit</strong></span> <span class='ocrx_word' id='word_1_181' title='bbox 3315 771 3575 830; x_wconf 83' lang='lat' dir='ltr'><strong>Dominus</strong></span> <span class='ocrx_word' id='word_1_182' title='bbox 3597 791 3617 828; x_wconf 83' lang='lat'><strong>.&#39;</strong></span> 
     </span>
    </p>
   </div>
   <div class='ocr_carea' id='block_1_25' title="bbox 2033 846 3620 934">
    <p class='ocr_par' dir='ltr' id='par_1_25' title="bbox 2033 846 3620 934">
     <span class='ocr_line' id='line_1_25' title="bbox 2033 846 3620 934; baseline 0.012 -34"><span class='ocrx_word' id='word_1_183' title='bbox 2033 846 2168 901; x_wconf 86' lang='lat' dir='ltr'><strong>absit</strong></span> <span class='ocrx_word' id='word_1_184' title='bbox 2192 865 2225 900; x_wconf 93' lang='lat' dir='ltr'><strong>a</strong></span> <span class='ocrx_word' id='word_1_185' title='bbox 2263 864 2343 902; x_wconf 89' lang='lat' dir='ltr'><strong>me</strong></span> <span class='ocrx_word' id='word_1_186' title='bbox 2362 848 2459 902; x_wconf 87' lang='lat' dir='ltr'><strong>hoc</strong></span> <span class='ocrx_word' id='word_1_187' title='bbox 2490 866 2502 903; x_wconf 89' lang='lat'><strong>:</strong></span> <span class='ocrx_word' id='word_1_188' title='bbox 2532 850 2622 904; x_wconf 87' lang='lat' dir='ltr'><strong>sed</strong></span> <span class='ocrx_word' id='word_1_189' title='bbox 2651 852 2947 924; x_wconf 82' lang='lat' dir='ltr'><strong>quicunque</strong></span> <span class='ocrx_word' id='word_1_190' title='bbox 2973 854 3346 926; x_wconf 80' lang='lat' dir='ltr'><strong>gloriﬁcaverit</strong></span> <span class='ocrx_word' id='word_1_191' title='bbox 3374 878 3476 929; x_wconf 89' lang='lat' dir='ltr'><strong>me,</strong></span> <span class='ocrx_word' id='word_1_192' title='bbox 3505 863 3620 934; x_wconf 88' lang='lat' dir='ltr'><strong>glo-</strong></span> 
     </span>
    </p>
   </div>
   <div class='ocr_carea' id='block_1_26' title="bbox 2034 936 3618 1026">
    <p class='ocr_par' dir='ltr' id='par_1_26' title="bbox 2034 936 3618 1026">
     <span class='ocr_line' id='line_1_26' title="bbox 2034 936 3618 1026; baseline 0.013 -37"><span class='ocrx_word' id='word_1_193' title='bbox 2034 936 2250 1005; x_wconf 78' lang='lat' dir='ltr'><strong>riﬁcabo</strong></span> <span class='ocrx_word' id='word_1_194' title='bbox 2278 955 2395 993; x_wconf 89' lang='lat' dir='ltr'><strong>eum</strong></span> <span class='ocrx_word' id='word_1_195' title='bbox 2419 955 2436 992; x_wconf 90' lang='lat'><strong><em>:</em></strong></span> <span class='ocrx_word' id='word_1_196' title='bbox 2466 941 2555 1010; x_wconf 86' lang='lat' dir='ltr'><strong>qui</strong></span> <span class='ocrx_word' id='word_1_197' title='bbox 2583 951 2759 996; x_wconf 88' lang='lat' dir='ltr'><strong>autem</strong></span> <span class='ocrx_word' id='word_1_198' title='bbox 2785 953 3122 1001; x_wconf 86' lang='lat' dir='ltr'><strong>contemnunt</strong></span> <span class='ocrx_word' id='word_1_199' title='bbox 3154 966 3256 1015; x_wconf 88' lang='lat' dir='ltr'><strong>me,</strong></span> <span class='ocrx_word' id='word_1_200' title='bbox 3286 963 3439 1007; x_wconf 89' lang='lat' dir='ltr'><strong>erunt</strong></span> <span class='ocrx_word' id='word_1_201' title='bbox 3465 956 3618 1026; x_wconf 87' lang='lat' dir='ltr'><strong>igno-</strong></span> 
     </span>
    </p>
   </div>
   <div class='ocr_carea' id='block_1_27' title="bbox 2033 1024 3614 1108">
    <p class='ocr_par' dir='ltr' id='par_1_27' title="bbox 2033 1024 3614 1108">
     <span class='ocr_line' id='line_1_27' title="bbox 2033 1024 3614 1108; baseline 0.013 -30"><span class='ocrx_word' id='word_1_202' title='bbox 2033 1024 2180 1080; x_wconf 86' lang='lat' dir='ltr'><strong>biles.</strong></span> <span class='ocrx_word' id='word_1_203' title='bbox 2209 1026 2346 1083; x_wconf 89' lang='lat' dir='ltr'><strong>Ecce</strong></span> <span class='ocrx_word' id='word_1_204' title='bbox 2382 1028 2495 1083; x_wconf 85' lang='lat' dir='ltr'><strong>dies</strong></span> <span class='ocrx_word' id='word_1_205' title='bbox 2517 1032 2749 1097; x_wconf 84' lang='lat' dir='ltr'><strong>veniunt,</strong></span> <span class='ocrx_word' id='word_1_206' title='bbox 2770 1042 2817 1086; x_wconf 89' lang='lat' dir='ltr'><strong>et</strong></span> <span class='ocrx_word' id='word_1_207' title='bbox 2840 1036 3125 1103; x_wconf 78' lang='lat' dir='ltr'><strong>prwcidam</strong></span> <span class='ocrx_word' id='word_1_208' title='bbox 3151 1038 3421 1095; x_wconf 85' lang='lat' dir='ltr'><strong>brachium</strong></span> <span class='ocrx_word' id='word_1_209' title='bbox 3445 1024 3614 1108; x_wconf 82' lang='lat' dir='ltr'><strong>tuum,</strong></span> 
     </span>
    </p>
   </div>
   <div class='ocr_carea' id='block_1_28' title="bbox 2030 1118 3619 1190">
    <p class='ocr_par' dir='ltr' id='par_1_28' title="bbox 2030 1118 3619 1190">
     <span class='ocr_line' id='line_1_28' title="bbox 2030 1118 3619 1190; baseline 0.012 -21"><span class='ocrx_word' id='word_1_210' title='bbox 2030 1126 2078 1169; x_wconf 92' lang='lat' dir='ltr'><strong>et</strong></span> <span class='ocrx_word' id='word_1_211' title='bbox 2108 1118 2380 1173; x_wconf 83' lang='lat' dir='ltr'><strong>brachium</strong></span> <span class='ocrx_word' id='word_1_212' title='bbox 2424 1119 2611 1175; x_wconf 88' lang='lat' dir='ltr'><strong>domus</strong></span> <span class='ocrx_word' id='word_1_213' title='bbox 2637 1122 2804 1190; x_wconf 85' lang='lat' dir='ltr'><strong>patris</strong></span> <span class='ocrx_word' id='word_1_214' title='bbox 2840 1124 2938 1190; x_wconf 84' lang='lat' dir='ltr'><strong>tui,</strong></span> <span class='ocrx_word' id='word_1_215' title='bbox 2972 1136 3029 1179; x_wconf 90' lang='lat' dir='ltr'><strong>ut</strong></span> <span class='ocrx_word' id='word_1_216' title='bbox 3084 1144 3201 1182; x_wconf 76' lang='lat' dir='ltr'><strong>non</strong></span> <span class='ocrx_word' id='word_1_217' title='bbox 3241 1131 3309 1184; x_wconf 89' lang='lat' dir='ltr'><strong>sit</strong></span> <span class='ocrx_word' id='word_1_218' title='bbox 3359 1148 3518 1186; x_wconf 71' lang='lat' dir='ltr'><strong>senex-</strong></span> <span class='ocrx_word' id='word_1_219' title='bbox 3561 1134 3619 1188; x_wconf 89' lang='lat' dir='ltr'><strong>in</strong></span> 
     </span>
    </p>
   </div>
   <div class='ocr_carea' id='block_1_29' title="bbox 2029 1205 3617 1287">
    <p class='ocr_par' dir='ltr' id='par_1_29' title="bbox 2029 1205 3617 1287">
     <span class='ocr_line' id='line_1_29' title="bbox 2029 1205 3617 1287; baseline 0.011 -28"><span class='ocrx_word' id='word_1_220' title='bbox 2029 1205 2182 1260; x_wconf 89' lang='lat' dir='ltr'><strong>domo</strong></span> <span class='ocrx_word' id='word_1_221' title='bbox 2234 1217 2349 1272; x_wconf 92' lang='lat' dir='ltr'><strong>tua,</strong></span> <span class='ocrx_word' id='word_1_222' title='bbox 2396 1218 2446 1262; x_wconf 88' lang='lat' dir='ltr'><strong>et</strong></span> <span class='ocrx_word' id='word_1_223' title='bbox 2499 1210 2693 1263; x_wconf 80' lang='lat' dir='ltr'><strong>videbis</strong></span> <span class='ocrx_word' id='word_1_224' title='bbox 2753 1208 3023 1267; x_wconf 84' lang='lat' dir='ltr'><strong>Christum</strong></span> <span class='ocrx_word' id='word_1_225' title='bbox 3073 1217 3320 1273; x_wconf 65' lang='lat' dir='ltr'><strong>azmulum</strong></span> <span class='ocrx_word' id='word_1_226' title='bbox 3350 1229 3522 1287; x_wconf 88' lang='lat' dir='ltr'><strong>tuum,</strong></span> <span class='ocrx_word' id='word_1_227' title='bbox 3560 1223 3617 1276; x_wconf 89' lang='lat' dir='ltr'><strong>in</strong></span> 
     </span>
    </p>
   </div>
   <div class='ocr_carea' id='block_1_30' title="bbox 2029 1296 3619 1376">
    <p class='ocr_par' dir='ltr' id='par_1_30' title="bbox 2029 1296 3619 1376">
     <span class='ocr_line' id='line_1_30' title="bbox 2029 1296 3619 1376; baseline 0.014 -29"><span class='ocrx_word' id='word_1_228' title='bbox 2029 1296 2217 1366; x_wconf 89' lang='lat' dir='ltr'><strong>templo</strong></span> <span class='ocrx_word' id='word_1_229' title='bbox 2237 1297 2292 1351; x_wconf 86' lang='lat' dir='ltr'><strong>in</strong></span> <span class='ocrx_word' id='word_1_230' title='bbox 2318 1301 2558 1356; x_wconf 88' lang='lat' dir='ltr'><strong>omnibus</strong></span> <span class='ocrx_word' id='word_1_231' title='bbox 2600 1306 2860 1376; x_wconf 66' lang='lat' dir='ltr'><strong>prosperis</strong></span> <span class='ocrx_word' id='word_1_232' title='bbox 2900 1307 3092 1374; x_wconf 85' lang='lat' dir='ltr'><strong>Israel,</strong></span> <span class='ocrx_word' id='word_1_233' title='bbox 3121 1320 3166 1364; x_wconf 91' lang='lat' dir='ltr'><strong>et</strong></span> <span class='ocrx_word' id='word_1_234' title='bbox 3196 1329 3300 1366; x_wconf 89' lang='lat' dir='ltr'><strong>non</strong></span> <span class='ocrx_word' id='word_1_235' title='bbox 3328 1315 3426 1367; x_wconf 91' lang='lat' dir='ltr'><strong>erit</strong></span> <span class='ocrx_word' id='word_1_236' title='bbox 3457 1330 3619 1369; x_wconf 78' lang='lat' dir='ltr'><strong>senes;</strong></span> 
     </span>
    </p>
   </div>
   <div class='ocr_carea' id='block_1_31' title="bbox 2027 1383 3614 1459">
    <p class='ocr_par' dir='ltr' id='par_1_31' title="bbox 2027 1383 3614 1459">
     <span class='ocr_line' id='line_1_31' title="bbox 2027 1383 3614 1459; baseline 0.014 -23"><span class='ocrx_word' id='word_1_237' title='bbox 2027 1383 2083 1437; x_wconf 89' lang='lat' dir='ltr'><strong>in</strong></span> <span class='ocrx_word' id='word_1_238' title='bbox 2123 1385 2278 1441; x_wconf 86' lang='lat' dir='ltr'><strong>domo</strong></span> <span class='ocrx_word' id='word_1_239' title='bbox 2324 1397 2416 1442; x_wconf 86' lang='lat' dir='ltr'><strong>tua</strong></span> <span class='ocrx_word' id='word_1_240' title='bbox 2469 1390 2525 1443; x_wconf 86' lang='lat' dir='ltr'><strong>in</strong></span> <span class='ocrx_word' id='word_1_241' title='bbox 2556 1393 2794 1448; x_wconf 88' lang='lat' dir='ltr'><strong>omnibus</strong></span> <span class='ocrx_word' id='word_1_242' title='bbox 2831 1396 3034 1451; x_wconf 89' lang='lat' dir='ltr'><strong>diebus.</strong></span> <span class='ocrx_word' id='word_1_243' title='bbox 3093 1396 3464 1457; x_wconf 87' lang='lat' dir='ltr'><strong>Verumtamen</strong></span> <span class='ocrx_word' id='word_1_244' title='bbox 3506 1420 3614 1459; x_wconf 87' lang='lat' dir='ltr'><strong>non</strong></span> 
     </span>
    </p>
   </div>
   <div class='ocr_carea' id='block_1_32' title="bbox 2027 1474 3615 1557">
    <p class='ocr_par' dir='ltr' id='par_1_32' title="bbox 2027 1474 3615 1557">
     <span class='ocr_line' id='line_1_32' title="bbox 2027 1474 3615 1557; baseline 0.012 -30"><span class='ocrx_word' id='word_1_245' title='bbox 2027 1474 2267 1545; x_wconf 77' lang='lat' dir='ltr'><strong>auferam</strong></span> <span class='ocrx_word' id='word_1_246' title='bbox 2303 1481 2510 1548; x_wconf 86' lang='lat' dir='ltr'><strong>penitus</strong></span> <span class='ocrx_word' id='word_1_247' title='bbox 2537 1483 2708 1537; x_wconf 83' lang='lat' dir='ltr'><strong>virum</strong></span> <span class='ocrx_word' id='word_1_248' title='bbox 2752 1502 2816 1539; x_wconf 75' lang='lat' dir='ltr'><strong>ex</strong></span> <span class='ocrx_word' id='word_1_249' title='bbox 2861 1496 2911 1541; x_wconf 91' lang='lat' dir='ltr'><strong>te</strong></span> <span class='ocrx_word' id='word_1_250' title='bbox 2957 1487 3021 1541; x_wconf 88' lang='lat' dir='ltr'><strong>ab</strong></span> <span class='ocrx_word' id='word_1_251' title='bbox 3066 1487 3226 1543; x_wconf 83' lang='lat' dir='ltr'><strong>altari</strong></span> <span class='ocrx_word' id='word_1_252' title='bbox 3252 1507 3385 1557; x_wconf 86' lang='lat' dir='ltr'><strong>meo,</strong></span> <span class='ocrx_word' id='word_1_253' title='bbox 3411 1493 3504 1548; x_wconf 89' lang='lat' dir='ltr'><strong>sed</strong></span> <span class='ocrx_word' id='word_1_254' title='bbox 3559 1502 3615 1546; x_wconf 85' lang='lat' dir='ltr'><strong>ut</strong></span> 
     </span>
    </p>
   </div>
   <div class='ocr_carea' id='block_1_33' title="bbox 2026 1564 3616 1650">
    <p class='ocr_par' dir='ltr' id='par_1_33' title="bbox 2026 1564 3616 1650">
     <span class='ocr_line' id='line_1_33' title="bbox 2026 1564 3616 1650; baseline 0.012 -34"><span class='ocrx_word' id='word_1_255' title='bbox 2026 1564 2273 1634; x_wconf 88' lang='lat' dir='ltr'><strong>ae/iciant</strong></span> <span class='ocrx_word' id='word_1_256' title='bbox 2296 1568 2437 1622; x_wconf 89' lang='lat' dir='ltr'><strong>oculi</strong></span> <span class='ocrx_word' id='word_1_257' title='bbox 2461 1571 2560 1638; x_wconf 88' lang='lat' dir='ltr'><strong>tui,</strong></span> <span class='ocrx_word' id='word_1_258' title='bbox 2589 1582 2636 1625; x_wconf 90' lang='lat' dir='ltr'><strong>et</strong></span> <span class='ocrx_word' id='word_1_259' title='bbox 2666 1574 2894 1629; x_wconf 86' lang='lat' dir='ltr'><strong>tabescat</strong></span> <span class='ocrx_word' id='word_1_260' title='bbox 2922 1579 3101 1631; x_wconf 88' lang='lat' dir='ltr'><strong>anima</strong></span> <span class='ocrx_word' id='word_1_261' title='bbox 3131 1587 3242 1642; x_wconf 87' lang='lat' dir='ltr'><strong>tua,</strong></span> <span class='ocrx_word' id='word_1_262' title='bbox 3267 1588 3315 1633; x_wconf 93' lang='lat' dir='ltr'><strong>et</strong></span> <span class='ocrx_word' id='word_1_263' title='bbox 3350 1596 3473 1650; x_wconf 79' lang='lat' dir='ltr'><strong>pars</strong></span> <span class='ocrx_word' id='word_1_264' title='bbox 3500 1598 3616 1634; x_wconf 89' lang='lat' dir='ltr'><strong>ma-</strong></span> 
     </span>
    </p>
   </div>
   <div class='ocr_carea' id='block_1_34' title="bbox 341 1656 1938 1739">
    <p class='ocr_par' dir='ltr' id='par_1_34' title="bbox 341 1656 1925 1739">
     <span class='ocr_line' id='line_1_34' title="bbox 341 1656 1925 1739; baseline 0.01 -28"><span class='ocrx_word' id='word_1_265' title='bbox 341 1673 490 1713; x_wconf 90' lang='lat' dir='ltr'><strong>nunc</strong></span> <span class='ocrx_word' id='word_1_266' title='bbox 516 1656 734 1728; x_wconf 89' lang='lat' dir='ltr'><strong>impleta</strong></span> <span class='ocrx_word' id='word_1_267' title='bbox 761 1661 1017 1729; x_wconf 90' lang='lat' dir='ltr'><strong>quoniam</strong></span> <span class='ocrx_word' id='word_1_268' title='bbox 1046 1663 1320 1720; x_wconf 91' lang='lat' dir='ltr'><strong>inﬁrmata</strong></span> <span class='ocrx_word' id='word_1_269' title='bbox 1364 1676 1475 1732; x_wconf 92' lang='lat' dir='ltr'><strong>est,</strong></span> <span class='ocrx_word' id='word_1_270' title='bbox 1520 1683 1638 1739; x_wconf 70' lang='lat' dir='ltr'><strong>quae</strong></span> <span class='ocrx_word' id='word_1_271' title='bbox 1666 1672 1834 1726; x_wconf 87' lang='lat' dir='ltr'><strong>multa</strong></span> <span class='ocrx_word' id='word_1_272' title='bbox 1867 1674 1925 1727; x_wconf 89' lang='lat' dir='ltr'><strong>in</strong></span> 
     </span>
    </p>
   </div>
   <div class='ocr_carea' id='block_1_35' title="bbox 2024 1656 3615 1739">
    <p class='ocr_par' dir='ltr' id='par_1_35' title="bbox 2025 1659 3615 1731">
     <span class='ocr_line' id='line_1_35' title="bbox 2025 1659 3615 1731; baseline 0.011 -22"><span class='ocrx_word' id='word_1_273' title='bbox 2025 1673 2130 1726; x_wconf 88' lang='lat' dir='ltr'><strong>gna</strong></span> <span class='ocrx_word' id='word_1_274' title='bbox 2187 1659 2373 1716; x_wconf 90' lang='lat' dir='ltr'><strong>domus</strong></span> <span class='ocrx_word' id='word_1_275' title='bbox 2402 1672 2509 1717; x_wconf 70' lang='lat' dir='ltr'><strong>tum</strong></span> <span class='ocrx_word' id='word_1_276' title='bbox 2551 1666 2825 1731; x_wconf 90' lang='lat' dir='ltr'><strong>morietur,</strong></span> <span class='ocrx_word' id='word_1_277' title='bbox 2871 1685 2990 1723; x_wconf 88' lang='lat' dir='ltr'><strong>cum</strong></span> <span class='ocrx_word' id='word_1_278' title='bbox 3034 1669 3104 1723; x_wconf 89' lang='lat' dir='ltr'><strong>ad</strong></span> <span class='ocrx_word' id='word_1_279' title='bbox 3159 1670 3363 1725; x_wconf 81' lang='lat' dir='ltr'><strong>virilem</strong></span> <span class='ocrx_word' id='word_1_280' title='bbox 3409 1682 3615 1726; x_wconf 67' lang='lat' dir='ltr'><strong>(etatem</strong></span> 
     </span>
    </p>
   </div>
   <div class='ocr_carea' id='block_1_36' title="bbox 337 1746 1920 1816">
    <p class='ocr_par' dir='ltr' id='par_1_36' title="bbox 337 1746 1920 1816">
     <span class='ocr_line' id='line_1_36' title="bbox 337 1746 1920 1816; baseline 0.013 -20"><span class='ocrx_word' id='word_1_281' title='bbox 337 1746 469 1814; x_wconf 79' lang='lat' dir='ltr'><strong>ﬁliis</strong></span> <span class='ocrx_word' id='word_1_282' title='bbox 499 1756 644 1815; x_wconf 88' lang='lat' dir='ltr'><strong>erat,</strong></span> <span class='ocrx_word' id='word_1_283' title='bbox 668 1755 727 1804; x_wconf 91' lang='lat' dir='ltr'><strong>ut</strong></span> <span class='ocrx_word' id='word_1_284' title='bbox 745 1765 945 1806; x_wconf 89' lang='lat' dir='ltr'><strong>novum</strong></span> <span class='ocrx_word' id='word_1_285' title='bbox 974 1752 1202 1809; x_wconf 88' lang='lat' dir='ltr'><strong>haberet</strong></span> <span class='ocrx_word' id='word_1_286' title='bbox 1226 1756 1280 1810; x_wconf 86' lang='lat' dir='ltr'><strong>in</strong></span> <span class='ocrx_word' id='word_1_287' title='bbox 1297 1754 1518 1814; x_wconf 86' lang='lat' dir='ltr'><strong>Christo</strong></span> <span class='ocrx_word' id='word_1_288' title='bbox 1554 1761 1920 1816; x_wconf 88' lang='lat' dir='ltr'><strong>sacerdotium</strong></span> 
     </span>
    </p>
   </div>
   <div class='ocr_carea' id='block_1_37' title="bbox 338 1837 1926 1926">
    <p class='ocr_par' dir='ltr' id='par_1_37' title="bbox 338 1837 1926 1926">
     <span class='ocr_line' id='line_1_37' title="bbox 338 1837 1926 1926; baseline 0.013 -37"><span class='ocrx_word' id='word_1_289' title='bbox 338 1837 558 1903; x_wconf 86' lang='lat' dir='ltr'><strong>sterilis,</strong></span> <span class='ocrx_word' id='word_1_290' title='bbox 588 1855 704 1910; x_wconf 72' lang='lat' dir='ltr'><strong>qua:</strong></span> <span class='ocrx_word' id='word_1_291' title='bbox 723 1843 922 1912; x_wconf 88' lang='lat' dir='ltr'><strong>peperit</strong></span> <span class='ocrx_word' id='word_1_292' title='bbox 944 1854 1156 1914; x_wconf 86' lang='lat' dir='ltr'><strong>septem.</strong></span> <span class='ocrx_word' id='word_1_293' title='bbox 1187 1846 1302 1904; x_wconf 82' lang='lat' dir='ltr'><strong>Hoc</strong></span> <span class='ocrx_word' id='word_1_294' title='bbox 1328 1850 1600 1906; x_wconf 87' lang='lat' dir='ltr'><strong>canticum</strong></span> <span class='ocrx_word' id='word_1_295' title='bbox 1622 1851 1778 1922; x_wconf 78' lang='lat' dir='ltr'><strong>juxta</strong></span> <span class='ocrx_word' id='word_1_296' title='bbox 1802 1868 1926 1926; x_wconf 91' lang='lat' dir='ltr'><strong>sep-</strong></span> 
     </span>
    </p>
   </div>
   <div class='ocr_carea' id='block_1_38' title="bbox 340 1928 1923 2002">
    <p class='ocr_par' dir='ltr' id='par_1_38' title="bbox 340 1928 1923 2002">
     <span class='ocr_line' id='line_1_38' title="bbox 340 1928 1923 2002; baseline 0.014 -23"><span class='ocrx_word' id='word_1_297' title='bbox 340 1928 585 1998; x_wconf 86' lang='lat' dir='ltr'><strong>tuaginta</strong></span> <span class='ocrx_word' id='word_1_298' title='bbox 632 1929 990 2002; x_wconf 84' lang='lat' dir='ltr'><strong>interpretum</strong></span> <span class='ocrx_word' id='word_1_299' title='bbox 1040 1937 1454 1996; x_wconf 89' lang='lat' dir='ltr'><strong>translationem</strong></span> <span class='ocrx_word' id='word_1_300' title='bbox 1487 1941 1729 1998; x_wconf 87' lang='lat' dir='ltr'><strong>inserere</strong></span> <span class='ocrx_word' id='word_1_301' title='bbox 1770 1958 1923 2000; x_wconf 88' lang='lat' dir='ltr'><strong>com-</strong></span> 
     </span>
    </p>
   </div>
   <div class='ocr_carea' id='block_1_39' title="bbox 338 2018 1921 2103">
    <p class='ocr_par' dir='ltr' id='par_1_39' title="bbox 338 2018 1921 2103">
     <span class='ocr_line' id='line_1_39' title="bbox 338 2018 1921 2103; baseline 0.013 -33"><span class='ocrx_word' id='word_1_302' title='bbox 338 2018 483 2087; x_wconf 90' lang='lat' dir='ltr'><strong>pulsi</strong></span> <span class='ocrx_word' id='word_1_303' title='bbox 510 2034 697 2076; x_wconf 89' lang='lat' dir='ltr'><strong>sumus</strong></span> <span class='ocrx_word' id='word_1_304' title='bbox 727 2034 791 2088; x_wconf 68' lang='lat' dir='ltr'><strong>a,</strong></span> <span class='ocrx_word' id='word_1_305' title='bbox 812 2031 872 2077; x_wconf 89' lang='lat' dir='ltr'><strong>ut</strong></span> <span class='ocrx_word' id='word_1_306' title='bbox 894 2040 925 2077; x_wconf 92' lang='lat' dir='ltr'><strong>a</strong></span> <span class='ocrx_word' id='word_1_307' title='bbox 948 2024 1109 2081; x_wconf 90' lang='lat' dir='ltr'><strong>beato</strong></span> <span class='ocrx_word' id='word_1_308' title='bbox 1135 2026 1435 2100; x_wconf 77' lang='lat' dir='ltr'><strong>Augustino</strong></span> <span class='ocrx_word' id='word_1_309' title='bbox 1458 2034 1768 2103; x_wconf 81' lang='lat' dir='ltr'><strong>expositum</strong></span> <span class='ocrx_word' id='word_1_310' title='bbox 1796 2044 1881 2091; x_wconf 87' lang='lat' dir='ltr'><strong>est</strong></span> <span class='ocrx_word' id='word_1_311' title='bbox 1906 2053 1921 2102; x_wconf 89' lang='lat'><strong>;</strong></span> 
     </span>
    </p>
   </div>
   <div class='ocr_carea' id='block_1_40' title="bbox 337 2111 1926 2192">
    <p class='ocr_par' dir='ltr' id='par_1_40' title="bbox 337 2111 1926 2192">
     <span class='ocr_line' id='line_1_40' title="bbox 337 2111 1926 2192; baseline 0.013 -31"><span class='ocrx_word' id='word_1_312' title='bbox 337 2122 441 2178; x_wconf 90' lang='lat' dir='ltr'><strong>pro</strong></span> <span class='ocrx_word' id='word_1_313' title='bbox 468 2124 535 2164; x_wconf 90' lang='lat' dir='ltr'><strong>eo</strong></span> <span class='ocrx_word' id='word_1_314' title='bbox 562 2111 707 2181; x_wconf 86' lang='lat' dir='ltr'><strong>quod</strong></span> <span class='ocrx_word' id='word_1_315' title='bbox 732 2112 787 2166; x_wconf 90' lang='lat' dir='ltr'><strong>in</strong></span> <span class='ocrx_word' id='word_1_316' title='bbox 818 2113 934 2184; x_wconf 91' lang='lat' dir='ltr'><strong>ipsa</strong></span> <span class='ocrx_word' id='word_1_317' title='bbox 980 2116 1336 2175; x_wconf 85' lang='lat' dir='ltr'><strong>translatione</strong></span> <span class='ocrx_word' id='word_1_318' title='bbox 1362 2122 1712 2192; x_wconf 87' lang='lat' dir='ltr'><strong>ampliorem,</strong></span> <span class='ocrx_word' id='word_1_319' title='bbox 1744 2133 1803 2181; x_wconf 89' lang='lat' dir='ltr'><strong>et</strong></span> <span class='ocrx_word' id='word_1_320' title='bbox 1833 2142 1926 2182; x_wconf 44' lang='lat' dir='ltr'><strong>ve</strong></span> 
     </span>
    </p>
   </div>
   <div class='ocr_carea' id='block_1_41' title="bbox 339 2201 1242 2264">
    <p class='ocr_par' dir='ltr' id='par_1_41' title="bbox 339 2201 1242 2264">
     <span class='ocr_line' id='line_1_41' title="bbox 339 2201 1242 2264; baseline 0.007 -10"><span class='ocrx_word' id='word_1_321' title='bbox 339 2201 547 2255; x_wconf 87' lang='lat' dir='ltr'><strong>riorem</strong></span> <span class='ocrx_word' id='word_1_322' title='bbox 575 2204 819 2259; x_wconf 79' lang='lat' dir='ltr'><strong>continet</strong></span> <span class='ocrx_word' id='word_1_323' title='bbox 839 2205 1127 2262; x_wconf 81' lang='lat' dir='ltr'><strong>historiam</strong></span> <span class='ocrx_word' id='word_1_324' title='bbox 1151 2210 1203 2264; x_wconf 69' lang='grc' dir='ltr'><strong>ι).</strong></span> <span class='ocrx_word' id='word_1_325' title='bbox 1223 2226 1242 2260; x_wconf 69' lang='grc' dir='ltr'><strong><em>ι</em></strong></span> 
     </span>
    </p>
   </div>
   <div class='ocr_carea' id='block_1_42' title="bbox 415 2293 1925 2372">
    <p class='ocr_par' dir='ltr' id='par_1_42' title="bbox 415 2293 1925 2372">
     <span class='ocr_line' id='line_1_42' title="bbox 415 2293 1925 2372; baseline 0.011 -27"><span class='ocrx_word' id='word_1_326' title='bbox 415 2311 438 2345; x_wconf 72' lang='grc' dir='ltr'>ι</span> <span class='ocrx_word' id='word_1_327' title='bbox 465 2293 679 2351; x_wconf 86' lang='lat' dir='ltr'><strong>Interea</strong></span> <span class='ocrx_word' id='word_1_328' title='bbox 711 2295 866 2368; x_wconf 88' lang='lat' dir='ltr'><strong>(Cap.</strong></span> <span class='ocrx_word' id='word_1_329' title='bbox 899 2297 954 2352; x_wconf 91' lang='lat'><strong>2.</strong></span> <span class='ocrx_word' id='word_1_330' title='bbox 987 2315 1035 2352; x_wconf 81' lang='grc' dir='ltr'><strong>υ.</strong></span> <span class='ocrx_word' id='word_1_331' title='bbox 1063 2299 1178 2372; x_wconf 90' lang='grc'><strong>18.)</strong></span> <span class='ocrx_word' id='word_1_332' title='bbox 1203 2298 1419 2356; x_wconf 88' lang='lat' dir='ltr'><strong>Samuel</strong></span> <span class='ocrx_word' id='word_1_333' title='bbox 1478 2315 1591 2358; x_wconf 90' lang='lat' dir='ltr'><strong>erat</strong></span> <span class='ocrx_word' id='word_1_334' title='bbox 1618 2307 1925 2362; x_wconf 76' lang='lat' dir='ltr'><strong>ministram</strong></span> 
     </span>
    </p>
   </div>
   <div class='ocr_carea' id='block_1_43' title="bbox 334 2384 1923 2465">
    <p class='ocr_par' dir='ltr' id='par_1_43' title="bbox 334 2384 1923 2465">
     <span class='ocr_line' id='line_1_43' title="bbox 334 2384 1923 2465; baseline 0.009 -27"><span class='ocrx_word' id='word_1_335' title='bbox 334 2384 397 2439; x_wconf 80' lang='lat' dir='ltr'><strong>in</strong></span> <span class='ocrx_word' id='word_1_336' title='bbox 459 2384 649 2455; x_wconf 88' lang='lat' dir='ltr'><strong>templo</strong></span> <span class='ocrx_word' id='word_1_337' title='bbox 698 2385 797 2440; x_wconf 86' lang='lat' dir='ltr'><strong>Dei</strong></span> <span class='ocrx_word' id='word_1_338' title='bbox 850 2389 1114 2444; x_wconf 86' lang='lat' dir='ltr'><strong>accinctus</strong></span> <span class='ocrx_word' id='word_1_339' title='bbox 1161 2389 1334 2461; x_wconf 86' lang='lat' dir='ltr'><strong>Ephot</strong></span> <span class='ocrx_word' id='word_1_340' title='bbox 1384 2392 1547 2465; x_wconf 87' lang='lat' dir='ltr'><strong>(Cap.</strong></span> <span class='ocrx_word' id='word_1_341' title='bbox 1599 2395 1652 2450; x_wconf 90' lang='grc'><strong>1.</strong></span> <span class='ocrx_word' id='word_1_342' title='bbox 1698 2396 1784 2450; x_wconf 78' lang='grc'><strong>12.</strong></span> <span class='ocrx_word' id='word_1_343' title='bbox 1835 2397 1923 2452; x_wconf 78' lang='grc'><strong>13.</strong></span> 
     </span>
    </p>
   </div>
   <div class='ocr_carea' id='block_1_44' title="bbox 336 2472 1926 2547">
    <p class='ocr_par' dir='ltr' id='par_1_44' title="bbox 336 2472 1926 2547">
     <span class='ocr_line' id='line_1_44' title="bbox 336 2472 1926 2547; baseline 0.009 -20"><span class='ocrx_word' id='word_1_344' title='bbox 336 2488 531 2527; x_wconf 87' lang='lat' dir='ltr'><strong>rursus</strong></span> <span class='ocrx_word' id='word_1_345' title='bbox 556 2472 666 2547; x_wconf 80' lang='grc'><strong>17).</strong></span> <span class='ocrx_word' id='word_1_346' title='bbox 694 2474 865 2532; x_wconf 89' lang='lat' dir='ltr'><strong>Porro</strong></span> <span class='ocrx_word' id='word_1_347' title='bbox 886 2476 982 2532; x_wconf 91' lang='lat' dir='ltr'><strong>ﬁlii</strong></span> <span class='ocrx_word' id='word_1_348' title='bbox 1007 2477 1127 2534; x_wconf 81' lang='lat' dir='ltr'><strong>Heli</strong></span> <span class='ocrx_word' id='word_1_349' title='bbox 1159 2480 1341 2535; x_wconf 88' lang='lat' dir='ltr'><strong>divina</strong></span> <span class='ocrx_word' id='word_1_350' title='bbox 1369 2483 1634 2538; x_wconf 87' lang='lat' dir='ltr'><strong>sacriﬁcia</strong></span> <span class='ocrx_word' id='word_1_351' title='bbox 1663 2492 1926 2541; x_wconf 87' lang='lat' dir='ltr'><strong>temeran-</strong></span> 
     </span>
    </p>
   </div>
   <div class='ocr_carea' id='block_1_45' title="bbox 339 2564 1927 2648">
    <p class='ocr_par' dir='ltr' id='par_1_45' title="bbox 339 2564 1927 2648">
     <span class='ocr_line' id='line_1_45' title="bbox 339 2564 1927 2648; baseline 0.009 -30"><span class='ocrx_word' id='word_1_352' title='bbox 339 2570 429 2619; x_wconf 87' lang='lat' dir='ltr'><strong>tes</strong></span> <span class='ocrx_word' id='word_1_353' title='bbox 474 2564 779 2634; x_wconf 89' lang='lat' dir='ltr'><strong>peccabant</strong></span> <span class='ocrx_word' id='word_1_354' title='bbox 825 2582 1010 2623; x_wconf 87' lang='lat' dir='ltr'><strong>coram</strong></span> <span class='ocrx_word' id='word_1_355' title='bbox 1041 2569 1302 2637; x_wconf 88' lang='lat' dir='ltr'><strong>Domino;</strong></span> <span class='ocrx_word' id='word_1_356' title='bbox 1356 2581 1411 2627; x_wconf 90' lang='lat' dir='ltr'><strong>et</strong></span> <span class='ocrx_word' id='word_1_357' title='bbox 1464 2573 1779 2630; x_wconf 88' lang='lat' dir='ltr'><strong>deridebant</strong></span> <span class='ocrx_word' id='word_1_358' title='bbox 1828 2592 1927 2648; x_wconf 91' lang='lat' dir='ltr'><strong>per</strong></span> 
     </span>
    </p>
   </div>
   <div class='ocr_carea' id='block_1_46' title="bbox 334 2656 1923 2737">
    <p class='ocr_par' dir='ltr' id='par_1_46' title="bbox 334 2656 1923 2737">
     <span class='ocr_line' id='line_1_46' title="bbox 334 2656 1923 2737; baseline 0.007 -26"><span class='ocrx_word' id='word_1_359' title='bbox 334 2668 438 2711; x_wconf 88' lang='lat' dir='ltr'><strong>eos</strong></span> <span class='ocrx_word' id='word_1_360' title='bbox 490 2656 647 2735; x_wconf 75' lang='lat' dir='ltr'><strong>multi</strong></span> <span class='ocrx_word' id='word_1_361' title='bbox 683 2657 1009 2714; x_wconf 88' lang='lat' dir='ltr'><strong>sacriﬁcium</strong></span> <span class='ocrx_word' id='word_1_362' title='bbox 1047 2659 1143 2716; x_wconf 88' lang='lat' dir='ltr'><strong>Dei</strong></span> <span class='ocrx_word' id='word_1_363' title='bbox 1180 2660 1306 2733; x_wconf 89' lang='lat' dir='ltr'><strong>(Ibi.</strong></span> <span class='ocrx_word' id='word_1_364' title='bbox 1353 2679 1404 2717; x_wconf 83' lang='grc' dir='ltr'><strong>υ.</strong></span> <span class='ocrx_word' id='word_1_365' title='bbox 1433 2662 1523 2728; x_wconf 91' lang='lat'><strong>27,</strong></span> <span class='ocrx_word' id='word_1_366' title='bbox 1546 2674 1595 2719; x_wconf 92' lang='lat' dir='ltr'><strong>et</strong></span> <span class='ocrx_word' id='word_1_367' title='bbox 1630 2665 1835 2737; x_wconf 83' lang='lat' dir='ltr'><strong>subseq.</strong></span> <span class='ocrx_word' id='word_1_368' title='bbox 1866 2658 1923 2724; x_wconf 89' lang='lat' dir='ltr'><strong>et</strong></span> 
     </span>
    </p>
   </div>
   <div class='ocr_carea' id='block_1_47' title="bbox 336 2726 1925 2822">
    <p class='ocr_par' dir='ltr' id='par_1_47' title="bbox 336 2726 1925 2822">
     <span class='ocr_line' id='line_1_47' title="bbox 336 2726 1925 2822; baseline 0.009 -25"><span class='ocrx_word' id='word_1_369' title='bbox 336 2758 529 2797; x_wconf 86' lang='lat' dir='ltr'><strong>rursus</strong></span> <span class='ocrx_word' id='word_1_370' title='bbox 555 2726 670 2815; x_wconf 76' lang='lat' dir='ltr'><strong>cap.</strong></span> <span class='ocrx_word' id='word_1_371' title='bbox 701 2744 756 2799; x_wconf 83' lang='lat'><strong>2.</strong></span> <span class='ocrx_word' id='word_1_372' title='bbox 790 2763 837 2801; x_wconf 84' lang='grc' dir='ltr'><strong>υ.</strong></span> <span class='ocrx_word' id='word_1_373' title='bbox 869 2747 955 2814; x_wconf 85' lang='grc'><strong>11,</strong></span> <span class='ocrx_word' id='word_1_374' title='bbox 978 2757 1027 2803; x_wconf 89' lang='lat' dir='ltr'><strong>et</strong></span> <span class='ocrx_word' id='word_1_375' title='bbox 1049 2726 1300 2822; x_wconf 81' lang='lat' dir='ltr'><strong>subseq.).</strong></span> <span class='ocrx_word' id='word_1_376' title='bbox 1333 2750 1481 2807; x_wconf 90' lang='lat' dir='ltr'><strong>Unde</strong></span> <span class='ocrx_word' id='word_1_377' title='bbox 1510 2726 1643 2807; x_wconf 16' lang='lat' dir='ltr'><strong>VHeli</strong></span> <span class='ocrx_word' id='word_1_378' title='bbox 1669 2726 1925 2812; x_wconf 72' lang='lat' dir='ltr'><strong>sacerdos</strong></span> 
     </span>
    </p>
   </div>
   <div class='ocr_carea' id='block_1_48' title="bbox 332 2837 1922 2917">
    <p class='ocr_par' dir='ltr' id='par_1_48' title="bbox 332 2837 1922 2917">
     <span class='ocr_line' id='line_1_48' title="bbox 332 2837 1922 2917; baseline 0.01 -29"><span class='ocrx_word' id='word_1_379' title='bbox 332 2848 440 2905; x_wconf 89' lang='lat' dir='ltr'><strong>pro</strong></span> <span class='ocrx_word' id='word_1_380' title='bbox 466 2849 653 2891; x_wconf 90' lang='lat' dir='ltr'><strong>eorum</strong></span> <span class='ocrx_word' id='word_1_381' title='bbox 684 2837 970 2908; x_wconf 89' lang='lat' dir='ltr'><strong>iniquitate</strong></span> <span class='ocrx_word' id='word_1_382' title='bbox 998 2841 1285 2898; x_wconf 85' lang='lat' dir='ltr'><strong>damnatus</strong></span> <span class='ocrx_word' id='word_1_383' title='bbox 1321 2852 1403 2898; x_wconf 92' lang='lat' dir='ltr'><strong>est</strong></span> <span class='ocrx_word' id='word_1_384' title='bbox 1431 2843 1587 2917; x_wconf 86' lang='lat' dir='ltr'><strong>(Cap.</strong></span> <span class='ocrx_word' id='word_1_385' title='bbox 1612 2846 1666 2900; x_wconf 87' lang='lat'><strong>2.</strong></span> <span class='ocrx_word' id='word_1_386' title='bbox 1709 2848 1828 2915; x_wconf 77' lang='lat'><strong>25.,</strong></span> <span class='ocrx_word' id='word_1_387' title='bbox 1872 2860 1922 2904; x_wconf 89' lang='lat' dir='ltr'><strong>et</strong></span> 
     </span>
    </p>
   </div>
   <div class='ocr_carea' id='block_1_49' title="bbox 334 2925 1921 3002">
    <p class='ocr_par' dir='ltr' id='par_1_49' title="bbox 334 2925 1921 3002">
     <span class='ocr_line' id='line_1_49' title="bbox 334 2925 1921 3002; baseline 0.012 -24"><span class='ocrx_word' id='word_1_388' title='bbox 334 2925 594 3000; x_wconf 88' lang='lat' dir='ltr'><strong>subseq.),</strong></span> <span class='ocrx_word' id='word_1_389' title='bbox 644 2929 788 2997; x_wconf 91' lang='lat' dir='ltr'><strong>quod</strong></span> <span class='ocrx_word' id='word_1_390' title='bbox 824 2928 919 2985; x_wconf 88' lang='lat' dir='ltr'><strong>eos</strong></span> <span class='ocrx_word' id='word_1_391' title='bbox 970 2941 1259 3002; x_wconf 88' lang='lat' dir='ltr'><strong>peccantes</strong></span> <span class='ocrx_word' id='word_1_392' title='bbox 1314 2935 1494 2991; x_wconf 89' lang='lat' dir='ltr'><strong>minus</strong></span> <span class='ocrx_word' id='word_1_393' title='bbox 1558 2951 1748 2994; x_wconf 89' lang='lat' dir='ltr'><strong>severa</strong></span> <span class='ocrx_word' id='word_1_394' title='bbox 1804 2941 1921 2997; x_wconf 87' lang='lat' dir='ltr'><strong>ani-</strong></span> 
     </span>
    </p>
   </div>
   <div class='ocr_carea' id='block_1_50' title="bbox 2026 1747 3615 1829">
    <p class='ocr_par' dir='ltr' id='par_1_50' title="bbox 2026 1747 3615 1829">
     <span class='ocr_line' id='line_1_50' title="bbox 2026 1747 3615 1829; baseline 0.011 -31"><span class='ocrx_word' id='word_1_395' title='bbox 2026 1747 2219 1800; x_wconf 83' lang='lat' dir='ltr'><strong>venerit</strong></span> <span class='ocrx_word' id='word_1_396' title='bbox 2245 1763 2264 1801; x_wconf 88' lang='lat'><strong><em>:</em></strong></span> <span class='ocrx_word' id='word_1_397' title='bbox 2286 1748 2384 1803; x_wconf 90' lang='lat' dir='ltr'><strong>hoc</strong></span> <span class='ocrx_word' id='word_1_398' title='bbox 2405 1761 2580 1806; x_wconf 88' lang='lat' dir='ltr'><strong>autem</strong></span> <span class='ocrx_word' id='word_1_399' title='bbox 2613 1756 2711 1807; x_wconf 86' lang='lat' dir='ltr'><strong>erit</strong></span> <span class='ocrx_word' id='word_1_400' title='bbox 2754 1755 2846 1809; x_wconf 80' lang='lat' dir='ltr'><strong>tibi</strong></span> <span class='ocrx_word' id='word_1_401' title='bbox 2888 1758 3119 1827; x_wconf 75' lang='lat' dir='ltr'><strong>signant,</strong></span> <span class='ocrx_word' id='word_1_402' title='bbox 3150 1759 3290 1829; x_wconf 88' lang='lat' dir='ltr'><strong>quod</strong></span> <span class='ocrx_word' id='word_1_403' title='bbox 3338 1770 3615 1815; x_wconf 84' lang='lat' dir='ltr'><strong>venturum</strong></span> 
     </span>
    </p>
   </div>
   <div class='ocr_carea' id='block_1_51' title="bbox 2025 1835 3617 1913">
    <p class='ocr_par' dir='ltr' id='par_1_51' title="bbox 2025 1835 3617 1913">
     <span class='ocr_line' id='line_1_51' title="bbox 2025 1835 3617 1913; baseline 0.013 -26"><span class='ocrx_word' id='word_1_404' title='bbox 2025 1845 2099 1888; x_wconf 85' lang='lat' dir='ltr'><strong>est</strong></span> <span class='ocrx_word' id='word_1_405' title='bbox 2128 1835 2332 1892; x_wconf 80' lang='lat' dir='ltr'><strong>duobus</strong></span> <span class='ocrx_word' id='word_1_406' title='bbox 2354 1840 2483 1908; x_wconf 79' lang='lat' dir='ltr'><strong>ﬁliis</strong></span> <span class='ocrx_word' id='word_1_407' title='bbox 2509 1843 2613 1896; x_wconf 85' lang='lat' dir='ltr'><strong>tuis</strong></span> <span class='ocrx_word' id='word_1_408' title='bbox 2641 1841 2786 1913; x_wconf 82' lang='lat' dir='ltr'><strong>Ofni,</strong></span> <span class='ocrx_word' id='word_1_409' title='bbox 2812 1855 2859 1899; x_wconf 94' lang='lat' dir='ltr'><strong>et</strong></span> <span class='ocrx_word' id='word_1_410' title='bbox 2884 1844 3097 1901; x_wconf 83' lang='lat' dir='ltr'><strong>Finees.</strong></span> <span class='ocrx_word' id='word_1_411' title='bbox 3133 1848 3199 1902; x_wconf 86' lang='lat' dir='ltr'><strong>In</strong></span> <span class='ocrx_word' id='word_1_412' title='bbox 3230 1848 3315 1903; x_wconf 88' lang='lat' dir='ltr'><strong>die</strong></span> <span class='ocrx_word' id='word_1_413' title='bbox 3355 1866 3460 1905; x_wconf 91' lang='lat' dir='ltr'><strong>uno</strong></span> <span class='ocrx_word' id='word_1_414' title='bbox 3505 1869 3617 1906; x_wconf 87' lang='lat' dir='ltr'><strong>mo-</strong></span> 
     </span>
    </p>
   </div>
   <div class='ocr_carea' id='block_1_52' title="bbox 2025 1927 3611 2012">
    <p class='ocr_par' dir='ltr' id='par_1_52' title="bbox 2025 1927 3611 2012">
     <span class='ocr_line' id='line_1_52' title="bbox 2025 1927 3611 2012; baseline 0.012 -33"><span class='ocrx_word' id='word_1_415' title='bbox 2025 1927 2228 1981; x_wconf 87' lang='lat' dir='ltr'><strong>rientur</strong></span> <span class='ocrx_word' id='word_1_416' title='bbox 2247 1931 2421 1999; x_wconf 82' lang='lat' dir='ltr'><strong>ambo,</strong></span> <span class='ocrx_word' id='word_1_417' title='bbox 2465 1943 2514 1987; x_wconf 89' lang='lat' dir='ltr'><strong>et</strong></span> <span class='ocrx_word' id='word_1_418' title='bbox 2554 1936 2820 1991; x_wconf 82' lang='lat' dir='ltr'><strong>suscitabo</strong></span> <span class='ocrx_word' id='word_1_419' title='bbox 2869 1938 2999 1993; x_wconf 89' lang='lat' dir='ltr'><strong>mihi</strong></span> <span class='ocrx_word' id='word_1_420' title='bbox 3027 1941 3350 1996; x_wconf 86' lang='lat' dir='ltr'><strong>sacerdotem</strong></span> <span class='ocrx_word' id='word_1_421' title='bbox 3376 1942 3611 2012; x_wconf 78' lang='lat' dir='ltr'><strong>ﬁdelem,</strong></span> 
     </span>
    </p>
   </div>
   <div class='ocr_carea' id='block_1_53' title="bbox 2023 2017 3362 2101">
    <p class='ocr_par' dir='ltr' id='par_1_53' title="bbox 2023 2017 3362 2101">
     <span class='ocr_line' id='line_1_53' title="bbox 2023 2017 3362 2101; baseline 0.013 -32"><span class='ocrx_word' id='word_1_422' title='bbox 2023 2018 2115 2087; x_wconf 87' lang='lat' dir='ltr'><strong>qui</strong></span> <span class='ocrx_word' id='word_1_423' title='bbox 2126 2017 2287 2087; x_wconf 77' lang='lat' dir='ltr'><strong>juxta</strong></span> <span class='ocrx_word' id='word_1_424' title='bbox 2315 2038 2407 2075; x_wconf 90' lang='lat' dir='ltr'><strong>cor</strong></span> <span class='ocrx_word' id='word_1_425' title='bbox 2429 2040 2623 2092; x_wconf 90' lang='lat' dir='ltr'><strong>meum,</strong></span> <span class='ocrx_word' id='word_1_426' title='bbox 2648 2036 2698 2080; x_wconf 91' lang='lat' dir='ltr'><strong>et</strong></span> <span class='ocrx_word' id='word_1_427' title='bbox 2727 2029 2962 2083; x_wconf 87' lang='lat' dir='ltr'><strong>animam</strong></span> <span class='ocrx_word' id='word_1_428' title='bbox 2987 2046 3156 2085; x_wconf 88' lang='lat' dir='ltr'><strong>meam</strong></span> <span class='ocrx_word' id='word_1_429' title='bbox 3176 2030 3362 2101; x_wconf 77' lang='lat' dir='ltr'><strong>faciat.</strong></span> 
     </span>
    </p>
   </div>
   <div class='ocr_carea' id='block_1_54' title="bbox 2102 2108 3613 2191">
    <p class='ocr_par' dir='ltr' id='par_1_54' title="bbox 2102 2108 3613 2191">
     <span class='ocr_line' id='line_1_54' title="bbox 2102 2108 3613 2191; baseline 0.013 -30"><span class='ocrx_word' id='word_1_430' title='bbox 2102 2126 2122 2160; x_wconf 72' lang='grc' dir='ltr'>ι</span> <span class='ocrx_word' id='word_1_431' title='bbox 2158 2108 2276 2165; x_wconf 85' lang='lat' dir='ltr'><strong>Non</strong></span> <span class='ocrx_word' id='word_1_432' title='bbox 2309 2121 2395 2167; x_wconf 89' lang='lat' dir='ltr'><strong>est</strong></span> <span class='ocrx_word' id='word_1_433' title='bbox 2422 2122 2480 2168; x_wconf 91' lang='lat' dir='ltr'><strong>ut</strong></span> <span class='ocrx_word' id='word_1_434' title='bbox 2500 2115 2713 2171; x_wconf 88' lang='lat' dir='ltr'><strong>dicatur</strong></span> <span class='ocrx_word' id='word_1_435' title='bbox 2739 2118 2845 2173; x_wconf 87' lang='lat' dir='ltr'><strong>ista</strong></span> <span class='ocrx_word' id='word_1_436' title='bbox 2865 2121 3175 2191; x_wconf 89' lang='lat' dir='ltr'><strong>prophetia,</strong></span> <span class='ocrx_word' id='word_1_437' title='bbox 3201 2123 3294 2178; x_wconf 90' lang='lat' dir='ltr'><strong>ubi</strong></span> <span class='ocrx_word' id='word_1_438' title='bbox 3318 2124 3613 2182; x_wconf 83' lang='lat' dir='ltr'><strong>sacerdotii</strong></span> 
     </span>
    </p>
   </div>
   <div class='ocr_carea' id='block_1_55' title="bbox 2027 2203 3612 2282">
    <p class='ocr_par' dir='ltr' id='par_1_55' title="bbox 2027 2203 3612 2282">
     <span class='ocr_line' id='line_1_55' title="bbox 2027 2203 3612 2282; baseline 0.012 -29"><span class='ocrx_word' id='word_1_439' title='bbox 2027 2203 2227 2256; x_wconf 88' lang='lat' dir='ltr'><strong>veteris</strong></span> <span class='ocrx_word' id='word_1_440' title='bbox 2257 2212 2405 2258; x_wconf 87' lang='lat' dir='ltr'><strong>tanta</strong></span> <span class='ocrx_word' id='word_1_441' title='bbox 2434 2207 2877 2264; x_wconf 81' lang='lat' dir='ltr'><strong>manifestatione</strong></span> <span class='ocrx_word' id='word_1_442' title='bbox 2908 2213 3267 2282; x_wconf 75' lang='lat' dir='ltr'><strong>pnentmtiata</strong></span> <span class='ocrx_word' id='word_1_443' title='bbox 3300 2224 3387 2270; x_wconf 88' lang='lat' dir='ltr'><strong>est</strong></span> <span class='ocrx_word' id='word_1_444' title='bbox 3431 2223 3612 2271; x_wconf 90' lang='lat' dir='ltr'><strong>muta-</strong></span> 
     </span>
    </p>
   </div>
   <div class='ocr_carea' id='block_1_56' title="bbox 2027 2294 3614 2378">
    <p class='ocr_par' dir='ltr' id='par_1_56' title="bbox 2027 2294 3614 2378">
     <span class='ocr_line' id='line_1_56' title="bbox 2027 2294 3614 2378; baseline 0.011 -30"><span class='ocrx_word' id='word_1_445' title='bbox 2027 2294 2123 2360; x_wconf 89' lang='lat' dir='ltr'><strong>tio,</strong></span> <span class='ocrx_word' id='word_1_446' title='bbox 2156 2296 2211 2349; x_wconf 92' lang='lat' dir='ltr'><strong>in</strong></span> <span class='ocrx_word' id='word_1_447' title='bbox 2238 2295 2491 2354; x_wconf 89' lang='lat' dir='ltr'><strong>Samuele</strong></span> <span class='ocrx_word' id='word_1_448' title='bbox 2515 2299 2685 2357; x_wconf 81' lang='lat' dir='ltr'><strong>fuisse</strong></span> <span class='ocrx_word' id='word_1_449' title='bbox 2721 2304 2990 2375; x_wconf 88' lang='lat' dir='ltr'><strong>completa</strong></span> <span class='ocrx_word' id='word_1_450' title='bbox 3036 2324 3049 2360; x_wconf 92' lang='lat'><strong>:</strong></span> <span class='ocrx_word' id='word_1_451' title='bbox 3107 2321 3418 2378; x_wconf 86' lang='lat' dir='ltr'><strong>quanquam</strong></span> <span class='ocrx_word' id='word_1_452' title='bbox 3466 2311 3614 2366; x_wconf 89' lang='lat' dir='ltr'><strong>enim</strong></span> 
     </span>
    </p>
   </div>
   <div class='ocr_carea' id='block_1_57' title="bbox 2028 2385 3617 2466">
    <p class='ocr_par' dir='ltr' id='par_1_57' title="bbox 2028 2385 3617 2466">
     <span class='ocr_line' id='line_1_57' title="bbox 2028 2385 3617 2466; baseline 0.012 -30"><span class='ocrx_word' id='word_1_453' title='bbox 2028 2391 2173 2438; x_wconf 86' lang='lat' dir='ltr'><strong>esset</strong></span> <span class='ocrx_word' id='word_1_454' title='bbox 2196 2385 2263 2440; x_wconf 87' lang='lat' dir='ltr'><strong>de</strong></span> <span class='ocrx_word' id='word_1_455' title='bbox 2285 2386 2389 2440; x_wconf 87' lang='lat' dir='ltr'><strong>alia</strong></span> <span class='ocrx_word' id='word_1_456' title='bbox 2422 2389 2565 2444; x_wconf 88' lang='lat' dir='ltr'><strong>tribu</strong></span> <span class='ocrx_word' id='word_1_457' title='bbox 2593 2390 2831 2460; x_wconf 87' lang='lat' dir='ltr'><strong>Samuel,</strong></span> <span class='ocrx_word' id='word_1_458' title='bbox 2858 2410 3021 2464; x_wconf 85' lang='lat' dir='ltr'><strong>quam</strong></span> <span class='ocrx_word' id='word_1_459' title='bbox 3043 2410 3164 2466; x_wconf 59' lang='lat' dir='ltr'><strong>quae</strong></span> <span class='ocrx_word' id='word_1_460' title='bbox 3190 2398 3485 2454; x_wconf 87' lang='lat' dir='ltr'><strong>constituta</strong></span> <span class='ocrx_word' id='word_1_461' title='bbox 3499 2399 3617 2456; x_wconf 81' lang='lat' dir='ltr'><strong>fue-</strong></span> 
     </span>
    </p>
   </div>
   <div class='ocr_carea' id='block_1_58' title="bbox 2034 2475 3617 2551">
    <p class='ocr_par' dir='ltr' id='par_1_58' title="bbox 2034 2475 3617 2551">
     <span class='ocr_line' id='line_1_58' title="bbox 2034 2475 3617 2551; baseline 0.011 -23"><span class='ocrx_word' id='word_1_462' title='bbox 2034 2482 2121 2529; x_wconf 90' lang='lat' dir='ltr'><strong>rat</strong></span> <span class='ocrx_word' id='word_1_463' title='bbox 2147 2490 2178 2529; x_wconf 90' lang='lat' dir='ltr'><strong>a</strong></span> <span class='ocrx_word' id='word_1_464' title='bbox 2214 2475 2461 2544; x_wconf 89' lang='lat' dir='ltr'><strong>Domino,</strong></span> <span class='ocrx_word' id='word_1_465' title='bbox 2497 2488 2556 2533; x_wconf 92' lang='lat' dir='ltr'><strong>ut</strong></span> <span class='ocrx_word' id='word_1_466' title='bbox 2584 2482 2815 2537; x_wconf 74' lang='lat' dir='ltr'><strong>sewiret</strong></span> <span class='ocrx_word' id='word_1_467' title='bbox 2840 2483 3020 2551; x_wconf 88' lang='lat' dir='ltr'><strong>altari,</strong></span> <span class='ocrx_word' id='word_1_468' title='bbox 3047 2493 3228 2541; x_wconf 90' lang='lat' dir='ltr'><strong>tamen</strong></span> <span class='ocrx_word' id='word_1_469' title='bbox 3255 2501 3363 2543; x_wconf 90' lang='lat' dir='ltr'><strong>non</strong></span> <span class='ocrx_word' id='word_1_470' title='bbox 3389 2496 3510 2543; x_wconf 88' lang='lat' dir='ltr'><strong>erat</strong></span> <span class='ocrx_word' id='word_1_471' title='bbox 3547 2490 3617 2547; x_wconf 87' lang='lat' dir='ltr'><strong>de</strong></span> 
     </span>
    </p>
   </div>
   <div class='ocr_carea' id='block_1_59' title="bbox 2028 2564 3614 2647">
    <p class='ocr_par' dir='ltr' id='par_1_59' title="bbox 2028 2564 3614 2647">
     <span class='ocr_line' id='line_1_59' title="bbox 2028 2564 3614 2647; baseline 0.01 -28"><span class='ocrx_word' id='word_1_472' title='bbox 2028 2565 2156 2622; x_wconf 91' lang='lat' dir='ltr'><strong>ﬁliis</strong></span> <span class='ocrx_word' id='word_1_473' title='bbox 2179 2564 2382 2633; x_wconf 86' lang='lat' dir='ltr'><strong>Aaron,</strong></span> <span class='ocrx_word' id='word_1_474' title='bbox 2410 2568 2567 2638; x_wconf 90' lang='lat' dir='ltr'><strong>cujus</strong></span> <span class='ocrx_word' id='word_1_475' title='bbox 2601 2574 3113 2643; x_wconf 16' lang='lat' dir='ltr'><strong>progeniestfuerat</strong></span> <span class='ocrx_word' id='word_1_476' title='bbox 3144 2576 3425 2647; x_wconf 88' lang='lat' dir='ltr'><strong>deputata,</strong></span> <span class='ocrx_word' id='word_1_477' title='bbox 3468 2579 3614 2636; x_wconf 88' lang='lat' dir='ltr'><strong>unde</strong></span> 
     </span>
    </p>
   </div>
   <div class='ocr_carea' id='block_1_60' title="bbox 2028 2657 3613 2755">
    <p class='ocr_par' dir='ltr' id='par_1_60' title="bbox 2028 2657 3613 2755">
     <span class='ocr_line' id='line_1_60' title="bbox 2028 2657 3613 2755; baseline 0.009 -43"><span class='ocrx_word' id='word_1_478' title='bbox 2028 2657 2223 2714; x_wconf 86' lang='lat' dir='ltr'><strong>ﬁerent</strong></span> <span class='ocrx_word' id='word_1_479' title='bbox 2247 2661 2579 2718; x_wconf 77' lang='lat' dir='ltr'><strong>sacerdotes.</strong></span> <span class='ocrx_word' id='word_1_480' title='bbox 2607 2663 2685 2719; x_wconf 88' lang='lat' dir='ltr'><strong>Ac</strong></span> <span class='ocrx_word' id='word_1_481' title='bbox 2713 2679 2809 2735; x_wconf 90' lang='lat' dir='ltr'><strong>per</strong></span> <span class='ocrx_word' id='word_1_482' title='bbox 2835 2667 2939 2722; x_wconf 92' lang='lat' dir='ltr'><strong>hoc</strong></span> <span class='ocrx_word' id='word_1_483' title='bbox 2967 2667 3024 2722; x_wconf 91' lang='lat' dir='ltr'><strong>in</strong></span> <span class='ocrx_word' id='word_1_484' title='bbox 3043 2683 3107 2724; x_wconf 91' lang='lat' dir='ltr'><strong>ea</strong></span> <span class='ocrx_word' id='word_1_485' title='bbox 3141 2684 3356 2741; x_wconf 89' lang='lat' dir='ltr'><strong>quoque</strong></span> <span class='ocrx_word' id='word_1_486' title='bbox 3406 2686 3469 2727; x_wconf 92' lang='lat' dir='ltr'><strong>re</strong></span> <span class='ocrx_word' id='word_1_487' title='bbox 3519 2687 3613 2755; x_wconf 67' lang='lat' dir='ltr'><strong>ge:</strong></span> 
     </span>
    </p>
   </div>
   <div class='ocr_carea' id='block_1_61' title="bbox 2026 2753 3612 2828">
    <p class='ocr_par' dir='ltr' id='par_1_61' title="bbox 2026 2753 3612 2828">
     <span class='ocr_line' id='line_1_61' title="bbox 2026 2753 3612 2828; baseline 0.009 -24"><span class='ocrx_word' id='word_1_488' title='bbox 2026 2758 2111 2805; x_wconf 91' lang='lat' dir='ltr'><strong>sta</strong></span> <span class='ocrx_word' id='word_1_489' title='bbox 2140 2753 2332 2806; x_wconf 91' lang='lat' dir='ltr'><strong>eadem</strong></span> <span class='ocrx_word' id='word_1_490' title='bbox 2372 2754 2621 2821; x_wconf 85' lang='lat' dir='ltr'><strong>mutatio,</strong></span> <span class='ocrx_word' id='word_1_491' title='bbox 2649 2770 2769 2825; x_wconf 67' lang='lat' dir='ltr'><strong>qua:</strong></span> <span class='ocrx_word' id='word_1_492' title='bbox 2801 2771 2902 2828; x_wconf 91' lang='lat' dir='ltr'><strong>per</strong></span> <span class='ocrx_word' id='word_1_493' title='bbox 2924 2758 3200 2816; x_wconf 90' lang='lat' dir='ltr'><strong>Christum</strong></span> <span class='ocrx_word' id='word_1_494' title='bbox 3220 2761 3409 2817; x_wconf 84' lang='lat' dir='ltr'><strong>Jesum</strong></span> <span class='ocrx_word' id='word_1_495' title='bbox 3431 2753 3612 2819; x_wconf 77' lang='lat' dir='ltr'><strong>futura</strong></span> 
     </span>
    </p>
   </div>
   <div class='ocr_carea' id='block_1_62' title="bbox 2026 2840 3613 2924">
    <p class='ocr_par' dir='ltr' id='par_1_62' title="bbox 2026 2840 3613 2924">
     <span class='ocr_line' id='line_1_62' title="bbox 2026 2840 3613 2924; baseline 0.01 -29"><span class='ocrx_word' id='word_1_496' title='bbox 2026 2840 2052 2895; x_wconf 81' lang='lat' dir='ltr'><strong>f</strong></span> <span class='ocrx_word' id='word_1_497' title='bbox 2051 2849 2224 2908; x_wconf 89' lang='lat' dir='ltr'><strong>uerat,</strong></span> <span class='ocrx_word' id='word_1_498' title='bbox 2246 2843 2566 2900; x_wconf 86' lang='lat' dir='ltr'><strong>adumbrata</strong></span> <span class='ocrx_word' id='word_1_499' title='bbox 2586 2855 2672 2902; x_wconf 90' lang='lat' dir='ltr'><strong>est</strong></span> <span class='ocrx_word' id='word_1_500' title='bbox 2694 2861 2709 2901; x_wconf 88' lang='lat'><strong>:</strong></span> <span class='ocrx_word' id='word_1_501' title='bbox 2732 2856 2785 2905; x_wconf 90' lang='lat' dir='ltr'><strong>et</strong></span> <span class='ocrx_word' id='word_1_502' title='bbox 2812 2849 2880 2904; x_wconf 89' lang='lat' dir='ltr'><strong>ad</strong></span> <span class='ocrx_word' id='word_1_503' title='bbox 2905 2858 3061 2906; x_wconf 91' lang='lat' dir='ltr'><strong>vetus</strong></span> <span class='ocrx_word' id='word_1_504' title='bbox 3084 2859 3468 2909; x_wconf 89' lang='lat' dir='ltr'><strong>testamentum</strong></span> <span class='ocrx_word' id='word_1_505' title='bbox 3484 2869 3613 2924; x_wconf 83' lang='lat' dir='ltr'><strong>pro-</strong></span> 
     </span>
    </p>
   </div>
   <div class='ocr_carea' id='block_1_63' title="bbox 2025 2930 3611 3013">
    <p class='ocr_par' dir='ltr' id='par_1_63' title="bbox 2025 2930 3611 3013">
     <span class='ocr_line' id='line_1_63' title="bbox 2025 2930 3611 3013; baseline 0.011 -31"><span class='ocrx_word' id='word_1_506' title='bbox 2025 2930 2164 2999; x_wconf 82' lang='lat' dir='ltr'><strong>prie,</strong></span> <span class='ocrx_word' id='word_1_507' title='bbox 2196 2930 2423 3001; x_wconf 90' lang='lat' dir='ltr'><strong>ﬁgurate</strong></span> <span class='ocrx_word' id='word_1_508' title='bbox 2453 2948 2582 2990; x_wconf 91' lang='lat' dir='ltr'><strong>vero</strong></span> <span class='ocrx_word' id='word_1_509' title='bbox 2604 2936 2916 3007; x_wconf 87' lang='lat' dir='ltr'><strong>pertinebat</strong></span> <span class='ocrx_word' id='word_1_510' title='bbox 2951 2939 3019 2995; x_wconf 90' lang='lat' dir='ltr'><strong>ad</strong></span> <span class='ocrx_word' id='word_1_511' title='bbox 3055 2955 3254 2995; x_wconf 88' lang='lat' dir='ltr'><strong>novum</strong></span> <span class='ocrx_word' id='word_1_512' title='bbox 3281 2959 3295 2996; x_wconf 90' lang='lat'><strong>:</strong></span> <span class='ocrx_word' id='word_1_513' title='bbox 3328 2944 3611 3013; x_wconf 90' lang='lat' dir='ltr'><strong>prophetia</strong></span> 
     </span>
    </p>
   </div>
   <div class='ocr_carea' id='block_1_64' title="bbox 336 3008 3609 3108">
    <p class='ocr_par' dir='ltr' id='par_1_64' title="bbox 336 3008 3609 3108">
     <span class='ocr_line' id='line_1_64' title="bbox 336 3008 3609 3108; baseline 0.011 -55"><span class='ocrx_word' id='word_1_514' title='bbox 336 3015 719 3072; x_wconf 61' lang='lat' dir='ltr'><strong>madversione</strong></span> <span class='ocrx_word' id='word_1_515' title='bbox 735 3018 1007 3088; x_wconf 64' lang='grc' dir='ltr'><strong>ριεριεδει</strong></span> <span class='ocrx_word' id='word_1_516' title='bbox 1034 3032 1079 3074; x_wconf 74' lang='grc' dir='ltr'><strong>ε,</strong></span> <span class='ocrx_word' id='word_1_517' title='bbox 1105 3021 1172 3077; x_wconf 53' lang='lat' dir='ltr'><strong>Et</strong></span> <span class='ocrx_word' id='word_1_518' title='bbox 1192 3024 1409 3092; x_wconf 70' lang='lat' dir='ltr'><strong>quidem</strong></span> <span class='ocrx_word' id='word_1_519' title='bbox 1432 3029 1694 3096; x_wconf 51' lang='lat' dir='ltr'><strong>coercuit,</strong></span> <span class='ocrx_word' id='word_1_520' title='bbox 1730 3038 1785 3086; x_wconf 72' lang='grc' dir='ltr'><strong>ει</strong></span> <span class='ocrx_word' id='word_1_521' title='bbox 1809 3033 1923 3103; x_wconf 74' lang='lat' dir='ltr'><strong>qui-</strong></span> <span class='ocrx_word' id='word_1_522' title='bbox 1948 3008 1993 3072; x_wconf 89' lang='lat' dir='ltr'><strong>C</strong></span> <span class='ocrx_word' id='word_1_523' title='bbox 2022 3019 2153 3076; x_wconf 78' lang='lat' dir='ltr'><strong>facti</strong></span> <span class='ocrx_word' id='word_1_524' title='bbox 2177 3023 2340 3078; x_wconf 86' lang='lat' dir='ltr'><strong>etiam</strong></span> <span class='ocrx_word' id='word_1_525' title='bbox 2371 3024 2504 3095; x_wconf 90' lang='lat' dir='ltr'><strong>ipsa,</strong></span> <span class='ocrx_word' id='word_1_526' title='bbox 2533 3042 2641 3083; x_wconf 91' lang='lat' dir='ltr'><strong>non</strong></span> <span class='ocrx_word' id='word_1_527' title='bbox 2670 3028 2853 3095; x_wconf 87' lang='lat' dir='ltr'><strong>verbi;</strong></span> <span class='ocrx_word' id='word_1_528' title='bbox 2908 3031 2961 3087; x_wconf 92' lang='lat' dir='ltr'><strong>id</strong></span> <span class='ocrx_word' id='word_1_529' title='bbox 2987 3032 3198 3088; x_wconf 88' lang='lat' dir='ltr'><strong>scilicet</strong></span> <span class='ocrx_word' id='word_1_530' title='bbox 3221 3032 3367 3089; x_wconf 79' lang='lat' dir='ltr'><strong>facto</strong></span> <span class='ocrx_word' id='word_1_531' title='bbox 3397 3034 3609 3108; x_wconf 83' lang='lat' dir='ltr'><strong>signiﬁ-</strong></span> 
     </span>
    </p>
   </div>
   <div class='ocr_carea' id='block_1_65' title="bbox 334 3104 1918 3191">
    <p class='ocr_par' dir='ltr' id='par_1_65' title="bbox 334 3104 1918 3191">
     <span class='ocr_line' id='line_1_65' title="bbox 334 3104 1918 3191; baseline 0.013 -33"><span class='ocrx_word' id='word_1_532' title='bbox 334 3104 461 3160; x_wconf 90' lang='lat' dir='ltr'><strong>dem</strong></span> <span class='ocrx_word' id='word_1_533' title='bbox 486 3106 770 3176; x_wconf 90' lang='lat' dir='ltr'><strong>corripuit,</strong></span> <span class='ocrx_word' id='word_1_534' title='bbox 800 3109 895 3163; x_wconf 93' lang='lat' dir='ltr'><strong>sed</strong></span> <span class='ocrx_word' id='word_1_535' title='bbox 916 3108 1157 3178; x_wconf 87' lang='lat' dir='ltr'><strong>lenitate,</strong></span> <span class='ocrx_word' id='word_1_536' title='bbox 1192 3123 1248 3169; x_wconf 89' lang='lat' dir='ltr'><strong>et</strong></span> <span class='ocrx_word' id='word_1_537' title='bbox 1272 3118 1685 3175; x_wconf 87' lang='lat' dir='ltr'><strong>mansuetudine</strong></span> <span class='ocrx_word' id='word_1_538' title='bbox 1721 3123 1918 3191; x_wconf 89' lang='lat' dir='ltr'><strong>patris,</strong></span> 
     </span>
    </p>
   </div>
   <div class='ocr_carea' id='block_1_66' title="bbox 331 3198 1920 3278">
    <p class='ocr_par' dir='ltr' id='par_1_66' title="bbox 331 3198 1920 3278">
     <span class='ocr_line' id='line_1_66' title="bbox 331 3198 1920 3278; baseline 0.011 -29"><span class='ocrx_word' id='word_1_539' title='bbox 331 3210 441 3250; x_wconf 92' lang='lat' dir='ltr'><strong>non</strong></span> <span class='ocrx_word' id='word_1_540' title='bbox 490 3198 810 3264; x_wconf 88' lang='lat' dir='ltr'><strong>severitate,</strong></span> <span class='ocrx_word' id='word_1_541' title='bbox 849 3206 905 3254; x_wconf 89' lang='lat' dir='ltr'><strong>et</strong></span> <span class='ocrx_word' id='word_1_542' title='bbox 948 3203 1273 3261; x_wconf 89' lang='lat' dir='ltr'><strong>auctoritate</strong></span> <span class='ocrx_word' id='word_1_543' title='bbox 1315 3207 1605 3276; x_wconf 87' lang='lat' dir='ltr'><strong>pontiﬁcis.</strong></span> <span class='ocrx_word' id='word_1_544' title='bbox 1638 3209 1753 3278; x_wconf 85' lang='lat' dir='ltr'><strong>Qua</strong></span> <span class='ocrx_word' id='word_1_545' title='bbox 1800 3228 1920 3271; x_wconf 90' lang='lat' dir='ltr'><strong>sen-</strong></span> 
     </span>
    </p>
   </div>
   <div class='ocr_carea' id='block_1_67' title="bbox 329 3290 1918 3371">
    <p class='ocr_par' dir='ltr' id='par_1_67' title="bbox 329 3290 1918 3371">
     <span class='ocr_line' id='line_1_67' title="bbox 329 3290 1918 3371; baseline 0.01 -26"><span class='ocrx_word' id='word_1_546' title='bbox 329 3290 510 3345; x_wconf 86' lang='lat' dir='ltr'><strong>tentia</strong></span> <span class='ocrx_word' id='word_1_547' title='bbox 547 3291 756 3347; x_wconf 88' lang='lat' dir='ltr'><strong>discant</strong></span> <span class='ocrx_word' id='word_1_548' title='bbox 780 3295 1089 3351; x_wconf 91' lang='lat' dir='ltr'><strong>sacerdotes</strong></span> <span class='ocrx_word' id='word_1_549' title='bbox 1126 3299 1398 3366; x_wconf 90' lang='lat' dir='ltr'><strong>quomodo</strong></span> <span class='ocrx_word' id='word_1_550' title='bbox 1436 3309 1660 3371; x_wconf 86' lang='lat' dir='ltr'><strong>propter</strong></span> <span class='ocrx_word' id='word_1_551' title='bbox 1685 3303 1918 3362; x_wconf 89' lang='lat' dir='ltr'><strong>ﬁliorum</strong></span> 
     </span>
    </p>
   </div>
   <div class='ocr_carea' id='block_1_68' title="bbox 328 3378 1917 3461">
    <p class='ocr_par' dir='ltr' id='par_1_68' title="bbox 328 3378 1917 3461">
     <span class='ocr_line' id='line_1_68' title="bbox 328 3378 1917 3461; baseline 0.011 -29"><span class='ocrx_word' id='word_1_552' title='bbox 328 3379 528 3445; x_wconf 87' lang='lat' dir='ltr'><strong>vitam,</strong></span> <span class='ocrx_word' id='word_1_553' title='bbox 579 3378 654 3452; x_wconf 91' lang='lat' dir='ltr'><strong>(id</strong></span> <span class='ocrx_word' id='word_1_554' title='bbox 676 3389 759 3435; x_wconf 88' lang='lat' dir='ltr'><strong>est</strong></span> <span class='ocrx_word' id='word_1_555' title='bbox 786 3391 1009 3454; x_wconf 89' lang='lat' dir='ltr'><strong>propter</strong></span> <span class='ocrx_word' id='word_1_556' title='bbox 1058 3385 1264 3440; x_wconf 89' lang='lat' dir='ltr'><strong>scelera</strong></span> <span class='ocrx_word' id='word_1_557' title='bbox 1322 3389 1525 3461; x_wconf 90' lang='lat' dir='ltr'><strong>populi)</strong></span> <span class='ocrx_word' id='word_1_558' title='bbox 1576 3392 1917 3461; x_wconf 88' lang='lat' dir='ltr'><strong>puniantur:</strong></span> 
     </span>
    </p>
   </div>
   <div class='ocr_carea' id='block_1_69' title="bbox 327 3469 1917 3549">
    <p class='ocr_par' dir='ltr' id='par_1_69' title="bbox 327 3469 1917 3549">
     <span class='ocr_line' id='line_1_69' title="bbox 327 3469 1917 3549; baseline 0.013 -27"><span class='ocrx_word' id='word_1_559' title='bbox 327 3469 541 3541; x_wconf 89' lang='lat' dir='ltr'><strong>quique</strong></span> <span class='ocrx_word' id='word_1_560' title='bbox 560 3470 745 3538; x_wconf 88' lang='lat' dir='ltr'><strong>etiam,</strong></span> <span class='ocrx_word' id='word_1_561' title='bbox 772 3473 1018 3541; x_wconf 88' lang='lat' dir='ltr'><strong>quamvis</strong></span> <span class='ocrx_word' id='word_1_562' title='bbox 1043 3476 1214 3530; x_wconf 91' lang='lat' dir='ltr'><strong>sancti</strong></span> <span class='ocrx_word' id='word_1_563' title='bbox 1237 3476 1367 3544; x_wconf 90' lang='lat' dir='ltr'><strong>sint,</strong></span> <span class='ocrx_word' id='word_1_564' title='bbox 1400 3479 1556 3549; x_wconf 91' lang='lat' dir='ltr'><strong>culpa</strong></span> <span class='ocrx_word' id='word_1_565' title='bbox 1580 3493 1758 3539; x_wconf 84' lang='lat' dir='ltr'><strong>tamen</strong></span> <span class='ocrx_word' id='word_1_566' title='bbox 1786 3486 1917 3542; x_wconf 80' lang='lat' dir='ltr'><strong>sub-</strong></span> 
     </span>
    </p>
   </div>
   <div class='ocr_carea' id='block_1_70' title="bbox 327 3559 1913 3646">
    <p class='ocr_par' dir='ltr' id='par_1_70' title="bbox 327 3559 1913 3646">
     <span class='ocr_line' id='line_1_70' title="bbox 327 3559 1913 3646; baseline 0.01 -33"><span class='ocrx_word' id='word_1_567' title='bbox 327 3559 598 3624; x_wconf 88' lang='lat' dir='ltr'><strong>ditorum,</strong></span> <span class='ocrx_word' id='word_1_568' title='bbox 627 3559 856 3630; x_wconf 89' lang='lat' dir='ltr'><strong>eisdem,</strong></span> <span class='ocrx_word' id='word_1_569' title='bbox 886 3562 934 3618; x_wconf 92' lang='lat' dir='ltr'><strong>si</strong></span> <span class='ocrx_word' id='word_1_570' title='bbox 976 3579 1083 3619; x_wconf 87' lang='lat' dir='ltr'><strong>non</strong></span> <span class='ocrx_word' id='word_1_571' title='bbox 1105 3575 1415 3632; x_wconf 88' lang='lat' dir='ltr'><strong>coerceant,</strong></span> <span class='ocrx_word' id='word_1_572' title='bbox 1448 3578 1733 3640; x_wconf 87' lang='lat' dir='ltr'><strong>reputatur</strong></span> <span class='ocrx_word' id='word_1_573' title='bbox 1758 3573 1913 3646; x_wconf 86' lang='lat' dir='ltr'><strong>(Cap.</strong></span> 
     </span>
    </p>
   </div>
   <div class='ocr_carea' id='block_1_71' title="bbox 327 3646 722 3704">
    <p class='ocr_par' dir='ltr' id='par_1_71' title="bbox 327 3646 722 3704">
     <span class='ocr_line' id='line_1_71' title="bbox 327 3646 722 3704; baseline 0.01 -4"><span class='ocrx_word' id='word_1_574' title='bbox 327 3646 381 3702; x_wconf 89' lang='lat'><strong>2.</strong></span> <span class='ocrx_word' id='word_1_575' title='bbox 406 3665 455 3703; x_wconf 75' lang='lat' dir='ltr'><strong>s.</strong></span> <span class='ocrx_word' id='word_1_576' title='bbox 491 3647 586 3701; x_wconf 90' lang='lat'><strong>27.</strong></span> <span class='ocrx_word' id='word_1_577' title='bbox 616 3657 722 3704; x_wconf 90' lang='lat' dir='ltr'><strong>etc.</strong></span> 
     </span>
    </p>
   </div>
   <div class='ocr_carea' id='block_1_72' title="bbox 402 3738 1911 3818">
    <p class='ocr_par' dir='ltr' id='par_1_72' title="bbox 402 3738 1911 3818">
     <span class='ocr_line' id='line_1_72' title="bbox 402 3738 1911 3818; baseline 0.011 -26"><span class='ocrx_word' id='word_1_578' title='bbox 402 3757 422 3791; x_wconf 73' lang='grc' dir='ltr'>ι</span> <span class='ocrx_word' id='word_1_579' title='bbox 473 3738 588 3795; x_wconf 86' lang='lat' dir='ltr'><strong>Sed</strong></span> <span class='ocrx_word' id='word_1_580' title='bbox 609 3741 712 3797; x_wconf 89' lang='lat' dir='ltr'><strong>hoc</strong></span> <span class='ocrx_word' id='word_1_581' title='bbox 736 3740 763 3782; x_wconf 75' lang='grc' dir='ltr'><strong>ιι</strong></span> <span class='ocrx_word' id='word_1_582' title='bbox 788 3742 1092 3801; x_wconf 87' lang='lat' dir='ltr'><strong>evidentius</strong></span> <span class='ocrx_word' id='word_1_583' title='bbox 1115 3746 1185 3802; x_wconf 90' lang='lat' dir='ltr'><strong>ad</strong></span> <span class='ocrx_word' id='word_1_584' title='bbox 1213 3746 1391 3818; x_wconf 90' lang='lat' dir='ltr'><strong>ipsum</strong></span> <span class='ocrx_word' id='word_1_585' title='bbox 1416 3746 1533 3804; x_wconf 83' lang='lat' dir='ltr'><strong>Heli</strong></span> <span class='ocrx_word' id='word_1_586' title='bbox 1572 3751 1911 3809; x_wconf 78' lang='lat' dir='ltr'><strong>sacerdotem</strong></span> 
     </span>
    </p>
   </div>
   <div class='ocr_carea' id='block_1_73' title="bbox 328 3829 1915 3912">
    <p class='ocr_par' dir='ltr' id='par_1_73' title="bbox 328 3829 1915 3912">
     <span class='ocr_line' id='line_1_73' title="bbox 328 3829 1915 3912; baseline 0.01 -29"><span class='ocrx_word' id='word_1_587' title='bbox 328 3829 539 3887; x_wconf 86' lang='lat' dir='ltr'><strong>missus</strong></span> <span class='ocrx_word' id='word_1_588' title='bbox 580 3831 820 3903; x_wconf 88' lang='lat' dir='ltr'><strong>loquitur</strong></span> <span class='ocrx_word' id='word_1_589' title='bbox 862 3837 1027 3893; x_wconf 87' lang='lat' dir='ltr'><strong>homo</strong></span> <span class='ocrx_word' id='word_1_590' title='bbox 1079 3838 1199 3904; x_wconf 90' lang='lat' dir='ltr'><strong>Dei,</strong></span> <span class='ocrx_word' id='word_1_591' title='bbox 1254 3838 1408 3909; x_wconf 87' lang='lat' dir='ltr'><strong>cujus</strong></span> <span class='ocrx_word' id='word_1_592' title='bbox 1454 3841 1672 3912; x_wconf 90' lang='lat' dir='ltr'><strong>quidem</strong></span> <span class='ocrx_word' id='word_1_593' title='bbox 1720 3858 1915 3899; x_wconf 88' lang='lat' dir='ltr'><strong>nomen</strong></span> 
     </span>
    </p>
   </div>
   <div class='ocr_carea' id='block_1_74' title="bbox 329 3923 1913 4002">
    <p class='ocr_par' dir='ltr' id='par_1_74' title="bbox 329 3923 1913 4002">
     <span class='ocr_line' id='line_1_74' title="bbox 329 3923 1913 4002; baseline 0.01 -29"><span class='ocrx_word' id='word_1_594' title='bbox 329 3927 570 3986; x_wconf 84' lang='lat' dir='ltr'><strong>tacetur,</strong></span> <span class='ocrx_word' id='word_1_595' title='bbox 610 3923 704 3978; x_wconf 92' lang='lat' dir='ltr'><strong>sed</strong></span> <span class='ocrx_word' id='word_1_596' title='bbox 734 3924 1052 3997; x_wconf 75' lang='lat' dir='ltr'><strong>intelligitur</strong></span> <span class='ocrx_word' id='word_1_597' title='bbox 1096 3927 1295 3996; x_wconf 83' lang='lat' dir='ltr'><strong>ollicio,</strong></span> <span class='ocrx_word' id='word_1_598' title='bbox 1344 3930 1757 4002; x_wconf 88' lang='lat' dir='ltr'><strong>ministerioque</strong></span> <span class='ocrx_word' id='word_1_599' title='bbox 1795 3947 1913 4000; x_wconf 90' lang='lat' dir='ltr'><strong>suo,</strong></span> 
     </span>
    </p>
   </div>
   <div class='ocr_carea' id='block_1_75' title="bbox 327 4011 1915 4098">
    <p class='ocr_par' dir='ltr' id='par_1_75' title="bbox 327 4011 1915 4098">
     <span class='ocr_line' id='line_1_75' title="bbox 327 4011 1915 4098; baseline 0.011 -34"><span class='ocrx_word' id='word_1_600' title='bbox 327 4011 445 4068; x_wconf 89' lang='lat' dir='ltr'><strong>sine</strong></span> <span class='ocrx_word' id='word_1_601' title='bbox 470 4012 813 4072; x_wconf 83' lang='lat' dir='ltr'><strong>dubitatione</strong></span> <span class='ocrx_word' id='word_1_602' title='bbox 854 4032 976 4075; x_wconf 90' lang='lat' dir='ltr'><strong>esse</strong></span> <span class='ocrx_word' id='word_1_603' title='bbox 1004 4020 1268 4091; x_wconf 87' lang='lat' dir='ltr'><strong>propheta</strong></span> <span class='ocrx_word' id='word_1_604' title='bbox 1304 4039 1318 4076; x_wconf 90' lang='lat'>:</span> <span class='ocrx_word' id='word_1_605' title='bbox 1352 4021 1443 4079; x_wconf 89' lang='lat' dir='ltr'><strong>Sic</strong></span> <span class='ocrx_word' id='word_1_606' title='bbox 1483 4025 1627 4079; x_wconf 89' lang='lat' dir='ltr'><strong>enim</strong></span> <span class='ocrx_word' id='word_1_607' title='bbox 1654 4026 1915 4098; x_wconf 89' lang='lat' dir='ltr'><strong>scriptum</strong></span> 
     </span>
    </p>
   </div>
   <div class='ocr_carea' id='block_1_76' title="bbox 327 4102 1915 4181">
    <p class='ocr_par' dir='ltr' id='par_1_76' title="bbox 327 4102 1915 4181">
     <span class='ocr_line' id='line_1_76' title="bbox 327 4102 1915 4181; baseline 0.01 -24"><span class='ocrx_word' id='word_1_608' title='bbox 327 4112 408 4157; x_wconf 83' lang='lat' dir='ltr'><strong>est</strong></span> <span class='ocrx_word' id='word_1_609' title='bbox 448 4115 476 4144; x_wconf 75' lang='grc' dir='ltr'><strong>ο</strong></span> <span class='ocrx_word' id='word_1_610' title='bbox 500 4116 517 4153; x_wconf 91' lang='lat'><strong>:</strong></span> <span class='ocrx_word' id='word_1_611' title='bbox 544 4102 689 4159; x_wconf 80' lang='lat' dir='ltr'><strong>Venit</strong></span> <span class='ocrx_word' id='word_1_612' title='bbox 714 4117 889 4162; x_wconf 83' lang='lat' dir='ltr'><strong>autem</strong></span> <span class='ocrx_word' id='word_1_613' title='bbox 921 4109 1003 4163; x_wconf 76' lang='lat' dir='ltr'><strong>vir</strong></span> <span class='ocrx_word' id='word_1_614' title='bbox 1033 4109 1131 4164; x_wconf 86' lang='lat' dir='ltr'><strong>Dei</strong></span> <span class='ocrx_word' id='word_1_615' title='bbox 1153 4111 1223 4165; x_wconf 89' lang='lat' dir='ltr'><strong>ad</strong></span> <span class='ocrx_word' id='word_1_616' title='bbox 1264 4111 1408 4181; x_wconf 86' lang='lat' dir='ltr'><strong>Heli,</strong></span> <span class='ocrx_word' id='word_1_617' title='bbox 1445 4127 1496 4169; x_wconf 89' lang='lat' dir='ltr'><strong>et</strong></span> <span class='ocrx_word' id='word_1_618' title='bbox 1523 4115 1598 4169; x_wconf 88' lang='lat' dir='ltr'><strong>ait</strong></span> <span class='ocrx_word' id='word_1_619' title='bbox 1640 4116 1712 4171; x_wconf 88' lang='lat' dir='ltr'><strong>ad</strong></span> <span class='ocrx_word' id='word_1_620' title='bbox 1734 4133 1853 4172; x_wconf 83' lang='lat' dir='ltr'><strong>eum</strong></span> <span class='ocrx_word' id='word_1_621' title='bbox 1896 4133 1915 4172; x_wconf 91' lang='lat'><strong><em>:</em></strong></span> 
     </span>
    </p>
   </div>
   <div class='ocr_carea' id='block_1_77' title="bbox 329 4194 1914 4276">
    <p class='ocr_par' dir='ltr' id='par_1_77' title="bbox 329 4194 1914 4276">
     <span class='ocr_line' id='line_1_77' title="bbox 329 4194 1914 4276; baseline 0.01 -29"><span class='ocrx_word' id='word_1_622' title='bbox 329 4195 437 4249; x_wconf 81' lang='lat' dir='ltr'><strong>lucc</strong></span> <span class='ocrx_word' id='word_1_623' title='bbox 481 4194 615 4250; x_wconf 82' lang='lat' dir='ltr'><strong>dicit</strong></span> <span class='ocrx_word' id='word_1_624' title='bbox 659 4195 935 4254; x_wconf 85' lang='lat' dir='ltr'><strong>Dominus.</strong></span> <span class='ocrx_word' id='word_1_625' title='bbox 988 4198 1246 4273; x_wconf 83' lang='lat' dir='ltr'><strong>Nunquid</strong></span> <span class='ocrx_word' id='word_1_626' title='bbox 1284 4220 1389 4259; x_wconf 93' lang='lat' dir='ltr'><strong>non</strong></span> <span class='ocrx_word' id='word_1_627' title='bbox 1436 4215 1613 4276; x_wconf 85' lang='lat' dir='ltr'><strong>aperte</strong></span> <span class='ocrx_word' id='word_1_628' title='bbox 1659 4206 1914 4263; x_wconf 77' lang='lat' dir='ltr'><strong>revelatus</strong></span> 
     </span>
    </p>
   </div>
   <div class='ocr_carea' id='block_1_78' title="bbox 328 4288 1914 4369">
    <p class='ocr_par' dir='ltr' id='par_1_78' title="bbox 328 4288 1914 4369">
     <span class='ocr_line' id='line_1_78' title="bbox 328 4288 1914 4369; baseline 0.01 -29"><span class='ocrx_word' id='word_1_629' title='bbox 328 4302 441 4341; x_wconf 72' lang='lat' dir='ltr'><strong>sum</strong></span> <span class='ocrx_word' id='word_1_630' title='bbox 464 4288 655 4343; x_wconf 83' lang='lat' dir='ltr'><strong>domui</strong></span> <span class='ocrx_word' id='word_1_631' title='bbox 677 4292 842 4361; x_wconf 89' lang='lat' dir='ltr'><strong>patris</strong></span> <span class='ocrx_word' id='word_1_632' title='bbox 873 4293 970 4359; x_wconf 88' lang='lat' dir='ltr'><strong>tui,</strong></span> <span class='ocrx_word' id='word_1_633' title='bbox 1000 4309 1119 4347; x_wconf 82' lang='lat' dir='ltr'><strong>cum</strong></span> <span class='ocrx_word' id='word_1_634' title='bbox 1148 4306 1278 4350; x_wconf 88' lang='lat' dir='ltr'><strong>esset</strong></span> <span class='ocrx_word' id='word_1_635' title='bbox 1307 4298 1363 4351; x_wconf 88' lang='lat' dir='ltr'><strong>in</strong></span> <span class='ocrx_word' id='word_1_636' title='bbox 1390 4297 1623 4369; x_wconf 61' lang='lat' dir='ltr'><strong>Egypto</strong></span> <span class='ocrx_word' id='word_1_637' title='bbox 1674 4300 1731 4354; x_wconf 90' lang='lat' dir='ltr'><strong>in</strong></span> <span class='ocrx_word' id='word_1_638' title='bbox 1758 4300 1914 4356; x_wconf 90' lang='lat' dir='ltr'><strong>domo</strong></span> 
     </span>
    </p>
   </div>
   <div class='ocr_carea' id='block_1_79' title="bbox 2021 3116 3611 3197">
    <p class='ocr_par' dir='ltr' id='par_1_79' title="bbox 2021 3116 3611 3197">
     <span class='ocr_line' id='line_1_79' title="bbox 2021 3116 3611 3197; baseline 0.011 -31"><span class='ocrx_word' id='word_1_639' title='bbox 2021 3127 2169 3176; x_wconf 90' lang='lat' dir='ltr'><strong>cans,</strong></span> <span class='ocrx_word' id='word_1_640' title='bbox 2196 3116 2341 3183; x_wconf 91' lang='lat' dir='ltr'><strong>quod</strong></span> <span class='ocrx_word' id='word_1_641' title='bbox 2362 3118 2528 3173; x_wconf 82' lang='lat' dir='ltr'><strong>verbo</strong></span> <span class='ocrx_word' id='word_1_642' title='bbox 2565 3120 2633 3174; x_wconf 92' lang='lat' dir='ltr'><strong>ad</strong></span> <span class='ocrx_word' id='word_1_643' title='bbox 2658 3119 2773 3177; x_wconf 86' lang='lat' dir='ltr'><strong>lleli</strong></span> <span class='ocrx_word' id='word_1_644' title='bbox 2802 3123 3144 3178; x_wconf 84' lang='lat' dir='ltr'><strong>sacerdotem</strong></span> <span class='ocrx_word' id='word_1_645' title='bbox 3172 3124 3375 3179; x_wconf 90' lang='lat' dir='ltr'><strong>dictum</strong></span> <span class='ocrx_word' id='word_1_646' title='bbox 3404 3134 3491 3182; x_wconf 91' lang='lat' dir='ltr'><strong>est</strong></span> <span class='ocrx_word' id='word_1_647' title='bbox 3510 3141 3611 3197; x_wconf 89' lang='lat' dir='ltr'><strong>per</strong></span> 
     </span>
    </p>
   </div>
   <div class='ocr_carea' id='block_1_80' title="bbox 2017 3204 3607 3287">
    <p class='ocr_par' dir='ltr' id='par_1_80' title="bbox 2017 3204 3607 3287">
     <span class='ocr_line' id='line_1_80' title="bbox 2017 3204 3607 3287; baseline 0.01 -31"><span class='ocrx_word' id='word_1_648' title='bbox 2017 3204 2359 3272; x_wconf 82' lang='lat' dir='ltr'><strong>praphetam.</strong></span> <span class='ocrx_word' id='word_1_649' title='bbox 2405 3205 2538 3263; x_wconf 85' lang='lat' dir='ltr'><strong>Nam</strong></span> <span class='ocrx_word' id='word_1_650' title='bbox 2579 3207 2798 3265; x_wconf 80' lang='lat' dir='ltr'><strong>fuerunt</strong></span> <span class='ocrx_word' id='word_1_651' title='bbox 2838 3220 3025 3282; x_wconf 88' lang='lat' dir='ltr'><strong>postea</strong></span> <span class='ocrx_word' id='word_1_652' title='bbox 3062 3215 3373 3270; x_wconf 87' lang='lat' dir='ltr'><strong>sacerdotes</strong></span> <span class='ocrx_word' id='word_1_653' title='bbox 3396 3228 3466 3270; x_wconf 82' lang='lat' dir='ltr'><strong>ex</strong></span> <span class='ocrx_word' id='word_1_654' title='bbox 3508 3230 3607 3287; x_wconf 88' lang='lat' dir='ltr'><strong>ge-</strong></span> 
     </span>
    </p>
   </div>
   <div class='ocr_carea' id='block_1_81' title="bbox 2018 3293 3605 3381">
    <p class='ocr_par' dir='ltr' id='par_1_81' title="bbox 2018 3293 3605 3381">
     <span class='ocr_line' id='line_1_81' title="bbox 2018 3293 3605 3381; baseline 0.01 -34"><span class='ocrx_word' id='word_1_655' title='bbox 2018 3309 2148 3349; x_wconf 90' lang='lat' dir='ltr'><strong>nere</strong></span> <span class='ocrx_word' id='word_1_656' title='bbox 2176 3293 2361 3352; x_wconf 86' lang='lat' dir='ltr'><strong>Aaron</strong></span> <span class='ocrx_word' id='word_1_657' title='bbox 2392 3314 2406 3355; x_wconf 93' lang='lat'><strong>:</strong></span> <span class='ocrx_word' id='word_1_658' title='bbox 2435 3299 2577 3355; x_wconf 89' lang='lat' dir='ltr'><strong>sicut</strong></span> <span class='ocrx_word' id='word_1_659' title='bbox 2618 3300 2829 3358; x_wconf 89' lang='lat' dir='ltr'><strong>Sadoch</strong></span> <span class='ocrx_word' id='word_1_660' title='bbox 2867 3302 2974 3375; x_wconf 87' lang='grc' dir='ltr'><strong>(ΙΙ.</strong></span> <span class='ocrx_word' id='word_1_661' title='bbox 3004 3303 3134 3376; x_wconf 87' lang='lat' dir='ltr'><strong>Reg.</strong></span> <span class='ocrx_word' id='word_1_662' title='bbox 3167 3305 3255 3362; x_wconf 80' lang='grc'><strong>15.</strong></span> <span class='ocrx_word' id='word_1_663' title='bbox 3295 3306 3386 3361; x_wconf 70' lang='lat'><strong>24.</strong></span> <span class='ocrx_word' id='word_1_664' title='bbox 3418 3315 3508 3364; x_wconf 91' lang='lat' dir='ltr'><strong>etc</strong></span> <span class='ocrx_word' id='word_1_665' title='bbox 3537 3307 3605 3381; x_wconf 91' lang='lat'><strong>.),</strong></span> 
     </span>
    </p>
   </div>
   <div class='ocr_carea' id='block_1_82' title="bbox 2018 3384 3605 3464">
    <p class='ocr_par' dir='ltr' id='par_1_82' title="bbox 2018 3384 3605 3464">
     <span class='ocr_line' id='line_1_82' title="bbox 2018 3384 3605 3464; baseline 0.009 -26"><span class='ocrx_word' id='word_1_666' title='bbox 2018 3384 2359 3443; x_wconf 81' lang='lat' dir='ltr'><strong>etAbiathar</strong></span> <span class='ocrx_word' id='word_1_667' title='bbox 2381 3389 2455 3463; x_wconf 88' lang='grc'><strong>(1.</strong></span> <span class='ocrx_word' id='word_1_668' title='bbox 2488 3390 2618 3463; x_wconf 86' lang='lat' dir='ltr'><strong>Reg.</strong></span> <span class='ocrx_word' id='word_1_669' title='bbox 2660 3392 2750 3461; x_wconf 88' lang='lat'><strong>20,</strong></span> <span class='ocrx_word' id='word_1_670' title='bbox 2789 3399 2851 3450; x_wconf 88' lang='lat' dir='ltr'><strong>et‘</strong></span> <span class='ocrx_word' id='word_1_671' title='bbox 2868 3395 2959 3451; x_wconf 87' lang='lat'><strong>22.</strong></span> <span class='ocrx_word' id='word_1_672' title='bbox 2990 3395 3199 3451; x_wconf 82' lang='lat' dir='ltr'><strong>Rursus</strong></span> <span class='ocrx_word' id='word_1_673' title='bbox 3246 3397 3335 3452; x_wconf 89' lang='lat'><strong>22.</strong></span> <span class='ocrx_word' id='word_1_674' title='bbox 3362 3398 3415 3464; x_wconf 87' lang='lat'><strong>6,</strong></span> <span class='ocrx_word' id='word_1_675' title='bbox 3466 3410 3515 3454; x_wconf 90' lang='lat' dir='ltr'><strong>et</strong></span> <span class='ocrx_word' id='word_1_676' title='bbox 3549 3401 3605 3456; x_wconf 91' lang='lat'><strong>9.</strong></span> 
     </span>
    </p>
   </div>
   <div class='ocr_carea' id='block_1_83' title="bbox 2017 3476 3607 3559">
    <p class='ocr_par' dir='ltr' id='par_1_83' title="bbox 2017 3476 3607 3559">
     <span class='ocr_line' id='line_1_83' title="bbox 2017 3476 3607 3559; baseline 0.011 -30"><span class='ocrx_word' id='word_1_677' title='bbox 2017 3476 2106 3543; x_wconf 77' lang='lat'><strong>50,</strong></span> <span class='ocrx_word' id='word_1_678' title='bbox 2137 3477 2189 3532; x_wconf 90' lang='lat'><strong>7.</strong></span> <span class='ocrx_word' id='word_1_679' title='bbox 2219 3476 2306 3532; x_wconf 92' lang='lat' dir='ltr'><strong>II.</strong></span> <span class='ocrx_word' id='word_1_680' title='bbox 2345 3481 2476 3554; x_wconf 87' lang='lat' dir='ltr'><strong>Reg.</strong></span> <span class='ocrx_word' id='word_1_681' title='bbox 2521 3484 2608 3539; x_wconf 84' lang='lat' dir='ltr'><strong>l5.</strong></span> <span class='ocrx_word' id='word_1_682' title='bbox 2642 3484 2731 3539; x_wconf 68' lang='lat' dir='ltr'><strong>2i.</strong></span> <span class='ocrx_word' id='word_1_683' title='bbox 2757 3486 2886 3559; x_wconf 90' lang='lat' dir='ltr'><strong>etc.)</strong></span> <span class='ocrx_word' id='word_1_684' title='bbox 2913 3497 3173 3557; x_wconf 82' lang='lat' dir='ltr'><strong>regnante</strong></span> <span class='ocrx_word' id='word_1_685' title='bbox 3206 3488 3399 3557; x_wconf 89' lang='lat' dir='ltr'><strong>David,</strong></span> <span class='ocrx_word' id='word_1_686' title='bbox 3428 3502 3481 3545; x_wconf 90' lang='lat' dir='ltr'><strong>et</strong></span> <span class='ocrx_word' id='word_1_687' title='bbox 3514 3492 3607 3548; x_wconf 87' lang='lat' dir='ltr'><strong>alii</strong></span> 
     </span>
    </p>
   </div>
   <div class='ocr_carea' id='block_1_84' title="bbox 2017 3568 3609 3651">
    <p class='ocr_par' dir='ltr' id='par_1_84' title="bbox 2017 3568 3609 3651">
     <span class='ocr_line' id='line_1_84' title="bbox 2017 3568 3609 3651; baseline 0.011 -29"><span class='ocrx_word' id='word_1_688' title='bbox 2017 3568 2272 3641; x_wconf 88' lang='lat' dir='ltr'><strong>deinceps</strong></span> <span class='ocrx_word' id='word_1_689' title='bbox 2294 3582 2584 3643; x_wconf 88' lang='lat' dir='ltr'><strong>antequam</strong></span> <span class='ocrx_word' id='word_1_690' title='bbox 2613 3583 2824 3647; x_wconf 88' lang='lat' dir='ltr'><strong>tempus</strong></span> <span class='ocrx_word' id='word_1_691' title='bbox 2843 3580 3071 3643; x_wconf 86' lang='lat' dir='ltr'><strong>veniret,</strong></span> <span class='ocrx_word' id='word_1_692' title='bbox 3097 3593 3205 3648; x_wconf 89' lang='lat' dir='ltr'><strong>quo</strong></span> <span class='ocrx_word' id='word_1_693' title='bbox 3225 3580 3350 3645; x_wconf 89' lang='lat' dir='ltr'><strong>ista,</strong></span> <span class='ocrx_word' id='word_1_694' title='bbox 3394 3597 3515 3651; x_wconf 70' lang='lat' dir='ltr'><strong>qua:</strong></span> <span class='ocrx_word' id='word_1_695' title='bbox 3539 3583 3609 3639; x_wconf 84' lang='lat' dir='ltr'><strong>de</strong></span> 
     </span>
    </p>
   </div>
   <div class='ocr_carea' id='block_1_85' title="bbox 2019 3665 3605 3739">
    <p class='ocr_par' dir='ltr' id='par_1_85' title="bbox 2019 3665 3605 3739">
     <span class='ocr_line' id='line_1_85' title="bbox 2019 3665 3605 3739; baseline 0.007 -20"><span class='ocrx_word' id='word_1_696' title='bbox 2019 3665 2323 3720; x_wconf 75' lang='lat' dir='ltr'><strong>Sacerdotio</strong></span> <span class='ocrx_word' id='word_1_697' title='bbox 2357 3667 2618 3722; x_wconf 89' lang='lat' dir='ltr'><strong>mutando</strong></span> <span class='ocrx_word' id='word_1_698' title='bbox 2644 3676 2794 3724; x_wconf 89' lang='lat' dir='ltr'><strong>tanto</strong></span> <span class='ocrx_word' id='word_1_699' title='bbox 2839 3678 2965 3724; x_wconf 89' lang='lat' dir='ltr'><strong>ante</strong></span> <span class='ocrx_word' id='word_1_700' title='bbox 2984 3671 3241 3739; x_wconf 68' lang='lat' dir='ltr'><strong>praedicta</strong></span> <span class='ocrx_word' id='word_1_701' title='bbox 3268 3679 3418 3737; x_wconf 91' lang='lat' dir='ltr'><strong>sunt,</strong></span> <span class='ocrx_word' id='word_1_702' title='bbox 3465 3672 3605 3731; x_wconf 82' lang='lat' dir='ltr'><strong>eﬁici</strong></span> 
     </span>
    </p>
   </div>
   <div class='ocr_carea' id='block_1_86' title="bbox 2015 3754 3607 3827">
    <p class='ocr_par' dir='ltr' id='par_1_86' title="bbox 2015 3754 3607 3827">
     <span class='ocr_line' id='line_1_86' title="bbox 2015 3754 3607 3827; baseline 0.009 -19"><span class='ocrx_word' id='word_1_703' title='bbox 2015 3768 2115 3823; x_wconf 88' lang='lat' dir='ltr'><strong>per</strong></span> <span class='ocrx_word' id='word_1_704' title='bbox 2161 3754 2439 3810; x_wconf 88' lang='lat' dir='ltr'><strong>Christum</strong></span> <span class='ocrx_word' id='word_1_705' title='bbox 2492 3759 2795 3827; x_wconf 88' lang='lat' dir='ltr'><strong>oportebat.</strong></span> <span class='ocrx_word' id='word_1_706' title='bbox 2854 3759 2986 3827; x_wconf 86' lang='lat' dir='ltr'><strong>Quis</strong></span> <span class='ocrx_word' id='word_1_707' title='bbox 3026 3772 3208 3817; x_wconf 89' lang='lat' dir='ltr'><strong>autem</strong></span> <span class='ocrx_word' id='word_1_708' title='bbox 3263 3763 3406 3819; x_wconf 88' lang='lat' dir='ltr'><strong>ﬁdeli</strong></span> <span class='ocrx_word' id='word_1_709' title='bbox 3460 3781 3607 3823; x_wconf 88' lang='lat' dir='ltr'><strong>nunc</strong></span> 
     </span>
    </p>
   </div>
   <div class='ocr_carea' id='block_1_87' title="bbox 2016 3841 3605 3924">
    <p class='ocr_par' dir='ltr' id='par_1_87' title="bbox 2016 3841 3605 3924">
     <span class='ocr_line' id='line_1_87' title="bbox 2016 3841 3605 3924; baseline 0.011 -29"><span class='ocrx_word' id='word_1_710' title='bbox 2016 3841 2173 3897; x_wconf 90' lang='lat' dir='ltr'><strong>oculo</strong></span> <span class='ocrx_word' id='word_1_711' title='bbox 2202 3844 2319 3900; x_wconf 66' lang='lat' dir='ltr'><strong>haec</strong></span> <span class='ocrx_word' id='word_1_712' title='bbox 2340 3845 2555 3901; x_wconf 89' lang='lat' dir='ltr'><strong>intuens</strong></span> <span class='ocrx_word' id='word_1_713' title='bbox 2587 3862 2693 3902; x_wconf 87' lang='lat' dir='ltr'><strong>non</strong></span> <span class='ocrx_word' id='word_1_714' title='bbox 2738 3849 2920 3905; x_wconf 88' lang='lat' dir='ltr'><strong>videat</strong></span> <span class='ocrx_word' id='word_1_715' title='bbox 2960 3864 3083 3906; x_wconf 91' lang='lat' dir='ltr'><strong>esse</strong></span> <span class='ocrx_word' id='word_1_716' title='bbox 3118 3854 3421 3924; x_wconf 85' lang='lat' dir='ltr'><strong>completa?</strong></span> <span class='ocrx_word' id='word_1_717' title='bbox 3462 3855 3605 3923; x_wconf 90' lang='lat' dir='ltr'><strong>Quo-</strong></span> 
     </span>
    </p>
   </div>
   <div class='ocr_carea' id='block_1_88' title="bbox 2018 3933 3604 4011">
    <p class='ocr_par' dir='ltr' id='par_1_88' title="bbox 2018 3933 3604 4011">
     <span class='ocr_line' id='line_1_88' title="bbox 2018 3933 3604 4011; baseline 0.013 -25"><span class='ocrx_word' id='word_1_718' title='bbox 2018 3933 2165 3988; x_wconf 90' lang='lat' dir='ltr'><strong>niam</strong></span> <span class='ocrx_word' id='word_1_719' title='bbox 2206 3935 2428 4006; x_wconf 88' lang='lat' dir='ltr'><strong>quidem</strong></span> <span class='ocrx_word' id='word_1_720' title='bbox 2489 3938 2690 3994; x_wconf 87' lang='lat' dir='ltr'><strong>nullum</strong></span> <span class='ocrx_word' id='word_1_721' title='bbox 2737 3940 3165 4011; x_wconf 86' lang='lat' dir='ltr'><strong>tabernaculum,</strong></span> <span class='ocrx_word' id='word_1_722' title='bbox 3214 3947 3420 4004; x_wconf 90' lang='lat' dir='ltr'><strong>nullum</strong></span> <span class='ocrx_word' id='word_1_723' title='bbox 3466 3957 3604 4005; x_wconf 90' lang='lat' dir='ltr'><strong>tem-</strong></span> 
     </span>
    </p>
   </div>
   <div class='ocr_carea' id='block_1_89' title="bbox 2017 4024 3603 4105">
    <p class='ocr_par' dir='ltr' id='par_1_89' title="bbox 2017 4024 3603 4105">
     <span class='ocr_line' id='line_1_89' title="bbox 2017 4024 3603 4105; baseline 0.012 -26"><span class='ocrx_word' id='word_1_724' title='bbox 2017 4024 2185 4096; x_wconf 91' lang='lat' dir='ltr'><strong>plum,</strong></span> <span class='ocrx_word' id='word_1_725' title='bbox 2237 4028 2445 4084; x_wconf 89' lang='lat' dir='ltr'><strong>nullum</strong></span> <span class='ocrx_word' id='word_1_726' title='bbox 2482 4030 2675 4098; x_wconf 90' lang='lat' dir='ltr'><strong>altare,</strong></span> <span class='ocrx_word' id='word_1_727' title='bbox 2728 4032 2936 4090; x_wconf 88' lang='lat' dir='ltr'><strong>nullum</strong></span> <span class='ocrx_word' id='word_1_728' title='bbox 2977 4036 3326 4105; x_wconf 86' lang='lat' dir='ltr'><strong>sacriﬁcium,</strong></span> <span class='ocrx_word' id='word_1_729' title='bbox 3368 4048 3424 4096; x_wconf 90' lang='lat' dir='ltr'><strong>et</strong></span> <span class='ocrx_word' id='word_1_730' title='bbox 3479 4041 3603 4098; x_wconf 89' lang='lat' dir='ltr'><strong>ideo</strong></span> 
     </span>
    </p>
   </div>
   <div class='ocr_carea' id='block_1_90' title="bbox 2020 4119 3602 4202">
    <p class='ocr_par' dir='ltr' id='par_1_90' title="bbox 2020 4119 3602 4202">
     <span class='ocr_line' id='line_1_90' title="bbox 2020 4119 3602 4202; baseline 0.013 -30"><span class='ocrx_word' id='word_1_731' title='bbox 2020 4134 2121 4175; x_wconf 92' lang='lat' dir='ltr'><strong>nec</strong></span> <span class='ocrx_word' id='word_1_732' title='bbox 2150 4119 2293 4176; x_wconf 90' lang='lat' dir='ltr'><strong>ullus</strong></span> <span class='ocrx_word' id='word_1_733' title='bbox 2324 4123 2580 4179; x_wconf 88' lang='lat' dir='ltr'><strong>sacerdos</strong></span> <span class='ocrx_word' id='word_1_734' title='bbox 2627 4127 3121 4196; x_wconf 67' lang='lat' dir='ltr'><strong>remansitJudzeis,</strong></span> <span class='ocrx_word' id='word_1_735' title='bbox 3167 4132 3383 4202; x_wconf 88' lang='lat' dir='ltr'><strong>quibus,</strong></span> <span class='ocrx_word' id='word_1_736' title='bbox 3429 4141 3490 4190; x_wconf 92' lang='lat' dir='ltr'><strong>ut</strong></span> <span class='ocrx_word' id='word_1_737' title='bbox 3533 4135 3602 4193; x_wconf 89' lang='lat' dir='ltr'><strong>de</strong></span> 
     </span>
    </p>
   </div>
   <div class='ocr_carea' id='block_1_91' title="bbox 2017 4211 3603 4296">
    <p class='ocr_par' dir='ltr' id='par_1_91' title="bbox 2017 4211 3603 4296">
     <span class='ocr_line' id='line_1_91' title="bbox 2017 4211 3603 4296; baseline 0.01 -30"><span class='ocrx_word' id='word_1_738' title='bbox 2017 4211 2226 4267; x_wconf 79' lang='lat' dir='ltr'><strong>semine</strong></span> <span class='ocrx_word' id='word_1_739' title='bbox 2249 4211 2434 4267; x_wconf 85' lang='lat' dir='ltr'><strong>Aaron</strong></span> <span class='ocrx_word' id='word_1_740' title='bbox 2470 4213 2832 4285; x_wconf 88' lang='lat' dir='ltr'><strong>ordinaretur,</strong></span> <span class='ocrx_word' id='word_1_741' title='bbox 2871 4218 2927 4274; x_wconf 90' lang='lat' dir='ltr'><strong>in</strong></span> <span class='ocrx_word' id='word_1_742' title='bbox 2954 4218 3065 4276; x_wconf 87' lang='lat' dir='ltr'><strong>Dei.</strong></span> <span class='ocrx_word' id='word_1_743' title='bbox 3088 4220 3265 4277; x_wconf 74' lang='lat' dir='ltr'><strong>fuel-at</strong></span> <span class='ocrx_word' id='word_1_744' title='bbox 3291 4223 3408 4296; x_wconf 85' lang='lat' dir='ltr'><strong>lege</strong></span> <span class='ocrx_word' id='word_1_745' title='bbox 3449 4241 3603 4282; x_wconf 90' lang='lat' dir='ltr'><strong>man-</strong></span> 
     </span>
    </p>
   </div>
   <div class='ocr_carea' id='block_1_92' title="bbox 2016 4301 3602 4379">
    <p class='ocr_par' dir='ltr' id='par_1_92' title="bbox 2016 4301 3602 4379">
     <span class='ocr_line' id='line_1_92' title="bbox 2016 4301 3602 4379; baseline 0.013 -25"><span class='ocrx_word' id='word_1_746' title='bbox 2016 4301 2222 4356; x_wconf 90' lang='lat' dir='ltr'><strong>datum.</strong></span> <span class='ocrx_word' id='word_1_747' title='bbox 2249 4302 2404 4370; x_wconf 85' lang='lat' dir='ltr'><strong>Quod</strong></span> <span class='ocrx_word' id='word_1_748' title='bbox 2430 4313 2486 4359; x_wconf 92' lang='lat' dir='ltr'><strong>et</strong></span> <span class='ocrx_word' id='word_1_749' title='bbox 2515 4306 2604 4361; x_wconf 88' lang='lat' dir='ltr'><strong>hic</strong></span> <span class='ocrx_word' id='word_1_750' title='bbox 2628 4318 3109 4366; x_wconf 88' lang='lat' dir='ltr'><strong>commemoratum</strong></span> <span class='ocrx_word' id='word_1_751' title='bbox 3132 4320 3231 4379; x_wconf 91' lang='lat' dir='ltr'><strong>est,</strong></span> <span class='ocrx_word' id='word_1_752' title='bbox 3262 4313 3353 4370; x_wconf 90' lang='lat' dir='ltr'><strong>illo</strong></span> <span class='ocrx_word' id='word_1_753' title='bbox 3386 4316 3602 4374; x_wconf 86' lang='lat' dir='ltr'><strong>dicente</strong></span> 
     </span>
    </p>
   </div>
   <div class='ocr_carea' id='block_1_93' title="bbox 332 4377 3601 4470">
    <p class='ocr_par' dir='ltr' id='par_1_93' title="bbox 332 4377 3601 4470">
     <span class='ocr_line' id='line_1_93' title="bbox 332 4377 3601 4470; baseline 0.009 -39"><span class='ocrx_word' id='word_1_754' title='bbox 332 4377 657 4446; x_wconf 83' lang='lat' dir='ltr'><strong>Pharaonis,</strong></span> <span class='ocrx_word' id='word_1_755' title='bbox 681 4391 729 4435; x_wconf 90' lang='lat' dir='ltr'><strong>et</strong></span> <span class='ocrx_word' id='word_1_756' title='bbox 751 4381 881 4453; x_wconf 89' lang='lat' dir='ltr'><strong>elegi</strong></span> <span class='ocrx_word' id='word_1_757' title='bbox 911 4399 1024 4438; x_wconf 90' lang='lat' dir='ltr'><strong>eum</strong></span> <span class='ocrx_word' id='word_1_758' title='bbox 1051 4401 1116 4439; x_wconf 80' lang='lat' dir='ltr'><strong>ea:</strong></span> <span class='ocrx_word' id='word_1_759' title='bbox 1151 4389 1293 4442; x_wconf 87' lang='lat' dir='ltr'><strong>omni</strong></span> <span class='ocrx_word' id='word_1_760' title='bbox 1315 4387 1486 4443; x_wconf 86' lang='lat' dir='ltr'><strong>Israel</strong></span> <span class='ocrx_word' id='word_1_761' title='bbox 1506 4391 1635 4444; x_wconf 84' lang='lat' dir='ltr'><strong>mihi</strong></span> <span class='ocrx_word' id='word_1_762' title='bbox 1654 4391 1709 4444; x_wconf 89' lang='lat' dir='ltr'><strong>in</strong></span> <span class='ocrx_word' id='word_1_763' title='bbox 1735 4408 1909 4446; x_wconf 85' lang='lat' dir='ltr'><strong>sacer-</strong></span> <span class='ocrx_word' id='word_1_764' title='bbox 1933 4389 1988 4451; x_wconf 90' lang='lat' dir='ltr'><strong>D</strong></span> <span class='ocrx_word' id='word_1_765' title='bbox 2008 4390 2272 4463; x_wconf 89' lang='lat' dir='ltr'><strong>propheta</strong></span> <span class='ocrx_word' id='word_1_766' title='bbox 2304 4389 2455 4463; x_wconf 87' lang='lat' dir='ltr'><strong>(Cap.</strong></span> <span class='ocrx_word' id='word_1_767' title='bbox 2493 4393 2546 4447; x_wconf 86' lang='lat'><strong>2.</strong></span> <span class='ocrx_word' id='word_1_768' title='bbox 2576 4412 2623 4449; x_wconf 84' lang='grc' dir='ltr'><strong>υ.</strong></span> <span class='ocrx_word' id='word_1_769' title='bbox 2647 4396 2783 4468; x_wconf 79' lang='lat'><strong>&#39;50.).</strong></span> <span class='ocrx_word' id='word_1_770' title='bbox 2830 4396 2960 4452; x_wconf 71' lang='lat' dir='ltr'><strong>Ha&#39;c</strong></span> <span class='ocrx_word' id='word_1_771' title='bbox 2985 4399 3112 4453; x_wconf 83' lang='lat' dir='ltr'><strong>dicit</strong></span> <span class='ocrx_word' id='word_1_772' title='bbox 3140 4377 3396 4457; x_wconf 88' lang='lat' dir='ltr'><strong>Dominus</strong></span> <span class='ocrx_word' id='word_1_773' title='bbox 3413 4444 3428 4470; x_wconf 91' lang='lat'><strong>,</strong></span> <span class='ocrx_word' id='word_1_774' title='bbox 3458 4404 3601 4462; x_wconf 89' lang='lat' dir='ltr'><strong>Deus</strong></span> 
     </span>
    </p>
   </div>
   <div class='ocr_carea' id='block_1_94' title="bbox 330 4469 1911 4544">
    <p class='ocr_par' dir='ltr' id='par_1_94' title="bbox 330 4469 1911 4544">
     <span class='ocr_line' id='line_1_94' title="bbox 330 4469 1911 4544; baseline 0.009 -23"><span class='ocrx_word' id='word_1_775' title='bbox 330 4469 529 4536; x_wconf 74' lang='lat' dir='ltr'><strong>dotem,</strong></span> <span class='ocrx_word' id='word_1_776' title='bbox 558 4481 616 4524; x_wconf 78' lang='lat' dir='ltr'><strong>ut</strong></span> <span class='ocrx_word' id='word_1_777' title='bbox 641 4472 937 4527; x_wconf 84' lang='lat' dir='ltr'><strong>ascenderet</strong></span> <span class='ocrx_word' id='word_1_778' title='bbox 956 4473 1026 4527; x_wconf 87' lang='lat' dir='ltr'><strong>ad</strong></span> <span class='ocrx_word' id='word_1_779' title='bbox 1047 4473 1217 4530; x_wconf 86' lang='lat' dir='ltr'><strong>altare</strong></span> <span class='ocrx_word' id='word_1_780' title='bbox 1244 4494 1436 4544; x_wconf 87' lang='lat' dir='ltr'><strong>meum,</strong></span> <span class='ocrx_word' id='word_1_781' title='bbox 1458 4488 1504 4532; x_wconf 87' lang='lat' dir='ltr'><strong>et</strong></span> <span class='ocrx_word' id='word_1_782' title='bbox 1532 4479 1764 4535; x_wconf 87' lang='lat' dir='ltr'><strong>adoleret</strong></span> <span class='ocrx_word' id='word_1_783' title='bbox 1783 4479 1911 4535; x_wconf 85' lang='lat' dir='ltr'><strong>mihi</strong></span> 
     </span>
    </p>
   </div>
   <div class='ocr_carea' id='block_1_95' title="bbox 332 4560 1957 4636">
    <p class='ocr_par' dir='ltr' id='par_1_95' title="bbox 332 4560 1957 4636">
     <span class='ocr_line' id='line_1_95' title="bbox 332 4560 1957 4636; baseline 0.009 -23"><span class='ocrx_word' id='word_1_784' title='bbox 332 4560 628 4628; x_wconf 79' lang='lat' dir='ltr'><strong>incensum,</strong></span> <span class='ocrx_word' id='word_1_785' title='bbox 659 4573 707 4617; x_wconf 90' lang='lat' dir='ltr'><strong>et</strong></span> <span class='ocrx_word' id='word_1_786' title='bbox 730 4572 961 4634; x_wconf 87' lang='lat' dir='ltr'><strong>portaret</strong></span> <span class='ocrx_word' id='word_1_787' title='bbox 991 4564 1178 4636; x_wconf 86' lang='lat' dir='ltr'><strong>Ephod</strong></span> <span class='ocrx_word' id='word_1_788' title='bbox 1206 4584 1382 4622; x_wconf 87' lang='lat' dir='ltr'><strong>coram</strong></span> <span class='ocrx_word' id='word_1_789' title='bbox 1405 4571 1525 4623; x_wconf 85' lang='lat' dir='ltr'><strong>me?</strong></span> <span class='ocrx_word' id='word_1_790' title='bbox 1560 4570 1625 4624; x_wconf 84' lang='lat' dir='ltr'><strong>Et</strong></span> <span class='ocrx_word' id='word_1_791' title='bbox 1655 4571 1775 4625; x_wconf 85' lang='lat' dir='ltr'><strong>dedi</strong></span> <span class='ocrx_word' id='word_1_792' title='bbox 1804 4572 1914 4626; x_wconf 90' lang='lat' dir='ltr'><strong>Do-</strong></span> <span class='ocrx_word' id='word_1_793' title='bbox 1949 4566 1957 4573; x_wconf 74' lang='grc'><strong>’</strong></span> 
     </span>
    </p>
   </div>
   <div class='ocr_carea' id='block_1_96' title="bbox 332 4651 1918 4727">
    <p class='ocr_par' dir='ltr' id='par_1_96' title="bbox 332 4651 1918 4727">
     <span class='ocr_line' id='line_1_96' title="bbox 332 4651 1918 4727; baseline 0.008 -24"><span class='ocrx_word' id='word_1_794' title='bbox 332 4651 439 4704; x_wconf 80' lang='lat' dir='ltr'><strong>mni</strong></span> <span class='ocrx_word' id='word_1_795' title='bbox 486 4654 657 4723; x_wconf 86' lang='lat' dir='ltr'><strong>patris</strong></span> <span class='ocrx_word' id='word_1_796' title='bbox 681 4655 780 4720; x_wconf 87' lang='lat' dir='ltr'><strong>tui,</strong></span> <span class='ocrx_word' id='word_1_797' title='bbox 811 4657 987 4710; x_wconf 87' lang='lat' dir='ltr'><strong>omnia</strong></span> <span class='ocrx_word' id='word_1_798' title='bbox 1029 4655 1094 4710; x_wconf 83' lang='lat' dir='ltr'><strong>de</strong></span> <span class='ocrx_word' id='word_1_799' title='bbox 1129 4657 1407 4725; x_wconf 71' lang='lat' dir='ltr'><strong>sacriﬁciis</strong></span> <span class='ocrx_word' id='word_1_800' title='bbox 1433 4658 1665 4727; x_wconf 76' lang='lat' dir='ltr'><strong>ﬁliorum</strong></span> <span class='ocrx_word' id='word_1_801' title='bbox 1697 4659 1918 4716; x_wconf 83' lang='lat' dir='ltr'><strong>Israel?</strong></span> 
     </span>
    </p>
   </div>
   <div class='ocr_carea' id='block_1_97' title="bbox 336 4739 1915 4815">
    <p class='ocr_par' dir='ltr' id='par_1_97' title="bbox 336 4739 1915 4815">
     <span class='ocr_line' id='line_1_97' title="bbox 336 4739 1915 4815; baseline 0.009 -22"><span class='ocrx_word' id='word_1_802' title='bbox 336 4739 516 4805; x_wconf 85' lang='lat' dir='ltr'><strong>Quare</strong></span> <span class='ocrx_word' id='word_1_803' title='bbox 568 4743 709 4798; x_wconf 83' lang='lat' dir='ltr'><strong>calce</strong></span> <span class='ocrx_word' id='word_1_804' title='bbox 769 4746 1032 4815; x_wconf 88' lang='lat' dir='ltr'><strong>abjecistis</strong></span> <span class='ocrx_word' id='word_1_805' title='bbox 1080 4745 1344 4800; x_wconf 83' lang='lat' dir='ltr'><strong>victimam</strong></span> <span class='ocrx_word' id='word_1_806' title='bbox 1388 4763 1577 4814; x_wconf 88' lang='lat' dir='ltr'><strong>meam,</strong></span> <span class='ocrx_word' id='word_1_807' title='bbox 1607 4759 1654 4803; x_wconf 87' lang='lat' dir='ltr'><strong>et</strong></span> <span class='ocrx_word' id='word_1_808' title='bbox 1696 4767 1915 4807; x_wconf 90' lang='lat' dir='ltr'><strong>munera</strong></span> 
     </span>
    </p>
   </div>
   <div class='ocr_carea' id='block_1_98' title="bbox 405 4897 1916 4978">
    <p class='ocr_par' dir='ltr' id='par_1_98' title="bbox 405 4897 1916 4978">
     <span class='ocr_line' id='line_1_98' title="bbox 405 4897 1916 4978; baseline 0.009 -27"><span class='ocrx_word' id='word_1_809' title='bbox 405 4910 432 4936; x_wconf 78' lang='grc' dir='ltr'>ιι</span> <span class='ocrx_word' id='word_1_810' title='bbox 460 4897 857 4978; x_wconf 42' lang='lat' dir='ltr'><strong>lit-Canticum</strong></span> <span class='ocrx_word' id='word_1_811' title='bbox 915 4901 1114 4978; x_wconf 74' lang='lat' dir='ltr'><strong>ipsum,</strong></span> <span class='ocrx_word' id='word_1_812' title='bbox 1146 4909 1206 4978; x_wconf 74' lang='lat' dir='ltr'><strong>et</strong></span> <span class='ocrx_word' id='word_1_813' title='bbox 1242 4904 1634 4978; x_wconf 67' lang='lat' dir='ltr'><strong>expositionem</strong></span> <span class='ocrx_word' id='word_1_814' title='bbox 1689 4908 1807 4978; x_wconf 87' lang='lat' dir='ltr'><strong>ejus</strong></span> <span class='ocrx_word' id='word_1_815' title='bbox 1849 4910 1916 4965; x_wconf 89' lang='lat' dir='ltr'><strong>ab</strong></span> 
     </span>
    </p>
   </div>
   <div class='ocr_carea' id='block_1_99' title="bbox 338 4964 1915 5054">
    <p class='ocr_par' dir='ltr' id='par_1_99' title="bbox 338 4964 1915 5054">
     <span class='ocr_line' id='line_1_99' title="bbox 338 4964 1915 5054; baseline 0.009 -33"><span class='ocrx_word' id='word_1_816' title='bbox 338 4964 673 5054; x_wconf 44' lang='lat' dir='ltr'><strong>Augustino”</strong></span> <span class='ocrx_word' id='word_1_817' title='bbox 688 4964 1164 5054; x_wconf 48' lang='lat' dir='ltr'><strong>prolatamnjquod</strong></span> <span class='ocrx_word' id='word_1_818' title='bbox 1184 4970 1298 5041; x_wconf 90' lang='lat' dir='ltr'><strong>jam</strong></span> <span class='ocrx_word' id='word_1_819' title='bbox 1311 4964 1462 5054; x_wconf 66' lang='lat' dir='ltr'><strong>dixi]</strong></span> <span class='ocrx_word' id='word_1_820' title='bbox 1517 4974 1684 5054; x_wconf 76' lang='lat' dir='ltr'><strong>habes</strong></span> <span class='ocrx_word' id='word_1_821' title='bbox 1716 4964 1915 5054; x_wconf 62' lang='lat' dir='ltr'><strong>&#39;Capite</strong></span> 
     </span>
    </p>
   </div>
   <div class='ocr_carea' id='block_1_100' title="bbox 336 4985 1911 5112">
    <p class='ocr_par' dir='ltr' id='par_1_100' title="bbox 336 4985 1911 5112">
     <span class='ocr_line' id='line_1_100' title="bbox 336 4985 1911 5112; baseline 0.01 -25"><span class='ocrx_word' id='word_1_822' title='bbox 336 4985 1911 5112; x_wconf 50' lang='grc' dir='ltr'><strong>ῗόἶδιῗῗιξ¹ἔέ⁰χθῖἶῖηεζωείξίέῗὲἐέἒῗιἮοῗι¹ἒᾎῑιεῗιῗρ⁰ἓ⁸νεξίῗι¹ἷιίίῗ</strong></span> 
     </span>
    </p>
   </div>
   <div class='ocr_carea' id='block_1_101' title="bbox 335 5105 1915 5189">
    <p class='ocr_par' dir='ltr' id='par_1_101' title="bbox 335 5105 1915 5189">
     <span class='ocr_line' id='line_1_101' title="bbox 335 5105 1915 5189; baseline 0.009 -30"><span class='ocrx_word' id='word_1_823' title='bbox 335 5105 626 5189; x_wconf 69' lang='lat' dir='ltr'><strong>exscripsit</strong></span> <span class='ocrx_word' id='word_1_824' title='bbox 651 5111 795 5189; x_wconf 77' lang='lat' dir='ltr'><strong>enim</strong></span> <span class='ocrx_word' id='word_1_825' title='bbox 833 5109 1091 5189; x_wconf 78' lang='lat' dir='ltr'><strong>Claudius</strong></span> <span class='ocrx_word' id='word_1_826' title='bbox 1119 5105 1188 5189; x_wconf 78' lang='lat' dir='ltr'><strong>ad</strong></span> <span class='ocrx_word' id='word_1_827' title='bbox 1211 5105 1479 5189; x_wconf 20' lang='lat' dir='ltr'><strong>magnam.</strong></span> <span class='ocrx_word' id='word_1_828' title='bbox 1511 5124 1742 5185; x_wconf 89' lang='lat' dir='ltr'><strong>partem,</strong></span> <span class='ocrx_word' id='word_1_829' title='bbox 1795 5134 1915 5189; x_wconf 76' lang='lat' dir='ltr'><strong>qua:</strong></span> 
     </span>
    </p>
   </div>
   <div class='ocr_carea' id='block_1_102' title="bbox 334 5175 1202 5246">
    <p class='ocr_par' dir='ltr' id='par_1_102' title="bbox 334 5175 1202 5246">
     <span class='ocr_line' id='line_1_102' title="bbox 334 5175 1202 5246; baseline 0.008 -18"><span class='ocrx_word' id='word_1_830' title='bbox 334 5175 670 5246; x_wconf 75' lang='lat' dir='ltr'><strong>Augustinus</strong></span> <span class='ocrx_word' id='word_1_831' title='bbox 694 5179 812 5236; x_wconf 91' lang='lat' dir='ltr'><strong>loco</strong></span> <span class='ocrx_word' id='word_1_832' title='bbox 842 5182 945 5236; x_wconf 89' lang='lat' dir='ltr'><strong>hoc</strong></span> <span class='ocrx_word' id='word_1_833' title='bbox 968 5182 1202 5237; x_wconf 90' lang='lat' dir='ltr'><strong>edocuit.</strong></span> 
     </span>
    </p>
   </div>
   <div class='ocr_carea' id='block_1_103' title="bbox 410 5244 1916 5324">
    <p class='ocr_par' dir='ltr' id='par_1_103' title="bbox 410 5244 1916 5324">
     <span class='ocr_line' id='line_1_103' title="bbox 410 5244 1916 5324; baseline -0.002 -10"><span class='ocrx_word' id='word_1_834' title='bbox 410 5244 443 5284; x_wconf 65' lang='grc'><strong>⁸</strong></span> <span class='ocrx_word' id='word_1_835' title='bbox 470 5246 603 5313; x_wconf 70' lang='lat' dir='ltr'><strong>Qua:</strong></span> <span class='ocrx_word' id='word_1_836' title='bbox 638 5258 937 5324; x_wconf 74' lang='lat' dir='ltr'><strong>sequuntur</strong></span> <span class='ocrx_word' id='word_1_837' title='bbox 960 5251 1029 5324; x_wconf 83' lang='lat' dir='ltr'><strong>ad</strong></span> <span class='ocrx_word' id='word_1_838' title='bbox 1051 5251 1302 5324; x_wconf 86' lang='lat' dir='ltr'><strong>versiculi</strong></span> <span class='ocrx_word' id='word_1_839' title='bbox 1333 5251 1495 5324; x_wconf 73' lang='lat' dir='ltr'><strong>hujus</strong></span> <span class='ocrx_word' id='word_1_840' title='bbox 1514 5254 1916 5324; x_wconf 87' lang='lat' dir='ltr'><strong>interpretatio-</strong></span> 
     </span>
    </p>
   </div>
   <div class='ocr_carea' id='block_1_104' title="bbox 336 5319 1917 5455">
    <p class='ocr_par' dir='ltr' id='par_1_104' title="bbox 336 5319 1917 5455">
     <span class='ocr_line' id='line_1_104' title="bbox 336 5319 1917 5455; baseline 0.008 -86"><span class='ocrx_word' id='word_1_841' title='bbox 336 5328 464 5455; x_wconf 54' lang='grc' dir='ltr'>ἕξει</span> <span class='ocrx_word' id='word_1_842' title='bbox 521 5332 589 5372; x_wconf 79' lang='lat' dir='ltr'><strong>ex</strong></span> <span class='ocrx_word' id='word_1_843' title='bbox 638 5319 844 5376; x_wconf 86' lang='lat' dir='ltr'><strong>Isidoro</strong></span> <span class='ocrx_word' id='word_1_844' title='bbox 874 5319 953 5393; x_wconf 79' lang='lat' dir='ltr'><strong>[in</strong></span> <span class='ocrx_word' id='word_1_845' title='bbox 994 5321 1171 5377; x_wconf 91' lang='lat' dir='ltr'><strong>locum</strong></span> <span class='ocrx_word' id='word_1_846' title='bbox 1220 5319 1417 5394; x_wconf 43' lang='lat' dir='ltr'><strong>huncj&#39;</strong></span> <span class='ocrx_word' id='word_1_847' title='bbox 1448 5319 1731 5396; x_wconf 79' lang='lat' dir='ltr'><strong>desumpta</strong></span> <span class='ocrx_word' id='word_1_848' title='bbox 1791 5334 1917 5383; x_wconf 90' lang='lat' dir='ltr'><strong>sunt</strong></span> 
     </span>
     <span class='ocr_line' id='line_1_105' title="bbox 441 5400 580 5442; baseline 0.014 -2"><span class='ocrx_word' id='word_1_849' title='bbox 441 5400 580 5442; x_wconf 86' lang='lat' dir='ltr'><strong>rsus.</strong></span> 
     </span>
    </p>
   </div>
   <div class='ocr_carea' id='block_1_105' title="bbox 375 5399 580 5442">
    <p class='ocr_par' dir='ltr' id='par_1_105' title="bbox 375 5399 580 5442">
     <span class='ocr_line' id='line_1_106' title="bbox 375 5399 580 5442; baseline 0.015 -3"><span class='ocrx_word' id='word_1_850' title='bbox 375 5399 580 5442; x_wconf 78' lang='lat' dir='ltr'><strong>rursus.</strong></span> 
     </span>
    </p>
   </div>
   <div class='ocr_carea' id='block_1_106' title="bbox 409 5454 1484 5517">
    <p class='ocr_par' dir='ltr' id='par_1_106' title="bbox 409 5454 1484 5517">
     <span class='ocr_line' id='line_1_107' title="bbox 409 5454 1484 5517; baseline 0.007 -9"><span class='ocrx_word' id='word_1_851' title='bbox 409 5464 434 5494; x_wconf 76' lang='grc' dir='ltr'><strong>α</strong></span> <span class='ocrx_word' id='word_1_852' title='bbox 469 5454 699 5514; x_wconf 82' lang='lat' dir='ltr'><strong>Additur</strong></span> <span class='ocrx_word' id='word_1_853' title='bbox 720 5460 903 5517; x_wconf 88' lang='lat' dir='ltr'><strong>nescio</strong></span> <span class='ocrx_word' id='word_1_854' title='bbox 929 5476 1029 5517; x_wconf 92' lang='lat' dir='ltr'><strong>cur</strong></span> <span class='ocrx_word' id='word_1_855' title='bbox 1059 5479 1073 5516; x_wconf 90' lang='lat'><strong>:</strong></span> <span class='ocrx_word' id='word_1_856' title='bbox 1105 5478 1188 5515; x_wconf 88' lang='lat' dir='ltr'><strong>me</strong></span> <span class='ocrx_word' id='word_1_857' title='bbox 1211 5462 1484 5517; x_wconf 84' lang='lat' dir='ltr'><strong>miserum.</strong></span> 
     </span>
    </p>
   </div>
   <div class='ocr_carea' id='block_1_107' title="bbox 406 5521 1916 5603">
    <p class='ocr_par' dir='ltr' id='par_1_107' title="bbox 406 5521 1916 5603">
     <span class='ocr_line' id='line_1_108' title="bbox 406 5521 1916 5603; baseline 0.01 -25"><span class='ocrx_word' id='word_1_858' title='bbox 406 5521 439 5564; x_wconf 72' lang='grc' dir='ltr'><strong>ά</strong></span> <span class='ocrx_word' id='word_1_859' title='bbox 464 5523 533 5579; x_wconf 78' lang='lat' dir='ltr'><strong>Et</strong></span> <span class='ocrx_word' id='word_1_860' title='bbox 552 5530 1038 5603; x_wconf 14' lang='lat' dir='ltr'><strong>versionemghanc,</strong></span> <span class='ocrx_word' id='word_1_861' title='bbox 1065 5539 1121 5586; x_wconf 85' lang='lat' dir='ltr'><strong>et</strong></span> <span class='ocrx_word' id='word_1_862' title='bbox 1147 5531 1288 5585; x_wconf 91' lang='lat' dir='ltr'><strong>illius</strong></span> <span class='ocrx_word' id='word_1_863' title='bbox 1307 5532 1805 5603; x_wconf 85' lang='lat' dir='ltr'><strong>interpretationem</strong></span> <span class='ocrx_word' id='word_1_864' title='bbox 1832 5545 1916 5593; x_wconf 92' lang='lat' dir='ltr'><strong>to-</strong></span> 
     </span>
    </p>
   </div>
   <div class='ocr_carea' id='block_1_108' title="bbox 335 5599 1915 5675">
    <p class='ocr_par' dir='ltr' id='par_1_108' title="bbox 335 5599 1915 5675">
     <span class='ocr_line' id='line_1_109' title="bbox 335 5599 1915 5675; baseline 0.011 -28"><span class='ocrx_word' id='word_1_865' title='bbox 335 5600 451 5648; x_wconf 84' lang='lat' dir='ltr'><strong>tam</strong></span> <span class='ocrx_word' id='word_1_866' title='bbox 499 5599 782 5670; x_wconf 78' lang='lat' dir='ltr'><strong>exscripsit</strong></span> <span class='ocrx_word' id='word_1_867' title='bbox 817 5600 1071 5658; x_wconf 87' lang='lat' dir='ltr'><strong>Claudius</strong></span> <span class='ocrx_word' id='word_1_868' title='bbox 1095 5618 1163 5658; x_wconf 79' lang='lat' dir='ltr'><strong>ex</strong></span> <span class='ocrx_word' id='word_1_869' title='bbox 1194 5599 1529 5674; x_wconf 75' lang='lat' dir='ltr'><strong>Augustino:</strong></span> <span class='ocrx_word' id='word_1_870' title='bbox 1562 5606 1715 5675; x_wconf 80' lang='lat' dir='ltr'><strong>Vide,</strong></span> <span class='ocrx_word' id='word_1_871' title='bbox 1761 5609 1915 5664; x_wconf 83' lang='lat' dir='ltr'><strong>obse-</strong></span> 
     </span>
    </p>
   </div>
   <div class='ocr_carea' id='block_1_109' title="bbox 2016 4480 3602 4561">
    <p class='ocr_par' dir='ltr' id='par_1_109' title="bbox 2016 4480 3602 4561">
     <span class='ocr_line' id='line_1_110' title="bbox 2016 4480 3602 4561; baseline 0.009 -27"><span class='ocrx_word' id='word_1_872' title='bbox 2016 4480 2189 4535; x_wconf 88' lang='lat' dir='ltr'><strong>Israel</strong></span> <span class='ocrx_word' id='word_1_873' title='bbox 2220 4480 2238 4520; x_wconf 72' lang='grc' dir='ltr'>ί</span> <span class='ocrx_word' id='word_1_874' title='bbox 2270 4498 2284 4538; x_wconf 92' lang='lat'><strong>:</strong></span> <span class='ocrx_word' id='word_1_875' title='bbox 2316 4481 2553 4554; x_wconf 86' lang='lat' dir='ltr'><strong>Loquens</strong></span> <span class='ocrx_word' id='word_1_876' title='bbox 2595 4483 2799 4540; x_wconf 90' lang='lat' dir='ltr'><strong>locutus</strong></span> <span class='ocrx_word' id='word_1_877' title='bbox 2845 4503 2982 4553; x_wconf 89' lang='lat' dir='ltr'><strong>sum,</strong></span> <span class='ocrx_word' id='word_1_878' title='bbox 3015 4497 3069 4540; x_wconf 89' lang='lat' dir='ltr'><strong>ut</strong></span> <span class='ocrx_word' id='word_1_879' title='bbox 3090 4488 3275 4543; x_wconf 88' lang='lat' dir='ltr'><strong>domus</strong></span> <span class='ocrx_word' id='word_1_880' title='bbox 3301 4493 3467 4561; x_wconf 87' lang='lat' dir='ltr'><strong>patris</strong></span> <span class='ocrx_word' id='word_1_881' title='bbox 3521 4496 3602 4550; x_wconf 89' lang='lat' dir='ltr'><strong>tui</strong></span> 
     </span>
    </p>
   </div>
   <div class='ocr_carea' id='block_1_110' title="bbox 2016 4572 3599 4649">
    <p class='ocr_par' dir='ltr' id='par_1_110' title="bbox 2016 4572 3599 4649">
     <span class='ocr_line' id='line_1_111' title="bbox 2016 4572 3599 4649; baseline 0.009 -25"><span class='ocrx_word' id='word_1_882' title='bbox 2016 4572 2335 4627; x_wconf 87' lang='lat' dir='ltr'><strong>ministraret</strong></span> <span class='ocrx_word' id='word_1_883' title='bbox 2356 4573 2413 4627; x_wconf 91' lang='lat' dir='ltr'><strong>in</strong></span> <span class='ocrx_word' id='word_1_884' title='bbox 2441 4585 2727 4646; x_wconf 48' lang='lat' dir='ltr'><strong>conspectu.</strong></span> <span class='ocrx_word' id='word_1_885' title='bbox 2744 4593 2855 4631; x_wconf 89' lang='lat' dir='ltr'><strong>meo</strong></span> <span class='ocrx_word' id='word_1_886' title='bbox 2873 4594 3034 4649; x_wconf 86' lang='lat' dir='ltr'><strong>usque</strong></span> <span class='ocrx_word' id='word_1_887' title='bbox 3050 4579 3106 4633; x_wconf 89' lang='lat' dir='ltr'><strong>in</strong></span> <span class='ocrx_word' id='word_1_888' title='bbox 3131 4590 3406 4636; x_wconf 73' lang='lat' dir='ltr'><strong>(sternam.</strong></span> <span class='ocrx_word' id='word_1_889' title='bbox 3440 4582 3599 4639; x_wconf 85' lang='lat' dir='ltr'><strong>Nunc</strong></span> 
     </span>
    </p>
   </div>
   <div class='ocr_carea' id='block_1_111' title="bbox 2017 4664 3599 4744">
    <p class='ocr_par' dir='ltr' id='par_1_111' title="bbox 2017 4664 3599 4744">
     <span class='ocr_line' id='line_1_112' title="bbox 2017 4664 3599 4744; baseline 0.008 -29"><span class='ocrx_word' id='word_1_890' title='bbox 2017 4672 2191 4717; x_wconf 85' lang='lat' dir='ltr'><strong>autem</strong></span> <span class='ocrx_word' id='word_1_891' title='bbox 2217 4664 2345 4719; x_wconf 88' lang='lat' dir='ltr'><strong>dicit</strong></span> <span class='ocrx_word' id='word_1_892' title='bbox 2371 4664 2629 4720; x_wconf 85' lang='lat' dir='ltr'><strong>Dominus</strong></span> <span class='ocrx_word' id='word_1_893' title='bbox 2654 4680 2672 4718; x_wconf 92' lang='lat'><strong><em>:</em></strong></span> <span class='ocrx_word' id='word_1_894' title='bbox 2694 4667 2827 4722; x_wconf 86' lang='lat' dir='ltr'><strong>absit</strong></span> <span class='ocrx_word' id='word_1_895' title='bbox 2854 4669 2952 4723; x_wconf 87' lang='lat' dir='ltr'><strong>hoc</strong></span> <span class='ocrx_word' id='word_1_896' title='bbox 2971 4687 3003 4723; x_wconf 93' lang='lat' dir='ltr'><strong>a</strong></span> <span class='ocrx_word' id='word_1_897' title='bbox 3026 4686 3108 4724; x_wconf 88' lang='lat' dir='ltr'><strong>me</strong></span> <span class='ocrx_word' id='word_1_898' title='bbox 3137 4687 3155 4725; x_wconf 89' lang='lat'><strong><em>:</em></strong></span> <span class='ocrx_word' id='word_1_899' title='bbox 3185 4671 3276 4726; x_wconf 89' lang='lat' dir='ltr'><strong>sed</strong></span> <span class='ocrx_word' id='word_1_900' title='bbox 3301 4673 3599 4744; x_wconf 86' lang='lat' dir='ltr'><strong>quicunque</strong></span> 
     </span>
    </p>
   </div>
   <div class='ocr_carea' id='block_1_112' title="bbox 2017 4751 3599 4830">
    <p class='ocr_par' dir='ltr' id='par_1_112' title="bbox 2017 4751 3599 4830">
     <span class='ocr_line' id='line_1_113' title="bbox 2017 4751 3599 4830; baseline 0.009 -26"><span class='ocrx_word' id='word_1_901' title='bbox 2017 4751 2385 4822; x_wconf 77' lang='lat' dir='ltr'><strong>gloriﬁcaverit</strong></span> <span class='ocrx_word' id='word_1_902' title='bbox 2420 4772 2520 4823; x_wconf 87' lang='lat' dir='ltr'><strong>me,</strong></span> <span class='ocrx_word' id='word_1_903' title='bbox 2543 4756 2851 4830; x_wconf 82' lang='lat' dir='ltr'><strong>gloriﬁcabo</strong></span> <span class='ocrx_word' id='word_1_904' title='bbox 2873 4776 3010 4813; x_wconf 90' lang='lat' dir='ltr'><strong>eum.</strong></span> <span class='ocrx_word' id='word_1_905' title='bbox 3042 4760 3147 4826; x_wconf 84' lang='lat' dir='ltr'><strong>Qui</strong></span> <span class='ocrx_word' id='word_1_906' title='bbox 3176 4772 3350 4817; x_wconf 90' lang='lat' dir='ltr'><strong>autem</strong></span> <span class='ocrx_word' id='word_1_907' title='bbox 3374 4773 3599 4819; x_wconf 86' lang='lat' dir='ltr'><strong>contem-</strong></span> 
     </span>
    </p>
   </div>
   <div class='ocr_carea' id='block_1_113' title="bbox 2018 4904 3597 4988">
    <p class='ocr_par' dir='ltr' id='par_1_113' title="bbox 2018 4904 3597 4988">
     <span class='ocr_line' id='line_1_114' title="bbox 2018 4904 3597 4988; baseline 0.006 -29"><span class='ocrx_word' id='word_1_908' title='bbox 2018 4919 2145 4988; x_wconf 44' lang='grc' dir='ltr'><strong>εφη</strong></span> <span class='ocrx_word' id='word_1_909' title='bbox 2173 4904 2437 4988; x_wconf 40' lang='lat' dir='ltr'><strong>Caput}.</strong></span> <span class='ocrx_word' id='word_1_910' title='bbox 2471 4909 2618 4966; x_wconf 86' lang='lat' dir='ltr'><strong>Libri</strong></span> <span class='ocrx_word' id='word_1_911' title='bbox 2635 4910 2781 4988; x_wconf 83' lang='lat' dir='ltr'><strong>_XVl.</strong></span> <span class='ocrx_word' id='word_1_912' title='bbox 2833 4910 3179 4988; x_wconf 85' lang='lat' dir='ltr'><strong>de__Civitate.</strong></span> <span class='ocrx_word' id='word_1_913' title='bbox 3211 4914 3387 4970; x_wconf 79' lang='lat' dir='ltr'><strong>Verba</strong></span> <span class='ocrx_word' id='word_1_914' title='bbox 3402 4913 3597 4988; x_wconf 33' lang='lat' dir='ltr'><strong>AAugu-</strong></span> 
     </span>
    </p>
   </div>
   <div class='ocr_carea' id='block_1_114' title="bbox 2016 4975 3593 5066">
    <p class='ocr_par' dir='ltr' id='par_1_114' title="bbox 2016 4975 3593 5066">
     <span class='ocr_line' id='line_1_115' title="bbox 2016 4975 3593 5066; baseline 0.009 -39"><span class='ocrx_word' id='word_1_915' title='bbox 2016 4975 2413 5066; x_wconf 44' lang='lat' dir='ltr'><strong>stini‘lineolis</strong></span> <span class='ocrx_word' id='word_1_916' title='bbox 2439 4982 2787 5066; x_wconf 39' lang='grc' dir='ltr'><strong>Δηοιιιιςξηιιῑ</strong></span> <span class='ocrx_word' id='word_1_917' title='bbox 2834 4982 3052 5066; x_wconf 68' lang='lat' dir='ltr'><strong>scilicet</strong></span> <span class='ocrx_word' id='word_1_918' title='bbox 3090 4992 3351 5066; x_wconf 65' lang='lat' dir='ltr'><strong>agnoscat</strong></span> <span class='ocrx_word' id='word_1_919' title='bbox 3401 4975 3593 5053; x_wconf 63' lang='lat' dir='ltr'><strong>lector,</strong></span> 
     </span>
    </p>
   </div>
   <div class='ocr_carea' id='block_1_115' title="bbox 2017 5048 3595 5193">
    <p class='ocr_par' dir='ltr' id='par_1_115' title="bbox 2017 5048 3595 5193">
     <span class='ocr_line' id='line_1_116' title="bbox 2017 5048 3589 5123; baseline -0.005 -10"><span class='ocrx_word' id='word_1_920' title='bbox 2017 5053 2280 5113; x_wconf 69' lang='lat' dir='ltr'><strong>quantum</strong></span> <span class='ocrx_word' id='word_1_921' title='bbox 2306 5062 2374 5102; x_wconf 83' lang='lat' dir='ltr'><strong>ex</strong></span> <span class='ocrx_word' id='word_1_922' title='bbox 2426 5048 2712 5120; x_wconf 81' lang='lat' dir='ltr'><strong>Augustini</strong></span> <span class='ocrx_word' id='word_1_923' title='bbox 2764 5051 3059 5123; x_wconf 83' lang='lat' dir='ltr'><strong>profecerit</strong></span> <span class='ocrx_word' id='word_1_924' title='bbox 3086 5048 3361 5109; x_wconf 73' lang='lat' dir='ltr'><strong>Claudius.</strong></span> <span class='ocrx_word' id='word_1_925' title='bbox 3579 5048 3589 5053; x_wconf 73' lang='grc'><strong>⁷</strong></span> 
     </span>
     <span class='ocr_line' id='line_1_117' title="bbox 2017 5114 3595 5193; baseline 0.005 -21"><span class='ocrx_word' id='word_1_926' title='bbox 2017 5182 2030 5193; x_wconf 89' lang='lat'><strong><em>_</em></strong></span> <span class='ocrx_word' id='word_1_927' title='bbox 2056 5126 2116 5193; x_wconf 31' lang='grc' dir='ltr'>με</span> <span class='ocrx_word' id='word_1_928' title='bbox 2145 5114 2220 5193; x_wconf 83' lang='lat' dir='ltr'><strong>l_bi</strong></span> <span class='ocrx_word' id='word_1_929' title='bbox 2244 5116 2471 5172; x_wconf 89' lang='lat' dir='ltr'><strong>multum</strong></span> <span class='ocrx_word' id='word_1_930' title='bbox 2491 5131 2558 5193; x_wconf 80' lang='lat' dir='ltr'><strong>an</strong></span> <span class='ocrx_word' id='word_1_931' title='bbox 2578 5121 2883 5193; x_wconf 82' lang='lat' dir='ltr'><strong>Augustini,</strong></span> <span class='ocrx_word' id='word_1_932' title='bbox 2918 5137 3079 5193; x_wconf 89' lang='lat' dir='ltr'><strong>quem</strong></span> <span class='ocrx_word' id='word_1_933' title='bbox 3110 5122 3364 5179; x_wconf 89' lang='lat' dir='ltr'><strong>Claudius</strong></span> <span class='ocrx_word' id='word_1_934' title='bbox 3389 5125 3595 5182; x_wconf 81' lang='lat' dir='ltr'><strong>exscri-</strong></span> 
     </span>
    </p>
   </div>
   <div class='ocr_carea' id='block_1_116' title="bbox 2015 5182 3597 5266">
    <p class='ocr_par' dir='ltr' id='par_1_116' title="bbox 2015 5182 3597 5266">
     <span class='ocr_line' id='line_1_118' title="bbox 2015 5182 3597 5266; baseline 0.011 -30"><span class='ocrx_word' id='word_1_935' title='bbox 2015 5182 2114 5266; x_wconf 75' lang='lat' dir='ltr'><strong>bit,</strong></span> <span class='ocrx_word' id='word_1_936' title='bbox 2168 5183 2616 5266; x_wconf 61' lang='lat' dir='ltr'><strong>interpretatione</strong></span> <span class='ocrx_word' id='word_1_937' title='bbox 2650 5182 2973 5266; x_wconf 57' lang='lat' dir='ltr'><strong>_&#39;ditlertea,</strong></span> <span class='ocrx_word' id='word_1_938' title='bbox 3023 5208 3184 5266; x_wconf 85' lang='lat' dir='ltr'><strong>quam</strong></span> <span class='ocrx_word' id='word_1_939' title='bbox 3232 5193 3321 5250; x_wconf 90' lang='lat' dir='ltr'><strong>hic</strong></span> <span class='ocrx_word' id='word_1_940' title='bbox 3353 5197 3597 5266; x_wconf 89' lang='lat' dir='ltr'><strong>sequitur</strong></span> 
     </span>
    </p>
   </div>
   <div class='ocr_carea' id='block_1_117' title="bbox 2016 5252 3594 5331">
    <p class='ocr_par' dir='ltr' id='par_1_117' title="bbox 2016 5252 3594 5331">
     <span class='ocr_line' id='line_1_119' title="bbox 2016 5252 3594 5331; baseline 0.008 -23"><span class='ocrx_word' id='word_1_941' title='bbox 2016 5252 2160 5309; x_wconf 89' lang='lat' dir='ltr'><strong>idem</strong></span> <span class='ocrx_word' id='word_1_942' title='bbox 2187 5252 2787 5331; x_wconf 71' lang='lat' dir='ltr'><strong>Claudius,_et)lulgata</strong></span> <span class='ocrx_word' id='word_1_943' title='bbox 2815 5260 2930 5316; x_wconf 81' lang='lat' dir='ltr'><strong>fere</strong></span> <span class='ocrx_word' id='word_1_944' title='bbox 2958 5252 3067 5317; x_wconf 46' lang='lat' dir='ltr'><strong>&#39;est&#39;.</strong></span> <span class='ocrx_word' id='word_1_945' title='bbox 3105 5263 3187 5318; x_wconf 86' lang='lat' dir='ltr'><strong>An</strong></span> <span class='ocrx_word' id='word_1_946' title='bbox 3223 5265 3276 5319; x_wconf 85' lang='lat' dir='ltr'><strong>in</strong></span> <span class='ocrx_word' id='word_1_947' title='bbox 3299 5252 3594 5323; x_wconf 44' lang='lat' dir='ltr'><strong>amat-tuen;</strong></span> 
     </span>
    </p>
   </div>
   <div class='ocr_carea' id='block_1_118' title="bbox 2016 5328 3596 5409">
    <p class='ocr_par' dir='ltr' id='par_1_118' title="bbox 2016 5328 3596 5409">
     <span class='ocr_line' id='line_1_120' title="bbox 2016 5328 3596 5409; baseline 0.011 -33"><span class='ocrx_word' id='word_1_948' title='bbox 2016 5339 2154 5409; x_wconf 70' lang='lat' dir='ltr'><strong>sem,</strong></span> <span class='ocrx_word' id='word_1_949' title='bbox 2184 5340 2252 5378; x_wconf 91' lang='lat' dir='ltr'><strong>an</strong></span> <span class='ocrx_word' id='word_1_950' title='bbox 2273 5328 2523 5409; x_wconf 67' lang='lat' dir='ltr'><strong>potiusin</strong></span> <span class='ocrx_word' id='word_1_951' title='bbox 2545 5328 2823 5409; x_wconf 79' lang='lat' dir='ltr'><strong>Claudium</strong></span> <span class='ocrx_word' id='word_1_952' title='bbox 2845 5331 3021 5401; x_wconf 90' lang='lat' dir='ltr'><strong>ipsum</strong></span> <span class='ocrx_word' id='word_1_953' title='bbox 3037 5332 3092 5387; x_wconf 91' lang='lat' dir='ltr'><strong>id</strong></span> <span class='ocrx_word' id='word_1_954' title='bbox 3111 5340 3196 5389; x_wconf 89' lang='lat' dir='ltr'><strong>est</strong></span> <span class='ocrx_word' id='word_1_955' title='bbox 3214 5334 3596 5393; x_wconf 73' lang='lat' dir='ltr'><strong>referendum?</strong></span> 
     </span>
    </p>
   </div>
   <div class='ocr_carea' id='block_1_119' title="bbox 2017 5393 3593 5545">
    <p class='ocr_par' dir='ltr' id='par_1_119' title="bbox 2017 5393 3593 5545">
     <span class='ocr_line' id='line_1_121' title="bbox 2017 5393 2883 5522; baseline 0.007 -74"><span class='ocrx_word' id='word_1_956' title='bbox 2017 5393 2259 5450; x_wconf 82' lang='lat' dir='ltr'><strong>Aliorum</strong></span> <span class='ocrx_word' id='word_1_957' title='bbox 2278 5393 2285 5394; x_wconf 16' lang='lat'><strong>7</strong></span> <span class='ocrx_word' id='word_1_958' title='bbox 2302 5394 2567 5464; x_wconf 91' lang='lat' dir='ltr'><strong>judicium</strong></span> <span class='ocrx_word' id='word_1_959' title='bbox 2601 5393 2883 5522; x_wconf 50' lang='lat' dir='ltr'><strong>exspecto.-</strong></span> 
     </span>
     <span class='ocr_line' id='line_1_122' title="bbox 2097 5462 3593 5545; baseline 0.005 -20"><span class='ocrx_word' id='word_1_960' title='bbox 2097 5462 2310 5545; x_wconf 54' lang='lat' dir='ltr'><strong>‘nNum.</strong></span> <span class='ocrx_word' id='word_1_961' title='bbox 2344 5465 2432 5545; x_wconf 83' lang='lat'><strong>25_.</strong></span> <span class='ocrx_word' id='word_1_962' title='bbox 2459 5467 2544 5545; x_wconf 74' lang='lat' dir='ltr'><strong>t2.</strong></span> <span class='ocrx_word' id='word_1_963' title='bbox 2564 5468 2666 5545; x_wconf 57' lang='lat' dir='ltr'><strong>ds.</strong></span> <span class='ocrx_word' id='word_1_964' title='bbox 2722 5467 2827 5545; x_wconf 51' lang='lat' dir='ltr'><strong>jcce</strong></span> <span class='ocrx_word' id='word_1_965' title='bbox 2851 5470 2918 5525; x_wconf 86' lang='lat' dir='ltr'><strong>do</strong></span> <span class='ocrx_word' id='word_1_966' title='bbox 2940 5474 2989 5545; x_wconf 79' lang='lat' dir='ltr'><strong>ei</strong></span> <span class='ocrx_word' id='word_1_967' title='bbox 3022 5470 3277 5545; x_wconf 82' lang='lat' dir='ltr'><strong>[Pbinees</strong></span> <span class='ocrx_word' id='word_1_968' title='bbox 3300 5474 3411 5532; x_wconf 87' lang='lat' dir='ltr'><strong>ﬁlio</strong></span> <span class='ocrx_word' id='word_1_969' title='bbox 3437 5475 3593 5533; x_wconf 84' lang='lat' dir='ltr'><strong>Elea-</strong></span> 
     </span>
    </p>
   </div>
   <div class='ocr_carea' id='block_1_120' title="bbox 2019 5533 3592 5622">
    <p class='ocr_par' dir='ltr' id='par_1_120' title="bbox 2019 5533 3592 5622">
     <span class='ocr_line' id='line_1_123' title="bbox 2019 5533 3592 5622; baseline 0.01 -33"><span class='ocrx_word' id='word_1_970' title='bbox 2019 5533 2155 5617; x_wconf 74' lang='lat' dir='ltr'><strong>zari]</strong></span> <span class='ocrx_word' id='word_1_971' title='bbox 2184 5549 2363 5615; x_wconf 73' lang='lat' dir='ltr'><strong>pacem</strong></span> <span class='ocrx_word' id='word_1_972' title='bbox 2392 5536 2601 5622; x_wconf 65' lang='lat' dir='ltr'><strong>hederis</strong></span> <span class='ocrx_word' id='word_1_973' title='bbox 2633 5539 2736 5593; x_wconf 87' lang='lat' dir='ltr'><strong>mei</strong></span> <span class='ocrx_word' id='word_1_974' title='bbox 2746 5555 2782 5622; x_wconf 46' lang='grc' dir='ltr'><strong><em>,ε</em></strong></span> <span class='ocrx_word' id='word_1_975' title='bbox 2804 5550 2869 5622; x_wconf 4' lang='lat' dir='ltr'><strong>(et</strong></span> <span class='ocrx_word' id='word_1_976' title='bbox 2911 5543 3009 5598; x_wconf 88' lang='lat' dir='ltr'><strong>erit</strong></span> <span class='ocrx_word' id='word_1_977' title='bbox 3024 5533 3142 5622; x_wconf 37' lang='lat' dir='ltr'><strong>itam</strong></span> <span class='ocrx_word' id='word_1_978' title='bbox 3164 5546 3284 5616; x_wconf 87' lang='lat' dir='ltr'><strong>ipsi,</strong></span> <span class='ocrx_word' id='word_1_979' title='bbox 3324 5564 3481 5621; x_wconf 83' lang='lat' dir='ltr'><strong>quam</strong></span> <span class='ocrx_word' id='word_1_980' title='bbox 3508 5563 3592 5605; x_wconf 78' lang='lat' dir='ltr'><strong>ss-</strong></span> 
     </span>
    </p>
   </div>
   <div class='ocr_carea' id='block_1_121' title="bbox 2020 5607 3278 5695">
    <p class='ocr_par' dir='ltr' id='par_1_121' title="bbox 2020 5607 3278 5695">
     <span class='ocr_line' id='line_1_124' title="bbox 2020 5607 3278 5695; baseline 0.01 -36"><span class='ocrx_word' id='word_1_981' title='bbox 2020 5607 2147 5660; x_wconf 85' lang='lat' dir='ltr'><strong>mini</strong></span> <span class='ocrx_word' id='word_1_982' title='bbox 2186 5607 2321 5674; x_wconf 86' lang='lat' dir='ltr'><strong>ejus,</strong></span> <span class='ocrx_word' id='word_1_983' title='bbox 2346 5616 2553 5676; x_wconf 86' lang='lat' dir='ltr'><strong>pactum</strong></span> <span class='ocrx_word' id='word_1_984' title='bbox 2577 5609 2855 5666; x_wconf 85' lang='lat' dir='ltr'><strong>sacerdotii</strong></span> <span class='ocrx_word' id='word_1_985' title='bbox 2881 5607 3278 5695; x_wconf 34' lang='lat' dir='ltr'><strong>sempiternum..-</strong></span> 
     </span>
    </p>
   </div>
  </div>
