3904 6174
385 297 487 351 647

1451 290 1728 349 CLAUDII
1767 287 2229 346 TAURINENSIS
2271 290 2576 347 El’lSCOPl

3543 295 3657 352 648

381 419 514 466 nunt
548 423 651 472 me,
679 417 830 461 erunt
856 405 1102 476 ignobiles
1124 417 1172 458 ι.
1219 405 1374 474 Quod
1396 407 1538 461 enim
1590 406 1832 462 nominat
1869 402 2276 468 do-AThaat,
2325 403 2418 457 ﬁlii
2470 403 2636 467 Asir,
2689 401 2780 456 ﬁlii
2826 401 3121 472 Abiasaph,
3172 401 3266 456 ﬁlii
3309 400 3511 470 Chore,
3561 405 3663 462 ﬁlii

382 515 532 554 mum
561 499 731 568 patris
759 499 898 567 ejus,
931 513 1036 550 non
1064 497 1130 552 de
1152 499 1407 568 proximo
1448 507 1606 567 patre
1631 497 1836 562 dicere,
1867 497 1964 552 sed

378 591 447 647 de
474 591 565 644 illo
587 591 790 652 Aaron,
825 589 917 657 qui
940 588 1149 658 primus
1175 589 1432 645 sacerdos
1459 599 1543 644 est
1566 590 1868 654 institutus,
1897 589 1965 645 de

375 681 528 750 cujus
553 681 811 752 progenie
839 682 1021 736 caeteri
1051 690 1368 752 sequentur,
1401 682 1685 752 superiora
1735 679 1963 735 demon-

375 781 552 828 strant
595 773 685 827 ubi
747 772 824 826 ait
877 771 1038 845 (Exo.
1073 775 1124 826 4.
1156 773 1247 827 28.
1296 789 1345 826 υ.
1389 773 1440 826 1.
1474 771 1606 842 etc.)
1637 788 1650 824 :
1686 769 1962 824 Reeelatus

370 881 487 918 sum
517 864 698 918 domui
737 865 904 934 patris
932 865 1030 929 tui,
1069 881 1186 918 cum
1215 873 1345 918 esset
1375 863 1430 917 in
1459 861 1692 933 Egypto
1723 862 1777 915 in
1806 861 1961 914 domo

379 955 674 1010 Pharaonis
708 955 963 1027 (Lev.2l.
994 955 1082 1008 22.
1114 972 1260 1009 num.
1296 957 1350 1009 5.
1385 954 1494 1024 l0),
1529 964 1576 1007 et
1599 952 1730 1023 elegi
1759 970 1880 1007 eum
1897 969 1962 1006 e1:

369 1047 612 1100 omnibus
673 1047 910 1101 tribubus
963 1046 1135 1100 Israel
1183 1046 1311 1100 mihi
1338 1047 1394 1100 in
1438 1046 1778 1100 sacerdotem.
1828 1044 1960 1112 Quis

370 1148 524 1207 pater
555 1138 657 1192 fuit
683 1138 844 1207 hujus
887 1139 939 1192 in
971 1137 1227 1209 JEgyptia
1251 1139 1532 1202 servitute,
1573 1139 1715 1192 unde
1744 1154 1866 1193 cum
1895 1139 1960 1192 li-

370 1233 542 1286 berati
575 1240 778 1298 essent,
803 1233 1012 1287 electus
1033 1232 1201 1286 estad
1219 1231 1602 1296 sacerdotium,
1622 1231 1721 1284 nisi
1741 1231 1960 1285 Aaron?

369 1321 445 1375 De
466 1321 624 1390 hujus
655 1338 784 1392 ergo
813 1323 1004 1391 stirpe,
1038 1324 1140 1378 isto
1168 1323 1289 1377 loco
1332 1322 1467 1376 dixit
1501 1321 1740 1375 futurum
1767 1319 1953 1386 fuisse,

365 1421 424 1465 ut
450 1428 555 1465 non
581 1422 764 1467 essent
785 1413 1011 1467 ulterius
1039 1413 1351 1467 sacerdotes
1377 1430 1390 1465 :
1419 1412 1561 1482 quod
1579 1411 1694 1481 jam
1715 1411 1958 1465 videmus

365 1501 668 1570 impletum.
699 1502 896 1574 Vigilat
926 1503 1081 1566 ﬁdes,
1107 1511 1292 1572 presto
1319 1510 1447 1556 sunt
1475 1518 1564 1556 res
1590 1520 1602 1556 :
1633 1510 1954 1568 cernuntur,

367 1603 645 1659 tenentur,
699 1604 755 1650 et
811 1596 995 1650 videre
1052 1595 1349 1649 nolentium
1397 1593 1952 1664 oculis'ingeruntur.

365 1685 555 1754 (Nam.
584 1685 674 1738 ‘25.
703 1686 787 1739 l5.
816 1687 944 1756 etc.)
971 1686 1120 1749 Ecce,
1148 1686 1337 1756 inquit,
1363 1687 1475 1739 dies
1501 1687 1730 1750 veniunt,
1753 1693 1798 1738 et
1824 1701 1956 1755 pra:-

2065 492 2233 557 lsaar,
2280 493 2375 547 lilii
2422 492 2634 557 Caath,
2681 493 2773 547 ﬁlii
2815 493 2966 558 Levi,
3010 493 3104 546 ﬁlii
3135 493 3322 557 Israel,
3376 504 3437 549 ut
3493 497 3665 552 verba

2064 581 2273 636 dierum
2318 592 2566 638 narrant.
2617 583 2695 638 ita
2743 584 3010 638 mediator
3055 583 3189 647 Dei,
3232 592 3288 638 et
3337 585 3660 653 hominum,

2063 683 2124 729 ut
2161 683 2309 730 esset
2337 676 2494 730 nobis
2532 674 2806 740 Pontifex,
2841 691 2944 730 non
2989 675 3056 730 de
3104 675 3256 740 Levi,
3299 677 3396 732 sed
3437 677 3508 733 de
3553 679 3665 735 alia

2061 765 2250 835 utique
2290 766 2455 832 tribu,
2489 767 2543 820 id
2575 765 2835 831 estJuda,
2864 766 3050 820 carnis
3082 767 3353 837 originem
3382 772 3616 842 sumpsit
3643 787 3661 826 :

2063 858 2246 925 aliam,
2287 874 2450 930 quam
2476 859 2705 932 legalem
2737 858 2993 924 hostiam,
3021 859 3076 913 id
3115 867 3200 914 est
3223 861 3399 930 ipsam
3434 877 3662 919 carnem

2063 967 2214 1008 suam
2244 953 2441 1008 obtulit
2484 953 2625 1022 patri
2668 969 2767 1022 pro
2808 952 2965 1007 nobis
2997 967 3012 1006 :
3045 951 3200 1019 alios,
3245 968 3412 1024 quam
3448 955 3517 1010 de
3568 971 3665 1026 ge-

2062 1059 2193 1102 nere
2239 1045 2420 1099 Aaron
2450 1045 2798 1115 pontilicatus
2861 1044 2944 1098 sui
2996 1044 3218 1114 reliquit
3267 1045 3547 1111 haeredes,
3602 1049 3666 1103 ﬁ-

2062 1138 2161 1192 lios
2202 1137 2455 1192 videlicet
2490 1137 2679 1208 gratia:
2708 1136 2844 1192 Novi
2891 1136 3226 1192 Testamenti
3285 1139 3350 1193 de
3395 1157 3660 1197 universa

2061 1228 2302 1298 gentium
2346 1228 2567 1282 natione
2605 1227 2884 1282 collectos.
2938 1226 3094 1294 Quod
3135 1243 3300 1290 vero,
3351 1233 3508 1300 quasi
3555 1235 3660 1287 hu-

2059 1335 2222 1374 mano
2249 1335 2402 1374 more
2433 1320 2691 1389 loquens,
2728 1319 2870 1374 Deus
2918 1320 3049 1375 dicit
3073 1317 3412 1393 (Ibid..idest
3444 1341 3495 1376 υ.
3520 1325 3613 1395 53)
3641 1344 3656 1380 :

2059 1409 2149 1478 qui
2185 1408 2346 1477 juxta
2391 1424 2481 1460 cor
2509 1423 2705 1473 meum,
2748 1416 2796 1460 et
2847 1408 3079 1460 animum
3122 1425 3293 1462 meam
3335 1410 3525 1479 faciat,
3593 1414 3658 1468 de

2060 1498 2312 1552 Samuele
2367 1498 2582 1567 quidem
2621 1506 2766 1551 recte
2811 1506 2989 1566 potest
3017 1499 3211 1567 accipi,
3249 1501 3391 1568 quod
3442 1500 3497 1554 in
3538 1517 3659 1556 om-

2059 1593 2217 1647 nibus
2251 1590 2367 1661 ejus
2404 1589 2664 1643 voluntati
2706 1589 2848 1643 sicut
2895 1589 3056 1644 homo
3090 1589 3202 1645 Deo
3252 1593 3518 1661 paruerit,
3561 1596 3656 1648 sed

2059 1686 2259 1736 rectius
2301 1683 2315 1721 ί
2349 1681 2615 1751 accipitur
2656 1681 2722 1735 de
2761 1681 3009 1746 Domino,
3039 1696 3104 1736 ac
3145 1681 3452 1750 Salvatore,
3509 1687 3656 1754 quod

363 1775 541 1828 cidum
585 1775 855 1829 brachium
902 1787 1072 1841 tuum,
1098 1789 1145 1830 et
1196 1777 1466 1830 brachium
1511 1776 1698 1829 domus
1737 1784 1863 1840 tuw,
1895 1783 1952 1828 ut
1984 1750 2029 1809 Β
2058 1775 2200 1829 sicut
2223 1773 2393 1827 Filius
2421 1770 2730 1842 unigenitus
2771 1771 2784 1821 i
2813 1780 3168 1841 paternorum
3198 1773 3270 1826 sit
3310 1774 3365 1827 in
3395 1776 3656 1832 omnibus

363 1882 468 1919 non
499 1867 564 1920 sit
597 1873 754 1920 senex
784 1868 838 1920 in
866 1867 1021 1920 domo
1049 1877 1164 1931 tua,
1187 1877 1234 1920 et
1265 1867 1458 1922 videbis
1491 1865 1759 1920 Christum
1789 1881 1954 1920 a’mu-

362 1953 474 2008 lum
503 1965 652 2008 tuum
687 1957 741 2011 in
769 1956 958 2026 templo
990 1957 1042 2009 in
1061 1957 1315 2010 universis
1336 1957 1601 2027 prosperis
1627 1957 1683 2009 in
1706 1954 1878 2008 Israel
1899 1954 1948 2008 δ.

361 2044 504 2098 Ecce
531 2046 665 2108 dies,
694 2047 784 2116 qui
812 2046 1158 2114 pratnuntiati
1187 2055 1331 2110 sunt,
1356 2045 1469 2114 jam
1511 2053 1797 2100 venerunt.
1831 2042 1955 2097 Nul-

359 2137 446 2192 lus
475 2139 730 2192 sacerdos
757 2139 1056 2193 secundum
1100 2140 1349 2193 ordinem
1376 2139 1558 2192 Aaron
1598 2157 1610 2192 :
1647 2147 1702 2192 et
1730 2139 1955 2206 quicun-

357 2243 463 2297 que
489 2243 555 2284 ex
576 2231 692 2299 ejus
722 2245 918 2300 genere
947 2238 1032 2284 est
1061 2231 1247 2295 homo,
1283 2246 1408 2284 cum
1443 2231 1592 2284 videt
1620 2230 1952 2284 sacriﬁcium

356 2320 788 2375 Christianorum
815 2330 926 2376 toto
955 2323 1084 2376 orbe
1105 2321 1329 2392 pollere,
1353 2321 1456 2375 sibi
1479 2330 1661 2375 autem
1689 2320 1950 2374 honorem

358 2409 510 2464 illum
534 2427 657 2466 esse
682 2412 1045 2477 subtractum,
1076 2412 1335 2467 deﬁciunt
1360 2411 1501 2466 oculi
1530 2412 1666 2482 ejus,
1691 2419 1746 2465 et
1767 2409 1954 2466 deﬂuit

355 2500 536 2554 anima
565 2501 682 2570 ejus
712 2499 836 2554 tabe
878 2501 1149 2555 mteroris.
1182 2500 1405 2570 Proprie
1437 2509 1618 2553 autem
1674 2499 1742 2552 ad
1791 2499 1952 2570 hujus

354 2589 576 2643 domum
626 2589 765 2656 lleli,
797 2590 886 2644 cui
926 2591 1041 2645 haec
1095 2590 1437 2655 dicebantur,
1488 2590 1632 2659 quod
1683 2592 1947 2660 sequitur,

352 2683 628 2751 pertinet:
671 2682 740 2754 (v.
772 2682 858 2746 55,
891 2691 939 2736 et
988 2683 1102 2753 54.)
1147 2683 1213 2740 Et
1242 2699 1366 2754 pars
1397 2698 1589 2753 magna
1627 2682 1814 2736 domus
1845 2692 1951 2738 tua:

354 2775 630 2839 morietur,
657 2791 773 2828 cum
799 2775 869 2828 ad
895 2774 1096 2829 virilem
1124 2783 1328 2829 (etatem
1347 2775 1580 2828 venerint
1608 2788 1625 2825 :
1656 2776 1753 2828 hoc
1772 2783 1948 2828 autem

351 2866 451 2917 erit
481 2865 575 2918 tibi
598 2866 825 2936 signum,
853 2866 992 2936 quod
1018 2875 1324 2921 eventurum
1351 2875 1429 2920 est
1466 2865 1669 2919 duobus
1694 2866 1820 2936 ﬁliis
1846 2867 1950 2920 tuis

355 2955 502 3026 Ofni,
535 2967 582 3010 et
613 2957 802 3012 Finees
827 2972 844 3010 :
866 2959 921 3011 in
943 2959 1027 3013 die
1056 2974 1160 3012 uno
1183 2958 1475 3013 morientur
1501 2957 1794 3012 ambo.Hoc
1819 2973 1950 3030 ergo

351 3045 565 3117 signum
587 3045 788 3102 factum
809 3056 896 3102 est
915 3047 1158 3102 mutandi
1182 3046 1469 3102 sacerdotii
1493 3047 1560 3102 de
1581 3047 1740 3101 domo
1760 3045 1940 3117 hujus,

351 3148 460 3204 quo
505 3137 664 3206 signo
693 3137 1055 3206 signiﬁcatum
1103 3145 1206 3204 est,
1248 3137 1570 3191 mutandum
1613 3137 1943 3192 sacriﬁcium

353 3236 379 3268 ο
420 3228 612 3284 domus
640 3230 842 3284 Aaron.
871 3229 1013 3284 Mors
1043 3229 1240 3298 quippe
1273 3229 1506 3283 ﬁliorum
1548 3228 1709 3300 hujus
1732 3229 1943 3300 signiﬁ-

347 3319 498 3378 cavit
525 3329 779 3384 mortem,
820 3335 927 3375 non
975 3319 1281 3386 hominum,
1314 3321 1408 3375 sed
1437 3320 1607 3391 ipsius
1651 3322 1940 3376 sacerdotii

351 3409 422 3465 de
449 3410 572 3464 ﬁliis
596 3409 801 3465 Aaron.

430 3545 448 3578 ι
494 3525 645 3593 Quod
679 3536 862 3582 autem
909 3527 1177 3598 sequitur,
1207 3527 1277 3582 ad
1324 3527 1471 3582 illum
1511 3527 1676 3582 etiam
1704 3527 1940 3598 pertinet

349 3619 711 3686 sacerdotem,
741 3618 894 3688 cujus
931 3619 1160 3692 ﬁguram
1181 3620 1349 3692 gessit
1369 3619 1418 3687 ἀ,
1448 3620 1574 3674 huic
1599 3620 1940 3674 succedendo

350 3709 590 3766 Samuel.
611 3710 844 3766 Proinde
865 3727 986 3781 quae
1009 3720 1309 3781 sequuntur
1323 3712 1390 3767 de
1420 3710 1638 3767 Christo
1653 3710 1781 3767 Iesu
1803 3711 1938 3768 Novi

359 3799 683 3856 festamenti
707 3817 838 3858 vero
857 3797 1140 3858 sacerdote
1160 3803 1414 3858 dicuntur
1439 3802 1506 3875 (v.
1525 3802 1636 3874 55).
1662 3801 1936 3858 Suscitabo

350 3893 476 3946 mihi
498 3893 820 3948 sacerdotem
843 3894 1074 3964 fidelem,
1113 3894 1203 3966 qui
1219 3893 1379 3965 juxta
1404 3911 1496 3949 cor
1528 3910 1699 3949 meum
1752 3905 1801 3949 et
1820 3895 1938 3949 ani-

352 3998 490 4038 mam
519 3999 686 4036 nteant
713 3983 894 4052 faciat.

422 4102 446 4130 ο
483 4111 501 4141 ι
555 4090 668 4146 Sub
717 4091 887 4162 ﬁgura
934 4091 1220 4158 Samuelis,
1268 4093 1336 4148 de
1379 4092 1608 4168 Domino
1652 4093 1937 4148 Salvatore

353 4197 562 4238 summo
587 4184 860 4247 videlicet,
900 4200 966 4238 ac
993 4199 1123 4239 vero
1148 4185 1404 4255 pontiﬁce
1449 4184 1611 4240 debet
1652 4184 1877 4255 intelligi
1919 4201 1932 4237 :

357 4270 374 4310 τ
413 4272 506 4340 qui
554 4272 829 4337 nimirum,
884 4275 1023 4327 sicut
1060 4272 1302 4340 Samuel,
1353 4274 1608 4330 defuncto
1653 4272 1791 4337 l-leli,
1817 4288 1938 4328 suc-

342 4361 515 4416 cessit
560 4361 613 4415 in
651 4364 1037 4429 sacerdotium,
1078 4380 1182 4420 non
1223 4366 1288 4421 de
1316 4367 1484 4435 stirpe
1506 4365 1708 4431 Aaron,
1735 4366 1830 4421 sed
1867 4365 1936 4421 de

2061 1863 2318 1919 conscius
2356 1877 2680 1917 arcanorum
2725 1879 2738 1915 :
2769 1861 2925 1932 juxta
2976 1862 3120 1930 quod
3169 1863 3234 1917 de
3273 1879 3330 1918 se
3378 1864 3497 1933 ipse
3535 1881 3654 1920 ma-

2053 1955 2251 2010 nifeste
2292 1963 2538 2019 testatur,
2585 1953 2772 2008 dicens
2801 1952 2911 2023 (lo.
2950 1953 3004 2008 8.
3051 1952 3141 2024 28)
3179 1953 3295 2007 :Et
3328 1973 3362 2008 a
3409 1971 3494 2008 me
3536 1957 3652 2025 ipso

2054 2047 2194 2116 facio
2233 2045 2388 2111 nihil,
2422 2045 2512 2099 sed
2561 2045 2696 2099 sicut
2746 2044 2922 2097 docuit
2967 2060 3045 2098 me
3079 2054 3250 2113 pater,
3285 2046 3398 2099 ha'c
3437 2045 3648 2118 loquor.

2055 2135 2122 2188 Et
2171 2137 2261 2206 qui
2314 2152 2395 2188 me
2429 2135 2593 2200 misit,
2649 2150 2851 2188 mecum
2893 2143 3008 2198 est,
3049 2143 3096 2187 et
3148 2151 3253 2188 non
3301 2134 3513 2206 reliquit
3570 2154 3650 2192 me

2052 2227 2242 2293 solum,
2271 2228 2396 2299 quia
2422 2243 2539 2298 qua:
2566 2226 2762 2296 placita
2783 2233 2905 2279 sunt
2935 2224 3001 2290 ei,
3028 2224 3166 2294 facio
3189 2242 3412 2296 semper.

2129 2345 2154 2383 κ
2193 2360 2210 2394 ‹
2252 2343 2310 2397 In
2339 2343 2444 2398 hoc
2466 2357 2594 2396 vero
2629 2341 2773 2410 quod
2811 2341 2890 2395 ait
2918 2339 3100 2395 Deus:
3148 2342 3272 2412 quia
3301 2344 3482 2396 omnia
3525 2362 3645 2415 qua

2052 2439 2107 2491 in
2139 2437 2292 2491 corde
2321 2453 2454 2500 meo,
2484 2445 2532 2490 et
2559 2452 2675 2507 qua:
2703 2436 2758 2489 in
2785 2435 2963 2488 anima
3003 2451 3115 2489 mea
3138 2443 3277 2500 sunt,
3305 2435 3487 2506 faciet,
3534 2455 3644 2492 non

2051 2529 2380 2584 arbitremﬂr
2406 2527 2606 2582 habere
2627 2526 2861 2581 animam
2890 2525 3082 2591 Deum,
3116 2541 3242 2580 cum
3272 2525 3344 2580 sit
3389 2529 3644 2584 conditor

2052 2623 2275 2687 animae;
2307 2622 2400 2676 sed
2432 2622 2504 2675 ita
2526 2621 2593 2676 de
2629 2620 2742 2675 Deo
2773 2621 2998 2691 tropice,
3035 2627 3143 2675 non
3174 2621 3393 2690 proprie
3421 2621 3642 2685 dicitur,

2051 2715 2192 2771 sicut
2228 2729 2439 2778 manus,
2474 2728 2592 2782 pes,
2630 2720 2686 2766 et
2710 2711 2814 2765 alia
2861 2711 3111 2782 corporis
3158 2711 3440 2766 membra:
3476 2720 3531 2764 et
3576 2725 3642 2764 ne

2051 2805 2347 2862 secundum
2377 2804 2480 2858 hoc
2503 2802 2757 2858 credatur
2787 2801 2950 2855 homo
2990 2800 3044 2854 in
3101 2800 3284 2854 carnis
3317 2798 3480 2867 hujus
3528 2798 3640 2854 cili.

2050 2899 2138 2972 gie
2162 2897 2336 2953 factus
2367 2895 2432 2950 ad
2454 2895 2745 2965 imaginem
2773 2892 2888 2956 Dei,
2915 2891 3208 2958 adduntur,
3247 2900 3304 2947 et
3349 2892 3472 2958 alat,
3505 2907 3638 2962 quas

2049 2989 2238 3059 utique
2276 3003 2380 3041 non
2424 2985 2576 3039 habet
2620 2984 2794 3039 homo.
2839 2982 2906 3036 Et
2939 2982 3139 3038 dicitur
3169 2982 3280 3037 Deo
3317 2982 3494 3054 (Psal.
3550 2982 3633 3037 16.

1970 3109 2018 3174 ρ
2049 3079 2104 3143 8)
2139 3098 2152 3135 :
2186 3079 2281 3135 sub
2312 3077 2497 3133 umbra
2525 3075 2732 3130 alarum
2771 3085 2983 3174 mgnum
3013 3083 3221 3146 protege
3241 3091 3320 3129 me
3339 3092 3357 3129 :
3389 3084 3450 3130 ut
3487 3075 3634 3130 intel-

2042 3171 2216 3244 ligant
2240 3168 2489 3224 homines
2513 3166 2579 3220 de
2608 3165 2696 3218 illa
2728 3163 2983 3219 ineﬁ‘abili
3008 3172 3202 3218 natura
3227 3179 3337 3218 non
3377 3167 3630 3236 propriis,

2042 3265 2139 3323 sed
2165 3259 2440 3318 translatis
2467 3271 2650 3313 rerum
2675 3254 2951 3310 vocabulis
2978 3255 3082 3310 ista
3107 3255 3212 3311 dici
3249 3254 3291 3309 ι.
3328 3275 3348 3309 s

2121 3377 2189 3432 Et
2219 3371 2488 3442 wdi/icabe
2509 3373 2558 3425 ei
2583 3369 2799 3424 domum
2819 3367 3050 3437 ﬁdelem,
3073 3377 3122 3423 et
3143 3368 3432 3423 ambulabit
3455 3386 3631 3424 coram

2043 3467 2252 3523 Christo
2302 3479 2416 3518 meo
2443 3462 2644 3516 cunctis
2670 3459 2872 3516 diebus.
2913 3477 2931 3510 ι
2966 3460 3085 3529 Ipsa
3109 3468 3196 3514 est
3221 3461 3436 3527 domus,
3471 3477 3630 3532 quam

2039 3557 2274 3615 mdiﬁcat
2301 3563 2473 3625 pater,
2509 3552 2576 3608 de
2621 3567 2727 3622 qua
2769 3549 3060 3620 Apostolus
3089 3550 3168 3604 ait
3197 3548 3387 3622 (Hebr.
3415 3553 3471 3608 5.
3507 3554 3584 3622 6.)
3616 3571 3628 3605 :

2037 3666 2156 3722 qua:
2183 3649 2370 3702 domus
2407 3660 2589 3699 sumus
2627 3659 2739 3707 nos,
2773 3642 2818 3696 si
2859 3641 3134 3711 ﬁduciam,
3174 3651 3222 3697 et
3257 3641 3487 3713 gloriam
3527 3645 3632 3715 spei

2038 3754 2201 3810 usque
2229 3739 2284 3790 in
2327 3734 2484 3804 finem
2519 3732 2727 3801 ﬁrmam
2778 3731 3116 3785 retineamus.
3158 3731 3226 3786 Et
3275 3733 3393 3787 haec
3443 3734 3633 3789 domus

2038 3831 2326 3888 ambulabit
2357 3843 2537 3883 coram
2566 3825 2775 3880 Christo
2801 3825 2940 3894 ejus,
2968 3825 3087 3895 ipso
3132 3825 3389 3881 videlicet
3421 3842 3632 3882 summo

2039 3921 2319 3978 Pontiﬁce.
2372 3915 2712 3981 Ambulabit,
2767 3916 2938 3981 dixit,
2999 3916 3052 3970 id
3081 3924 3167 3972 est
3187 3919 3626 3983 conversabitur,

2037 4012 2447 4082 sicut-superius
2471 4011 2685 4064 dixerat
2720 4007 2788 4064 de
2829 4008 2992 4063 domo
3019 4008 3200 4063 Aaron
3244 4008 3315 4080 (υ.
3351 4009 3444 4080 50)
3475 4029 3487 4063 :
3531 4009 3632 4063 La-

2036 4121 2200 4176 quem
2225 4103 2432 4156 locutus
2454 4117 2594 4165 sum,
2617 4109 2674 4153 ut
2701 4099 2890 4152 domus
2912 4107 3025 4162 tua,
3057 4107 3104 4152 et
3145 4098 3333 4153 domus
3360 4101 3528 4170 patris
3554 4101 3632 4152 tui

2038 4195 2362 4250 ministraret
2392 4193 2446 4246 in
2469 4201 2744 4261 conspectu
2769 4205 2900 4252 meo,
2946 4206 3108 4260 usque
3137 4189 3191 4244 in
3231 4190 3627 4258 sempiternum.

2038 4283 2193 4352 Quod
2219 4293 2398 4338 autem
2425 4283 2502 4338 ait
2529 4297 2542 4336 :
2585 4298 2765 4336 coram
2812 4279 3022 4335 Christo
3052 4297 3170 4335 meo
3199 4279 3508 4344 ambulabit,
3562 4281 3629 4335 de

2040 4377 2155 4448 ipsa
2184 4377 2346 4432 domo
2372 4377 2559 4446 utique
2591 4375 2997 4445 intelligendum
3026 4383 3130 4439 est,
3163 4390 3271 4428 non
3315 4373 3384 4429 de
3419 4373 3511 4428 illo
3533 4389 3626 4427 sa-

347 4454 455 4509 alia
497 4454 626 4510 Levi
668 4454 869 4511 familia
905 4457 1131 4513 electus.
1176 4457 1302 4513 Fuit
1333 4460 1477 4513 enim
1519 4462 1544 4500 3
1577 4459 1660 4531 (ut
1697 4458 1812 4528 jam
1845 4476 1936 4516 su-
1961 4454 2013 4513 D
2039 4467 2279 4532 cel-dote,
2311 4467 2403 4536 qui
2440 4475 2525 4520 est
2547 4465 2797 4520 Christus
2828 4464 2962 4534 ipse,
2992 4465 3280 4528 mediator,
3310 4472 3476 4532 atque
3515 4463 3629 4517 Sal-

347 4563 444 4616 pra
492 4549 858 4621 meminimus)
895 4550 1037 4605 ﬁlius
1085 4550 1358 4607 llelcbana
1385 4594 1399 4618 ,
1439 4552 1532 4608 ﬁlii
1582 4553 1929 4618 Hieroboam,

347 4639 442 4694 ﬁlii
484 4639 728 4707 Helihel,
771 4642 862 4696 ﬁlii
906 4642 1095 4708 Thau,
1155 4643 1249 4698 ﬁlii
1290 4645 1320 4685 ιι
1370 4644 1507 4710 Sut,
1565 4645 1660 4700 ﬁlii
1703 4645 1934 4700 llelcha-

347 4746 456 4795 ua,
501 4731 596 4785 ﬁlii
659 4729 848 4797 Johel,
890 4733 983 4787 ﬁlii
1030 4727 1262 4798 Azarize,
1316 4734 1410 4788 ﬁlii
1460 4735 1748 4804 Sophonia:
1775 4775 1791 4799 ,
1837 4734 1932 4789 ﬁlii

419 4913 443 4940 ο
471 4902 594 4976 llrec
621 4918 834 4976 quoque
879 4921 942 4959 et
976 4906 1198 4976 Vulgata
1229 4908 1508 4976 desumpta
1540 4917 1663 4962 sunt
1690 4927 1701 4961 :
1737 4919 1926 4965 contra

345 4969 676 5047 Augustinus
703 4969 870 5047 multo
897 4969 1211 5032 dissimilem
1242 4969 1746 5047 interpretationem
1771 4982 1928 5035 exhi—

344 5039 457 5116 bet,
475 5045 631 5116 Aquod
661 5053 729 5116 e_t_
745 5045 998 5116 deinceps
1024 5057 1291 5102 servatur.

418 5111 445 5151 ι)
473 5111 533 5168 νζ
559 5115 657 5190 _'5l.
680 5113 800 5190 _lloc
827 5116 878 5168 in
920 5111 1037 5190 loco
1071 5133 1172 5173 nec
1212 5133 1434 5187 prorsus
1486 5119 1794 5190 Vulgatam,
1828 5136 1930 5176 nec

344 5179 630 5258 Augustini
678 5185 1179 5258 interpretationem
1213 5179 1463 5258 sequitur
1513 5179 1792 5257 Claudius,
1833 5193 1927 5247 sed

345 5252 506 5325 aliam
547 5252 876 5325 quampiam.

419 5335 440 5362 ε
477 5324 812 5396 Augustinus
840 5330 1016 5386 editus
1039 5330 1408 5397 sacerdotium,
1439 5332 1534 5388 sed
1563 5333 1752 5388 eodem
1780 5341 1923 5387 utra-

347 5407 451 5462 que
479 5411 580 5448 vox
611 5408 837 5468 spectat.

417 5463 442 5502 τι
475 5464 697 5522 Scilicet
723 5468 836 5523 Heli

422 5544 444 5572 ε
474 5533 602 5590 llaec
622 5553 745 5606 quae
778 5540 1040 5616 hactenus
1061 5545 1264 5609 notavi,
1292 5544 1346 5598 in
1367 5543 1924 5616 Augustinoexstant.

346 5599 475 5684 Quae
509 5599 805 5684 sequuntur
842 5615 1104 5684 perquire
1136 5615 1188 5668 in
1233 5599 1544 5684 quaestioiie
1583 5615 1623 5670 Ι.
1649 5599 1826 5670 Beda:
1873 5615 1927 5670 in

350 5673 618 5756 libro‘
663 5673 1021 5756 quaestionum
1050 5684 1104 5737 in
1137 5673 1307 5740 libros
1340 5684 1563 5756 Regum.

426 5743 444 5782 ί
470 5744 658 5800 Editus
684 5743 842 5819 quod.

2043 4565 2218 4610 vator.
2241 4557 2443 4610 Domus
2461 4570 2591 4626 ergo
2611 4553 2730 4622 ejus
2759 4568 2946 4608 coram
2978 4553 3072 4608 illo
3095 4554 3414 4608 ambulabit.
3442 4552 3629 4607 Potest

2040 4657 2096 4704 et
2143 4647 2426 4702 ambulabit
2478 4648 2706 4719 intelligi
2733 4649 2800 4703 de
2829 4655 3006 4702 morte
3029 4648 3098 4702 ad
3131 4648 3317 4712 vitam,
3373 4647 3628 4702 omnibus

2038 4738 2229 4794 diebus
2250 4738 2446 4807 quibus
2467 4739 2748 4809 peragitur
2784 4754 2954 4807 usque
2974 4739 3030 4794 in
3060 4737 3221 4792 ﬁnem
3257 4738 3439 4794 saeculi
3467 4737 3626 4806 hujus

2113 4920 2138 4957 ⁸
2166 4917 2515 4973 Parcnlhesis
2542 4919 2658 4974 haec
2689 4919 2742 4972 in
2764 4919 2926 4974 editis
2953 4919 3122 4974 deest.

2104 4987 2130 5027 ιι
2159 4988 2299 5058 ξεᾋὶι.
2343 4987 2511 5058 Suph.

2112 5059 2128 5098 ί
2167 5057 2290 5133 llaec
2316 5057 2480 5133 verba
2507 5059 2710 5125 addidi,
2738 5067 2799 5114 ut
2836 5075 3058 5114 sensum
3101 5068 3503 5128 connecterem,
3527 5064 3619 5133 qui

2036 5127 2275 5196 alioquin
2315 5129 2514 5183 deﬁcit.

2111 5197 2124 5248 i
2167 5199 2222 5250 ln
2268 5198 2464 5252 Codice
2493 5199 2688 5270 legitur
2711 5209 3077 5270 patronorum,
3119 5217 3221 5270 per
3276 5203 3622 5261 amanuensis

2036 5277 2298 5344 erratum,
2326 5277 2385 5322 ut
2421 5270 2670 5338 equidem
2696 5285 2910 5324 censeo.
3112 5269 3276 5344 habet
3302 5275 3500 5344 patris.

2110 5339 2137 5376 ι
2164 5338 2377 5414 Rursus
2391 5354 2510 5414 qua:
2534 5348 2844 5414 sequuntur
2858 5342 3082 5414 tradidit
3102 5338 3439 5414 Augustinus
3467 5358 3616 5398 num.

2035 5408 2091 5462 5.
2125 5409 2319 5474 capitis
2347 5409 2403 5465 5.
2423 5409 2549 5464 libri
2576 5411 2660 5474 l7,
2682 5411 2748 5464 de
2785 5409 2938 5465 Ciuit.

2115 5477 2132 5515 ι
2167 5477 2439 5552 Haclenu_s
2477 5479 2826 5552 Augustinus.
2874 5481 3003 5548 Qute
3062 5491 3384 5552 sequuntur,
3423 5485 3620 5539 iterum

2033 5548 2289 5626 perquire
2313 5549 2364 5602 in
2385 5549 2528 5626 Deda
2552 5550 2895 5626 [loco__nuper
2920 5548 3169 5626 allegato,
3187 5555 3238 5608 id
3259 5563 3346 5626 est
3367 5548 3623 5626 quaestio-

2037 5633 2104 5694 ne
2137 5619 2186 5682 l,
2220 5619 2362 5694 inter
2383 5619 2485 5694 30,
2505 5619 2777 5694 nonnullis
2801 5619 2990 5694 tamen
3015 5619 3336 5694 immutatis,
3367 5619 3423 5682 et
3471 5625 3622 5680 addi-

2038 5688 2128 5758 tis,
2159 5704 2278 5760 qua:
2303 5689 2525 5748 Claudio
2546 5692 2646 5762 ipsi
2674 5693 2902 5766 tribuo].
