3904 6174
266 306 364 365 649
1147 309 1608 379 QUESTIONES
1646 309 1797 365 XXX
1839 308 2065 366 SUPER
2101 309 2348 365 LIBROS
2383 309 2643 367 REGUM.
3396 314 3500 364 650

263 423 364 478 ista
401 419 738 476 mortalitas:
772 421 1006 490 alioquin
1026 423 1294 491 quomodo
1325 425 1394 478 de
1447 424 1695 482 Samuele
1729 430 1828 494 po:
1857 429 1908 487 Α
1933 420 2170 489 postulat
2219 420 2504 487 comedere
2539 410 2832 477 buccellam
2873 423 3047 491 panis,
3080 423 3275 493 quibus
3325 426 3504 483 verbis

165 583 167 585 _
259 524 364 569 test
393 513 585 582 accipi,
616 513 757 581 quod
780 515 1040 569 aediﬁcata
1063 517 1132 570 si;
1170 517 1219 568 ei
1269 518 1460 571 domus
1487 518 1676 581 ﬁdelis,
1705 533 1832 586 qum.
1926 509 2102 576 ipsum
2140 511 2463 567 simiﬁcium
2507 511 2925 566 Christianorum
2971 512 3245 582 eleganter
3278 530 3490 586 expres-

255 617 436 658 coram
464 601 680 656 Christo
723 602 933 656 Domini
962 603 1038 676 (id
1081 615 1185 670 est,
1233 606 1352 674 ipso
1385 605 1652 675 Samuele)
1697 622 1838 660 cun-
1925 612 2044 651 sum
2069 599 2270 662 est-H10
2294 615 2402 667 quo
2430 599 2830 662 dicilsacerdos
2879 601 3032 670 ipse:
3073 601 3266 673 (Dabo)
3309 603 3498 670 Panis,

255 696 355 749 ctis
384 692 574 747 diebus
595 693 884 757 incederet,
917 710 1038 748 eum
1089 697 1326 765 legamus
1374 697 1425 749 in
1473 697 1769 764 sequentibl

1922 703 2072 755 quem
2099 704 2192 757 ego
2220 687 2363 757 (Joa.
2391 689 2442 741 6.
2471 689 2560 758 52)
2585 690 2796 755 dedero,
2825 708 2947 744 caro
2969 709 3082 744 mea
3105 703 3179 746 est
3205 711 3299 763 pro
3317 701 3498 752 mundi

252 784 406 856 (Cap.
436 785 490 838 8.
530 801 578 838 υ.
617 783 696 854 5),
729 784 870 853 quod
917 785 1009 838 ﬁlii
1046 787 1192 840 illius
1238 787 1484 858 (adversi)
1526 789 1703 841 aversi
1755 790 1822 844 de
1924 779 2047 830 vita.
2084 777 2262 846 Ipsum
2311 779 2508 848 quippe
2534 788 2617 833 est
2678 781 3006 836 sacriﬁcium
3045 799 3152 837 non
3202 788 3495 842 secundum

252 877 354 930 viis
391 873 529 941 ejus,
561 883 686 944 post
709 875 991 929 avaritiam
1015 875 1422 942 declinaverint,
1455 887 1510 933 et
1553 889 1823 948 perverte—
1921 868 2164 922 Ordinem
2187 869 2366 922 Aaron
2395 869 2578 940 ("0”"-
2607 870 2658 923 5-
2689 870 2740 924 θ’
2772 881 2820 925 ετ
2860 872 2910 924 7-
2959 873 3042 925 “-
3073 874 3222 944 εισι),
3278 878 3371 932 sed
3415 894 3500 932 50-

250 967 361 1020 rint
412 965 676 1034 judicium
716 982 728 1017 :
778 966 883 1019 nisi
938 965 1074 1019 forte
1122 967 1338 1020 domum
1385 969 1502 1038 ejus
1546 971 1648 1025 hoc
1703 971 1849 1026 loco.
1920 958 2152 1011 "Indum
2183 959 2429 1012 ordinem
2460 960 2870 1016 Μθιοιιίεθάεῡὺο
2921 981 2939 1015 ι

247 1057 456 1126 plebem
483 1055 834 1109 Israeliticam
858 1055 1234 1125 intelligamus,
1258 1072 1376 1126 quae
1397 1061 1607 1115 cunctis
1632 1062 1769 1116 diebt

1996 1059 2018 1085 ε·
2049 1045 2272 1100 Factum
2296 1058 2371 1101 est
2420 1059 2592 1101 autem
2635 1051 2689 1103 in
2734 1051 2818 1104 die
2847 1052 3245 1122 quodam,Heli
3283 1056 3497 1124 jucebat

245 1147 532 1201 sacerdotii
563 1146 679 1213 ejus
696 1145 923 1198 Domino
963 1147 1230 1210 servierit,
1279 1148 1346 1200 de
1395 1164 1500 1216 qua
1555 1151 1769 1220 scriptu}

1917 1137 1974 1190 in
2000 1135 2112 1190 loco
2133 1153 2250 1201 suo,
2284 1147 2332 1191 et
2373 1138 2511 1191 oculi
2553 1140 2668 1208 ejus
2715 1141 3091 1210 caligaverunt,
3148 1161 3239 1197 nec
3293 1156 3498 1215 poterat

242 1249 328 1293 est
359 1238 504 1310 (Reg.
536 1255 575 1291 ι.
603 1238 654 1308 7)
683 1255 696 1290 :
730 1237 797 1290 Et
828 1238 1071 1307 requievit
1095 1240 1260 1292 omnis
1302 1239 1470 1294 Israel
1501 1253 1616 1311 post
1638 1243 1818 1297 Domi-
1917 1229 2092 1282 videre
2115 1229 2381 1282 lucernam
2411 1230 2508 1284 Dei
2535 1242 2810 1302 antequam
2851 1235 3284 1303 exstingueretur.
3319 1239 3374 1292 In
3416 1245 3496 1291 ta—

241 1345 390 1381 num.
417 1329 481 1381 Et
497 1328 653 1397 paulo
677 1337 801 1398 post
823 1327 1046 1398 (lbid.v.
1070 1327 1490 1393 4):.4bstulerunt
1519 1332 1617 1399 filii
1647 1331 1818 1386 Israel
1919 1317 2214 1374 bernaculo
2247 1320 2468 1376 foederis
2509 1331 2626 1376 erat
2655 1324 3055 1389 candelabrum.
3089 1328 3181 1382 ubi
3211 1343 3242 1383 ει
3270 1344 3495 1399 vespere

237 1419 474 1483 Baalim,
499 1429 545 1471 et
561 1417 824 1483 Astaroth,
851 1428 899 1472 et
921 1423 1204 1474 servierunt
1225 1419 1448 1474 Domino
1473 1421 1590 1475 soli.
1616 1433 1641 1461 ⁸
1663 1421 1818 1487 Quod
1917 1427 2087 1479 usque
2111 1411 2479 1482 ma“e(E'-1'0d-
2505 1414 2593 1467 27·
2621 1415 2708 1467 20-
2735 1415 2823 1468 Ἢ·
2850 1415 2971 1470 Ῑιευ-
2997 1417 3086 1470 9-“-
3112 1419 3164 1472 δ·
3181 1419 3256 1488 8)ν
3281 1436 3494 1475 summ"

237 1525 372 1564 vero
410 1509 745 1578 adjungitur:
771 1506 1032 1562 Futurum
1072 1519 1147 1563 est
1185 1519 1378 1573 autem,
1426 1520 1484 1563 ut
1526 1513 1816 1581 quicunque
1918 1500 2178 1555 Pontiﬁce
2200 1501 2447 1556 lucernas
2473 1520 2697 1574 vespere
2738 1506 3116 1571 contionante,
3157 1509 3360 1579 jugiter
3399 1527 3493 1566 ex—

234 1600 546 1653 remunserit
575 1601 630 1652 in
655 1603 809 1652 domo
833 1609 944 1663 tua,
977 1601 1168 1663 veniat,
1193 1609 1250 1652 ut
1278 1610 1455 1653 oretur
1473 1617 1566 1670 pro
1595 1617 1677 1664 eo,
1706 1617 1814 1655 non
1918 1600 1998 1645 ιη
2039 1593 2215 1647 velum
2259 1604 2571 1662 praeparatae
2610 1596 2888 1661 Ῑυεθῦδηῑ»
2933 1599 3191 1654 Dominus
3238 1610 3298 1654 ιιι
3317 1602 3494 1669 jusse-

231 1691 455 1758 proprie
477 1689 543 1743 de
569 1691 728 1744 domo
749 1690 946 1744 dicitur
972 1689 1132 1757 hujus
1158 1689 1301 1752 Heli,
1329 1692 1420 1744 sed
1443 1691 1584 1745 illius
1608 1691 1811 1757 Aaron,
1918 1692 2004 1738 rat
2043 1684 2253 1754 (Ibid).
2298 1685 2404 1740 Isto
2433 1686 2693 1742 Pontiﬁce
2733 1689 2970 1744 intrante
3019 1692 3073 1744 in
3115 1692 3489 1758 tabernaculo,

230 1782 301 1835 de
338 1795 443 1849 qua
472 1795 642 1849 usque
663 1781 731 1834 ad
779 1780 1066 1834 adventum
1111 1778 1240 1834 Jesu
1291 1779 1512 1844 Christi,
1566 1781 1811 1836 homines
1840 1764 1884 1822 Β
1905 1772 2017 1842 iam
2044 1775 2326 1844 grandmva
2350 1785 2628 1833 senectute
2658 1778 2924 1846 confecto,
2949 1782 3089 1836 oculi
3118 1781 3235 1850 ejus
3268 1785 3322 1836 in
3365 1791 3488 1838 tan-

230 1877 611 1927 remanserunt
635 1888 646 1923 :
679 1870 745 1923 de
775 1884 884 1938 quo
909 1883 1106 1939 genere
1133 1871 1297 1923 etiam
1319 1885 1463 1924 nunc
1505 1885 1676 1939 usque
1703 1884 1814 1924 non
1912 1875 2024 1920 tum
2048 1867 2436 1934 caligaverant,
2460 1879 2520 1922 ut
2544 1885 2643 1923 nec
2666 1869 2940 1925 incensam
2984 1871 3260 1926 lucemam
3284 1874 3490 1942 potuis-

226 1965 446 2017 desunt.
501 1960 632 2015 Nam
674 1961 740 2015 de
769 1961 857 2014 illa
905 1961 1067 2014 domo
1115 1961 1230 2014 Heli
1268 1961 1444 2030 hujus,
1493 1960 1605 2029 jam
1649 1976 1808 2030 supra
1910 1966 1992 2011 set
2029 1957 2290 2026 aspicere,
2330 1968 2534 2027 quanto
2566 1962 2736 2030 magis
2762 1963 3121 2018 exstinctam?
3165 1964 3490 2036 Figuraliter

225 2055 433 2107 dictum
462 2062 580 2107 erat
606 2053 634 2092 ιι
671 2070 683 2106 :
721 2051 785 2104 Et
807 2053 973 2105 omnis
997 2053 1086 2121 qui
1115 2053 1432 2120 superaverit
1473 2052 1658 2105 domus
1681 2061 1804 2115 tua),
1907 2061 2034 2102 vero
2064 2047 2285 2102 lucerna
2310 2048 2404 2102 Dei
2427 2048 2540 2103 Heli
2572 2048 2763 2115 fuerat,
2791 2053 3007 2122 quando
3030 2055 3294 2125 dignitate
3313 2073 3490 2114 sacer-

223 2145 430 2197 decidet
458 2145 512 2196 in
540 2142 716 2212 gladio
765 2143 1012 2196 virorum.
1061 2141 1340 2207 Quomodo
1385 2157 1514 2211 ergo
1556 2143 1644 2197 hic
1681 2156 1807 2196 vero
1906 2133 2071 2188 dotali
2111 2135 2321 2203 pollens
2350 2135 2579 2204 justitia:
2605 2139 2850 2196 claritate
2874 2141 3132 2213 fulgebat.
3181 2146 3358 2213 Quam
3386 2163 3484 2204 ex-

220 2235 332 2290 dici
368 2235 564 2304 puum,
595 2243 642 2286 et
685 2233 779 2286 em
810 2232 899 2302 qm-
931 2233 1234 2284 γετηαηεενίε
1264 2233 1318 2284 ίη
1365 2231 1518 2285 domo
1559 2241 1672 2296 τμη,
1730 2249 1808 2286 ve.
1905 2224 2158 2279 stinetam
2190 2225 2460 2297 Propheta
2502 2229 2718 2294 asserit,
2751 2230 2876 2284 dum
2904 2231 2974 2286 ob
3000 2234 3204 2289 scelera
3227 2235 3486 2303 ﬁliorum,

219 2327 360 2390 niat,
407 2337 460 2378 ut
489 2336 665 2378 oretur
700 2339 792 2392 pro
829 2323 920 2376 eo?
951 2322 1007 2375 Si
1039 2323 1167 2376 illud
1187 2329 1272 2375 est
1301 2337 1508 2386 verum,
1533 2323 1676 2391 quod
1722 2323 1806 2375 ul-
1905 2315 2189 2369 sacerdotii
2213 2325 2556 2388 potestatem,
2582 2319 3006 2390 meritorumque
3042 2324 3226 2379 lumen
3277 2328 3482 2382 amisit.

219 2426 346 2469 tore
374 2416 548 2484 gladio
574 2428 731 2467 nemo
759 2414 882 2466 inde
901 2413 1186 2478 supererit,
1219 2411 1319 2464 nisi
1351 2411 1477 2479 quia
1506 2411 1624 2464 illos
1654 2411 1807 2465 intel-
1975 2403 2129 2474 (Cap.
2159 2405 2211 2458 ’5.
2248 2407 2360 2476 19.)
2407 2425 2425 2456 ι
2487 2407 2654 2462 Crevit
2703 2408 2720 2446 ΐ
2751 2421 2925 2464 autem
2955 2411 3192 2478 Samuel,
3222 2426 3269 2468 et
3303 2416 3477 2470 Domi-

219 2506 317 2576 ligi
352 2505 534 2565 voluit,
555 2504 644 2571 qui
665 2503 932 2572 pertinent
945 2504 1011 2556 ad
1034 2502 1266 2570 stirpem
1283 2501 1424 2556 illius
1449 2502 1610 2556 totius
1626 2516 1809 2555 sacer.
1906 2509 2002 2546 nus
2025 2503 2135 2546 erat
2163 2511 2279 2546 cum
2305 2511 2384 2560 eo,
2413 2505 2462 2548 et
2490 2513 2593 2550 non
2613 2499 2796 2551 cecidit
2826 2516 2891 2553 ea:
2913 2502 3152 2555 omnibus
3175 2503 3341 2558 verbis
3367 2506 3484 2575 ejus

219 2597 364 2651 ἀοιῇ
391 2595 681 2648 secundum
701 2595 946 2649 ordinem
972 2593 1178 2648 Aaron,
1207 2594 1350 2663 Ergo
1371 2594 1416 2648 si
1460 2594 1526 2648 de
1565 2593 1672 2648 illis
1721 2602 1809 2648 es;
1903 2585 1959 2638 in
1985 2594 2198 2638 terram.
2227 2585 2507 2655 Signiﬁcat
2529 2589 2654 2655 quia
2698 2589 2832 2644 nihil
2860 2593 3060 2658 exilis,
3108 2609 3228 2663 quae
3271 2595 3484 2652 locutus

217 2684 624 2756 priedestinatis
673 2684 934 2753 reliquiis,
986 2684 1054 2738 de
1103 2684 1298 2751 quibus
1351 2683 1488 2740 alius
1537 2682 1804 2752 Propheta
1904 2684 2008 2739 est,
2033 2675 2242 2730 irritum
2276 2676 2396 2741 fuit,
2427 2678 2519 2731 sed
2541 2679 2721 2733 omnia
2743 2680 2882 2735 sicut
2908 2685 3069 2739 rebus
3096 2685 3315 2754 impleta
3361 2703 3486 2757 qum

217 2775 367 2829 dixit
393 2772 528 2844 (lsa.
564 2774 650 2827 10.
675 2772 738 2826 2i
768 2781 824 2828 et
849 2774 936 2827 22.
975 2773 1132 2827 Rom.
1165 2773 1216 2828 9.
1250 2773 1362 2842 27),
1409 2772 1800 2843 reliqui¢.sal-
1904 2765 2060 2820 dixit.
2087 2766 2294 2820 Cadunt
2323 2783 2556 2838 namque
2583 2769 2635 2822 in
2683 2777 2886 2825 terram
2916 2774 3078 2828 verba
3119 2790 3477 2846 supervacua,

215 2879 299 2918 va:
321 2862 472 2930 ﬁent,
496 2863 638 2916 unde
665 2869 720 2918 et
743 2861 1028 2931 Apostolus
1060 2879 1074 2914 :
1106 2860 1276 2932 (Rom.
1314 2861 1399 2914 11.
1428 2861 1482 2932 5)
1539 2861 1630 2916 Sic
1655 2878 1798 2932 ergo,
1902 2871 2022 2927 qua:
2065 2874 2164 2928 pro
2205 2859 2370 2913 nihilo
2399 2861 2641 2915 habenda
2667 2901 2680 2926 ,
2714 2870 2770 2916 et
2797 2864 3169 2922 universorum
3203 2879 3331 2924 sunt
3375 2870 3484 2924 cal-

213 2963 263 3007 et
289 2954 351 3005 in
380 2952 476 3005 hoc
503 2960 726 3021 tempore
749 2951 982 3022 reliquiae
1003 2966 1094 3022 per
1123 2949 1419 3005 electionem
1443 2953 1626 3022 gratia:
1641 2951 1800 3006 salvce
1901 2949 2077 3004 cauda
2104 2951 2543 3020 despectu,sicut
2574 2962 2629 3008 et
2658 2955 2846 3009 beatus
2893 2954 2992 3012 Job
3020 2960 3155 3013 dixit
3198 2961 3339 3032 (Job.
3383 2963 3474 3017 29.

214 3045 381 3114 facta:
407 3051 548 3107 sunt,
578 3042 701 3110 quia
729 3043 796 3098 de
817 3042 1014 3098 talibus
1036 3043 1282 3114 reliquiis
1306 3044 1445 3098 bene
1485 3043 1800 3114 intelligitur
1825 3095 1867 3124 ρ
1900 3040 1992 3110 24)
2020 3055 2034 3092 :
2063 3050 2110 3094 et
2138 3040 2231 3094 lux
2257 3042 2432 3097 vultus
2463 3045 2564 3096 mei
2599 3061 2701 3098 non
2728 3046 2943 3100 cadebat
2967 3049 3020 3102 in
3067 3060 3264 3106 terram
3288 3070 3308 3118 ;
3342 3057 3471 3124 quia

212 3149 364 3198 esse,
388 3133 590 3202 dequo
611 3133 811 3187 dictum
836 3141 940 3200 est,
961 3136 1051 3204 qui
1088 3135 1390 3189 remanserit
1415 3135 1470 3186 in
1490 3133 1644 3188 domo
1664 3144 1755 3188 tua
1774 3151 1795 3190 :
1825 3130 1869 3155 υ
1903 3130 2160 3185 nimirum
2201 3132 2252 3186 in
2294 3140 2442 3186 tanta
2469 3135 2734 3203 gravitate
2765 3137 2970 3191 vultum
3000 3139 3214 3211 (tenere)
3241 3145 3477 3200 retinere

211 3223 464 3295 profecto
489 3223 662 3279 credit
690 3224 745 3278 in
764 3224 1037 3280 Christum
1061 3243 1074 3278 ;
1101 3227 1252 3280 sicut
1289 3226 1616 3295 temporibus
1656 3227 1798 3297 Αρο-
1903 3229 2279 3286 consueverat,
2305 3231 2363 3275 ut
2382 3238 2657 3292 nunquam
2688 3229 3074 3297 contemptibili
3095 3230 3277 3286 laetitia
3300 3236 3495 3290 resol--

211 3316 480 3371 stolorum
505 3332 571 3369 ex
596 3316 707 3385 ipsa
743 3324 900 3384 gente
926 3315 1142 3386 plurimi
1170 3316 1517 3370 crediderunt
1551 3316 1690 3388 (Act.
1736 3318 1789 3372 2.
1900 3318 2137 3366 veretur.
2171 3311 2277 3366 Sed
2327 3314 2750 3383 quotiescunque
2797 3316 3108 3374 hilariorem
3152 3336 3210 3375 se
3239 3338 3479 3392 praesen—

210 3409 302 3462 H.
342 3406 493 3478 etc.).
548 3408 730 3477 Neque
767 3424 908 3462 nunc
958 3409 1153 3462 desunt
1198 3409 1289 3477 qui
1321 3409 1450 3463 licet
1490 3409 1789 3473 rarissime,
1900 3403 2042 3460 tibus
2069 3407 2369 3470 exhiberet,
2395 3417 2601 3464 certam
2628 3424 2842 3481 semper
2869 3413 2938 3468 ob
2975 3429 3196 3471 causam
3225 3420 3476 3478 utilitatis

215 3512 402 3556 tamen
424 3499 662 3564 credant,
693 3508 746 3554 et
767 3500 1015 3570 impletur
1040 3501 1094 3554 in
1115 3516 1201 3566 eo,
1232 3501 1372 3570 quod
1395 3501 1483 3555 hic
1506 3501 1606 3556 iste
1628 3502 1791 3556 homo
1898 3511 2085 3554 eorum
2117 3497 2352 3570 (faceret)
2382 3512 2584 3568 ageret.

214 3591 318 3646 Dei
339 3591 596 3644 continuo
621 3597 835 3645 secutus
861 3589 1105 3659 adjunxit
1127 3602 1150 3629 ο
1177 3609 1189 3644 :
1219 3590 1286 3643 Et
1307 3591 1494 3659 o/ferat
1521 3607 1789 3646 nummum
1973 3605 1992 3638 ι
2034 3588 2203 3656 Igitur
2231 3592 2255 3629 δ
2277 3599 2560 3658 postquam
2586 3593 2701 3646 haec
2736 3593 2790 3648 in
2820 3593 2989 3664 ﬁgura
3018 3598 3332 3653 mutationis
3369 3602 3472 3656 Ve-

215 3691 542 3752 argenteum,
571 3691 618 3735 et
649 3692 839 3735 tortam
883 3682 1052 3751 panis,
1103 3682 1341 3751 dicatque
1383 3697 1401 3734 :
1432 3681 1632 3736 dimitte
1683 3699 1787 3747 me,
1895 3677 2028 3731 teris
2057 3678 2384 3733 Testamenti
2415 3695 2445 3733 a
2487 3680 2754 3748 Propheta
2802 3683 2895 3737 illo
2943 3687 3300 3752 praenuntiata
3344 3700 3471 3746 sunt

213 3774 449 3834 obsecro,
483 3774 549 3825 ad
576 3790 733 3826 unam
753 3783 949 3843 partem
983 3771 1378 3835 sacerdotalem,
1424 3781 1480 3826 ut
1519 3774 1785 3826 comedam
1893 3765 1960 3818 ad
1989 3764 2105 3818 Heli
2133 3782 2144 3816 :
2177 3765 2482 3821 oﬁ‘endente
2508 3769 2670 3823 Israel
2706 3770 3009 3835 Dominum,
3041 3774 3069 3812 ιι
3110 3773 3471 3832 instruxerunt

217 3862 507 3918 buccellam
532 3865 699 3933 panis.
731 3863 866 3930 Quid
889 3879 985 3934 per
1006 3878 1282 3918 nummum
1316 3871 1652 3935 argenteum,
1682 3863 1786 3918 nisi
1893 3860 2057 3912 aciem
2088 3859 2350 3914 Philisttei
2371 3872 2552 3914 contra
2573 3879 2679 3928 eos,
2716 3873 2820 3919 etc.
2857 3865 3073 3922 Tollunt
3093 3877 3272 3923 autem
3295 3871 3468 3928 Israe-

216 3956 327 4008 oris
353 3955 610 4022 confessio
640 3955 949 4024 designatur
976 3952 1150 4023 (Rom.
1179 3952 1264 4005 10.
1304 3953 1422 4021 10),
1463 3969 1579 4021 quce
1595 3952 1652 4020 ﬁt
1681 3969 1788 4006 cre-
1891 3945 1998 4002 lita:
2033 3961 2212 4001 arcam
2252 3949 2320 4002 ad
2368 3947 2679 4020 (tuitionem)
2726 3954 3010 4008 stationem
3056 3973 3209 4012 suam
3251 3978 3264 4012 :
3305 3971 3464 4032 capta

217 4044 551 4098 dentibuaad
598 4043 861 4096 salutem?
910 4050 1190 4112 argentum
1228 4043 1370 4096 enim
1428 4057 1528 4110 pro
1572 4041 1786 4110 eloquio
1889 4037 2062 4090 cstab
2093 4037 2339 4092 hostibus
2363 4054 2513 4103 arca,
2542 4039 2750 4109 ipsique
2789 4059 2894 4098 non
2930 4045 3101 4099 solum
3157 4048 3284 4104 victi
3337 4061 3464 4108 sunt

213 4133 340 4202 poni
371 4132 506 4185 solet
535 4151 546 4185 :
573 4132 858 4186 Psalmista
895 4139 1144 4198 testante,
1181 4131 1272 4185 ubi
1311 4130 1569 4185 caniturtl
1603 4149 1616 4183 :
1649 4130 1781 4184 ~Elo-
1888 4137 1942 4183 et
1986 4129 2037 4182 in
2069 4129 2246 4200 fugam
2291 4131 2455 4192 versi,
2499 4131 2607 4187 imo
2641 4134 2802 4187 etiam
2830 4151 3022 4206 magna
3063 4147 3270 4210 strages
3319 4142 3462 4198 facta

212 4224 334 4293 quia
350 4222 564 4276 Domini
578 4221 782 4293 eloquia
797 4231 1248 4292 casta,argentum
1269 4224 1384 4292 igne
1401 4224 1779 4287 examinatum,
1887 4225 1971 4273 est
2021 4219 2341 4273 occisorum.
2391 4219 2692 4292 (Nonnihil)
2741 4222 3005 4280 Nonnulla
3035 4237 3215 4283 tamen
3257 4229 3465 4288 futuro-

213 4313 488 4380 probatum
517 4323 690 4376 term,
732 4323 1011 4383 purgatum
1043 4312 1352 4382 septuplum.
1389 4312 1495 4367 Sed
1535 4313 1664 4381 quid
1707 4313 1784 4367 di—
1887 4324 2005 4362 rum
2034 4310 2301 4379 signiﬁcat
2337 4325 2422 4364 res
2464 4320 2612 4380 gesta
2657 4312 2790 4367 huic.
2837 4314 2894 4369 In
2947 4317 3280 4392 (prophetia?)
3326 4338 3458 4392 pro-

215 4403 287 4455 cit
313 4403 420 4456 iste
455 4402 546 4470 qui
600 4402 791 4456 venit?
819 4401 1017 4455 dimitte
1067 4419 1167 4465 me,
1215 4404 1444 4466 obsecro,
1495 4402 1564 4456 ad
1620 4419 1780 4456 unam
1810 4449 1860 4474 η
1887 4399 2065 4468 phetia
2095 4401 2240 4453 enim
2276 4415 2401 4454 arca
2435 4399 2521 4454 illa
2549 4401 2616 4455 ab
2641 4401 2956 4472 alienigenis
2982 4415 3138 4474 capta
3185 4409 3457 4470 indicabat

214 4503 413 4560 partem
459 4491 853 4556 sacerdotalem,
895 4502 950 4545 ut
991 4493 1255 4546 comedam
1303 4492 1584 4548 buccellam
1608 4493 1778 4563 panis.
1808 4490 1858 4508 ¹¹
1889 4496 2266 4543 testamentum
2308 4490 2403 4543 Dei
2448 4492 2801 4545 transiturum
2850 4494 2916 4546 ad
2965 4504 3176 4562 gentes.
3231 4499 3456 4564 Quando

215 4581 616 4637 Sacerdotalem
657 4589 865 4650 partem
906 4596 1103 4650 corpus
1131 4581 1352 4646 Christi,
1390 4582 1443 4636 id
1472 4589 1555 4636 est
1599 4581 1782 4636 Eccle-
1885 4581 2028 4634 enim
2075 4583 2376 4636 nuntiatum
2413 4593 2497 4636 est
2533 4581 2648 4636 Heli
2707 4584 2975 4638 sacerdoti
3029 4594 3241 4654 captam
3291 4588 3458 4645 fuisse

213 4672 344 4726 siam
372 4671 533 4737 dicit;
585 4671 734 4740 cujus
782 4671 951 4741 plebis
999 4672 1086 4726 ille
1115 4673 1366 4726 sacerdos
1395 4681 1496 4736 est,
1519 4674 1784 4728 mediator
1886 4687 2068 4726 arcam
2098 4674 2329 4739 Domini,
2355 4674 2550 4729 cecidit
2573 4675 2638 4728 de
2663 4673 2814 4741 sella,
2844 4685 2896 4730 et
2917 4685 3160 4734 mortuus
3187 4687 3267 4732 est
3302 4680 3453 4751 (Cap.

215 4763 325 4826 Dei,
360 4771 417 4817 et
444 4763 743 4827 hominum,
772 4764 933 4818 homo
964 4761 1214 4816 Christus
1257 4760 1447 4825 Iesus;
1503 4764 1590 4816 cui
1637 4763 1779 4832 plebi
1884 4760 1937 4813 4.
1972 4761 2057 4815 16.
2088 4762 2171 4814 17.
2210 4763 2318 4832 18).
2353 4762 2697 4818 Transeunte
2726 4779 2852 4818 arca
2881 4763 3093 4820 Domini
3141 4767 3207 4820 ad
3246 4778 3452 4838 gentes,

213 4855 338 4908 dicit
365 4853 650 4923 Apostolus
692 4853 882 4908 Petrus
905 4852 950 4924 (1
986 4850 1131 4907 Petr.
1159 4852 1211 4905 2.
1248 4853 1342 4922 9):
1387 4852 1539 4908 Plebs
1578 4864 1777 4916 sancta,
1892 4857 1906 4893 ί
1977 4855 2172 4923 periit,
2236 4862 2397 4924 atque
2454 4857 2660 4910 interiit
2716 4857 3072 4912 sacerdotium
3129 4855 3452 4916 Iudaeorum.

217 4942 382 5010 regale
427 4943 790 4995 sacerdotium.
841 4941 899 4994 In
948 4942 1088 4994 hanc
1133 4950 1342 5008 partem
1393 4941 1778 4996 sacerdotalem
1887 4943 2037 5012 (Cap.
2071 4944 2124 5012 5)
2168 4945 2284 4998 Duo
2329 4959 2542 5014 quoque
2588 4945 2681 4998 ﬁlii
2730 4953 3070 5011 corruerunt,
3124 4948 3283 5001 unius
3320 4965 3456 5003 uxor

1825 3095 1869 3155 C

1882 5061 1942 5130 et
1989 5077 2187 5131 habent
2236 5076 2354 5128 alia:
2401 5076 2681 5130 editiones.
2731 5076 2863 5129 Vide
2906 5074 3115 5134 Calmet
3165 5078 3218 5134 in
3278 5079 3452 5134 locum

1881 5147 2306 5284 ιιυἶιῖξχριίριιιίο
2333 5213 2488 5283 hujus
2513 5215 2615 5270 loci
2645 5228 2711 5268 ex
2739 5215 3035 5283 quaestione
3069 5213 3110 5267 ll
3149 5211 3308 5269 Beda:
3340 5225 3450 5272 tota

1878 5284 2156 5352 desumpta
2181 5293 2280 5338 est.

1950 5357 1975 5393 ⁸
2006 5355 2394 5422 Subsequentia
2437 5368 2599 5422 porro
2647 5360 2833 5407 notata
2885 5352 3096 5408 lineolis
3142 5353 3209 5407 ab
3243 5353 3448 5411 Isidoro

1878 5422 2019 5494 (cap.
2047 5423 2099 5476 3.
2126 5424 2145 5476 Ι
2179 5422 2660 5545 Reg.(2edoceniur.

1945 5495 1969 5532 ιι
2001 5492 2131 5548 Cap.
2166 5491 2219 5545 4.
2251 5509 2303 5544 v.
2391 5500 2444 5545 et
2463 5491 2659 5548 subsea

1952 5506 1969 5532 ι·
2001 5506 2131 5562 υεψ.
2166 5506 2219 5545 4.
2251 5509 2303 5544 v.
2325 5506 2359 5545 Ζ
2391 5506 2444 5545 et
2463 5506 2709 5559 δυοδεξιμ,

1952 5564 1965 5601 ί
2002 5563 2178 5616 Verba
2203 5562 2317 5615 haec
2347 5561 2521 5630 periit,
2547 5568 2711 5630 atque
2744 5559 2936 5615 interiit
2969 5563 3314 5618 sacerdotium
3339 5563 3445 5619 Ju-

282 5089 306 5116 ι
340 5075 470 5146 Cap.
503 5078 552 5130 1.
588 5094 637 5130 v.
665 5076 753 5130 36.
781 5075 879 5146 Hic
908 5075 1102 5129 iterum
1145 5076 1470 5129 exscrihitur
1517 5075 1775 5146 Augusti-

216 5159 334 5210 nus,
372 5145 466 5200 sed
492 5145 931 5215 interpretatione
959 5147 1242 5212 scriptura;
1268 5146 1492 5199 multum
1539 5145 1771 5200 diversa.

283 5217 310 5256 δ
337 5216 436 5270 Hic
464 5214 935 5286 allegaturﬁversio
967 5230 1033 5270 ex
1060 5215 1375 5285 Augustino.

283 5297 306 5326 ε
334 5286 462 5356 Cap.
493 5285 547 5340 2.
579 5285 684 5339 ’56.
717 5285 842 5340 Haec
870 5300 990 5354 qua:
1022 5294 1318 5352 sequuntur
1351 5299 1423 5356 ex
1449 5285 1769 5351 Augustino,

214 5353 457 5434 magnam
474 5357 547 5434 ad
566 5365 797 5434 partem,
819 5353 1086 5434 esscripta
1111 5362 1252 5417 sunt,
1274 5353 1364 5408 sed
1394 5370 1498 5434 non
1526 5369 1768 5434 prorsus.

212 5421 436 5492 Prorsus
467 5421 648 5480 tamen
671 5442 734 5479 ea
783 5425 948 5479 habet
979 5421 1234 5487 Isidorus,
1269 5439 1385 5492 cap.
1428 5423 1480 5476 2.
1512 5421 1578 5492 in
1609 5423 1701 5476 lib.
1755 5441 1770 5478 ι

213 5491 432 5564 Regum,
472 5510 631 5564 quem
666 5494 1068 5563 proindeplane
1099 5494 1187 5546 hic
1215 5491 1472 5564 exsc’riliit
1497 5491 1766 5547 Claudius.

274 5563 300 5602 δ
355 5563 552 5618 Psalm.
581 5565 666 5629 11,
695 5565 746 5618 7.
793 5563 1086 5619 Diversitas
1111 5563 1361 5616 nonnulla
1403 5563 1490 5617 hic
1518 5572 1625 5628 est,
1655 5563 1770 5616 edi-

209 5639 322 5687 tum
349 5635 490 5691 inter
531 5645 585 5687 et
611 5628 855 5703 uestrum
891 5633 1164 5703 Codicem.
1473 5702 1479 5703 γ
1751 5700 1764 5703 _
1872 5632 2126 5695 dirarum,
2157 5647 2261 5684 non
2284 5628 2360 5685 sic
2379 5630 2612 5703 accipias
2631 5628 2808 5703 velim,
2825 5639 3104 5703 utrevera
3130 5642 3240 5688 tum
3266 5636 3443 5703 perie~

281 5715 302 5741 ε
333 5704 350 5758 l
376 5705 506 5776 Reg.
542 5705 594 5758 5.
625 5706 680 5758 2.
716 5702 823 5757 Sed
860 5717 980 5756 cum
1026 5702 1208 5771 aliquo
1247 5702 1578 5766 discrimine,
1625 5700 1765 5770 quod
1873 5703 1977 5768 rit;
2009 5717 2133 5756 nam
2155 5715 2340 5756 revera
2363 5697 2622 5754 Abiathar
2649 5707 2702 5753 et
2733 5697 2964 5766 Sadoch,
3013 5705 3219 5772 paucis'
3245 5697 3442 5775 elapsis

634 5796 908 5855 Parnm.
963 5790 1119 5853 CIV.
2970 5794 3038 5852 21
