3904 6174
363 256 458 311 ϐτῗι

1409 256 1684 312 CLAUDII
1725 253 2185 312 TAURINENSIS
2223 257 2308 312 ΕΡ
2335 257 2526 314 8601⁵1

3503 256 3626 311 εδει

366 377 580 428 viduata
614 392 628 428 :
664 379 721 429 et
739 371 810 444 (υ.
844 371 929 442 lt)
960 385 1079 425 mox
1099 368 1153 423 in
1175 376 1332 438 partu
1373 378 1584 424 mortua
1613 378 1694 424 est
1717 369 1786 439 (ν.
1816 367 1932 439 20),

2057 372 2106 424 υ.
2144 369 2230 439 10)
2263 386 2489 441 quarum
2539 370 2680 425 ﬁlios
2710 369 3021 426 clauserunt
3053 367 3221 437 domi,
3243 377 3306 426 ut
3349 370 3619 440 scriptu

363 471 583 531 propter
601 457 841 514 eamdem
861 457 1339 527 perturbationem.
1357 455 1510 524 Quod
1531 455 1765 511 evidenti
1781 456 1936 526 signo

363 551 581 620 pmﬂgu
590 557 760 602 ratum
774 555 875 612 est,
891 555 1013 617 post
1025 547 1349 602 exstinctum
1363 547 1719 602 sacerdotium
1735 544 1938 602 Judae-

366 657 504 703 rum,
533 639 804 694 carnalem
835 641 1105 694 interiisse
1133 637 1476 711 Synagogam
1529 639 1605 694 illi
1648 638 1938 694 carnaliter

365 731 751 795 adhaerentem,
789 739 1165 802 prostrataque
1214 730 1328 785 Heli
1381 731 1449 785 de
1483 730 1635 794 sella,
1675 741 1700 770 ι
1733 729 1941 799 pontiﬁ-

363 837 457 876 ces
506 818 813 876 Iudaeorum
858 823 1041 877 sedem
1070 823 1304 878 habuere
1337 837 1586 885 vacuam,
1613 829 1669 875 et
1714 821 1939 892 gloriam

257 966 275 983 ε
366 911 673 975 sacerdotii,
707 911 963 982 regnique
994 912 1337 966 exstinctam.

437 1000 588 1072 (Cap.
620 1001 672 1054 5.
703 1019 748 1055 ιι.
777 1002 811 1055 2
854 1011 900 1054 et
930 1001 1061 1072 seq.)
1108 1019 1127 1052 ι
1184 1000 1288 1055 Sed
1320 1001 1447 1070 quid
1492 1009 1596 1065 est,
1639 1001 1782 1070 quod
1813 1000 1939 1053 dum

365 1093 674 1162 posuissent
702 1090 991 1145 Philistiim
1018 1107 1198 1146 arcam
1230 1091 1442 1146 Domini
1479 1091 1532 1145 in
1559 1091 1757 1160 templo
1779 1091 1943 1162 Dago-

366 1183 450 1237 nis
471 1182 565 1237 Dei
588 1183 692 1246 sui,
720 1183 1053 1236 intraverunt
1076 1182 1354 1252 templum,
1371 1191 1424 1236 et
1440 1183 1760 1238 invenerunt
1775 1183 1940 1237 Deum

366 1290 521 1329 suum
547 1283 896 1343 prostratum,
921 1283 1082 1344 atque
1103 1273 1455 1339 confractum,
1481 1284 1641 1345 caput
1662 1291 1789 1330 vero
1805 1274 1938 1342 ejus,

367 1364 604 1434 duasque
631 1379 821 1418 manus
848 1364 1148 1419 abscissas?
1173 1364 1368 1418 Statim
1395 1366 1537 1419 enim
1559 1373 1618 1419 ut
1647 1372 1938 1419 testamen-

370 1465 480 1509 tum
508 1454 717 1509 Domini
745 1455 1067 1524 pervenitin
1098 1454 1378 1526 (gentibus)
1411 1464 1618 1527 gentes,
1660 1455 1942 1511 confestim

369 1543 534 1607 idola,
565 1558 684 1612 quae
716 1544 998 1613 deceptum
1026 1543 1376 1614 possidebant
1423 1546 1633 1610 orbem,
1672 1545 1943 1600 destructa

371 1641 518 1697 sunt,
548 1633 829 1702 omnisque
855 1648 1008 1688 error
1030 1633 1440 1688 simulacrorum
1464 1635 1687 1698 corruit,
1709 1650 1943 1705 praesen-

2037 468 2138 514 est.
2191 460 2262 528 (υ.
2290 459 2377 528 12)
2408 459 2562 512 Ibant
2580 468 2749 512 autem
2775 460 2830 512 in
2854 458 3108 512 directum
3135 475 3309 514 occec
3333 475 3431 530 per
3450 461 3620 523 siam.

2033 566 2152 620 qut:
2180 551 2324 604 ducit
2359 551 2658 604 Bethsames
2680 567 2698 604 :
2726 567 2831 605 uno
2855 552 3454 623 itinere-gradiebantur
3499 569 3626 623 pe!-

2037 650 2230 710 gentes,
2273 650 2321 693 et
2363 640 2667 710 mugientcs,
2721 650 2770 694 et
2813 657 2918 695 non
2962 641 3296 696 declinabant
3336 661 3502 714 neque
3548 647 3626 698 ad

2037 729 2326 795 dexteram,
2358 745 2519 799 neque
2547 729 2616 782 ad
2635 729 2924 783 sinistram.
2957 740 2979 768 ε
3016 747 3035 780 ι
3068 729 3206 796 Quid
3230 731 3396 801 igitur
3416 747 3624 794 vaccae,

2038 819 2138 873 nisi
2161 818 2344 874 ﬁdeles
2369 834 2610 888 quosque
2637 819 2689 872 in
2714 817 2955 874 Ecclesia
2974 817 3001 858 ἀ
3030 818 3359 889 signiﬁcant,
3376 821 3470 891 qui
3490 821 3626 876 dum

2039 911 2179 964 sacri
2231 909 2428 978 eloquii
2461 917 2724 981 praecepta
2756 908 3127 974 considerant,
3162 911 3315 979 quasi
3354 913 3630 980 superim-

2007 1013 2009 1015 ‘
2040 1002 2269 1082 positam
2291 1000 2503 1054 Domini
2557 1015 2737 1055 arcam
2765 999 3020 1070 portant?
3045 1000 3110 1054 de
3130 1000 3325 1068 quibus
3375 1001 3478 1056 hoc
3537 1009 3630 1054 est

2040 1093 2201 1148 etiam
2249 1092 2576 1155 notandum,
2624 1091 2766 1160 quod
2809 1090 2977 1145 fuisse
3027 1089 3151 1144 fetae
3197 1100 3622 1145 memorantur:

2041 1184 2166 1253 quia
2191 1191 2318 1237 sunt
2337 1182 2600 1252 plerique,
2627 1183 2719 1251 qui
2745 1181 2798 1236 in
2825 1182 2909 1235 via
2940 1181 3034 1236 Dei
3067 1182 3392 1237 intrinsecus
3433 1183 3621 1252 positi,

2044 1273 2176 1328 foris
2195 1273 2502 1328 carnalibus
2540 1273 2818 1327 aﬂ’ectibus
2863 1273 3139 1342 ligantur:
3170 1273 3268 1328 sed
3305 1288 3412 1327 non
3457 1272 3630 1327 dedi-

2044 1372 2177 1417 nant
2195 1379 2226 1416 a
2252 1371 2404 1417 recto
2427 1363 2619 1418 itinere
2649 1373 2672 1402 ο
2703 1363 2793 1431 qui
2821 1377 3004 1418 arcam
3035 1362 3127 1418 Dei
3155 1372 3372 1432 portant
3395 1364 3448 1417 in
3477 1379 3630 1417 men-

2046 1462 2116 1508 te.
2145 1454 2283 1508 Ecce
2313 1454 2458 1508 enim
2489 1469 2666 1508 vacca:
2685 1453 2989 1509 Bethsamis
3027 1464 3274 1525 pergunt.
3319 1453 3630 1510 Bethsamis

2044 1543 2239 1613 quippe
2261 1543 2458 1598 dicitur
2480 1542 2680 1597 Domus
2700 1543 2844 1598 solis.
2879 1544 2947 1598 Et
2968 1545 3228 1614 propheta
3257 1545 3333 1598 ait
3363 1544 3625 1613 (Μοίρι-ὴ.

2045 1635 2100 1689 4.
2151 1636 2248 1708 2):
2289 1635 2446 1690 Vobis
2474 1645 2670 1700 autem,
2705 1637 2796 1705 qui
2823 1637 3015 1690 timetis
3062 1636 3252 1702 Deum,
3291 1637 3498 1690 orietur
3548 1637 3628 1689 sol

370 1724 504 1778 tiam
528 1723 621 1778 Dei
647 1723 787 1779 ferre
814 1741 919 1779 non
941 1725 1230 1780 sustinens.
1256 1725 1389 1779 Nam
1412 1726 1464 1780 in
1493 1727 1741 1781 manibus
1765 1728 1946 1796 Dagon
1976 1717 2022 1775 Β
2040 1727 2285 1796 justitia.
2310 1725 2368 1780 Si
2393 1725 2556 1796 igitur
2577 1725 2644 1780 ad
2685 1725 2869 1780 aeterni
2913 1725 3042 1780 solis
3068 1726 3458 1781 habitationem
3509 1736 3632 1782 ten-

376 1815 635 1883 prtecisis,
663 1830 798 1885 opus
820 1815 1133 1870 idololatriae
1154 1817 1182 1855 δ
1199 1817 1591 1886 amputabatur.
1618 1817 1685 1872 Et
1705 1817 1755 1871 in
1772 1817 1946 1888 capite

371 1903 488 1971 ejus
515 1905 765 1975 superbia
789 1904 988 1959 diaboli
1021 1905 1257 1960 abscissa
1296 1904 1734 1978 (signiﬁcabatur)
1782 1907 1948 1976 signi-

373 1998 589 2060 ﬁcatur,
620 2011 650 2049 a
677 2011 783 2065 quo
815 1996 1025 2050 initium
1049 1996 1259 2064 peccati
1286 1993 1400 2050 fuit.
1427 1995 1580 2062 Quod
1613 2011 1746 2051 vero
1784 1997 1838 2051 in
1880 1997 1946 2052 li-

374 2088 540 2152 mine,
570 2095 629 2141 ut
647 2096 853 2142 certum
873 2087 1098 2151 scilicet,
1126 2086 1559 2158 praeﬁnitumque
1586 2103 1696 2143 suae
1728 2088 1950 2144 idolola-

377 2180 493 2236 tr’rae
517 2179 676 2234 ﬁnem
715 2178 1030 2250 (agnoscere)
1057 2188 1447 2250 agnoscerent:
1472 2180 1628 2235 limes
1655 2181 1796 2236 enim
1817 2181 1952 2236 ﬁnes

375 2270 584 2325 itineris
623 2269 908 2342 signiﬁcat.
934 2271 1108 2324 Etiam
1159 2270 1288 2325 illud
1325 2270 1390 2326 ad
1418 2287 1667 2343 magnam
1717 2272 1952 2343 pertinet

374 2362 840 2436 signiﬁcationem,
875 2364 928 2418 in
973 2363 1087 2433 ipsa
1118 2365 1272 2419 ruina
1299 2363 1483 2434 Dagon
1512 2363 1608 2420 Dei
1652 2366 1757 2431 sui,
1790 2374 1953 2435 atque

375 2453 635 2518 fractura,
668 2455 810 2525 quod
839 2453 1058 2510 dorsum
1075 2455 1215 2510 illius
1239 2454 1411 2510 solum
1433 2456 1770 2521 invenerunt,
1799 2454 1867 2527 (υ.
1896 2454 1950 2526 5)

376 2546 564 2601 fractis
584 2545 700 2615 ejus
713 2545 962 2600 omnibus
986 2545 1242 2600 membris
1269 2560 1282 2598 :
1312 2545 1530 2601 dorsum
1553 2546 1751 2616 quippe
1773 2544 1952 2616 fugam

375 2638 661 2710 signiﬁcat.
695 2637 1012 2708 Quicunque
1055 2637 1198 2691 enim
1228 2636 1461 2708 fugiunt,
1508 2638 1954 2708 persequentibus

376 2730 597 2784 dorsum
623 2723 772 2784 dant.
799 2729 949 2784 Unde
969 2737 1025 2783 et
1043 2729 1302 2800 scriptum
1327 2735 1411 2783 est
1431 2727 1496 2783 de
1516 2729 1760 2784 hostibus
1781 2726 1951 2799 (Psal.

375 2822 465 2878 10.
506 2822 593 2894 15)
621 2842 634 2876 :
671 2825 917 2890 quoniam
948 2840 1104 2893 pones
1131 2841 1218 2878 eos
1248 2823 1483 2876 dorsum.
1521 2822 1623 2878 Ubi
1663 2823 1806 2876 enim
1831 2829 1958 2877 sunt.

379 2912 556 2967 idola?
586 2913 880 2982 perierunt.
914 2913 980 2966 Et
1025 2913 1069 2967 si
1103 2913 1278 2982 aliqua
1307 2921 1606 2977 remanent,
1641 2913 1708 2968 ab
1757 2913 1953 2982 aliqui-

379 3005 478 3059 bus
511 3003 927 3066 absconduntur,
947 3012 1000 3058 et
1026 3003 1291 3074 fugerunt.
1323 3002 1416 3075 (ν.
1443 3003 1476 3058 6
1500 3014 1546 3057 et
1572 3001 1718 3057 Psal.
1745 3003 1833 3057 77.
1864 3001 1954 3074 66)

2048 1817 2244 1879 dimus,
2289 1816 2507 1886 dignum
2534 1814 2777 1885 profecto
2805 1823 2910 1880 est,
2957 1825 3016 1870 ut
3045 1816 3112 1870 de
3143 1815 3238 1870 Dei
3284 1816 3482 1871 itinere
3526 1831 3630 1886 pro

2047 1906 2355 1961 carnalibus
2405 1905 2686 1981 aﬂ'cctibus
2734 1921 2840 1960 non
2895 1905 3242 1961 declinemus.
3301 1905 3437 1960 Tota
3481 1907 3631 1961 enim

2047 1999 2245 2053 virtute
2264 1998 2597 2068 pensandum
2624 2005 2729 2062 est,
2757 1998 2900 2066 quod
2926 2013 3103 2052 vaccae
3125 1997 3219 2053 Dei
3242 1997 3487 2068 plaustro
3507 2013 3634 2067 sup-

2048 2089 2234 2161 positte
2251 2088 2500 2159 pergunt,
2529 2095 2584 2143 et
2626 2089 2755 2143 dant
2793 2089 2862 2142 ab
2909 2088 3113 2142 intimis
3149 2089 3411 2159 mugitus,
3444 2097 3503 2142 ct
3542 2096 3628 2141 ta-

2050 2195 2173 2236 men
2203 2180 2269 2234 de
2304 2179 2498 2233 itinere
2521 2195 2625 2233 non
2666 2178 2989 2247 detorquent
3017 2165 3272 2246 gressus:
3309 2175 3329 2215 τ
3382 2191 3630 2232 amorem

2050 2271 2267 2342 quidem
2297 2285 2396 2340 per
2428 2269 2856 2339 compassionem
2898 2269 3154 2322 sentiunt.
3192 2267 3300 2322 Sed
3350 2268 3487 2322 colla
3540 2283 3633 2338 po-

2052 2363 2252 2418 sterius
2296 2377 2403 2416 non
2434 2359 2743 2416 deﬂectunt.
2795 2359 2887 2414 Sic
2937 2360 3193 2414 nimirum
3242 2360 3632 2430 praedicatores

2054 2455 2172 2519 Dei,
2194 2455 2272 2510 sic
2299 2453 2484 2508 ﬁdeles
2507 2453 2708 2523 quique
2735 2452 2876 2506 intra
2910 2461 3152 2507 sanctam
3176 2451 3472 2507 Ecclesium
3498 2467 3632 2520 age-

2053 2562 2114 2603 re
2142 2547 2358 2612 debent,
2383 2553 2444 2600 ut
2464 2553 2521 2601 et
2551 2546 2952 2616 compatiantur
2981 2545 3240 2614 proximis
3272 2559 3370 2614 per
3390 2544 3631 2600 charita-

2056 2649 2188 2705 tem,
2219 2646 2276 2692 et
2309 2645 2488 2692 tamen
2515 2637 2581 2692 de
2617 2637 2704 2691 via
2739 2636 2834 2692 Dei
2879 2651 2984 2692 non
3011 2637 3319 2691 exorbitent
3339 2651 3442 2706 per
3479 2651 3633 2691 com-

2054 2727 2381 2798 passionem.
2447 2725 2588 2782 Area
2651 2727 2847 2796 quippe
2915 2727 3252 2796 superposita
3317 2725 3635 2781 Betbsames

2055 2832 2278 2888 pergere
2321 2825 2425 2882 est,
2465 2832 2586 2871 cum
2615 2831 2847 2887 superna
2868 2817 3093 2871 scientia
3125 2817 3192 2872 ad
3223 2817 3450 2872 internae
3495 2816 3633 2871 lucis

2057 2907 2420 2964 habitaculum
2445 2907 2846 2978 propinquare:
2873 2907 2967 2962 sed
2999 2917 3124 2962 tunc
3161 2922 3286 2962 vere
3316 2906 3635 2962 Betbsatnes

2058 2998 2349 3062 tendimus,
2378 3010 2501 3050 cum
2539 2997 2680 3049 viam
2711 2996 3050 3051 rectitudinis
3078 2997 3409 3067 gradientes,
3440 2998 3508 3052 ad
3554 3000 3632 3051 vi-

379 3096 533 3162 Quod
584 3103 760 3150 autem
790 3097 1022 3164 percussi
1051 3105 1173 3148 sunt
1222 3097 1275 3148 in
1323 3096 1610 3164 posteriora
1651 3095 1712 3160 ii,
1743 3095 1834 3164 qui
1866 3109 1957 3147 ar—
1985 3079 2029 3139 C
2061 3091 2181 3146 cina
2205 3089 2405 3145 erroris
2430 3089 2619 3155 latera,
2650 3105 2750 3144 nec
2772 3105 2871 3161 pro
2901 3089 3096 3146 affectu
3131 3091 3414 3162 pignon
3463 3094 3632 3148 decli-

381 3197 500 3236 cam
529 3183 623 3237 Dei
656 3184 1078 3252 captivaverunt.
1121 3184 1222 3237 hoc
1256 3199 1428 3251 paenae
1457 3185 1667 3254 signum
1702 3184 1916 3238 videtur
1945 3199 1959 3234 :

382 3273 532 3343 quia,
569 3273 614 3328 si
645 3275 738 3342 qui
789 3274 1129 3342 susceperint
1176 3273 1532 3344 (susceperunt
1579 3291 1596 3327 :
1645 3273 1962 3342 dilexerunt)

381 3371 783 3425 testamentum,
811 3370 867 3415 et
897 3361 1197 3430 posteriora
1220 3363 1342 3417 vitze
1383 3362 1687 3429 dilexerint,
1736 3378 1802 3416 ex
1834 3363 1963 3434 ipsis

379 3453 679 3524 iustissime
731 3453 1160 3517 cruciabuntur,
1189 3468 1310 3522 quae
1356 3454 1498 3508 sicut
1536 3453 1827 3523 Apostolus
1862 3455 1960 3520 ait,

385 3542 550 3613 (Phil.
576 3544 629 3599 5.
663 3544 718 3614 8)
744 3543 1056 3598 existimare
1081 3541 1381 3597 debuerant
1406 3545 1539 3597 sicut
1570 3552 1801 3598 stercora
1823 3560 1842 3598 :
1870 3545 1962 3613 qui

383 3635 528 3690 enim
559 3636 638 3690 sic
659 3626 941 3690 assumunt
981 3642 1361 3688 testamentum
1390 3633 1652 3699 divinum,
1675 3641 1736 3686 ut
1783 3643 1962 3702 poste-

384 3724 529 3778 riora
580 3723 953 3794 respicientes,
1009 3723 1175 3777 veteri
1205 3737 1262 3776 se
1313 3722 1553 3776 vanitate
1582 3737 1690 3776 non
1738 3731 1959 3788 exuant,

384 3813 589 3869 similes
639 3821 766 3868 sunt
817 3813 1062 3868 hostibus
1117 3811 1242 3877 illis,
1281 3812 1374 3880 qui
1417 3827 1602 3868 arcam
1653 3813 1963 3868 testamenti

387 3907 654 3976 captivam
694 3903 850 3974 juxta
900 3903 1039 3959 idola
1066 3919 1164 3959 sua
1194 3911 1509 3973 posuerunt.
1553 3903 1620 3958 Et
1665 3903 1804 3976 (illa)
1857 3903 1962 3958 alia

388 3999 604 4067 quidem
629 4006 812 4052 vetera
845 3996 1008 4050 etiam
1038 3995 1348 4050 nolentibus
1381 3994 1583 4050 cadunt
1611 4013 1623 4048 :
1662 3994 1787 4066 quia
1819 3993 1957 4066 (Isa.

388 4091 478 4146 ιθ.
515 4090 568 4161 6)
601 4089 767 4142 omnis
790 4103 914 4141 caro
945 4087 1142 4158 fenum,
1174 4095 1222 4140 et
1256 4085 1470 4139 claritas
1497 4085 1744 4151 hominis,
1781 4094 1841 4139 ut
1865 4088 1963 4156 flos

391 4183 519 4253 feni,
556 4182 695 4235 aruit
731 4181 925 4250 fenum,
971 4186 1019 4231 et
1060 4179 1157 4247 flos
1184 4177 1374 4230 decidit
1415 4193 1434 4230 :
1467 4191 1591 4232 arca
1623 4185 1806 4232 autem
1860 4176 1966 4232 Do-

390 4272 522 4328 mini
548 4279 719 4324 manet
742 4271 796 4324 in
824 4277 1113 4323 wternum:
1143 4275 1410 4322 secretum
1438 4267 1646 4322 scilicet
1666 4277 1961 4322 testamen-

391 4375 524 4428 tum,
586 4376 808 4431 regnum
847 4359 1130 4424 ctelorum,
1182 4358 1274 4414 ubi
1319 4367 1401 4413 est
1448 4367 1709 4414 aeternum
1754 4359 1964 4414 verbum

393 4455 507 4509 Dei.
557 4473 577 4508 ι
799 4461 846 4502 ιν

463 4543 537 4614 (6.
572 4538 622 4596 ι’.
653 4541 784 4612 etc.)
811 4540 945 4596 Cum
1000 4553 1129 4594 vero
1177 4539 1242 4593 de
1291 4547 1436 4594 terra
1493 4540 1780 4596 Philistiim
1836 4555 1965 4596 arca

391 4635 604 4691 Domini
653 4634 722 4689 ad
773 4642 972 4687 terram
1031 4631 1394 4686 lsraelitarum
1447 4631 1665 4698 rediret,
1716 4631 1784 4704 (υ.
1838 4633 1870 4686 7
1919 4622 1993 4686 et.

393 4725 616 4797 subseq.)
643 4723 882 4794 plaustro
902 4722 1238 4791 superposita
1283 4730 1386 4785 est,
1419 4731 1474 4776 et
1503 4737 1681 4777 vaccae
1725 4723 1965 4792 plaustro

391 4819 688 4888 ιυδὶυηείπ
739 4824 901 4878 θωπί»
968 4828 1087 4882 qna:
1149 4813 1268 4868 leue
1328 4813 1495 4869 fuisse
1550 4822 1960 4883 memorantur;

392 4974 572 5036 annis,
597 4967 906 5025 sacerdotes
950 4972 1338 5036 recensentur:
1374 4965 1465 5019 sed
1496 4965 1637 5034 quod
1674 4968 1958 5035 superstite

393 5035 766 5100 tantummodo
807 5037 914 5091 ﬁlio
962 5035 1219 5106 puellula,
1259 5035 1486 5106 ideoque
1533 5036 1734 5106 impete
1783 5051 1962 5106 sacer-

392 5114 524 5170 dotii
551 5123 774 5167 munere
799 5104 980 5177 fungi;
1009 5105 1304 5177 sacerdotis
1321 5115 1502 5177 partes
1520 5104 1831 5177 impleverit
1855 5105 1955 5177 Sa-

392 5183 556 5250 muel,
603 5179 698 5251 qui
729 5173 1028 5251 propterea
1062 5173 1630 5251 solemnia’Asacriﬁcia
1663 5174 1823 5230 etiam
1865 5175 1959 5229 ob-

394 5242 552 5308 tutu:
584 5242 773 5320 t'neg.
807 5242 858 5303 7'.
887 5247 939 5302 6.
970 5246 1054 5299 ιθ.
1088 5246 1141 5301 9.
1170 5244 1254 5298 is.
1289 5242 1374 5320 is.
1399 5243 1451 5320 β,
1479 5251 1582 5298 etc.

464 5335 488 5363 ³
520 5313 1049 5390 PontiﬁEis,pnesta_t
1077 5326 1258 5390 nostra
1294 5313 1471 5390 lectio.

465 5393 492 5431 δ
518 5382 883 5460 Amputatum.
909 5386 967 5440 ln
999 5385 1264 5440 Eucherio
1293 5385 1438 5438 edito
1460 5382 1712 5460 nonnulla
1745 5385 1956 5460 desunt.

465 5473 488 5498 ⁸
519 5454 645 5516 ιιωὲ
667 5459 845 5514 omnia
874 5471 992 5527 quae
1027 5463 1327 5527 sequuntur
1352 5454 1567 5527 excepit
1592 5463 1776 5508 noster
1803 5455 1962 5527 Clau-

397 5531 517 5586 dius
551 5545 581 5582 a
607 5527 866 5598 Gregorio
891 5523 1247 5598 'Ilagno,_qui
1277 5538 1340 5598 ea
1381 5523 1614 5598 attingit,
1647 5523 1962 5598 numerosi

397 5599 519 5654 .ibri
551 5614 623 5652 vn
668 5591 946 5651 Moralium
983 5591 1035 5648 in
1062 5591 1206 5650 Job':
1239 5591 1335 5647 sed
1358 5591 1771 5662 expressissima
1801 5594 1963 5649 habet

389 5685 546 5725 num.
597 5669 630 5722 3
671 5664 904 5720 homilia
947 5663 1014 5719 37
1056 5663 1110 5716 in
1138 5661 1466 5736 Evangelia:
1510 5663 1625 5718 bare
1654 5671 1956 5732 propterea,

2061 3201 2274 3240 namus.
2306 3184 2399 3239 Sic
2420 3199 2652 3253 namque
2671 3185 2750 3239 sic
2771 3199 2992 3240 necesse
3015 3193 3118 3246 est,
3149 3194 3208 3239 ut
3240 3183 3490 3242 incedere
3536 3187 3631 3242 de-

2061 3275 2244 3338 beant,
2293 3275 2385 3344 qui
2442 3274 2742 3346 sacrilegiis
2788 3275 3051 3345 suppositi
3086 3273 3197 3343 jam
3224 3291 3322 3346 per
3360 3276 3631 3332 inteream

2062 3365 2364 3427 scientiam,
2397 3363 2602 3418 Domini
2624 3379 2805 3418 arcam
2827 3373 3062 3434 portant,
3089 3372 3356 3433 quatenus
3385 3381 3485 3436 per
3533 3367 3634 3422 hoe

2061 3456 2206 3527 quod
2249 3455 2670 3526 propinquorum
2721 3454 3133 3510 necessitatibus
3176 3455 3466 3510 condolent
3488 3496 3506 3520 ,
3553 3471 3634 3511 ae-

2061 3555 2216 3615 cepto
2265 3546 2602 3602 rectitudinis
2652 3546 2846 3601 itinere
2893 3561 2998 3600 non
3047 3543 3340 3601 declinent.
3396 3546 3632 3613 Quorum

2060 3637 2313 3691 nimirum
2353 3637 2522 3707 gratia
2548 3644 2783 3690 mentem
2812 3643 3052 3690 nostram
3095 3643 3279 3690 tenere
3318 3634 3498 3700 debet,
3542 3636 3632 3692 sed

2061 3725 2336 3781 reﬂectere
2379 3741 2486 3780 non
2512 3725 2693 3790 debet,
2743 3738 2808 3778 ne
2839 3725 2954 3780 haec
2979 3726 3168 3781 eadem
3219 3739 3392 3791 mens,
3445 3733 3542 3779 aut
3589 3726 3632 3780 si

2062 3811 2254 3867 atl‘ectu
2276 3827 2382 3867 non
2412 3812 2668 3883 tangitur,
2697 3812 2831 3868 dura
2855 3814 2945 3879 sit,
2970 3821 3063 3868 aut
3085 3821 3250 3879 tacta,
3295 3814 3434 3884 plus,
3475 3815 3524 3870 si
3557 3815 3632 3869 in-

2063 3903 2312 3970 ﬂectitur,
2346 3906 2593 3960 remissa.
2625 3925 2644 3958 ι

2137 3997 2162 4034 κ
2193 3993 2459 4050 Percussit
2488 4005 2664 4050 autem
2689 3996 2752 4050 de
2777 3997 2904 4050 uiris
2937 3995 3368 4062 Bethsamitibus,
3394 4013 3455 4051 eo
3498 3999 3632 4069 quod

2062 4086 2310 4140 uidissent
2365 4103 2543 4139 arcam
2572 4085 2786 4140 Domini
2809 4102 2827 4140 :
2855 4088 3114 4156 percussit
3140 4096 3312 4142 autem
3355 4088 3422 4142 de
3446 4089 3634 4160 popqu

2063 4179 2391 4248 septuaginta
2409 4180 2568 4243 viros,
2598 4187 2648 4232 et
2680 4179 3059 4250 quinquaginta
3087 4179 3255 4233 millia
3274 4179 3453 4251 plebis.
3489 4199 3509 4232 ι
3538 4181 3634 4236 Ρο-

2063 4271 2238 4341 pulus,
2288 4279 2343 4326 et
2374 4270 2525 4342 plebs
2547 4285 2647 4340 pro
2687 4285 2793 4335 una
2847 4270 3143 4339 eademque
3174 4285 3235 4325 re
3269 4269 3635 4326 indideranter

2066 4362 2343 4433 accipitur.
2397 4361 2530 4416 Nam
2573 4376 2641 4416 ex
2683 4375 2790 4415 uno
2815 4359 3002 4416 Graeco
3039 4360 3182 4431 quod
3220 4368 3304 4415 est
3337 4361 3454 4421 λαός
3503 4361 3635 4415 solet

2066 4466 2353 4524 utrumque
2378 4452 2676 4509 transferri.
2716 4453 2822 4508 Sed
2849 4453 2903 4507 in
2931 4453 3035 4508 hoc
3053 4453 3266 4507 videtur
3293 4467 3413 4508 esse
3433 4452 3635 4507 distan-

2065 4547 2162 4612 tia,
2186 4545 2412 4614 quodin
2453 4545 2632 4615 priore
2683 4553 2952 4599 commate
2979 4541 3232 4598 versiculi
3268 4543 3510 4597 additum
3557 4550 3634 4597 est

2065 4636 2222 4690 viros.
2276 4631 2425 4688 Viros
2480 4634 2624 4688 enim
2683 4632 2915 4702 majores
2941 4642 3069 4687 natu
3115 4631 3403 4701 signiﬁcat.
3449 4641 3513 4686 ut
3567 4635 3634 4686 sit

2062 4737 2271 4788 sensus,
2303 4725 2431 4792 quia
2464 4722 2531 4777 de
2570 4723 2916 4792 optimatibus
2939 4720 3119 4792 populi
3145 4721 3486 4791 septuaginta
3515 4730 3633 4774 sunt

2064 4811 2325 4884 percussi,
2339 4811 2404 4865 de
2429 4811 2542 4880 ipsa
2565 4811 2720 4865 turba
2750 4810 2957 4882 vulgari
2983 4810 3230 4865 homines
3250 4809 3629 4879 quinquaginta

2072 4976 2135 5050 ut
2181 4983 2230 5049 ει.
2269 4966 2448 5022 verbis
2492 4965 2700 5021 Claudii
2755 4972 3003 5020 secernat
3049 4964 3240 5028 lector,
3290 4962 3502 5017 lineolis
3556 4963 3627 5015 di-

2071 5047 2254 5093 stinxi.

2139 5107 2165 5146 tl
2193 5107 2339 5160 Editi
2371 5119 2390 5157 :
2430 5105 2730 5176 designent.

2145 5189 2169 5217 ο
2199 5176 2344 5230 Editi
2373 5190 2392 5227 :
2421 5176 2531 5245 qui.

2145 5246 2164 5286 ί
2198 5241 2589 5315 Subsequentia
2613 5246 2810 5315 partim
2833 5261 2896 5300 ex
2927 5245 3145 5315 homilia
3186 5243 3255 5297 57
3280 5243 3345 5315 _in
3395 5241 3623 5315 Eme;

2066 5316 2168 5381 lia,
2241 5310 2438 5384 partim
2485 5331 2552 5370 ex
2612 5310 2750 5372 libro
2803 5332 2878 5371 vn
2929 5314 3211 5368 Moralium
3274 5310 3332 5366 S.
3390 5310 3621 5381 Gregorii

2066 5387 2345 5456 desumpta
2395 5394 2540 5440 sunt.
2590 5385 2663 5440 Ea
2713 5401 2836 5441 cum
2873 5387 3047 5441 editis
3087 5391 3383 5452 comparet,
3431 5395 3621 5450 quaeso,

2067 5457 2346 5594 lectw'iiap.
2395 5524 2448 5577 6.
2489 5525 2574 5580 i9.
2605 5525 2744 5580 Beda
2789 5525 2947 5594 hujus
2997 5525 3101 5579 loci
3143 5520 3564 5594 εξχιιιὶεὲιὶθιιθιὶιΔ
3593 5534 3618 5572 ³

2067 5591 2578 5650 ειυυαῑσυ-ωεωω
2611 5597 2767 5650 docet
2801 5613 2814 5648 :
2857 5591 3032 5664 capite
3077 5593 3284 5649 scilicet
3309 5591 3346 5646 5
3383 5591 3620 5660 quastio-

2067 5681 2192 5720 num
2222 5665 2276 5718 in
2303 5665 2466 5718 libros
2490 5664 2711 5736 Regum.
