3976 6170
271 289 374 347 653

1161 295 1620 364 οωεετιοΝεδ
1658 295 1803 351 XXX
1842 293 2069 349 SUPER
2109 293 2351 352 LIBROS
2393 295 2645 352 BEGUM.

3416 299 3524 356 om

267 403 456 462 millia.
473 402 628 472 Quod
649 420 718 462 ne
739 407 1039 476 pateretui',
1057 407 1112 463 in
1136 407 1532 480 Exodo(Exod.
1549 408 1609 479 2)
1619 407 1839 479 populus
1867 407 1916 466 Α
1943 415 2067 476 post
2087 407 2394 474 Dominum,
2425 408 2652 478 abjeetis
2677 409 2925 464 videlicet
2955 411 3130 477 idolis,
3156 413 3232 468 llli
3260 413 3360 469 soil
3406 428 3532 470 ser-

261 496 474 565 alonge
508 494 698 562 stabat,
739 505 788 550 et
836 498 1041 563 orabat,
1091 498 1334 569 solusque
1365 498 1555 554 Moises
1605 499 1838 554 ascendit

259 586 329 643 ad
344 586 635 641 Dominum
661 601 710 641 ι.
732 587 840 644 'lsti
867 588 936 644 ab
957 589 1063 646 hoc
1085 591 1354 661 percussi,
1377 591 1505 660 quia
1527 607 1635 647 non
1664 591 1838 646 solum

257 678 846 750 appropinquaverunt,
876 683 972 738 sed
995 684 1158 738 etiam
1189 685 1271 755 (ut
1303 683 1408 738 alia
1437 682 1606 738 rel'ert
1651 691 1836 736 trans-

255 769 410 842 latio)
459 769 823 840 despexerunt,
853 772 997 841 quod
1024 773 1222 828 rationi
1245 773 1366 842 plus
1393 788 1691 844 congruum
1718 780 1833 828 est:

253 876 378 916 nam
406 861 462 916 in
505 860 691 915 Exodo
718 863 994 928 viderunt,
1024 872 1079 918 et
1107 863 1418 928 audierunt,
1450 870 1505 917 et
1554 863 1836 934 perspicua

250 951 450 1006 divinae
475 952 732 1022 polentia:
760 953 1133 1023 inspexerunt,
1166 969 1268 1009 nec
1294 955 1595 1024 perierunt.
1622 954 1689 1008 Et
1713 954 1837 1009 ideo

250 1041 338 1097 isti
374 1057 481 1097 non
505 1043 572 1096 de
593 1042 822 1109 visione,
852 1046 947 1100 sed
967 1046 1033 1100 de
1059 1046 1426 1117 despectione,
1451 1055 1506 1104 et
1527 1048 1836 1103 temeritate

249 1133 496 1188 mulctati
526 1143 652 1189 sunt
675 1135 724 1188 ι’.
749 1155 768 1190 ι

320 1225 471 1296 (Cap.
491 1227 542 1280 7.
570 1225 650 1297 2.)
681 1226 747 1281 Et
769 1226 966 1295 factum
988 1240 1060 1285 est
1085 1247 1148 1285 ea:
1171 1248 1274 1302 qua
1304 1231 1388 1286 die
1408 1231 1600 1286 mansit
1627 1248 1753 1284 arca
1776 1233 1833 1286 in

246 1315 648 1383 Cariathiarim,
681 1320 1014 1387 multiplicati
1048 1331 1170 1374 sunt
1194 1322 1324 1376 dies.
1355 1321 1490 1375 Erat
1509 1322 1698 1392 quippe
1735 1338 1834 1375 an-

246 1425 348 1463 nus
376 1409 670 1474 vicesimus,
698 1419 746 1463 et
775 1412 1020 1481 requievit
1061 1414 1228 1467 omnis
1275 1414 1460 1468 domus
1507 1413 1682 1468 Israel
1714 1422 1832 1484 post

242 1499 553 1555 Dominum.
597 1511 619 1540 ε
660 1520 680 1551 ‹
714 1501 831 1556 Non
868 1501 944 1557 ita
983 1503 1394 1574 intelligendum
1436 1513 1522 1560 est
1565 1504 1720 1575 quasi
1750 1504 1832 1558 vi-

242 1591 383 1662 ginti
411 1590 560 1655 anni,
585 1590 782 1660 quibus
805 1607 931 1648 arca
965 1591 1239 1666 (maneret)
1265 1595 1526 1650 manserit
1557 1595 1612 1649 in
1641 1594 1829 1650 Caria-

243 1682 491 1748 thiarim,
539 1683 606 1738 ad
651 1693 901 1739 octavum
955 1701 1126 1756 usque
1173 1702 1372 1741 annum
1426 1687 1578 1758 regni
1629 1686 1822 1752 David,

1944 496 2126 563 viens;
2185 499 2330 568 quod
2355 514 2476 554 eam
2525 499 2723 554 fecisse
2763 507 2874 554 toto
2905 509 3145 572 tempore
3196 503 3520 574 praesulatus

1943 585 2231 653 Samuelis,
2267 591 2292 628 ⁸
2321 589 2412 658 qui
2449 581 2686 660 Joseplio
2709 597 2847 644 teste
2875 591 3158 652 duodecim
3188 593 3344 648 annis
3371 608 3490 650 com
3507 625 3520 635 -

1939 678 2115 748 pletus
2158 687 2264 743 est,
2319 688 2377 734 et
2418 681 2596 752 primo
2618 689 2861 752 tempore
2883 682 3034 752 regni
3074 680 3220 748 Saul,
3273 685 3419 753 quod
3469 687 3518 751 ιι,

1939 769 2128 824 eodem
2157 769 2417 826 historico
2457 770 2760 826 allirmante
2793 773 2838 836 ί,
2893 772 3084 842 viginti
3115 773 3270 828 annis
3325 776 3520 840 tenuit,

1937 857 2120 913 nullus
2173 869 2374 916 sanctae
2411 861 2655 917 historia:
2684 862 2934 918 curiosus
2989 863 3224 933 ignorat.
3275 862 3520 936 Namque

1937 947 2278 1016 postmodum
2303 948 2356 1017 (Ι
2396 947 2522 1019 Reg.
2571 949 2656 1004 16.
2689 951 2777 1021 li)
2807 966 2931 1006 cum
2954 952 3273 1007 recessisset
3297 969 3324 1006 a
3356 953 3518 1009 Saulo.

1937 1039 2161 1108 spiritus
2195 1039 2431 1104 Domini,
2477 1049 2532 1094 et
2558 1041 2792 1112 agitaret
2819 1057 2942 1096 eum
2989 1043 3209 1113 spiritus
3259 1059 3515 1114 nequam,

1936 1131 2174 1186 maxime
2201 1130 2353 1204 (Cap.
2391 1133 2476 1187 18.
2511 1133 2595 1187 10.
2634 1134 2766 1206 etc.)
2789 1135 2858 1188 ad
2888 1137 3318 1205 persequendum
3346 1136 3515 1192 David

1936 1225 2215 1279 innoxium
2256 1234 2312 1279 et
2359 1224 2590 1292 justum,
2627 1241 2851 1282 necesse
2892 1237 3012 1282 erat
3053 1235 3262 1297 partem
3307 1229 3516 1284 militiae

1935 1315 2056 1387 (vel)
2075 1326 2131 1372 et
2149 1317 2322 1386 plebis
2344 1316 2462 1386 ejus
2484 1318 2817 1381 nonnullam,
2841 1318 3062 1373 malitiae
3082 1319 3226 1374 illius
3243 1320 3517 1375 exstitisse

1933 1407 2305 1476 complicem.»
2336 1407 2725 1464 Cariathiarim
2751 1410 2865 1479 ipsa
2887 1420 2992 1475 est,
3020 1425 3140 1480 qua!
3169 1410 3274 1466 alio
3297 1413 3517 1467 nomine

1933 1496 2154 1552 Cariath
2183 1497 2311 1550 Baal
2341 1506 2567 1552 vocatur
2593 1501 2774 1554 civitas
2807 1499 3038 1554 saltuum
3070 1500 3256 1571 (Iosue
3281 1502 3368 1556 l5.
3422 1503 3510 1558 60.

1930 1596 1978 1640 et
2009 1587 2096 1642 18.
2130 1586 2218 1658 14)
2251 1602 2358 1641 una
2393 1587 2460 1642 de
2498 1588 2724 1642 urbibus
2763 1587 3186 1643 Gabaonitarum
3235 1591 3515 1658 pertinens

1931 1675 2000 1730 ad
2026 1675 2225 1731 tribum
2257 1675 2411 1741 Juda,
2440 1679 2693 1734 euntibus
2725 1680 2793 1733 ab
2831 1679 3168 1734 Hierusalem
3216 1679 3511 1750 Diospolim

241 1772 464 1844 quando
513 1787 634 1828 eam
671 1785 994 1847 congregata
1036 1749 1223 1847 populi
1264 1749 1568 1848 frequentia
1601 1749 1826 1832 adduxit
1853 1749 1901 1808 Β
1929 1771 2185 1826 milliario
2241 1786 2404 1826 nono.
2439 1771 2516 1826 De
2542 1771 2644 1826 hac
2670 1771 2772 1826 fuit
2818 1772 2977 1827 Urias
3021 1773 3308 1842 propheta,
3348 1749 3514 1843 quem

241 1863 294 1917 in
323 1863 660 1919 Hierusalem
690 1864 778 1936 (II
804 1866 928 1937 Reg.
963 1866 1037 1937 6),
1075 1867 1186 1922 sint
1216 1868 1583 1939 computandi.
1611 1868 1826 1924 Inveni-

240 1962 332 2008 tur
362 1970 594 2026 namque
619 1956 670 2010 in
700 1958 1073 2028 sequentibus,
1093 1957 1144 2030 (1
1158 1958 1281 2031 Reg.
1301 1959 1384 2014 M.
1412 1961 1489 2034 8),
1519 1961 1663 2030 quod
1684 1969 1822 2016 tem-

238 2045 464 2114 poribus
494 2046 672 2101 Saulis
700 2045 803 2103 l'uit
823 2047 852 2088 (ι
878 2048 1056 2103 delata
1083 2049 1150 2105 de
1172 2051 1274 2106 hac
1302 2052 1544 2116 civitate,
1578 2062 1633 2106 et
1659 2052 1823 2108 allata

236 2135 293 2190 in
341 2147 545 2204 cartra,
591 2149 866 2210 pugnante
914 2155 980 2196 eo
1031 2141 1292 2197 adversus
1321 2142 1626 2199 Philistazos
1660 2144 1824 2199 szsic

235 2231 438 2285 etenim
461 2233 724 2303 scriptum
747 2241 832 2288 est
857 2252 870 2286 :
901 2231 1091 2304 (Ιῠὶά.)
1116 2234 1184 2287 Et
1210 2235 1284 2288 ait
1307 2233 1438 2288 Saul
1465 2236 1534 2288 ad
1561 2236 1778 2290 Aciliam
1803 2249 1821 2287 :

233 2322 444 2390 app/ica
475 2340 654 2377 arcam
683 2323 779 2376 Dei
811 2337 828 2374 :
869 2333 982 2377 erat
1005 2324 1141 2377 enim
1168 2324 1239 2376 ibi
1261 2340 1387 2376 arca
1418 2324 1514 2377 Dei
1539 2327 1592 2377 in
1618 2325 1702 2378 die
1729 2324 1824 2378 illa

232 2427 356 2466 cum
385 2414 513 2482 filiis
536 2413 774 2468 Israelis.
813 2414 880 2468 Et
909 2415 1040 2483 quia
1073 2422 1284 2468 constat
1326 2413 1410 2485 (11
1443 2413 1566 2485 Reg.
1595 2415 1648 2486 7)
1680 2418 1824 2487 quod

231 2506 409 2562 David
435 2520 556 2558 eam
606 2504 658 2558 in
698 2503 1035 2558 Hierusalem
1084 2504 1390 2566 adduxerit,
1442 2515 1465 2542 ε
1523 2503 1711 2558 tultam
1757 2505 1824 2559 de

232 2597 404 2649 domo
432 2594 758 2657 Aminadab,
788 2594 841 2648 in
872 2609 1033 2663 quam
1069 2602 1196 2649 tunc
1231 2595 1436 2648 illatam
1465 2609 1588 2649 esse
1640 2595 1825 2665 perhi-

230 2685 422 2748 betur,
457 2683 476 2722 τ
497 2693 664 2738 restat
691 2684 935 2755 intelligi,
970 2685 1110 2755 quod
1141 2685 1195 2740 in
1222 2683 1410 2741 diebus
1441 2685 1619 2742 Saulis
1650 2686 1820 2742 relata

233 2775 305 2829 de
336 2775 552 2838 castris,
586 2782 642 2828 et
668 2775 720 2829 in
750 2775 1028 2844 praefatam
1057 2777 1127 2830 sit
1157 2775 1304 2830 illata
1334 2777 1643 2843 civitatem;
1680 2778 1822 2832 unde

232 2865 415 2920 denuo
447 2873 706 2936 regnante
731 2865 897 2921 David
924 2865 1149 2921 affertur
1174 2867 1228 2920 in
1273 2866 1633 2922 Hierusalem.
1667 2885 1684 2918 ‹
1725 2867 1821 2922 Est

233 2973 368 3030 ergo
387 2972 578 3013 sensus
609 2967 921 3014 memorata:
951 2961 1253 3025 sententiae,
1283 2961 1411 3030 quia
1438 2975 1505 3015 ex
1531 2976 1638 3031 quo
1669 2977 1817 3015 man-

234 3050 308 3106 sit
364 3065 491 3106 arca
548 3049 603 3106 in
630 3050 1062 3125 (Cariathiarim,
1116 3063 1234 3109 erat
1287 3069 1460 3110 annus
1504 3054 1814 3126 vicesimus,
1845 3091 1888 3152 C

235 3157 362 3198 cum
420 3157 540 3199 eam
597 3145 722 3200 inde
769 3149 1054 3204 transferri
1115 3150 1452 3220 temporibus
1491 3148 1622 3204 Saul
1653 3165 1814 3204 causa

235 3237 365 3292 belli
426 3239 762 3310 contingeret
817 3258 830 3295 :
895 3241 978 3296 vel
1018 3252 1165 3299 certe
1214 3243 1504 3300 vicesimus
1551 3252 1669 3299 erat
1724 3261 1820 3299 an-

235 3341 369 3388 nus,
435 3342 559 3383 cum
603 3329 780 3386 adhuc
820 3331 998 3388 omnis
1045 3333 1238 3389 domus
1285 3334 1500 3390 lsraelis
1552 3335 1817 3405 requievit

303 3469 330 3498 ι
357 3455 490 3523 Quae
521 3460 811 3526 adduntur,
836 3461 890 3516 in
929 3461 1069 3518 Beda
1100 3478 1205 3518 non
1235 3463 1435 3518 inveni.

299 3527 329 3568 δ
354 3527 714 3609 interpretes,
743 3547 878 3609 quos
907 3531 1161 3609 Claudius
1175 3535 1399 3609 indicat,
1423 3535 1581 3605 plane
1603 3535 1810 3609 ignoro.

233 3595 374 3672 Novi
418 3595 666 3672 equidem
711 3595 801 3668 qui
835 3603 1099 3656 verterint
1133 3621 1148 3656 :
1187 3595 1547 3672 dispexissent
1589 3595 1701 3659 :vid
1732 3612 1818 3660 est

233 3670 474 3730 curiose,
507 3677 564 3723 et
587 3670 792 3726 minute
822 3687 940 3726 eam
971 3673 1152 3726 intuiti
1181 3670 1339 3738 sunt;
1365 3684 1456 3727 aut
1480 3675 1524 3728 si
1553 3675 1635 3729 vis
1661 3690 1814 3730 scru-

231 3740 328 3811 tati
374 3747 520 3811 sunt,
551 3754 670 3808 qua:
715 3740 769 3811 in
797 3755 923 3796 arca
950 3742 1125 3811 posita
1171 3753 1326 3797 erant
1354 3761 1368 3796 :
1401 3742 1582 3798 favere
1631 3753 1812 3798 autem

234 3806 364 3862 buic
413 3806 844 3882 interpretationi
892 3806 1146 3866 videntur
1190 3813 1445 3868 hebraica
1498 3813 1614 3882 ipsa
1648 3814 1814 3866 verba

231 3894 446 3959 W1
468 3871 646 3959 ΜΗ)
672 3902 793 3959 qua:
814 3889 964 3959 reddi
988 3890 1268 3959 commode
1297 3871 1535 3958 possunt
1556 3909 1568 3942 :
1592 3905 1653 3959 _eo
1675 3890 1814 3959 quod

233 3955 484 4028 unum
509 3957 563 4009 in
589 3955 711 4028 arca
739 3955 969 4028 Domini.
1026 3956 1130 4012 Sed
1172 3955 1312 4028 quis'
1344 3959 1550 4013 nesciat
1589 3955 1820 4027 ipsamet

233 4022 492 4079 hebraica
516 4027 681 4098 verba
699 4027 837 4098 verti
864 4027 1029 4082 etiam
1051 4043 1172 4082 cum
1189 4022 1356 4083 laude
1380 4043 1560 4098 posse,
1601 4022 1678 4082 uti
1724 4041 1813 4082 re-

233 4107 364 4168 vera
422 4095 586 4168 vertit
620 4094 842 4168 Vulgata
870 4115 894 4168 :7
917 4113 982 4168 eo
1017 4094 1423 4168 quodvidissent
1471 4099 1686 4152 arcam?
1730 4098 1813 4168 An

1926 1859 2199 1917 interfecit
2228 1859 2478 1917 Joachim
2519 1861 2575 1914 in
2603 1859 2962 1925 Hierusalem,
3024 1860 3167 1916 sicut
3210 1859 3512 1917 Hieremias

1925 1952 2116 2008 scribit
2134 1950 2146 2002 ἱ
2164 1992 2178 2006 .

2000 2071 2018 2104 ι
2053 2051 2276 2108 Samuel
2304 2062 2482 2108 autem
2507 2061 2631 2124 post
2655 2061 2882 2108 mortem
2907 2053 3026 2109 Heli
3062 2055 3286 2124 regebat
3329 2054 3506 2112 Israe-

1922 2141 2048 2197 lem.
2079 2141 2130 2214 (I
2162 2142 2291 2214 Reg.
2314 2143 2368 2208 7,
2399 2143 2529 2215 etc.)
2557 2141 2897 2214 Congregato
2930 2151 3111 2197 autem
3142 2145 3287 2198 omni
3309 2146 3510 2216 populo

1923 2233 2247 2288 exclamavit
2297 2235 2366 2289 ad
2423 2234 2710 2290 Dominum
2764 2249 2863 2304 pro
2887 2233 3076 2300 Israel,
3132 2243 3187 2290 et
3232 2236 3510 2290 exaudivit

1923 2337 2070 2388 eum,
2122 2323 2193 2394 (υ.
2229 2323 2259 2376 7
2291 2332 2339 2376 et
2367 2322 2500 2394 seq.)
2544 2331 2599 2377 et
2642 2337 2767 2378 cum
2827 2321 3048 2378 oll‘erret
3089 2323 3502 2390 holocaustum;

1924 2411 2304 2466 accedentibus
2328 2413 2646 2482 alienigenis
2673 2415 2739 2466 ad
2766 2428 3000 2483 pugnam
3030 2422 3220 2468 contra
3251 2413 3507 2482 populum

1923 2500 2040 2564 Dei,
2082 2501 2318 2555 intonuit
2342 2502 2602 2556 Dominus
2648 2517 2811 2571 super
2835 2518 2956 2566 eos,
3005 2511 3059 2557 et
3108 2501 3317 2557 confusi
3357 2511 3502 2557 sunt.

1922 2591 1991 2646 Et
2042 2592 2357 2647 ceciderunt
2403 2607 2587 2648 coram
2633 2592 2818 2658 Israel,
2869 2603 3030 2662 atque
3074 2591 3314 2662 superati
3357 2601 3503 2647 sunt.

1925 2681 2018 2754 (V.
2053 2683 2138 2755 12)
2189 2683 2334 2738 Tum:
2380 2685 2658 2754 assumpsit
2689 2683 2906 2739 Samuel
2963 2683 3190 2754 lapidem
3234 2700 3419 2749 unum,
3455 2694 3507 2738 et

1921 2779 2092 2844 posuit
2122 2795 2240 2834 eum
2287 2781 2424 2836 inter
2447 2779 2692 2850 Maspltat
2737 2791 2784 2834 et
2823 2779 3044 2850 Siceleg.
3094 2781 3120 2820 ιι
3151 2780 3220 2835 Et
3249 2790 3308 2835 ut
3336 2782 3507 2836 inter-

1921 2867 2104 2946 pretes
2128 2875 2468 2945 septuaginta
2503 2872 2896 2928 transtulerunt
2921 2891 2934 2926 ε
2963 2875 3100 2926 inter
3129 2872 3374 2944 Masphat
3405 2889 3508 2926 no-

1921 2981 2041 3021 vam
2076 2974 2125 3019 et
2161 2975 2398 3020 veterem.
2434 2963 2748 3035 Vocavitque
2780 2979 2965 3018 nomen
2991 2962 3127 3032 ejus,
3159 2961 3294 3032 lapis
3341 2963 3505 3032 adju-

1923 3057 2068 3123 torii,
2091 3066 2140 3112 et
2168 3057 2302 3111 dixit
2326 3072 2344 3111 :
2371 3073 2532 3127 usque
2563 3055 2734 3109 adhuc
2758 3053 3046 3108 auxiliatus
3067 3063 3142 3108 est
3163 3053 3310 3107 nobis
3334 3052 3502 3108 Deus.

1922 3148 2166 3220 Masphat
2195 3150 2585 3218 interpretatur
2609 3145 2827 3202 intentio
2854 3160 2869 3199 :
2897 3145 3060 3215 Lapis
3096 3145 3187 3199 ille
3217 3143 3498 3212 adjutorii,

1920 3242 2182 3297 medietas
2210 3250 2292 3296 est
2312 3239 2638 3304 Salvatoris;
2668 3253 2766 3309 per
2801 3236 2996 3308 (quem)
3030 3251 3190 3306 quam
3217 3245 3502 3292 transeun-

1919 3335 2047 3390 dum
2080 3344 2164 3390 est
2183 3350 2214 3389 a
2235 3333 2482 3404 Masphat
2508 3341 2693 3389 vetere
2716 3330 2782 3386 ad
2808 3345 3025 3396 novam,
3050 3329 3104 3384 id
3125 3338 3213 3384 est
3238 3330 3306 3384 ab
3329 3330 3506 3384 inten-

1915 3484 2014 3550 que
2032 3466 2244 3548 prefuit
2292 3463 2668 3549 solusquidem
2701 3472 2814 3532 post
2856 3471 3073 3517 mortem
3115 3460 3238 3516 Heli
3284 3460 3504 3585 paraly-

1915 3554 1991 3585 €18
2029 3553 2182 3585 αηηπε
2235 3536 2530 3585 duodecim.
2586 3549 2704 3585 cum
2753 3532 2920 3585 Saulo
2964 3547 3083 3585 vero
3130 3547 3248 3585 reae
3293 3532 3367 3585 du
3439 3548 3497 3584 e-

1915 3532 1991 3590 cis
2029 3532 2182 3592 annis
2235 3532 2530 3602 duodecim,
2586 3549 2704 3587 cum
2753 3532 2920 3588 Saulo
2964 3547 3083 3585 vero
3130 3547 3248 3600 rege
3293 3532 3497 3586 duode-

1917 3617 2303 3745 mgltngquidem
2323 3675 2543 3729 historia
2575 3689 2591 3726 :
2627 3673 2768 3728 male
2789 3673 2992 3760 ιξῑίιιξλθο
3151 3750 3162 3760 ,
3279 3747 3301 3760 .
3437 3747 3451 3760 .
3482 3748 3494 3760 .

1993 3757 2010 3795 ί
2042 3753 2175 3824 Cap.
2217 3754 2284 3807 M
2313 3769 2408 3809 seu
2447 3763 2724 3824 postremo
2768 3753 3010 3824 ejusdem
3041 3750 3166 3804 libri
3194 3747 3495 3824 “_Josephi

1918 3824 1996 3898 [n.
2021 3817 2136 3898 91f
2154 3825 2352 3898 haec_in
2377 3817 2627 3898 editione
2655 3817 2895 3898 ejusdem
2925 3819 3280 3898 Havercampi
3307 3817 3496 3898 legun-

1916 3888 2025 3948 iur.
2059 3888 2218 3946 Hunc
2254 3892 2452 3948 Saulus
2504 3893 2660 3961 ﬁnem
2687 3888 2961 3961 ‘habuit...
3024 3888 3276 3956 Regnavit
3322 3895 3499 3940 autem

1916 3964 2112 4036 virente
2142 3961 2390 4036 Samuelo
2443 3959 2595 4015 annis
2621 3959 2936 4036 octodecim:
2965 3966 3080 4029 post
3109 3966 3328 4036 mortem
3375 3971 3497 4036 vero

1915 4033 2030 4107 ejus
2059 4031 2488 4107 annis_duobus_
2505 4040 2555 4086 et
2593 4029 2791 4100 uiginti.
2839 4024 3008 4107 Quem
3062 4037 3242 4107 tamen
3273 4024 3501 4107 doseplii'

1916 4095 2094 4156 locum
2126 4100 2200 4155 ita
2224 4100 2420 4157 Petrus
2449 4095 2734 4157 Comestor
2757 4098 3011 4169 explicat,
3030 4105 3107 4169 __ut
3127 4095 3290 4151 simul
3316 4095 3493 4165 juncti

231 4164 624 4234 quinquaginta
656 4164 820 4219 millia
884 4164 1211 4238 lebislnullo
1233 4167 1440 4223 scilicet
1464 4182 1522 4221 re
1564 4167 1812 4241 rimente]
1917 4172 2063 4229 anni.
2103 4173 2299 4241 quibus
2319 4169 2449 4226 Saul
2476 4187 2534 4226 re
2576 4170 2739 4235 navit,
2769 4164 2959 4240 viginti
2982 4166 3250 4232 elliciant;
3285 4164 3341 4220 ut
3389 4181 3491 4221 no-

231 4235 564 4294 perscrutari
608 4181 888 4291 commovﬂ:
936 4237 1238 4294 potuissent
1278 4183 1558 4294 quidquid)
1579 4239 1635 4293 in
1686 4254 1814 4294 arca
1917 4250 2032 4294 ster
2058 4242 2290 4294 scriptor
2315 4242 2497 4294 habet.
2524 4188 2838 4294 Etreanarit
2865 4236 2996 4293 Saul
3023 4238 3222 4292 vivente
3246 4234 3491 4291 Samuele

231 4235 564 4319 perscrutari
587 4234 888 4319 commode
936 4234 1238 4319 potuissent
1278 4234 1553 4319 quidquid
1579 4239 1635 4293 in
1686 4234 1816 4319 arca
1917 4250 2032 4319 ster
2058 4234 2290 4319 scriptor
2315 4242 2497 4296 habet.
2524 4234 2591 4294 Et
2610 4234 3002 4319 regnarit'Saul
3023 4234 3493 4319 vivente‘Samuele

231 4305 466 4425 positum
488 4312 625 4369 erat,
657 4312 712 4360 et
731 4305 1196 4361 circumStantium
1222 4305 1405 4364 oculos
1430 4305 1817 4364 delitescebat?
1919 4313 1986 4367 18
2011 4305 2186 4377 annis,
2216 4318 2272 4366 et
2294 4325 2360 4365 eo
2387 4319 2590 4365 mortuo
2621 4305 2824 4364 duobus
2875 4309 3048 4362 annis.
3103 4307 3248 4364 Citat
3309 4315 3488 4362 autem

255 4382 561 4425 uternretes
588 4390 750 4425 oorro
795 4376 948 4425 valde
984 4376 1289 4425 probabiles
1320 4393 1511 4425 caligas
1557 4377 1807 4425 amarunt-
1921 4381 2320 4425 Havet-canimus
2343 4379 2672 4425 Clamo.an
2715 4387 2770 4425 et
2794 4379 3137 4425 Eutvehinm-
3171 4377 3488 4425 Alexandri-

255 4382 571 4451 ntegn‘etes
588 4390 766 4451 porro_
795 4376 952 4451 valde
984 4376 1289 4448 probabiles
1320 4393 1511 4451 causas
1557 4377 1808 4441 afferunt,
1838 4429 1888 4451 ῃ
1919 4381 2320 4451 Havercampus
2343 4379 2672 4435 Clementem
2708 4387 2770 4451 et
2787 4379 3137 4451 Eutychium,
3171 4377 3494 4451 Alexandri-

231 4457 323 4498 cur
341 4429 494 4533 Deus
523 4429 858 4533 ,Bétsamita‘s
901 4429 1072 4533 liberte
1106 4429 1287 4529 arcani
1317 4429 1624 4531 meantes—
1635 4429 1810 4504 iniit};
1835 4429 1889 4489 Ῑ)
1915 4429 2615 4533 ᾖξε-,ξὸξὲᾖίἶῖτδέξίᾶίδξέξξ
2623 4429 3108 4533 ξιιὶ-ἓὶξῇξξίἶῇέοε
3125 4429 3491 4533 rego—inanitas

231 4513 486 4589 punierit.
522 4514 678 4589 Quod
715 4515 764 4589 _si_
791 4515 1020 4589 liberum
1047 4517 1191 4572 hunc
1221 4518 1473 4589 intuitum
1503 4518 1807 4574 irreveren-
1916 4520 2065 4577 Sauli
2114 4513 2360 4576 tribuunt
2394 4538 2406 4575 :
2457 4513 2617 4589 atque
2647 4513 2764 4575 haec
2795 4513 3012 4589 quidem
3059 4513 3241 4589 opinio
3280 4514 3487 4570 Claudii

232 4583 360 4668 tiam
385 4585 697 4665 quamdam,
715 4585 1806 4668 ideoqueinterpretativumcontemptum
1912 4591 2082 4668 nostri
2116 4593 2445 4668 auctoritate
2469 4583 3062 4668 repugnantezonara,
3084 4583 3196 4668 ἑαυί
3225 4585 3339 4668 haec
3357 4593 3492 4668 “tm:

1910 4662 1988 4716 dit
2017 4663 2096 4734 [in
2119 4663 2224 4734 line
2255 4661 2370 4734 ipso
2390 4661 2513 4734 libri
2529 4652 2691 4734 primi
2712 4655 3020 4728 Annalium]
3043 4652 3331 4734 :_Regnavit
3351 4652 3485 4734 Saul

1907 4724 2185 4802 superstite
2236 4724 2408 4786 adhuc
2438 4724 2710 4802 Samuele,
2733 4743 2900 4802 annos
2927 4724 3213 4802 octodecim
3237 4739 3255 4777 .'
3285 4740 3348 4802 eo
3393 4724 3484 4778 de-

1911 4795 2109 4870 functo,
2164 4801 2515 4872 rigintiduos.
2567 4795 3219 4872 Confirmari_recti_ssiu_ie
3262 4801 3483 4864 potest:

1909 4865 2073 4942 atque
2097 4865 2333 4942 idipsum
2360 4871 2518 4942 docet
2552 4878 2762 4942 vetusta
2799 4882 2864 4922 ea
2892 4865 3128 4942 Iosephi
3160 4866 3484 4942 interpreta-

1907 4935 2004 5005 tio',
2037 4956 2156 5010 qua:
2177 4935 2382 5010 llulino
2409 4941 2703 5010 tribuitur:
2728 4939 2843 4993 haec
2865 4935 3207 5010 enim_'habet
3236 4952 3248 4986 :
3283 4935 3484 5002 Regna-

1906 5012 1975 5065 vit
2000 5007 2176 5084 itaque
2199 5008 2352 5073 Saul,
2395 5008 2608 5084 Samuel
2644 5009 2860 5084 uiuente,
2891 5007 3042 5062 anuis
3063 5007 3238 5084 decem
3257 5012 3308 5056 et
3329 5012 3444 5084 octo
3464 5019 3482 5054 :

1905 5075 2157 5135 moriente
2187 5088 2363 5133 autem
2389 5078 2521 5132 alios
2550 5078 2701 5131 duos.
2733 5077 2866 5132 Vide
2892 5084 3091 5137 tamen,
3119 5075 3371 5133 obsecro,
3399 5075 3481 5126 in-

1905 5157 1988 5202 ter
2028 5159 2172 5206 retes
2198 5150 2265 5204 ad
2287 5149 2603 5229 duoshosce
2626 5147 2741 5202 Scri
2786 5156 2919 5201 tura:
2944 5145 3129 5201 locosl
3153 5143 3286 5213 Reg.
3307 5141 3396 5222 l5.
3426 5143 3477 5197 l.

1906 5165 2079 5271 Filius
2125 5221 2282 5271 unius
2313 5235 2440 5271 anm
2483 5226 2595 5271 erat
2623 5161 2781 5271 Saul:
2812 5231 2928 5269 cum
2977 5229 3192 5271 requare
3223 5221 3474 5271 cavisset,

1957 5236 2079 5275 tuus
2125 5236 2282 5273 unius
2313 5236 2440 5273 anm
2483 5236 2595 5271 erat
2623 5236 2779 5280 aaut,

1964 5212 2079 5275 ilius
2125 5221 2282 5273 unius
2313 5217 2440 5273 anni
2483 5226 2595 5271 erat
2623 5212 2779 5280 Saul,
2812 5231 2928 5269 cum
2957 5212 3474 5285 gregnarefmpisset,

231 4664 348 4707 esse
400 4654 687 4724 quisquam
732 4655 860 4709 velit
885 4654 1300 4724 despectionem,
1343 4666 1398 4712 et
1425 4654 1803 4724 temeritatem,

235 4737 392 4790 quam
416 4723 505 4777 hic
528 4733 918 4780 commemorat
960 4723 1250 4790 Claudius,
1281 4727 1569 4783 admittere
1610 4728 1662 4783 id
1693 4723 1803 4782 uti;

235 4805 334 4860 que
358 4808 668 4860 possumus.

301 4873 323 4932 ε
356 4863 571 4932 Rursus
586 4864 702 4918 haec
727 4871 911 4932 repete
931 4877 998 4919 ex
1017 4863 1160 4919 Beda
1191 4879 1340 4920 num.
1372 4865 1424 4918 4.

296 4930 322 4972 ⁸
351 4931 594 4987 Ablatus.
618 4930 847 4988 Praestat
877 4941 1061 4988 nostra
1088 4934 1268 4990 lectio.

298 5011 323 5040 ⁸
355 5000 470 5055 Νἱεί
497 5003 550 5057 in
575 5011 848 5058 errantem
888 5018 1273 5058 amanuensem
1303 5005 1444 5061 hanc
1489 5020 1676 5062 vocem
1722 5023 1806 5063 re-

235 5067 374 5150 leras
416 5069 566 5150 [nam
605 5073 783 5150 editus
815 5071 972 5128 Beda:
1000 5072 1150 5150 locus
1179 5074 1374 5150 habet:
1401 5076 1663 5150 tulitque].
1688 5078 1803 5150 Vox

235 5138 346 5194 inec
395 5138 460 5212 ex
502 5142 569 5197 iis
613 5143 740 5208 erit,
782 5157 902 5212 qua
938 5157 970 5196 a
999 5143 1265 5200 latinitate
1308 5138 1660 5212 declinantes,
1691 5149 1805 5202 vul-

235 5221 390 5282 sares
410 5209 644 5282 linguas,
688 5221 782 5266 aut
800 5209 1179 5282 eﬂ'ormarunt,
1220 5221 1317 5270 aut
1345 5209 1655 5272 auxerunta
1683 5216 1802 5272 Itali

235 5276 359 5364 {flio
399 5289 455 5336 et
489 5276 638 5335 'tolta
675 5282 882 5347 dicunt,
910 5282 1050 5350 quod
1079 5276 1259 5337 Latini
1286 5284 1518 5341 ablatum
1557 5297 1613 5342 et
1655 5285 1802 5341 abla-
1903 5287 2170 5364 etduolgtts
2197 5287 2350 5364 annis
2386 5286 2643 5364 regnavit.
2669 5285 2737 5340 Et
2755 5276 2910 5364 Acten.
2946 5276 3154 5364 lilii}.
3187 5276 3342 5362 Dedit
3368 5279 3476 5334 illis

233 5353 379 5427 ἀξη
607 5422 619 5427 ,
726 5423 738 5427 _
1215 5421 1232 5427 ,
1360 5424 1371 5427 _
1438 5423 1465 5427 _
1510 5425 1520 5427 _
1640 5424 1654 5427 _
1695 5425 1704 5427 _
1905 5354 2040 5427 Saul
2070 5357 2241 5427 ﬁlium
2285 5353 2392 5420 Cit,
2421 5353 2584 5410 virum
2609 5355 2673 5409 de
2701 5355 2838 5409 tribu
2864 5353 3144 5426 Benjamin
3172 5353 3324 5406 annis
3346 5367 3479 5422 qua—

308 5415 711 5496 ‘_Anteag_eti_am
725 5423 780 5477 in
801 5421 1006 5496 adibus
1023 5421 1323 5496 Abinadam
1337 5424 1412 5496 _in
1427 5423 1609 5481 Gabaa
1633 5424 1800 5482 fuisse
1899 5415 2168 5496 draginta.

230 5488 460 5554 positam
500 5492 757 5548 discimus
787 5507 853 5548 ex
879 5493 1054 5612 capite
1083 5492 1114 5547 8
1142 5492 1264 5548 libri
1295 5493 1470 5566 tReg.
1974 5488 2114 5550 i'26.
2141 5493 2231 5551 20.
2263 5494 2353 5548 2|.
2391 5492 2518 5549 Haac
2547 5493 2768 5548 tradidit
2812 5491 3058 5548 lsidorus
3076 5507 3199 5562 cap.
3219 5489 3252 5546 1
3282 5491 3336 5545 in
3373 5489 3471 5546 lib.

305 5557 331 5595 ⁵
365 5557 629 5612 Jonenhus
661 5577 782 5612 mn.
829 5562 896 5612 15
968 5563 1038 5612 ib.
1075 5578 1128 5612 γι
1160 5563 1541 5612 Δηιίωιίιαιωη
1588 5562 1691 5612 Γη.·
1714 5563 1793 5612 9.1
1903 5581 1918 5612 l
1947 5563 2082 5612 Rea-

230 5620 270 5676 δ
305 5562 331 5595 ⁵
365 5562 629 5644 {osephus
661 5577 782 5632 cap.
829 5562 896 5618 15
945 5562 1038 5618 lib.
1075 5578 1128 5646 vi
1160 5562 1541 5634 Antiquitatum
1588 5562 1691 5636 [nu
1714 5563 1793 5638 9.]
1901 5581 1918 5618 ι
1947 5563 2082 5686 Reg;
2326 5635 2338 5648 ο
2754 5633 2786 5647 η
3196 5632 3207 5644 ο

240 5640 350 5714 ἐξ
393 5646 445 5714 in
481 5631 1138 5714 editionellavercampu
1159 5631 1342 5713 habet.
1399 5634 1510 5714 sub
1563 5636 1682 5698 hoc,
1716 5645 1794 5714 .et
1903 5700 1922 5714 _
1971 5635 2252 5714 “mulsam
2279 5655 2290 5690 :
2321 5645 2456 5690 inter
2497 5633 2600 5690 Sen
2622 5651 2640 5702 ;
2686 5633 2788 5689 Ain
2827 5631 3084 5704 Dentem;
3126 5631 3304 5688 editus
3334 5631 3474 5686 Beda

233 5689 506 5754 stimulus
524 5701 771 5772 propheta
798 5704 900 5758 vita
926 5689 1206 5756 ἀρκέσει...
1238 5703 1526 5774 imperauit,
1568 5689 1788 5771 populo-
1893 5700 1962 5775 Itt
1991 5689 2266 5762 Sicuti/edi.
