3976 6170
429 285 538 345 (ὶδὸ

1489 287 1764 345 CLAUDII
1803 284 2269 345 TAURINENSIS
2308 283 2613 342 EPISCOPI

3578 288 3673 344 656

434 400 602 466 tione,
625 412 748 471 quae
767 401 1183 473 exspectabatur
1202 400 1258 456 in
1277 399 1482 456 carnali
1504 414 1691 471 regno,
1719 400 1864 470 quod
1890 409 2011 455 erat
2037 410 2088 469 Α
2111 399 2248 471 prie,
2295 399 2390 455 sed
2430 398 2644 453 vicine:
2671 405 2845 454 tamen
2886 412 3006 452 cum
3048 395 3110 453 flt
3142 397 3337 453 mentis
3384 395 3630 454 alienatio
3649 417 3681 455 a

369 558 376 566 δ
432 490 712 547 beatitudo
761 490 915 558 falsa,
958 492 1030 546 ad
1077 488 1455 557 intentionem,
1503 505 1623 561 qua:
1660 505 1758 560 per
1807 506 2006 551 novum

432 590 814 639 testamentum
841 589 1189 654 exspectatur
1214 582 1269 638 in
1298 597 1467 654 regno
1502 581 1781 647 calorum,
1803 582 1897 636 ubi
1925 589 2011 638 est

431 670 708 727 beatitudo
740 670 1027 727 verissima
1060 683 1088 713 ι
1125 685 1142 725 :
1177 671 1305 740 quia
1340 670 1523 744 (qua),
1568 672 1826 740 quoniam
1870 670 2009 735 nihil

429 771 515 817 est
545 760 760 828 melius,
794 776 969 833 usque
999 761 1107 819 huc
1142 761 1436 818 auxiliatur
1470 763 1614 818 Deus
1641 759 1793 832 (Cap.
1821 760 1908 815 12.
1942 761 2007 814 17

427 866 475 911 et
523 854 633 926 18).
680 854 788 913 iste
843 854 1063 909 Samuel
1116 854 1390 913 invocavit
1442 868 1641 909 nomen
1690 853 1924 921 Domini,
1954 860 2013 908 et

426 943 706 999 exaudivit
744 956 867 999 eum
918 942 1084 1007 Deus,
1115 951 1171 998 et
1200 942 1257 996 in
1288 950 1532 1013 tempore
1556 942 1752 997 messis
1774 942 2011 1011 pluviam

429 1030 762 1099 impetravit.
804 1029 988 1085 Pluvia
1016 1030 1160 1087 enim
1187 1030 1243 1085 in
1276 1031 1478 1086 sanctis
1504 1029 1800 1099 Scripturis
1844 1030 2012 1086 verba

423 1128 553 1181 sunt
587 1120 885 1193 Evangelii,
918 1124 1034 1179 sive
1058 1123 1215 1193 legis,
1245 1125 1389 1179 sicut
1423 1123 1619 1178 Moises
1641 1124 1772 1178 dicit
1797 1124 1826 1165 ι)
1855 1140 1869 1178 :
1902 1122 2031 1191 Ex-_

429 1219 687 1277 spectetur
711 1212 846 1265 sicut
869 1210 1046 1283 pluvia
1074 1211 1343 1283 eloquium
1365 1229 1571 1279 meum;
1615 1221 1665 1267 et
1692 1213 2012 1268 descendant

430 1298 563 1352 sicut
604 1315 690 1354 ros
745 1300 900 1354 verba
959 1317 1097 1357 mea.
1156 1300 1307 1357 Hanc
1364 1302 1533 1373 igitur
1584 1301 1821 1372 pluviam
1866 1300 2015 1355 dedit

430 1389 630 1446 mundo
675 1389 926 1447 Christus
965 1392 1019 1447 in
1052 1401 1293 1464 tempore
1339 1395 1550 1460 messis,
1600 1395 1654 1450 id
1683 1403 1767 1449 est
1797 1393 2014 1464 quando

428 1488 615 1549 gentes
636 1482 816 1554 colligi
845 1485 1131 1554 oportebat
1170 1503 1183 1539 :
1223 1485 1323 1558 (ut)
1374 1486 1518 1541 unde
1554 1485 1770 1557 (Matth.
1814 1485 1867 1538 5.
1922 1484 2011 1556 12)

429 1572 568 1627 sicut
584 1572 918 1631 frumentum
944 1577 1001 1631 in
1024 1578 1258 1646 horreis,
1286 1579 1367 1635 sic
1387 1579 1531 1634 inter
1557 1578 1815 1635 Ecclesiae
1832 1577 2012 1634 sinum

427 1676 845 1738 congregemur.

2109 492 2379 556 sensibus,
2410 499 2470 547 ut
2495 492 2716 562 spiritus
2756 490 2991 547 hominis
3036 490 3217 546 divino
3248 490 3441 560 spiritu
3482 504 3686 546 assum-

2107 588 2252 651 puts,
2308 580 2587 652 capiendis
2629 588 2790 650 atque
2834 579 3104 635 intuendis
3142 579 3469 649 imaginibus
3512 589 3687 646 vacet,

2108 673 2249 728 sicut
2269 671 2478 747 Danieli
2499 672 2924 729 demonstratum
2939 671 3178 740 estquod
3188 686 3296 727 non
3326 671 3657 744 intelligebat
3670 714 3689 739 ,

2107 768 2163 815 et
2190 760 2352 816 Petro
2383 760 2512 816 illud
2537 775 2632 815 vas
2659 761 3001 817 summissum
3032 768 3117 816 est
3159 760 3225 823 de
3269 762 3409 817 ccelo
3459 771 3691 832 quatuor

2109 848 2268 905 lineis
2292 869 2306 905 :
2370 849 2390 889 ί
2444 865 2570 905 nam
2593 859 2648 905 et
2672 850 2809 922 ipse,
2832 851 2960 921 quid
2984 850 3072 905 illa
3099 851 3489 909 demonstratio
3502 851 3693 922 ﬁgura-

2110 948 2216 1007 ret,
2236 950 2421 1011 postea
2441 943 2711 1013 cognovit.
2733 941 2837 996 Per
2878 944 3116 998 fructum
3164 952 3341 999 autem
3393 944 3591 999 mentis
3624 945 3691 998 ad

2111 1030 2520 1103 intelligentiam
2541 1048 2649 1088 uno
2678 1034 2836 1088 modo
2865 1049 2987 1089 cum
3018 1034 3135 1089 hanc
3169 1034 3306 1103 ipsa,
3331 1048 3451 1102 qua:
3475 1034 3693 1090 demon-

2111 1126 2354 1175 strantur
2379 1121 2433 1174 in
2463 1122 2807 1191 imaginibus,
2831 1123 2958 1192 quid
2989 1122 3321 1193 signiﬁcent,
3356 1135 3412 1178 et
3435 1141 3544 1195 quo
3570 1141 3692 1196 per-

2114 1210 2321 1266 tineant
2375 1213 2399 1250 5
2430 1252 2445 1277 ,
2470 1211 2796 1282 revelantur,
2830 1228 2950 1282 qua:
2991 1216 3193 1269 certior
3234 1216 3520 1284 prophetia
3569 1226 3684 1271 est.

2112 1300 2248 1359 Nam
2280 1304 2453 1373 magis
2484 1304 2658 1375 ipsam
2671 1313 2842 1361 .vocat
2861 1305 3150 1375 Apostolus
3167 1304 3217 1377 (Ι
3242 1305 3365 1360 Cor.
3394 1322 3477 1371 ιιι,
3504 1306 3694 1378 ‘2)pro-

2112 1392 2361 1462 phetiam,
2385 1394 2526 1451 sicut
2552 1395 2749 1467 Joseph
2771 1397 2968 1453 meruit
2995 1395 3314 1466 intelligere,
3331 1399 3473 1468 quod
3485 1396 3694 1453 Pharao

2113 1485 2326 1541 nonnisi
2358 1486 2539 1542 videre
2582 1495 2677 1552 ;et
2694 1487 2881 1543 Daniel
2901 1488 3123 1557 exponit
3149 1487 3285 1558 regi,
3301 1488 3445 1557 quod
3468 1487 3558 1544 ille
3574 1503 3693 1543 cer-

2113 1574 2194 1629 nit
2232 1584 2289 1630 et
2324 1576 2516 1631 nescit.
2547 1575 2683 1631 Cum
2711 1592 2840 1631 vero
2878 1577 2953 1631 ita
3002 1592 3157 1631 mens
3198 1575 3448 1644 adicitur,
3479 1562 3540 1632 ut
3586 1594 3692 1634 non

2113 1679 2294 1719 rerum
2319 1664 2583 1736 imagines
2618 1664 2964 1735 conjecturali
2994 1665 3691 1738 examinationeintelligat,

520 1768 543 1796 ο
586 1775 605 1808 ι
627 1756 896 1815 Judicarit
938 1772 1113 1819 autem
1151 1762 1366 1819 Samuel
1392 1763 1563 1819 Israel
1574 1763 1812 1821 omnibus
1830 1762 2013 1817 diebus
2039 1762 2089 1822 Β
2114 1756 2209 1810 sed
2231 1770 2317 1810 res
2348 1755 2491 1826 ipsas
2521 1756 2816 1823 intueatur,
2867 1756 3006 1811 sicut
3046 1756 3362 1826 intelligitur
3408 1758 3690 1829 sapientia,

426 1848 543 1903 vita:
565 1865 700 1915 sum,
721 1848 1051 1922 fueruntque
1077 1839 1256 1922 usque
1280 1854 1347 1910 ad
1374 1869 1496 1908 eum
1518 1853 1732 1925 iudices
1768 1860 1822 1908 et
1857 1851 2008 1921 prin-

425 1939 573 2009 cipes
598 1955 757 2009 super
782 1940 967 1998 Israel.
986 1941 1126 2015 (VIII,
1142 1944 1198 2015 5)
1216 1941 1384 1997 Porro
1409 1942 1508 2012 ﬁlii
1540 1941 1755 1997 Samuel
1779 1940 2012 1996 decline-

426 2040 607 2086 rerunt
630 2041 745 2103 post
773 2034 1069 2099 avaritiam,
1109 2043 1157 2088 et
1190 2033 1511 2105 accipiebant
1548 2050 1767 2089 munera
1796 2032 1864 2105 (υ.
1891 2031 1927 2085 4
1962 2041 2011 2086 et

425 2109 657 2191 suasca.)
682 2139 696 2176 ;
722 2129 778 2176 et
799 2131 913 2177 tam
931 2123 1102 2192 iniqui
1119 2120 1331 2191 judiccs
1351 2121 1695 2186 exstiterunt,
1713 2119 2013 2191 utpopulus

429 2224 766 2281 nequaquam
788 2210 993 2278 ferens,
1021 2226 1201 2282 regem
1229 2211 1332 2267 sibi
1357 2211 1408 2265 in
1431 2210 1840 2265 similitudinem
1856 2217 2014 2265 caste-

428 2317 612 2356 rarum
667 2301 909 2373 gentium
953 2302 1273 2371 postularet.
1322 2301 1527 2367 Quibus
1572 2298 1718 2357 dedit
1758 2301 2014 2356 Dominus

430 2391 563 2447 Saul
580 2406 759 2463 regem
792 2409 805 2446 :
838 2411 856 2445 ›
890 2388 1042 2463 (Cap.
1070 2409 1128 2446 ιιι
1161 2401 1209 2446 et
1251 2391 1305 2464 x)
1330 2392 1422 2462 qui
1447 2404 1572 2446 cum
1592 2399 1860 2460 quaereret
1901 2391 2010 2445 asi-

429 2497 530 2539 nas
546 2482 721 2555 patris
739 2482 844 2547 sui,
865 2491 923 2538 et
939 2482 1148 2538 veniret
1175 2482 1242 2537 ad
1275 2480 1493 2537 Samuel
1526 2482 1579 2536 in
1609 2481 1896 2554 Ramatba,
1926 2480 2013 2533 in-

428 2582 514 2627 ter
541 2580 761 2640 caetera,
793 2589 916 2647 quae
940 2573 1106 2629 locuti
1138 2582 1265 2628 sunt
1296 2573 1477 2639 simul,
1505 2573 1759 2643 praedixit
1784 2572 1835 2627 ei
1860 2572 2013 2642 signa

430 2662 667 2731 Samuel,
685 2679 805 2735 quae
836 2672 1060 2721 ventura
1089 2672 1242 2720 erant
1273 2665 1323 2719 ei
1357 2679 1423 2720 eo
1451 2664 1560 2730 die,
1589 2679 1708 2719 cum
1738 2663 2014 2717 recederet

430 2755 500 2809 ab
530 2771 619 2812 eo.

2113 1855 2171 1900 et
2191 1844 2424 1915 justitia,
2449 1847 2734 1917 omnisque
2776 1847 3254 1912 incommutabilis,
3282 1855 3337 1901 et
3367 1848 3545 1902 divina
3570 1863 3692 1918 spec

2111 1937 2246 2003 cies,
2273 1938 2342 1992 ad
2367 1937 2725 2007 pr0phetiam,
2758 1937 2823 1993 de
2847 1952 2951 2007 qua
2982 1952 3126 1991 nunc
3158 1938 3389 2007 agimus,
3418 1952 3526 1991 non
3568 1952 3690 2008 per-

2114 2026 2267 2080 tinet.
2293 2014 2533 2095 Utroque
2566 2018 2745 2081 autem
2778 2041 3000 2085 munere
3028 2028 3325 2097 prophetia
3353 2026 3689 2090 donanturii.

2112 2117 2274 2186 quiet
2296 2133 2475 2172 rerum
2507 2118 2769 2187 imagines
2800 2119 2854 2173 in
2894 2119 3087 2189 spiritu
3111 2119 3313 2184 vident,
3346 2127 3401 2174 et
3434 2120 3565 2189 quid
3603 2136 3695 2174 va-

2112 2209 2278 2273 leant,
2308 2208 2467 2262 simul
2494 2208 2814 2280 intelligunt,
2847 2219 2941 2264 aut
2965 2219 3111 2264 certe
3141 2208 3439 2264 manifestis
3469 2209 3695 2265 locutio-

2114 2301 2272 2355 nihus
2307 2300 2361 2354 in
2395 2299 2511 2369 ipsa
2532 2299 2993 2355 demonstratione
3038 2298 3416 2365 informantur,
3450 2299 3590 2354 sicut
3641 2300 3690 2353 in

2112 2391 2429 2463 Apocalypsi
2476 2389 2720 2461 qumdam
2762 2398 3125 2461 exponuntur.
3150 2389 3463 2446 Nescientes
3512 2398 3692 2445 autem

2114 2483 2279 2538 allicit
2328 2483 2626 2553 prophetim
2657 2483 2897 2552 spiritus,
2945 2483 3086 2536 sicut
3114 2481 3224 2553 (Jo.
3247 2497 3323 2545 xx,
3350 2480 3447 2555 49)¹
3468 2480 3697 2551 Caiphas

2114 2591 2239 2631 cum
2271 2584 2402 2629 esset
2431 2574 2667 2646 pontifex
2692 2573 3013 2645 prophetarit
3057 2574 3121 2627 de
3146 2572 3396 2635 Domino,
3441 2573 3581 2643 quod
3609 2588 3696 2625 ex-

2110 2664 2311 2734 pediret
2343 2681 2503 2718 unum
2531 2664 2665 2717 mori
2686 2679 2781 2732 pro
2808 2673 2914 2717 tota
2935 2671 3103 2734 gente,
3127 2678 3250 2717 cum
3273 2660 3416 2716 aliud
3438 2662 3494 2716 in
3521 2662 3698 2717 verbis

2113 2774 2233 2829 qua:
2261 2759 2492 2824 diccbat,
2520 2757 2842 2824 attenderct,
2872 2774 2991 2829 qua:
3017 2774 3123 2814 non
3153 2774 3212 2815 se
3239 2775 3271 2831 a
3307 2760 3488 2829 seipse
3519 2760 3695 2817 dicere

499 2843 651 2917 (Cap.
690 2862 741 2910 ι,
784 2864 832 2901 υ.
866 2846 973 2901 5e:
1010 2845 1119 2919 lO.)
1142 2846 1384 2919 Cumque
1425 2847 1493 2901 ab
1540 2846 1631 2903 illo
1674 2845 2010 2909 recessisset,
2114 2849 2411 2903 nesciebat.
2478 2849 2769 2904 Abundant
2828 2850 2884 2903 in
2947 2850 3150 2904 sanctis
3216 2848 3369 2904 libris
3433 2848 3691 2919 exempla.

428 2936 564 2989 venit
589 2935 659 2990 ad
686 2935 872 2991 collem
894 2937 1130 3005 Domini,
1160 2937 1249 2992 ubi
1271 2946 1381 2992 erat
1412 2936 1566 2991 statio
1589 2934 2009 2990 Philistinorum.
2114 2939 2141 2979 ιλ
2180 2938 2294 2994 Hoc
2328 2947 2506 3001 autem
2541 2942 2727 3003 verbo,
2754 2938 2895 3009 quod
2924 2939 3159 3011 positum
3173 2940 3495 3005 est,insiluit
3514 2943 3571 2994 in
3584 2958 3694 2998 eum

428 3024 548 3081 .lam
573 3027 808 3097 primum
839 3027 1052 3097 signum
1078 3034 1381 3097 peractum,
1424 3026 1567 3081 sicut
1596 3024 1808 3079 locutus
1833 3021 2015 3079 fuerat
2115 3030 2347 3101 spiritus,
2385 3039 2643 3101 tanquam
2670 3045 2737 3085 ex
2780 3024 2961 3085 abdito
3006 3031 3301 3087 divinitatis
3347 3042 3580 3100 secreto,
3611 3048 3693 3089 re-

427 3118 589 3173 ltomo
621 3119 716 3174 Dei
740 3134 754 3172 :
781 3129 829 3174 et
848 3136 963 3174 ecce
1004 3136 1199 3175 cuneus
1246 3116 1632 3188 Prophetarum
1663 3115 1840 3170 obvius
1867 3114 1917 3169 ei
1928 3132 1947 3180 ;
1969 3123 2017 3169 et
2044 3104 2088 3166 C
2120 3119 2375 3187 pentinus
2402 3118 2737 3191 signiﬁcatur
2752 3118 2980 3175 afﬂatus.
3000 3119 3383 3192 Horumigitur
3395 3124 3695 3188 modorum,

426 3206 629 3260 insiluit
652 3223 809 3277 super
848 3224 968 3263 eum
1014 3208 1230 3277 spiritus
1253 3207 1374 3272 Dei,
1400 3216 1446 3261 et
1466 3206 1789 3278 prophetarit
1816 3205 1871 3257 in
1907 3221 2014 3258 me-
2116 3226 2349 3280 quonam
2379 3210 2555 3281 potius
2579 3209 2827 3264 affectum
2862 3226 2981 3266 esse
3009 3212 3371 3283 intelligamus
3394 3212 3546 3280 Saul,
3577 3213 3699 3267 satis

428 3295 514 3348 dio
548 3311 746 3349 eorum.
787 3295 880 3367 (V.
921 3297 1010 3362 11,
1035 3295 1167 3367 etc.)
1203 3295 1447 3350 Videntes
1478 3305 1651 3350 autem
1687 3312 1884 3361 omnes,
1925 3293 2015 3366 qui
2117 3306 2340 3371 apparet
2368 3315 2434 3354 ex
2463 3314 2529 3354 eo
2562 3299 2705 3369 quod
2732 3299 2805 3354 ibi
2850 3301 3108 3370 scriptum
3147 3308 3268 3356 est:
3297 3301 3349 3375 (Ι
3385 3302 3516 3374 Reg.
3544 3320 3600 3370 x,
3647 3300 3697 3371 9)

429 3393 675 3439 noverant
707 3401 823 3438 eum
849 3385 982 3450 heri.
1012 3396 1059 3439 et
1090 3386 1281 3439 nudius
1321 3386 1526 3451 tertius.
1562 3385 1701 3456 quod
1739 3393 1869 3439 esset
1895 3400 2013 3438 cum
2114 3392 2375 3448 Convertit
2396 3391 2535 3446 Deus
2562 3393 2617 3445 in
2641 3391 2775 3448 Saul
2800 3408 2889 3445 cor
2915 3391 3081 3445 aliud.
3103 3389 3193 3446 Sic
3216 3392 3360 3446 enim
3392 3392 3554 3445 aliam
3584 3408 3697 3446 cor-

426 3472 710 3546 prophetis,
738 3483 785 3527 et
807 3476 1158 3545 prophetam,
1202 3474 1445 3529 dixerunt
1467 3474 1535 3528 ad
1561 3475 1779 3528 invicem
1804 3487 1822 3525 :
1852 3473 2049 3540 Quart
2117 3481 2199 3536 dis
2244 3481 2515 3551 significat
2557 3481 2914 3549 affectionem,
2957 3497 3119 3552 quam
3161 3484 3531 3539 convertendo
3579 3482 3702 3539 fecit

429 3580 551 3618 nam
582 3579 661 3619 res
691 3566 880 3619 accidit
902 3564 1013 3635 [ilio
1036 3564 1164 3621 Cis?
1192 3565 1335 3619 Nam
1360 3574 1406 3620 et
1434 3562 1569 3620 Saul
1599 3566 1655 3617 in
1691 3562 1969 3634 Prophetis
1990 3564 2017 3617 1’
2116 3569 2279 3635 Deus,
2306 3580 2364 3625 ut
2384 3572 2677 3642 imaginum
2708 3571 3217 3641 significantium,et
3244 3571 3701 3641 pneﬁgurantium

426 3656 454 3695 ἀ
494 3674 513 3706 ι
559 3656 627 3711 Et
660 3656 763 3711 hoc
798 3656 1015 3725 quidem
1068 3671 1174 3712 non
1217 3666 1347 3728 puto
1387 3656 1591 3712 habere
1629 3654 1833 3725 aliquid
1876 3669 2018 3725 qua:-
2116 3674 2289 3731 capax
2312 3662 2927 3734 ﬁeretadpropheticam
2952 3664 3359 3719 divinationem.
3391 3666 3407 3704 ί
3435 3663 3701 3730 Quantum

367 3803 380 3815 ,
427 3744 651 3800 stionis;
680 3744 789 3816 (Io.
818 3762 903 3811 nt,
924 3746 979 3818 8)
995 3744 1225 3816 Spiritus
1248 3746 1408 3811 enim,
1433 3745 1523 3799 ubi
1566 3743 1693 3811 vult,
1733 3744 1918 3815 spirat.
1948 3743 2017 3800 Et
2116 3762 2298 3808 autem
2314 3753 2481 3808 distat
2499 3754 2783 3825 prophetia
2806 3754 3301 3825 Saulapropheﬁs?
3317 3765 3531 3809 tantum
3549 3756 3703 3810 distat

428 3836 676 3905 spiritum
698 3838 995 3907 prophetiae
1025 3837 1294 3892 nullarum
1330 3838 1635 3893 animarum
1667 3843 1848 3907 potest
1894 3850 2012 3890 ma-
2117 3839 2262 3895 inter
2289 3841 2627 3910 prophetiam
2652 3844 3061 3913 prephetarum,
3097 3844 3236 3898 sicut
3256 3844 3446 3908 lsaias,
3471 3842 3702 3899 sicutie-

429 3921 610 3980 culare
624 3934 925 3993 contactus,
943 3925 1197 4001 (Sap.vn,
1211 3928 1304 4000 24)
1319 3928 1527 3998 attingit
1539 3928 1684 3982 enim
1705 3926 1892 3998 ubique
1901 3941 2019 3997 pro-
2117 3933 2338 4000 remias,
2352 3933 2598 3989 etcreteri
2610 3934 2917 4005 hujnsmodi
2938 3933 3179 4000 fuerunt,
3194 3943 3353 4004 atque
3368 3935 3527 3990 istam
3543 3946 3703 3990 trans-

428 4025 542 4085 pter
568 4032 720 4071 suam
755 4016 1104 4082 munditiam;
1131 4016 1297 4076 allicit
1322 4024 1504 4072 autem
1526 4031 1717 4074 omnes
1762 4031 1873 4072 non
1922 4029 2016 4071 εο-
2119 4023 2358 4089 itoriam,
2389 4039 2510 4093 quo:
2538 4024 2594 4078 in
2622 4023 2751 4078 Saul
2777 4024 3048 4094 apparuit,
3077 4036 3341 4093 quantum
3367 4025 3536 4081 distat
3572 4025 3703 4078 inter

432 4109 557 4165 dem
612 4110 793 4177 modo,
844 4108 940 4167 sed
987 4111 1122 4166 alios
1156 4127 1255 4181 per
1297 4110 1730 4166 informationem
1794 4108 2018 4178 spiritus
2116 4108 2384 4183 loquelam
2419 4115 2710 4168 humanam
2738 4116 3174 4183 cumloqunntur
3199 4116 3468 4180 homines,
3498 4126 3555 4171 et
3589 4130 3700 4171 cum

429 4202 742 4257 eorumdem
816 4200 1116 4266 hominum,
1168 4200 1259 4256 ubi
1329 4215 1507 4255 rerum
1578 4200 2017 4255 demonstrantur
2117 4205 2304 4256 eadem
2338 4200 2548 4272 loquela
2584 4212 2805 4273 propter
2838 4205 3204 4258 necessarium
3234 4204 3538 4275 prodigium
3559 4205 3702 4260 asina

432 4294 728 4363 imagines;
785 4290 918 4345 alios
966 4305 1065 4360 per
1125 4287 1361 4344 fructum
1424 4288 1623 4344 mentis
1691 4286 1757 4343 ad
1818 4285 2031 4342 intelli-‘
2117 4289 2293 4346 locuta
2346 4299 2449 4358 est,
2478 4290 2900 4365 (Num.xx,28)
2944 4294 2999 4347 in
3056 4308 3162 4363 qua
3216 4292 3440 4348 sedebat
3492 4292 3700 4353 Baalam

431 4382 687 4455 gentiam,
741 4379 877 4435 alios
922 4386 1150 4448 utraque
1214 4378 1588 4449 inspiratione,
1645 4377 1781 4434 alios
1828 4385 2016 4435 autem
2041 4442 2091 4455 ἢ
2118 4382 2428 4452 propheta:
2464 4384 2675 4453 accepit
2711 4385 2856 4439 enim
2892 4386 2997 4441 hoc
3053 4385 3122 4441 ad
3183 4374 3397 4454 tempus
3441 4386 3574 4440 illud
3624 4384 3704 4453 ju~

430 4442 755 4531 nescientes.
824 4471 930 4528 Per
991 4442 1424 4526 informationem
1503 4442 1746 4540 spiritus,
1809 4467 2018 4523 duobus
2041 4442 2096 4502 D
2119 4442 2391 4536 mentum,
2427 4480 2486 4526 ut
2513 4442 2655 4527 Deus
2680 4474 2824 4542 quod
2854 4481 3134 4539 statuerat,
3168 4442 3706 4531 demonstraretur»

429 4564 628 4630 modis,
677 4570 771 4618 aut
824 4577 924 4633 per
985 4560 1217 4628 somnia,
1275 4560 1415 4615 sicut
1487 4575 1595 4614 non
1672 4558 1850 4614 solum
1905 4557 2019 4629 ple-
2127 4562 2195 4617 de
2219 4577 2325 4617 non
2356 4563 2543 4617 habitu
2568 4572 2828 4633 perpetuo
2865 4564 3010 4618 inter
3044 4565 3290 4621 homines
3325 4565 3502 4621 bestia
3528 4566 3704 4635 loque-

431 4657 588 4726 rique
610 4654 808 4720 sancti,
833 4653 928 4709 sed
952 4660 1008 4707 et
1030 4650 1185 4725 (Gen.
1204 4666 1326 4718 va,
1353 4649 1409 4722 2)
1438 4649 1672 4714 Pharao,
1690 4656 1746 4704 et
1771 4647 1933 4720 (Dan.
1952 4664 2015 4714 ιι,

432 4750 484 4815 1,
517 4759 567 4803 et
594 4763 671 4814 tv,
710 4747 764 4818 l)
792 4745 1290 4801 Nabuchodonosor
1316 4759 1411 4798 rex
1462 4742 1619 4808 vidit,
1661 4741 1806 4811 quod
1859 4756 2018 4796 nemo

2126 4661 2313 4709 retur:
2341 4663 2434 4709 aut
2473 4654 2520 4709 si
2558 4654 2662 4709 hoc
2694 4655 3007 4726 exemplum
3039 4655 3247 4725 majore
3280 4655 3587 4712 differentia
3627 4669 3701 4708 re—

2125 4752 2331 4800 motum
2358 4752 2463 4811 est,
2490 4745 2661 4800 multo
2686 4747 2868 4801 minus
2907 4747 3214 4802 mirandum
3254 4754 3346 4801 est
3386 4746 3594 4800 homini
3625 4758 3704 4796 re-

429 4853 618 4895 eornm
644 4837 940 4909 intelligere
968 4836 1157 4902 valuit,
1177 4833 1271 4890 sed
1298 4842 1478 4888 tamen
1503 4832 1685 4886 videre
1721 4831 2018 4903 utiquepo-
2122 4835 2293 4903 probo
2327 4834 2506 4889 datam
2544 4834 2711 4893 fuisse
2745 4836 2813 4890 ad
2841 4843 3171 4891 momentum
3203 4835 3485 4904 temporis,
3521 4832 3701 4887 adacta

429 4937 802 4988 tuerantzaut
844 4927 1304 4986 demonstratione
1327 4927 1383 4982 in
1413 4925 1608 4991 extasi,
1664 4927 1808 4995 quod
1834 4924 2015 4981 Latini

427 5021 670 5079 nonnulli
722 5033 747 5062 ο
796 5034 1040 5092 pmrem
1066 5019 1511 5089 interpretamur.
1558 5015 1753 5071 Mirum
1801 5017 1848 5072 si
1887 5031 2016 5086 pro-

497 5220 524 5250 ι
545 5204 776 5274 Additur
802 5197 1120 5274 spiritualis.

495 5280 526 5343 l9
548 5278 695 5334 Deu..
713 5272 803 5338 '52,
832 5272 920 5337 11,

392 5386 397 5390 .
425 5347 587 5403 iratior
610 5359 767 5408 super
790 5343 1025 5408 herbam,
1050 5350 1160 5397 etc.

496 5428 518 5456 ε
544 5417 596 5471 Ἰ.
626 5407 713 5470 15.
739 5412 1090 5483 Prosequitur
1114 5407 1277 5483 Beda.

491 5485 522 5526 τι
542 5487 688 5548 time,
720 5498 842 5553 quae
871 5472 1194 5553 sequuntur,
1214 5476 1517 5553 desumpsit
1533 5473 1792 5553 Claudius
1817 5488 1884 5530 ex
1905 5472 2016 5529 An-

423 5558 637 5626 gustino
671 5546 808 5608 libro
831 5569 884 5626 Διι
914 5546 1277 5626 Q'umstionum
1304 5547 1372 5601 ad
1401 5546 1832 5615 Simplicianum,
1862 5558 2012 5616 qua:-

423 5621 600 5681 Stione
620 5627 737 5693 ipsa
761 5623 937 5691 prima
968 5624 1083 5678 haec
1109 5621 1384 5693 tra_det_itc._
1431 5686 1481 5693 __
1586 5656 1611 5693 _.

494 5707 524 5736 ο
552 5686 884 5765 Augustinus
912 5692 1087 5746 editus
1121 5706 1149 5743 a
1176 5690 1237 5743 P.
1265 5689 1325 5741 P.
1351 5687 1408 5743 S.
1431 5686 1622 5751 Mauri,
1654 5693 1935 5755 stuporem.

959 5273 1093 5343 ﬂuat
1128 5276 1185 5323 ut
1217 5284 1301 5323 ros
1326 5265 1586 5337 eloquium
1618 5278 1834 5329 meum;
1862 5267 2019 5336 quasi

2126 4926 2441 4983 transitoria
2496 4926 2857 4996 prophetiam,
2889 4927 3144 4996 quoniam
3203 4925 3292 4982 ille
3339 4927 3583 4991 dederat,
3617 4922 3698 4994 qui

2122 5024 2177 5070 et
2210 5016 2440 5083 asinam,
2473 5032 2602 5073 cum
2633 5014 2823 5083 voluit,
2849 5016 2999 5087 loqui
3030 5016 3177 5073 fecit.
3226 5016 3398 5087 Magis
3446 5018 3593 5072 enim
3629 5013 3702 5069 di-

2198 5194 2221 5265 ξ
2252 5195 2408 5267 Acte.
2448 5194 2533 5250 10.
2560 5192 2772 5267 11ηβώ
2794 5194 3020 5267 Vulgata
3046 5195 3176 5267 legit
3201 5196 3389 5251 initiis.

2195 5265 2574 5339 (Augustinus
2606 5265 2781 5321 editus
2806 5282 2818 5318 :
2867 5265 3145 5333 reveletur,
3176 5266 3273 5322 sed
3293 5265 3470 5324 nostri
3493 5266 3701 5324 Codicis

2119 5335 2402 5391 lectionem
2429 5335 2695 5405 praefero;
2734 5404 2737 5405 ν
2808 5404 2813 5405 ί
3310 5346 3335 5405 ᾖ

2188 5407 2216 5481 lg
2241 5406 2340 5461 llic
2363 5404 2468 5460 alia
2493 5404 2773 5469 interserit
2790 5404 3145 5479 Augustinus,
3160 5421 3278 5478 qua:
3293 5404 3552 5466 Claudius
3563 5422 3697 5481 prm-

2118 5477 2262 5531 terit.
3116 5477 3121 5479 ’
3172 5484 3179 5489 ’

2151 5582 2170 5621 ,Α
2194 5549 2212 5588 ί
2243 5546 2413 5621 Yerba
2441 5544 2589 5621 huic:
2623 5548 3057 5621 grtantumdistat
3085 5547 3354 5618 prophetia
3375 5544 3511 5603 Sani
3530 5567 3560 5603 a
3585 5566 3703 5621 pro-

2115 5617 2282 5684 plactis
2308 5631 2325 5668 :
2352 5617 2404 5672 in
2435 5615 2580 5672 edito
2610 5615 2889 5688 Augustini
2919 5618 3055 5673 libro
3086 5615 3192 5674 non
3219 5626 3455 5674 exstant.
