3904 6174
389 331 496 388 659

1449 326 1726 385 CLAUDII
1767 327 2231 387 TAURINENSIS
2267 328 2572 388 EPISCOPI

3544 329 3647 387 66¢

386 444 628 502 civitatis
647 441 967 499 utilitatibus
1003 439 1265 510 proﬁciat.
1300 450 1324 479 ει
1351 439 1515 494 Arma
1545 439 1740 510 quibus
1773 449 1963 497 contra
1991 456 2041 515 Α
2067 442 2314 511 paenitet,
2338 442 2492 512 cujus
2507 451 2591 496 est
2615 443 2682 496 de
2706 443 2955 498 omnibus
2979 445 3200 500 omnino
3224 445 3387 502 rebus
3412 454 3527 503 tam
3550 447 3654 504 In

386 534 659 592 diabolum
693 539 1053 601 repugnantes
1087 530 1389 586 libertatem
1413 545 1443 583 a
1467 529 1579 585 Deo
1599 532 1758 586 nobis
1800 533 1966 588 dona-

365 637 498 681 .tam
519 622 892 688 defendamus,
919 623 1051 692 quid
1072 629 1199 677 sunt
1230 621 1357 686 alia,
1380 621 1482 676 nisi
1513 622 1723 691 eloquia
1736 624 1968 694 scriptu-

383 729 588 779 rarum,
617 713 672 768 itt
697 712 896 782 quibus
915 721 973 768 et
999 712 1166 782 ipsius
1195 713 1426 776 Domini,
1447 722 1502 767 et
1524 725 1831 769 sanctorum
1851 713 1970 782 ejus

380 805 663 876 exemplis,
713 819 824 875 quo
864 804 1056 860 ordine
1100 805 1241 859 bella
1287 808 1542 862 vitiorum
1589 808 1832 877 superari
1869 809 1968 862 de-

380 902 568 964 beant,
618 899 738 954 luce
781 898 980 953 clarius
1033 898 1323 953 discimus?
1370 898 1478 954 Sed
1521 899 1777 953 Philistmi
1829 898 1967 953 ﬁlios

379 990 546 1044 Israel
567 988 735 1043 fabris
754 1003 1030 1042 armorum
1069 989 1302 1057 privam,
1327 1005 1450 1044 cum
1481 988 1701 1059 maligni
1744 988 1967 1058 spiritus

379 1083 590 1136 animos
619 1080 853 1135 lidclium
882 1095 911 1132 a
933 1080 1276 1133 meditatione
1305 1094 1471 1134 sacras
1504 1079 1774 1143 lectionis,
1798 1095 1966 1134 saecu-

379 1171 514 1225 laria
545 1170 652 1224 illis
687 1169 899 1240 negotia
940 1169 1254 1234 inserendo,
1285 1171 1585 1233 retardant,
1639 1185 1708 1224 ne
1748 1169 1830 1224 vel
1863 1169 1964 1238 ipsi

377 1275 476 1331 per
505 1261 665 1330 hujus
690 1259 1011 1314 exercitium
1037 1260 1325 1315 resistendi
1348 1259 1598 1314 fiduciam
1624 1268 1862 1325 sumant,
1882 1260 1964 1314 vel

378 1352 515 1407 alios
544 1350 684 1406 forte
705 1350 796 1420 qui
822 1349 1002 1419 legere
1029 1350 1296 1414 nesciunt,
1325 1348 1390 1403 ad
1416 1349 1774 1403 resistendum
1795 1349 1960 1414 vitiis,

377 1440 734 1505 exhortando,
791 1447 884 1493 aut
931 1439 1274 1508 corripiendo
1313 1439 1341 1479 δ
1379 1439 1694 1493 accendant.
1750 1437 1964 1493 Tollunt

377 1533 563 1588 fabros
589 1546 896 1596 armorum,
913 1547 1035 1586 cum
1049 1545 1164 1597 eos,
1197 1531 1289 1600 qui
1320 1546 1476 1585 sacra
1502 1530 1715 1599 eloquia
1741 1539 1960 1596 norunt,

377 1629 433 1682 in
471 1628 641 1682 tantis
674 1627 974 1683 sceleribus
1010 1627 1260 1690 obruunt,
1299 1634 1360 1680 ut
1404 1627 1586 1683 dicen:
1632 1627 1792 1693 bona,
1843 1642 1963 1697 qua:

377 1721 699 1784 didicerant,
733 1734 954 1787 prorsus
987 1721 1331 1774 erubescant.

430 1819 477 1848 te
515 1827 533 1858 «
555 1806 684 1863 Saul
721 1815 902 1862 autem
933 1815 1055 1876 post
1089 1807 1222 1870 hcce,
1277 1809 1402 1862 dum
1438 1815 1688 1879 pergeret
1731 1807 1958 1864 dimica-

375 1911 532 1955 turus
555 1899 814 1954 adversus
839 1897 1152 1962 Philistiim,
1194 1897 1388 1952 indixit
1411 1897 1440 1937 ἀ
1473 1907 1669 1954 cuncto
1696 1899 1955 1954 exercitui

371 1989 657 2062 jejunium,
692 2002 972 2058 quousque
1019 1995 1421 2043 reverterentur
1454 2004 1484 2042 a
1519 1989 1722 2057 proelio.
1773 1988 1865 2060 (γ.
1888 1990 1958 2043 25

373 2090 423 2132 et
447 2077 669 2150 27)Scd
696 2076 964 2134 .‘onathan
993 2077 1133 2132 (ilius
1158 2075 1276 2145 ejus
1321 2077 1508 2132 videns
1555 2093 1717 2148 super
1762 2077 1955 2133 faciem

373 2170 491 2240 agri
530 2168 657 2235 mel,
683 2167 915 2222 extendit
934 2167 1283 2220 summitatem
1329 2167 1508 2236 uirga’,
1557 2175 1604 2220 et
1653 2167 1866 2220 intina'it
1901 2166 1956 2220 in

371 2263 553 2331 fanum
578 2259 768 2326 mellis,
791 2269 838 2314 et
867 2260 1090 2330 gustavit
1113 2270 1162 2313 et
1191 2259 1476 2313 illuminati
1503 2269 1624 2314 sunt
1652 2261 1790 2316 oculi
1817 2262 1952 2331 ejus.

371 2349 491 2405 Non
521 2350 711 2419 utique
747 2349 814 2404 ad
843 2349 1131 2404 videndum
1166 2349 1471 2416 illuminati,
1519 2351 1645 2420 quia
1686 2360 1843 2405 antea
1877 2351 1956 2405 vi-

369 2441 554 2505 debat,
580 2441 678 2497 sed
710 2439 779 2494 ad
805 2441 1240 2506 discernendum,
1281 2441 1408 2510 quia
1459 2443 1627 2496 vetita
1680 2443 1949 2512 tetigerat.

369 2534 522 2588 Tunc
553 2533 695 2588 enim
723 2547 884 2588 casus
912 2531 1022 2596 illc,
1053 2532 1195 2588 sicut
1219 2541 1274 2586 et
1298 2531 1470 2587 Adam
1506 2531 1635 2587 fecit
1679 2533 1827 2588 illum
1874 2543 1956 2588 at-

366 2635 599 2691 tentum,
640 2626 976 2695 reddiditque
1023 2623 1328 2680 confusum.
1381 2625 1502 2692 Quo
1554 2624 1697 2680 lucto
1744 2641 1955 2680 ammo—

369 2731 582 2780 nemur,
608 2731 798 2772 omnes
828 2716 1112 2771 illecebras
1141 2715 1474 2786 voluptatum
1522 2716 1577 2769 in
1623 2717 1820 2772 stmulo
1860 2717 1953 2771 de-

365 2809 498 2864 bere
521 2817 870 2864 contemnere
897 2807 992 2876 qui
1017 2806 1128 2861 Deo
1164 2805 1356 2858 nititur
1385 2805 1639 2861 militare.
1669 2807 1785 2862 Non
1809 2808 1951 2862 enim

363 2905 548 2967 potest
577 2905 768 2970 contra
796 2893 1080 2966 allophilos
1119 2893 1449 2964 spirituales,
1484 2894 1535 2949 id
1563 2902 1645 2950 est
1693 2896 1952 2952 adversus

365 2986 638 3057 principes
683 2985 1048 3049 tenebrarum,
1090 2983 1336 3039 virilibus
1373 2984 1568 3040 animis
1600 2998 1948 3050 concurrere,

364 3077 457 3144 qui
475 3077 651 3132 adhuc
664 3077 822 3147 hujus
843 3075 1028 3131 mundi
1051 3074 1273 3146 negligit
1294 3073 1631 3130 dulcedinem
1652 3074 1944 3130 declinare.

2069 531 2360 594 sententia,
2377 546 2540 600 quant
2563 539 2709 586 certa
2725 532 3086 601 praescientia.
3107 533 3386 601 Quomodo
3395 552 3531 609 ergo
3543 553 3659 610 pm.

2067 621 2204 675 nitet
2228 621 2432 690 aliquid
2456 621 2760 687 Dominum,
2790 621 2843 676 in
2868 638 2975 692 quo
2989 631 3072 678 est
3088 621 3659 696 omnisprascientia?

2142 714 2168 752 Β
2197 730 2214 762 ε
2237 711 2347 767 Nos
2369 728 2500 767 vero
2523 728 2645 767 cum
2677 713 2780 768 hoc
2807 712 2873 768 de
2904 713 3014 770 Deo
3037 716 3091 769 in
3119 717 3315 773 divinis
3353 719 3658 790 Scripturis

2067 804 2333 869 audimus,
2367 804 2640 875 indignum
2674 806 3003 860 arbitramur
3031 807 3135 862 hoc
3171 810 3238 864 de
3281 811 3372 866 illo
3425 816 3653 868 sentire.

2068 892 2173 948 Sed
2200 909 2423 948 necesse
2445 902 2548 960 est,
2581 904 2642 949 ut
2665 895 2868 966 aliquid
2923 897 3155 964 dicatur,
3211 915 3308 969 per
3349 904 3496 971 quod
3553 905 3657 960 hoc

2066 985 2247 1055 aliquo
2283 987 2446 1042 modo
2475 988 2897 1042 demonstretur.
2927 988 3062 1043 Cum
3093 1006 3224 1046 vero
3247 993 3406 1047 verba
3444 999 3650 1061 omnia,

2066 1076 2262 1146 quibus
2307 1078 2541 1131 humana
2593 1078 2858 1148 colloquia
2899 1090 3277 1148 conseruntur,
3324 1083 3472 1139 illius
3511 1101 3654 1140 sem-

2064 1170 2273 1239 piterna
2298 1170 2490 1235 virtus,
2518 1179 2573 1225 et
2600 1171 2855 1225 divinitas
2883 1172 3223 1236 mirabiliter,
3259 1182 3423 1243 atque
3468 1177 3653 1232 incun-

2064 1269 2276 1316 ctanter
2303 1262 2550 1327 excedat,
2580 1263 2840 1332 quidquid
2866 1265 2932 1319 de
2961 1264 3052 1320 illo
3077 1265 3384 1322 humaniter
3423 1269 3650 1334 dicitur,

2063 1356 2206 1424 quod
2255 1356 2418 1410 etiam
2474 1355 2784 1410 hominibus
2834 1357 3174 1426 sspernabile
3225 1359 3490 1427 videatur,
3537 1362 3651 1431 ipsa

2062 1443 2300 1499 humana
2329 1453 2670 1499 ammonetur
2693 1445 3002 1512 inﬁrmitas,
3026 1448 3189 1502 etiam
3223 1449 3312 1503 illa
3352 1465 3477 1518 qua:
3523 1468 3654 1506 con-

2062 1543 2323 1604 gruenter
2352 1535 2408 1588 in
2443 1534 2744 1605 Scripturis
2779 1537 2986 1593 sanctis
3015 1539 3080 1592 de
3102 1539 3211 1594 Deo
3258 1539 3401 1594 dicta
3457 1544 3649 1597 existi-

2060 1635 2194 1691 mat,
2225 1627 2476 1680 humanze
2501 1625 2788 1695 eapacitati
2820 1627 3030 1696 aptiora
3054 1642 3192 1694 esse,
3233 1644 3396 1698 quam
3454 1631 3652 1687 divina:

2061 1718 2380 1774 sublimitati
2410 1737 2422 1770 :
2457 1716 2534 1772 Ac
2564 1732 2660 1786 per
2683 1718 2788 1773 hoc
2821 1719 2985 1772 etiam
3036 1718 3151 1788 ipsa
3193 1734 3316 1774 eSse
3369 1729 3652 1777 transcen-

1987 1812 2034 1871 B
2064 1807 2236 1862 denda
2264 1824 2276 1858 :
2312 1813 2396 1861 est
2415 1805 2619 1860 saniori
2646 1805 2670 1844 ιι
2706 1805 3002 1871 intellectu,
3037 1807 3178 1861 sicut
3201 1807 3306 1861 ista
3330 1808 3652 1878 qualiacun-

2061 1910 2165 1966 que
2191 1895 2620 1952 transcendenda
2650 1905 2793 1950 sunt.
2840 1895 2971 1963 Quis
3017 1904 3101 1950 est
3147 1898 3292 1952 enim
3343 1899 3647 1962 hominum,

2059 1989 2146 2043 cui
2179 2004 2284 2042 non
2307 1997 2561 2043 occurrat
2599 1989 2652 2042 in
2681 1989 2791 2042 Deo
2816 1998 3010 2044 cuncta
3039 1991 3356 2060 prasciente
3387 1993 3651 2062 paeniten-

2059 2081 2190 2133 tiam
2217 2094 2337 2134 esse
2361 2095 2467 2133 non
2492 2079 2689 2148 posse?
2718 2079 2785 2133 Et
2814 2088 2964 2135 certe
2990 2089 3168 2135 tamen
3199 2082 3317 2137 hate
3341 2083 3451 2137 duo
3486 2084 3650 2139 verba

2057 2179 2205 2236 sunt,
2237 2171 2556 2240 pmnitentia
2582 2177 2637 2226 et
2660 2171 3021 2241 prmsdentia,
3049 2186 3281 2240 quorum
3314 2174 3443 2242 quia
3478 2189 3649 2229 unum

2057 2274 2354 2330 congruere
2393 2260 2664 2315 credimus
2703 2259 2833 2326 Deo,
2885 2261 2937 2316 id
2966 2270 3051 2316 est
3075 2264 3496 2331 praescientiam,
3557 2280 3648 2320 ne-

2055 2365 2244 2418 gamus
2269 2350 2326 2404 in
2354 2365 2419 2405 eo
2454 2365 2574 2406 esse
2593 2351 2986 2421 pcenitentiam.
3010 2351 3295 2408 Cum-vero
3315 2354 3457 2408 alius
3487 2355 3646 2426 liqui-

2041 2438 2205 2512 ,diorc
2229 2440 2775 2496 considerationeista
2799 2451 3159 2511 pertractans,
3178 2445 3460 2512 quaesierit
3483 2462 3645 2517 quem

2054 2528 2123 2583 ad
2152 2529 2370 2584 modum
2399 2530 2484 2584 vel
2508 2530 2620 2600 ipsa
2645 2531 2984 2600 praescientia
3009 2532 3120 2587 Deo
3149 2544 3433 2605 congruat,
3470 2546 3528 2591 et
3567 2538 3647 2590 in-

2053 2620 2264 2674 venerit
2299 2619 2459 2690 hujus
2481 2621 2645 2675 etiam
2674 2622 2824 2676 verbi
2867 2623 3141 2677 notionem
3185 2624 3329 2679 illius
3377 2626 3643 2682 ineffabili

2054 2708 2334 2764 divinitate
2389 2709 2564 2780 longe,
2613 2709 2827 2781 lateque
2895 2713 3159 2782 superari,
3227 2729 3336 2769 non
3413 2699 3641 2773 miratur

2053 2808 2341 2871 utrumque
2354 2800 2420 2858 de
2437 2802 2526 2857 illo
2537 2811 2757 2873 propter
2776 2803 3023 2859 homines
3035 2805 3140 2860 dici
3161 2807 3423 2875 potuisse,
3450 2809 3518 2863 de
3537 2825 3646 2878 quo

2053 2902 2344 2966 utrumque
2395 2906 2616 2968 propter
2644 2898 2818 2967 ipsum
2865 2899 3160 2969 incongrue
3183 2900 3471 2955 diceretur.
3500 2901 3643 2968 Quid

2051 2994 2135 3041 est
2168 2988 2310 3042 enim
2337 2989 2694 3058 praescienlia,
2727 2989 2828 3044 nisi
2863 2989 3087 3044 scientia
3117 2989 3461 3045 futurorum?
3499 2992 3642 3058 Quid

2053 3086 2233 3132 autem
2258 3076 2500 3133 futurum
2529 3085 2614 3135 est
2641 3080 2772 3145 Deo,
2817 3081 2907 3149 qui
2935 3080 3116 3135 omnia
3159 3089 3402 3150 tempora
3439 3097 3638 3152 snper-

366 3166 553 3236 (Proe.
578 3166 709 3237 νβ)
734 3166 838 3221 Hel
871 3168 1008 3219 enim
1045 3165 1305 3220 distillant
1330 3165 1470 3221 labia
1483 3168 1948 3236 mcretricis,quod
1975 3155 2018 3218 C
2050 3169 2324 3241 greditur?
2353 3167 2410 3224 Si
2440 3170 2584 3225 enim
2611 3170 2834 3225 scientia
2856 3171 2948 3225 Dei
2981 3186 3071 3226 res
3104 3171 3249 3240 ipsas
3299 3172 3484 3238 habet,
3532 3188 3642 3227 non

364 3266 450 3313 est
475 3257 760 3314 delectatio
804 3257 1094 3327 voluptatis
1142 3258 1396 3323 carnalis,
1449 3260 1517 3314 de
1557 3274 1666 3329 quo
1723 3269 1947 3332 putatur

361 3348 516 3418 juxta
555 3347 812 3418 mysticus
833 3346 1139 3403 intellectus
1157 3349 1301 3403 hunc
1325 3349 1628 3404 comedisse
1650 3349 1943 3417 Jonathan,

365 3451 422 3496 et
435 3455 582 3498 sorte
602 3443 998 3513 deprehensum
1020 3443 1108 3498 vix
1119 3443 1372 3513 precibus
1385 3442 1564 3514 populi
1588 3443 1892 3499 liberatum.
1921 3464 1940 3498 ι

435 3533 498 3605 (Ι
517 3533 647 3605 Reg.
669 3550 761 3600 xv,
777 3534 831 3587 7.
855 3536 874 3608 )
923 3533 1052 3588 luiit
1075 3544 1250 3590 autem
1277 3534 1410 3590 Saul
1437 3535 1677 3606 prndium
1700 3536 1947 3592 adversus

362 3626 611 3680 Amalech
634 3626 1021 3698 interfectisque
1055 3628 1256 3682 cunctis
1287 3627 1521 3681 hostibus
1547 3627 1612 3681 ab
1641 3627 1796 3682 Evila
1852 3645 1945 3682 us-

358 3733 460 3786 que
485 3715 609 3772 Sur.
639 3717 734 3772 Est
761 3734 867 3772 una
898 3718 1046 3787 regio
1071 3718 1304 3783 Evilath,
1328 3734 1494 3789 quam
1517 3719 1715 3775 circuit
1750 3718 1946 3774 ﬂuvius

359 3807 562 3862 Phison
591 3804 842 3879 (Genf‘u,
867 3808 966 3882 Η)
990 3809 1176 3863 exiens
1215 3810 1280 3863 de
1306 3809 1578 3878 paradiso,
1625 3824 1744 3879 quae
1786 3810 1946 3866 hodie

361 3901 510 3954 India
541 3909 784 3955 vocatur.
808 3900 957 3954 Dicta
990 3907 1169 3954 autem
1197 3899 1406 3953 Evilatb
1432 3915 1463 3954 a
1489 3901 1722 3969 quodam
1748 3908 1944 3970 nepote

360 3992 494 4046 Noe.
524 3992 619 4046 Est
639 4001 693 4047 et
719 3993 820 4046 alia
841 3993 990 4046 Evila
1014 3992 1244 4047 solitudo
1265 4000 1455 4047 contra
1477 3991 1668 4046 faciem
1689 3991 1936 4063 Egypti:

362 4084 478 4138 hate
505 4083 651 4136 enim
678 4082 850 4144 Evila,
876 4081 964 4135 illa
1000 4082 1208 4136 Evilath
1261 4082 1421 4136 debet
1467 4082 1784 4151 nuncupari.
1833 4081 1942 4136 Sur

361 4185 576 4239 quoque
603 4177 687 4224 est
715 4169 946 4224 solitudo
977 4171 1117 4224 inter
1135 4169 1308 4224 Gades
1332 4177 1388 4224 ct
1408 4169 1941 4234 Barath,extcndens

361 4260 636 4314 desertum
660 4274 831 4329 usque
854 4259 922 4314 ad
939 4273 1086 4313 mare
1106 4258 1346 4314 Rubrum
1372 4275 1439 4315 ex
1461 4259 1674 4331 Egypti
1706 4258 1940 4313 confinio

362 4345 528 4416 (Ceu.
545 4363 654 4413 xvn,
682 4347 774 4419 7).

433 4435 654 4508 (Rursus
680 4454 770 4505 xx,
797 4439 1000 4505 i;xxv,
1025 4439 1108 4496 l8.
1125 4437 1298 4495 Exod.
1320 4455 1406 4507 xv,
1427 4440 1526 4506 ‘22;
1551 4439 1583 4494 I
1605 4439 1732 4512 Reg.
1758 4456 1926 4505 xxvtt,

2049 3267 2178 3314 sunt
2197 3260 2249 3314 ei
2271 3258 2483 3326 futurae,
2520 3260 2613 3316 sed
2658 3269 2987 3330 prmsentes:
3034 3277 3097 3317 ac
3124 3277 3222 3332 per
3250 3263 3354 3316 hoc
3381 3278 3488 3317 non
3524 3264 3642 3333 jam

2049 3350 2405 3418 prmscienti-a,
2432 3352 2526 3406 sed
2550 3360 2757 3406 tantum
2779 3353 3005 3408 scientia
3025 3353 3130 3408 dici
3150 3362 3345 3424 potest.
3373 3353 3430 3408 Si
3457 3364 3642 3410 autem

2048 3441 2191 3495 sicut
2233 3439 2287 3494 in
2342 3441 2535 3496 ordine
2583 3445 2962 3512 temporalium
3011 3455 3409 3512 creaturarum,
3455 3447 3531 3500 ita
3584 3458 3640 3499 et

2049 3528 2189 3598 apud
2219 3541 2344 3582 eum
2372 3529 2611 3584 nondum
2656 3539 2797 3596 sunt,
2843 3548 2965 3602 quae
3010 3532 3190 3588 futura
3237 3544 3398 3600 sunt;
3441 3536 3542 3589 sed
3575 3551 3641 3589 ca

2046 3619 2306 3687 praevenit
2345 3619 2595 3684 scientia,
2627 3620 2714 3675 bis
2759 3636 2888 3692 ergo
2920 3637 2981 3678 ea
3015 3623 3214 3678 sentit:
3267 3639 3375 3679 uno
3415 3625 3641 3693 quidem

2048 3707 2206 3763 modo
2225 3708 2517 3763 secundum
2545 3708 2846 3765 futurorum
2866 3712 3285 3780 prmscientiam,
3311 3712 3483 3767 altero
3505 3729 3639 3768 vero

2046 3799 2340 3853 secundum
2374 3800 2721 3869 praesentium
2763 3802 3064 3856 scientiam.
3096 3801 3312 3872 Aliquid
3341 3819 3469 3873 ergo
3498 3811 3636 3858 tem-

2044 3887 2305 3957 poraliter
2338 3888 2536 3944 accidit
2571 3890 2812 3946 scientia:
2862 3891 2976 3957 Dei,
3008 3893 3153 3962 quod
3181 3893 3634 3948 absurdissimum

2044 3991 2206 4052 atque
2253 3979 2600 4036 falsissimum
2643 3990 2762 4036 est:
2815 3997 2914 4037 nec
2960 3983 3105 4037 enim
3136 3991 3314 4053 potest
3355 3998 3477 4053 qum
3507 4001 3634 4040 ven-

2043 4082 2167 4128 tura
2191 4072 2501 4142 praenoscit,
2548 4085 2708 4127 nosse
2734 4087 2856 4127 cum
2904 4073 3172 4139 venerint,
3220 4075 3323 4129 nisi
3362 4076 3446 4129 bis
3478 4077 3633 4130 inno-

2042 4171 2273 4228 tescaut,
2319 4171 2373 4218 et
2403 4164 2809 4232 prmnoscendo,
2849 4171 3137 4234 antequam
3181 4165 3307 4230 sint,
3344 4175 3402 4220 et
3433 4180 3635 4237 cogno-

2041 4253 2242 4307 scendo
2272 4266 2394 4306 cum
2424 4251 2537 4320 jam
2579 4261 2724 4307 sunt.
2771 4252 2848 4306 Ita
2893 4253 2974 4318 lit,
3007 4261 3068 4307 ut
3096 4254 3258 4324 (quod
3286 4255 3442 4326 longe
3470 4271 3503 4309 a
3534 4273 3632 4312 ve-

2040 4342 2204 4396 ritate
2253 4343 2522 4396 seclusum
2577 4342 2681 4412 est)
2737 4343 3105 4413 temporaliter
3159 4343 3362 4414 aliquid
3413 4347 3633 4400 accidat

2042 4433 2282 4487 scientia:
2327 4431 2441 4496 Dei,
2498 4447 2620 4486 cum
2665 4432 3010 4501 temporalia,
3067 4448 3188 4503 qua:
3241 4436 3632 4504 prmsciuntur,

358 4526 437 4600 8.)
474 4527 737 4585 Percnsso
784 4530 888 4585 hoc
926 4532 1156 4586 termino
1199 4543 1271 4605 °_¢
1316 4533 1559 4603 pepercit
1597 4531 1747 4602 Agag
1794 4533 1929 4603 regi,
1957 4513 2200 4580 Detiam
2234 4524 2523 4594 prasentia
2567 4525 2896 4591 sentiuntur,
2929 4541 3049 4597 qua:
3095 4544 3200 4582 non
3249 4530 3634 4585 sentiebantur

359 4618 413 4689 (I
427 4617 554 4691 Reg.
577 4635 668 4687 xv,
685 4620 738 4693 7)
762 4636 863 4677 nec
889 4622 1057 4676 voluit
1081 4623 1393 4694 disperdere
1422 4624 1600 4679 onmia
1615 4606 1776 4691 juxta
1797 4639 1934 4692 pra:-

356 4719 574 4782 ceptum
639 4711 891 4775 Domini;
952 4712 1309 4783 irasciturque
1369 4713 1418 4768 ei
1484 4714 1740 4768 Dominus
1805 4713 1847 4767 τ.
1908 4735 1926 4768 ι

358 4797 585 4854 Factum
606 4809 680 4855 est
710 4801 917 4857 uerbum
944 4801 1152 4857 Domini
1173 4803 1242 4857 ad
1271 4803 1568 4859 Samuelem
1591 4804 1765 4858 dicens
1791 4819 1808 4857 :
1829 4823 1934 4877 pae-

358 4891 482 4944 nitet
510 4905 590 4944 me
607 4890 746 4962 quod
768 4893 1122 4946 constituerim
1139 4891 1272 4947 Saul
1296 4910 1481 4964 regem,
1507 4895 1630 4966 quia
1661 4896 1934 4969 dereliquit

357 4994 461 5043 me,
493 4989 540 5033 et
580 4978 733 5032 verba
775 4995 889 5032 mea
923 4996 1075 5051 opere
1103 4997 1204 5034 non
1235 4980 1460 5052 implerit
1481 5000 1499 5046 ;
1522 4983 1596 5054 (v.
1627 4984 1692 5037 IO
1712 4983 1732 5057 )
1756 4999 1932 5055 neque

354 5070 499 5126 enim
527 5071 668 5128 sicut
691 5071 984 5137 hominem,
1015 5071 1089 5127 ita
1120 5071 1286 5128 Deum
1309 5073 1624 5144 cujusquam
1671 5076 1798 5131 lacti
1844 5080 1926 5134 sui

425 5219 451 5248 ι
476 5207 578 5263 Hic
608 5207 808 5281 aliquid
831 5207 1000 5281 deest,
1041 5222 1150 5278 quo
1172 5225 1200 5262 a
1226 5208 1443 5265 litterali
1484 5211 1550 5266 ad
1587 5211 1931 5281 allegoricum

351 5292 568 5349 sensum
617 5280 876 5333 transitus
928 5279 1039 5339 liat.
1087 5286 1142 5333 et
1184 5287 1410 5349 uterque
1461 5279 1832 5338 connectatur.
1872 5283 1930 5338 In

359 5347 705 5420 Beda__rnulta
756 5349 860 5420 alia
893 5347 1582 5420 sunt,_qumque:Lcctori
1620 5351 1929 5420 subjiciam,

353 5431 478 5469 cum
509 5417 864 5490 illustrabitur
889 5419 1035 5474 locus
1060 5417 1125 5474 IV
1149 5417 1281 5490 Reg.
1322 5419 1410 5485 24,
1445 5420 1529 5474 IL.
1561 5419 1628 5474 Et
1663 5417 1931 5477 transtulit

353 5500 557 5539 omnem
587 5487 933 5551 Hierusalem,
962 5498 1067 5544 etc.

427 5554 454 5593 δ
477 5555 757 5610 Accedant.
791 5556 1016 5612 Prmstat
1044 5568 1226 5614 nostra
1251 5559 1429 5616 lectio.

428 5633 456 5703 ξ
476 5621 861 5703 subsequentis
879 5626 983 5682 loci
1004 5630 1414 5699 explicationem
1435 5631 1599 5688 habes
1635 5633 1687 5688 in
1712 5631 1884 5703 capite
1907 5629 1938 5686 6

355 5691 542 5762 Isidori
571 5695 622 5749 in
654 5691 746 5748 lib.
776 5711 791 5748 ι
825 5695 1047 5762 Regum.

422 5761 446 5805 δ
478 5762 622 5820 Toto.
655 5763 876 5821 Praestat
907 5761 1090 5822 nostra
1113 5767 1288 5824 lectio.

2036 4624 2164 4670 ante
2190 4629 2353 4685 quam
2395 4614 2608 4682 ﬂerent,
2645 4616 2740 4670 sed
2783 4617 3155 4672 tantummodo
3201 4620 3631 4687 praesentieban-

2039 4718 2146 4766 tur.
2174 4705 2232 4760 Si
2255 4722 2385 4762 vero
2416 4707 2578 4761 etiam
2619 4722 2744 4761 cum
2771 4708 3022 4762 venerint
3050 4723 3168 4777 qua:
3194 4709 3630 4777 prmsciebantur

2031 4818 2154 4858 esse
2191 4809 2442 4863 ventura,
2481 4799 2616 4853 nihil
2655 4799 2780 4854 novi
2821 4799 3020 4854 accidit
3057 4800 3299 4855 scientia:
3341 4799 3440 4854 Dei
3471 4819 3486 4854 :
3527 4802 3627 4858 sed

2034 4893 2273 4950 manebit
2295 4892 2385 4947 illa
2411 4890 2770 4962 praescientia,
2801 4891 2940 4946 sicut
2965 4899 3086 4945 erat
3108 4892 3272 4946 etiam
3301 4893 3622 4962 priusquam

2037 4985 2302 5047 venirent,
2325 4997 2444 5052 qua:
2463 4980 2904 5049 przesciebantur,
2922 4981 3189 5048 quomodo
3205 4979 3316 5049 jam
3337 4981 3624 5050 prmscien-

2035 5074 2108 5128 tia
2139 5072 2366 5137 dicetur,
2395 5069 2650 5139 quoniam
2677 5083 2785 5123 non
2810 5078 2892 5124 est
2921 5085 3098 5125 rerum
3128 5070 3434 5126 futurarum
3453 5072 3478 5124 2
3503 5072 3618 5142 jam

2110 5222 2134 5251 ο
2161 5209 2551 5280 Subsequentia
2576 5210 2737 5264 tradit
2765 5208 3002 5280 Isidorus
3029 5226 3147 5280 cap.
3181 5210 3233 5263 7.

2113 5281 2136 5352 τί
2157 5280 2277 5333 Alia
2303 5278 2469 5333 multa
2503 5279 2589 5334 hic
2610 5280 2770 5352 tradit
2792 5279 3030 5335 Isidorus
3057 5278 3123 5335 ad
3149 5281 3248 5352 loci
3264 5278 3427 5352 hujus
3443 5278 3617 5352 expli-

2035 5351 2292 5413 cationes,
2331 5364 2451 5418 qua
2476 5351 2659 5405 nescio
2684 5365 2785 5418 qua
2820 5365 2980 5404 causa
3003 5351 3205 5404 omittit
3232 5351 3511 5406 Claudius.

2110 5423 2135 5460 ε
2151 5420 2290 5483 Ecce
2313 5419 2511 5491 iterum
2529 5421 2811 5491 scriptusa
2825 5420 3046 5474 Claudio
3074 5421 3405 5491 Augustinus
3426 5437 3442 5475 :
3461 5418 3620 5491 cujus

2038 5491 2264 5560 quaestio
2308 5489 2362 5560 2.
2393 5488 2514 5543 libri
2551 5505 2586 5542 ιι
2631 5488 2697 5544 ad
2753 5488 3174 5558 Simpliciauum'
3205 5501 3315 5544 tota
3364 5489 3479 5544 fere
3529 5490 3618 5544 hic

2040 5558 2279 5630 ponitur.
2324 5558 2604 5630 Augustini
2637 5560 2795 5615 verba
2843 5576 2941 5631 pro
2993 5575 3142 5615 more
3184 5560 3397 5616 lineolis
3450 5561 3618 5614 aduo-

2041 5639 2390 5755 “litatum
2429 5697 2636 5769 allegati
2668 5717 2696 5752 a
2721 5699 2778 5752 P.
2803 5699 2861 5754 Ρ.
2887 5699 2944 5754 8.
2991 5699 3157 5756 Mauri
3185 5699 3471 5754 δικτύου-ἰ.
3505 5697 3613 5751 Sed

2041 5779 2225 5827 noster
2246 5770 2411 5826 codex
2435 5785 2552 5825 cum
2585 5770 2740 5826 editis
2764 5769 3044 5840 Augustini
3066 5769 3216 5826 libris
3247 5770 3480 5826 Smniori.
