3904 6174
255 185 347 242 661

251 392 411 464 paulo
432 398 552 462 post
579 400 739 445 erunt
760 393 1056 462 praeterita.
1090 391 1492 448 Praeteritarum
1523 402 1703 449 autem
1743 409 1830 448 re-

251 499 389 549 rum,
421 482 560 536 sicut
585 481 931 551 praesentium
966 481 1112 537 nullo
1139 483 1299 538 modo
1335 492 1512 552 potest
1548 483 1652 538 dici
1694 497 1829 551 pra:-

249 575 493 633 sclentia.
540 573 768 628 Reditur
789 590 919 645 ergo
946 575 1014 629 ad
1041 575 1114 641 id,
1146 584 1205 629 ut
1236 575 1334 631 ﬁat
1369 576 1530 631 rebus
1555 574 1669 643 jam
1696 589 1832 644 pne-

249 667 490 724 sentibus
538 665 783 730 scientia,
847 682 966 736 qua:
1023 668 1213 722 iisdem
1263 669 1424 722 rebus
1468 667 1663 722 futuris
1714 673 1832 722 erat

247 757 610 829 praescientia,
638 764 695 812 et
721 773 843 812 cum
877 773 960 821 ea,
1006 773 1125 829 qua:
1148 760 1486 829 praescieutia
1515 767 1634 813 erat
1658 758 1827 828 prius,

247 859 434 922 postea
480 850 708 904 scientia
751 849 845 904 ﬁat
874 850 928 904 in
965 851 1094 915 Deo,
1126 852 1363 906 admittit
1394 852 1826 916 mutabilitatem,

247 951 301 997 et
334 941 651 1009 temporalis
684 950 810 1007 est;
843 958 965 996 cum
1010 943 1080 997 sit
1108 942 1270 1008 Deus,
1315 944 1405 1012 qui
1431 959 1557 998 vere
1595 959 1831 998 summe-

247 1049 352 1102 que
373 1041 479 1096 est,
513 1047 617 1086 nec
639 1031 745 1085 ulla
785 1047 848 1086 ex
877 1043 1028 1101 parte
1073 1035 1370 1098 mutabilis,
1408 1049 1509 1090 nec
1546 1035 1657 1090 ullo
1679 1044 1830 1090 motu

246 1123 455 1180 novitio
499 1121 831 1190 temporalis.
876 1121 1059 1177 Placet
1104 1123 1285 1194 igitur,
1328 1137 1388 1178 ut
1430 1140 1538 1179 non
1587 1125 1831 1181 dicamus

244 1215 646 1286 prasscientiam
670 1213 785 1275 Dei.
814 1216 908 1270 sed
928 1217 1302 1271 tantummodo
1339 1219 1641 1273 scientiam.
1674 1217 1831 1286 Qua:-

246 1322 434 1362 ramus
475 1315 531 1361 et
577 1306 681 1361 hoc
719 1308 1006 1374 quomodo.
1047 1307 1163 1362 Non
1210 1309 1354 1365 enim
1385 1311 1665 1365 scientiam
1693 1311 1831 1366 sole-

244 1415 372 1454 mus
407 1398 586 1452 dicere
633 1398 686 1452 in
731 1399 906 1465 nobis,
948 1400 1049 1454 nisi
1098 1415 1221 1455 cum
1254 1417 1432 1468 sensa,
1475 1411 1531 1457 et
1559 1403 1828 1459 intellecta

246 1488 510 1544 memoria
558 1488 871 1553 retinemus,
925 1505 1047 1545 cum
1087 1491 1431 1548 meminimus
1475 1509 1576 1549 nos
1625 1495 1828 1566 aliquid

243 1578 506 1644 sensisse,
534 1577 616 1633 vel
647 1579 999 1648 intellexisse,
1026 1590 1088 1636 ut
1114 1583 1178 1638 id
1191 1585 1335 1653 quod
1375 1585 1641 1652 volumus,
1679 1601 1832 1642 reco-

1123 184 1584 253 QUESTIONES
1623 185 1771 242 XXX
1810 187 2044 246 SUPER
2077 186 2320 243 LIBROS
2357 189 2616 247 REGUM.

252 303 394 358 cutim
443 276 732 370 pmentla
781 307 922 366 sunt,
970 315 1088 370 qua
1140 299 1317 356 futura
1346 304 1723 368 cernebantur,
1767 310 1822 358 et
1850 308 1892 364 Α
1925 313 2118 358 cuncta
2164 305 2462 371 lustrantis,
2513 309 2622 363 imo
2664 323 2771 362 non
2817 309 3084 378 reliquero

3399 189 3513 244 66%

3131 326 3144 361 ζ
3197 324 3300 362 non
3360 325 3503 364 NIHI

1931 395 2094 450 habet
2125 397 2226 452 hoc
2263 399 2496 453 humana
2528 400 2776 465 scientia,
2813 401 2907 455 sed
2947 416 3046 470 pro
3079 402 3284 458 viribus
3311 404 3511 472 cogita-

1929 499 2077 549 vero,
2107 486 2416 541 insinuatur
2460 490 2589 544 mihi
2629 498 2904 560 utcunque
2942 493 3169 546 scientia
3199 493 3330 549 Dei:
3364 497 3508 565 quod

1929 579 2109 627 tamen
2136 590 2331 630 nomen
2374 593 2441 632 ex
2471 593 2536 634 eo
2571 580 2714 649 quod
2756 581 2978 636 sciendo
3000 581 3220 651 aliquid,
3249 599 3356 638 non
3383 585 3512 639 latet

1929 662 2223 730 hominem,
2255 670 2430 736 potuit
2474 671 2552 724 rei
2592 673 2822 742 utrique
2842 688 2963 728 esse
2992 690 3299 730 commune.
3332 675 3514 742 Quan-

1929 768 2088 821 quam
2114 764 2168 807 et
2199 755 2250 808 in
2295 758 2424 826 ipsis
2462 759 2771 813 hominibus
2801 761 2936 815 solet
2971 763 3206 817 discerni
3234 780 3263 816 a
3303 765 3514 832 sapien-

1932 846 2003 900 tia
2040 849 2287 915 scientia,
2320 859 2380 904 ut
2410 852 2570 906 etiam
2597 853 2888 923 Apostolus
2914 856 3083 910 dicit:
3115 857 3165 927 (Ι
3199 855 3321 911 Cor.
3347 874 3408 921 ll,
3433 860 3514 924 8).
3564 899 3579 920 .

1929 936 2036 990 Alii
2072 939 2281 1008 quidem
2305 940 2466 993 datur
2500 959 2594 1011 per
2619 945 2862 1012 spiritum
2893 962 3063 999 sermo
3102 948 3393 1017 sapientiw,
3421 949 3515 1001 alii

1930 1026 2139 1096 quidem
2162 1044 2331 1082 sermo
2357 1030 2609 1096 scientia’,
2645 1034 2930 1087 secundum
2954 1035 3192 1088 eumdem
3226 1037 3466 1106 spiritum
3495 1054 3513 1089 :
3573 1056 3578 1062 ·

1931 1119 1985 1171 in
2015 1119 2124 1172 Deo
2153 1128 2333 1174 autem
2364 1121 2620 1176 nimirum
2648 1139 2755 1179 non
2781 1135 2906 1180 sunt
2931 1125 3047 1181 haec
3068 1129 3192 1192 duo,
3212 1127 3304 1182 sed
3323 1143 3511 1181 unum.

1931 1208 1997 1262 Et
2021 1210 2072 1264 in
2097 1211 2404 1267 hominibus
2428 1215 2642 1282 quidem
2672 1216 2785 1272 haec
2807 1217 2878 1270 ita
2904 1217 3134 1272 discerni
3169 1218 3520 1288 probabiliter

1929 1301 2124 1366 solent,
2156 1314 2216 1357 ut
2256 1305 2520 1373 sapientia
2547 1309 2814 1375 pertineat
2841 1310 2907 1363 ad
2936 1310 3265 1365 intellectum
3290 1320 3517 1365 atteram

1930 1407 2072 1458 rum,
2100 1393 2326 1448 scientia
2355 1409 2484 1450 vero
2517 1397 2585 1451 ad
2612 1411 2700 1463 ea,
2730 1413 2848 1466 quae
2874 1400 3120 1454 sensibus
3148 1401 3392 1471 corporis
3414 1417 3511 1455 εις-η

1930 1487 2189 1556 perimur.
2227 1487 2334 1542 Sed
2361 1488 2487 1542 licet
2508 1490 2648 1545 alius
2669 1490 2828 1545 aliam
2867 1491 3226 1548 differentiam
3254 1492 3513 1564 proferat,

1930 1580 2035 1634 nisi
2067 1589 2244 1634 tamen
2285 1580 2499 1636 diversa
2523 1596 2741 1650 essent;
2777 1599 2882 1639 non
2922 1585 3001 1640 sic
3024 1585 3092 1640 ab
3129 1585 3385 1656 Apostolo
3411 1586 3520 1640 dis-

243 1671 441 1724 lamus.
473 1668 625 1736 Quod
647 1671 693 1725 si
723 1671 797 1726 ita
823 1671 877 1727 in
904 1672 1018 1728 Deo
1045 1681 1147 1737 est,
1177 1681 1241 1727 ut‘
1256 1675 1428 1744 possit
1451 1677 1668 1745 proprie
1690 1677 1829 1732 dici:

1941 1670 2293 1740 tingueretur.

244 1757 320 1814 Et
348 1758 610 1830 intelligit,
653 1770 702 1815 et
729 1761 1024 1818 intellexit:
1062 1765 1238 1830 sentit,
1276 1774 1326 1820 et
1371 1767 1552 1833 sensit,
1601 1767 1836 1823 admittit

245 1861 482 1922 tempus,
510 1860 566 1908 et
604 1853 885 1923 subrepit:
935 1854 1286 1912 nihilominus
1339 1857 1430 1912 illa
1478 1858 1830 1924 mutabilitas,

245 1957 372 2013 quae
401 1943 557 2016 longe
585 1951 670 2000 est
708 1960 740 1999 a
769 1944 866 2000 Dei
911 1947 1232 2014 substantia,
1280 1949 1599 2005 removenda
1630 1959 1732 2006 est.
1769 1951 1836 2005 Et

246 2044 431 2091 tamen
460 2044 514 2091 et
542 2037 645 2090 scit
671 2035 835 2104 Dens,
868 2045 923 2092 et
945 2038 1164 2107 praescit
1192 2037 1335 2094 Deus
1363 2039 1616 2094 inell'ahili
1643 2040 1829 2094 modo:

245 2129 332 2184 sic
358 2144 480 2184 eum
499 2137 556 2183 et
584 2129 812 2198 pmnitet
837 2128 1090 2184 ineffabili
1121 2129 1301 2186 modo.
1333 2130 1467 2187 Cum
1495 2133 1640 2188 enim
1668 2135 1836 2189 scien-

246 2219 327 2271 tia
353 2217 449 2273 Dei
490 2217 647 2288 longe
677 2217 840 2273 distet
865 2217 932 2272 ab
961 2219 1197 2274 humana
1235 2222 1482 2294 scientia,
1512 2223 1587 2276 ita
1629 2231 1688 2276 ut
1716 2225 1837 2278 irri—

246 2309 425 2364 denda
471 2311 539 2364 sit
576 2309 950 2378 comparatio;
996 2321 1224 2379 utraque
1273 2321 1450 2365 tamen
1492 2313 1719 2367 scientia
1745 2329 1840 2368 vo-

247 2410 425 2457 catur.
472 2400 540 2454 Et
573 2399 688 2453 [nec
726 2399 942 2468 quidem
985 2401 1223 2455 humana
1261 2401 1384 2456 talis
1420 2411 1523 2465 est,
1558 2411 1619 2457 ut
1651 2404 1718 2459 de
1748 2403 1837 2457 illa

251 2491 402 2544 dicat
435 2489 724 2557 Apostolus
749 2490 952 2545 etiam:
980 2490 1033 2562 (I
1057 2489 1180 2545 Cor.
1225 2508 1344 2557 xm,
1369 2493 1424 2563 8)
1477 2491 1708 2548 Scientia
1743 2495 1832 2549 de-

251 2587 512 2643 struetur,
547 2579 689 2648 quod
715 2579 863 2634 nullo
892 2579 1050 2635 modo
1079 2589 1228 2636 certe
1251 2582 1316 2637 de
1341 2583 1566 2639 scientia
1595 2583 1690 2640 Dei
1733 2585 1838 2642 dici

249 2676 452 2738 potest.
487 2667 578 2725 Sic
607 2678 662 2725 et
688 2671 771 2726 ira
822 2673 1057 2727 hominis
1106 2675 1318 2730 turbida
1362 2683 1462 2742 est,
1491 2684 1546 2732 et
1590 2691 1695 2732 non
1723 2679 1839 2734 sine

247 2759 496 2813 cruciatu
517 2759 681 2814 animi
705 2779 718 2816 :
751 2761 828 2815 ira
852 2777 982 2818 vero
1008 2762 1124 2828 Dei,
1155 2765 1220 2820 de
1239 2780 1347 2835 qua
1371 2766 1568 2821 dicitur
1589 2768 1644 2823 in
1668 2767 1841 2825 Evan-

245 2848 396 2918 gelia
427 2849 648 2916 :(Joan.
680 2869 762 2917 ιιι,
788 2853 879 2924 56)
923 2855 1015 2909 sed
1055 2855 1137 2910 ira
1161 2855 1259 2911 Dei
1291 2867 1467 2913 manet
1503 2876 1660 2931 super
1694 2878 1834 2916 eum.

247 2940 324 2994 Et
367 2940 682 3012 Apostolus:
723 2941 899 3014 (Rom.
943 2961 1025 3010 ut,
1066 2946 1155 3016 i8)
1207 2947 1482 3003 Revelatur
1510 2950 1593 3005 ira
1645 2950 1742 3006 Dei
1775 2953 1840 3007 de

2011 1781 2028 1812 ι
2059 1762 2211 1830 Quod
2252 1767 2297 1820 si
2338 1767 2411 1822 ita
2439 1784 2570 1825 sane
2609 1779 2714 1835 est,
2747 1778 2804 1824 ut
2831 1785 3025 1824 nomen
3057 1770 3298 1825 scicntia:
3337 1769 3518 1832 rebus,

1934 1868 2069 1922 quas
2113 1869 2209 1922 per
2253 1871 2444 1914 sensus
2488 1860 2732 1929 corporis
2777 1860 3111 1929 experimur.
3156 1859 3519 1927 deputandum

1935 1944 2029 2009 sit,
2060 1945 2202 2000 nulla
2250 1955 2335 2002 est
2369 1950 2592 2006 omnino
2647 1950 2871 2005 scientia
2907 1951 3024 2004 Dei.
3059 1949 3174 2004 Non
3206 1949 3348 2004 enim
3381 1949 3521 2004 Deus

1935 2051 2033 2105 per
2075 2036 2314 2106 seipsum
2369 2053 2435 2092 ex
2485 2055 2714 2110 corpore
2766 2049 2820 2095 et
2867 2041 3047 2094 animo
3101 2049 3334 2105 constat,
3382 2040 3525 2094 sicut

1937 2124 2118 2188 homo,
2150 2126 2243 2181 sed
2275 2128 2470 2184 melius
2500 2129 2716 2196 dicitur,
2744 2129 2904 2184 aliam
2933 2145 3052 2184 esse
3086 2130 3368 2186 scientiam
3404 2129 3520 2192 Dei.

1937 2223 1992 2268 et
2017 2229 2123 2268 non
2153 2216 2394 2287 ejusdem
2443 2221 2676 2290 generis,
2722 2220 2876 2290 cujus
2922 2223 3023 2276 ista
3066 2228 3168 2286 est,
3197 2235 3318 2290 quae
3351 2221 3532 2276 homi-

1938 2320 2073 2358 num
2097 2305 2331 2361 dicitur:
2362 2309 2506 2363 sicut
2529 2310 2692 2364 etiam
2727 2311 2781 2364 id
2809 2311 3006 2380 ipsum,
3035 2312 3176 2380 quod
3223 2311 3364 2364 Deus
3393 2311 3528 2365 diei—

1939 2399 2047 2456 tur,
2100 2393 2254 2462 longe
2291 2396 2434 2452 aliud
2481 2407 2582 2463 est,
2630 2415 2790 2466 quam
2842 2399 3294 2468 quemadmodum
3340 2399 3527 2453 est-di-

1938 2493 2106 2548 ctum,
2138 2485 2280 2553 quod
2324 2485 2496 2557 (Psal.
2525 2504 2712 2553 nam,
2743 2489 2794 2560 l)
2838 2489 2976 2542 stetit
3005 2491 3057 2542 in
3104 2505 3368 2559 synagoga
3399 2489 3523 2542 deo-

1941 2590 2074 2628 rum.
2130 2575 2330 2631 Tamen
2382 2579 2449 2632 ad
2491 2593 2600 2632 non
2631 2578 2799 2634 latere
2829 2595 3043 2649 quoquo
3089 2580 3250 2634 modo
3291 2581 3536 2649 pertinee

1941 2667 2360 2723 communicatio
2389 2669 2505 2738 ipsa
2531 2670 2796 2724 vocabuli.
2828 2670 2920 2725 Sic
2955 2672 3120 2725 etiam
3152 2672 3219 2725 de
3245 2671 3323 2724 ira
3347 2671 3524 2724 homi-

1942 2757 2026 2811 nis
2056 2757 2285 2813 detraho
2328 2759 2697 2815 turhulentum
2741 2769 2966 2825 motum,
3011 2769 3070 2815 ut
3101 2769 3380 2815 remaneat
3406 2761 3524 2813 vin-

1941 2847 2099 2902 dictae
2143 2849 2317 2920 vigor,
2364 2859 2526 2920 atque
2573 2852 2646 2905 ita
2695 2859 2968 2921 utcunque
3017 2867 3179 2922 surgo
3207 2852 3274 2904 ad
3317 2852 3523 2906 innote-

1941 2939 2200 2993 scentiam
2249 2940 2412 3005 illius,
2461 2956 2585 3011 qua:
2632 2941 2933 3011 appellatur
2981 2943 3062 2995 ira
3114 2942 3228 2994 Dei.
3277 2941 3409 2996 Item
3457 2943 3525 2996 de

247 3028 383 3085 calo
421 3047 577 3102 super
603 3048 807 3088 omnem
844 3034 1184 3106 impietatem,
1215 3038 1310 3093 illo
1351 3039 1406 3094 in
1449 3042 1838 3112 tranquillitate
1865 3025 1909 3086 (ἶ
1941 3028 2311 3085 misericordia
2350 3031 2395 3086 Si
2427 3031 2642 3087 auferas
2669 3034 3097 3103 COmPaSSionem
3120 3047 3244 3087 cum
3279 3046 3344 3088 θο
3363 3047 3522 3102 quem

239 3122 452 3194 jugiter
475 3133 746 3190 n‘anentc,
778 3125 830 3179 in
861 3135 1109 3182 creatura
1139 3129 1355 3186 subdita
1389 3143 1640 3188 exerceat
1676 3135 1843 3190 admi-

250 3211 415 3266 rabili
437 3214 689 3283 aequitate
730 3216 1042 3272 vindictam.
1085 3218 1453 3278 Misericordia
1499 3239 1712 3295 quoque
1739 3227 1839 3281 lto-

249 3300 423 3356 minis
446 3302 756 3358 nonnullam
781 3303 943 3361 hahet
968 3308 1148 3364 cordis
1172 3310 1446 3365 miseriam
1472 3329 1486 3366 :
1510 3313 1652 3367 unde
1674 3315 1836 3369 etiam

247 3391 495 3448 lnlatina
521 3393 699 3464 lingua
727 3410 922 3450 nomen
954 3399 1180 3468 accepit.
1228 3399 1361 3455 Nam
1401 3400 1524 3457 inde
1563 3411 1648 3457 est
1675 3404 1838 3459 etiam

245 3482 399 3552 quod
429 3499 533 3538 non
563 3485 770 3540 solum:
818 3486 981 3558 (Ibid.
1011 3505 1113 3555 xu,
1147 3489 1234 3562 i5)
1281 3491 1511 3561 gaudere
1557 3509 1673 3547 cum
1702 3512 1836 3566 gau-

247 3573 495 3630 dentibus
519 3588 538 3627 :
563 3577 659 3632 sed
680 3577 844 3632 etiam
870 3580 994 3648 ﬂere
1015 3597 1134 3633 cum
1158 3582 1402 3650 ﬂentibus
1429 3582 1678 3638 hortatur
1704 3586 1841 3656 Apo-

249 3665 445 3722 stolus.
488 3667 620 3734 Quis
639 3677 818 3723 autem
849 3685 982 3726 sano
1013 3671 1194 3742 capite
1238 3672 1457 3738 dixerit,
1487 3674 1593 3730 ulla
1624 3675 1839 3730 miseria

253 3757 408 3828 tangi
454 3756 644 3825 Deum,
676 3776 834 3830 quem
885 3769 1062 3817 tamen
1105 3762 1304 3834 ubique
1333 3765 1600 3834 scriptura
1631 3766 1843 3822 miseri-

252 3847 478 3902 cordem
511 3863 632 3904 esse
670 3852 936 3906 testatur?
961 3851 1040 3906 Ita
1069 3851 1242 3908 zelum
1266 3855 1563 3909 humanum
1591 3871 1700 3912 non
1724 3857 1842 3912 sine

253 3947 412 4008 peste
438 3938 626 3996 livoris
662 3941 1009 4012 intelligimus
1033 3961 1046 3998 :
1095 3944 1360 4000 zelantem
1387 3960 1518 4002 vero
1539 3946 1708 4000 Deum
1735 3961 1841 4001 non

253 4031 355 4093 Ita,
382 4029 474 4084 sed
503 4030 692 4085 eodem
717 4030 900 4097 verbo,
933 4048 1038 4088 non
1061 4035 1251 4090 eodem
1281 4035 1458 4090 modo.
1759 4092 1792 4114 κ

333 4139 352 4172 ι
383 4120 625 4194 Longum
643 4131 728 4179 est
755 4138 1074 4194 percurrere
1107 4135 1325 4192 caetera,
1357 4134 1414 4180 et
1441 4135 1567 4181 sunt
1595 4127 1842 4183 innume-

253 4213 470 4279 rabilia,
495 4213 690 4285 quibus
709 4216 1014 4271 ostenditur
1037 4217 1206 4273 multa
1228 4217 1408 4273 divina
1450 4219 1640 4274 iisdem
1669 4221 1842 4275 nomi-

255 4303 416 4359 nibus
445 4305 721 4375 appellari,
750 4307 946 4376 quibus
981 4308 1214 4363 humana
1265 4323 1388 4364 cum
1432 4309 1838 4379 incomparabili

254 4396 572 4453 diversitate
597 4398 838 4469 sejuncta
865 4399 992 4454 sint.
1031 4398 1140 4456 Nec
1168 4400 1386 4454 interim
1425 4399 1625 4456 frustra
1652 4402 1839 4456 eadem
1866 4382 1919 4441 ἶ)

256 4493 386 4540 sunt
413 4487 574 4543 rebus
609 4488 854 4558 utrisque
896 4490 1066 4545 indita
1109 4490 1392 4557 vocabula,
1440 4491 1546 4546 nisi
1572 4491 1695 4560 quia
1725 4492 1840 4546 haec

255 4577 492 4645 cognita,
517 4593 636 4646 quae
665 4579 719 4632 in
749 4579 1065 4648 quotidiana
1091 4580 1482 4636 consuetudine
1527 4589 1834 4645 versantur,

255 4674 315 4721 et
355 4667 738 4736 experimentis
782 4670 1155 4724 usitatioribus
1200 4671 1562 4735 innotescunt,
1611 4671 1842 4725 nonnul-

256 4758 366 4812 lam
395 4759 462 4813 ad
484 4759 828 4831 intelligenda
859 4761 945 4816 illa
973 4761 1218 4818 sublimia
1241 4763 1483 4832 praebent
1507 4763 1648 4817 viam
1678 4781 1689 4816 :
1716 4777 1838 4816 cum

257 4850 433 4905 cidem
478 4851 762 4922 dempsero
787 4855 853 4908 de
880 4856 1113 4908 lmmana
1145 4853 1370 4909 scientia
1403 4854 1840 4918 mutabilitatem,

259 4948 315 4994 et
344 4941 604 4998 transitus
649 4945 906 5012 quosdam
950 4959 980 4998 a
1021 4944 1344 5014 cogitatione
1377 4943 1430 4998 in
1460 4944 1838 5014 cogitationem

258 5045 382 5084 cum
427 5033 734 5099 rccolimus,
781 5042 841 5088 ut
892 5050 1178 5090 cernamus
1221 5035 1420 5101 animo,
1464 5036 1685 5105 quodin
1713 5051 1842 5091 con-

262 5120 396 5174 tuitu
427 5119 542 5188 ejus
561 5122 722 5192 paulo
749 5131 874 5176 ante
914 5139 1020 5178 non
1057 5133 1198 5190 erat,
1224 5134 1388 5194 atque
1415 5124 1488 5179 ita
1513 5125 1581 5179 de
1604 5132 1759 5197 parte
1785 5126 1836 5180 in

257 5220 468 5284 partem
506 5215 714 5271 crebris
765 5217 1226 5273 recordationibus
1273 5217 1646 5284 transilimus;
1699 5219 1840 5274 unde

257 5304 423 5358 etiam
450 5319 517 5359 ex
560 5315 714 5375 parte
742 5305 871 5362 dicit
905 5323 1024 5362 esse
1068 5309 1355 5378 Apostolus
1384 5308 1439 5379 (Ι
1467 5306 1590 5364 Cor.
1621 5325 1742 5375 xm,
1781 5310 1836 5380 9)

260 5404 503 5450 nostram
529 5397 847 5463 scientiam;
881 5413 1002 5453 cum
1028 5414 1157 5470 ergo
1179 5400 1294 5455 haec
1319 5408 1510 5455 cuncta
1533 5399 1840 5465 detraxero,

258 5491 310 5540 et
341 5485 610 5556 reliquero
655 5487 821 5543 solam
849 5488 1211 5553 vivacitatem,
1241 5498 1420 5554 certat,
1470 5499 1634 5560 atque
1659 5488 1848 5546 iacen-

259 5593 430 5633 eussse
453 5580 714 5647 veritatis,
763 5597 885 5646 una,
935 5590 1097 5652 atque
1145 5591 1343 5638 interna
1391 5583 1846 5653 contemplamne

1943 3119 2219 3174 miseraris
2267 3122 2602 3193 participaui:
2651 3124 2906 3191 miseriae,
2952 3132 3014 3178 ut
3049 3132 3326 3179 remaneat
3379 3133 3526 3178 tran-

1942 3209 2107 3279 quilla
2141 3211 2359 3267 bonitas
2385 3214 2757 3278 subveniendi,
2803 3222 2857 3270 et
2901 3231 2932 3268 a
2979 3215 3198 3270 miseria
3237 3215 3522 3278 liberandi,

1943 3299 2249 3356 insinuatur
2292 3302 2679 3359 misericordia:
2709 3304 2902 3360 divina
2927 3305 3317 3377 qualiscunque
3343 3307 3526 3377 cogni-

1941 3390 2034 3445 tio.
2070 3390 2255 3447 Zelum
2286 3407 2502 3463 quoque
2538 3395 2629 3450 Dei
2680 3411 2788 3450 non
2829 3397 3195 3466 repudiemus,
3242 3407 3299 3452 et
3344 3414 3526 3468 asper-

1941 3495 2151 3546 nemur,
2184 3496 2306 3539 cum
2331 3485 2593 3555 scriptum
2625 3487 2951 3552 invenimus,
2997 3489 3096 3544 sed
3122 3488 3430 3544 auferamus
3461 3491 3529 3543 de

1941 3573 2178 3629 humano
2202 3575 2318 3630 zelo
2347 3575 2599 3646 pallidam
2646 3579 2825 3634 tabem
2871 3579 3096 3646 doloris,
3126 3589 3182 3634 et
3224 3581 3524 3635 morbidam

1941 3665 2401 3732 perturlationem
2430 3665 2620 3729 animi,
2651 3676 3037 3736 remaneatque
3083 3666 3212 3721 illud
3239 3667 3409 3720 solum
3437 3667 3524 3737 ju-

1943 3753 2167 3816 dicium,
2204 3768 2312 3822 quo
2361 3755 2636 3822 corruptio
2677 3756 2944 3810 castitatis
2981 3757 3244 3825 impunita
3271 3771 3525 3813 essenon

1943 3844 2160 3910 sinitur,
2191 3852 2246 3899 et
2287 3844 2651 3914 adsurgimus,
2700 3853 2759 3901 ut
2787 3846 3110 3915 incipiamus
3156 3845 3338 3916 aliquo
3365 3849 3527 3903 modo

1943 3949 2137 4004 capere
2180 3933 2354 3989 zelum
2399 3936 2514 3991 Dei.
2565 3935 2907 4008 Quapropter
2939 3953 3058 3992 cum
3107 3937 3335 4010 legimus
3361 3942 3527 3996 etiam

1944 4025 2112 4081 Deum
2139 4027 2405 4082 dicentem
2433 4029 2642 4098 poenitet
2676 4043 2798 4082 me:
2843 4029 3266 4098 consideremus,
3299 4033 3440 4100 quod
3470 4034 3526 4089 id

1943 4116 2114 4172 soleat
2141 4117 2194 4172 in
2223 4117 2531 4173 hominibus
2551 4133 2685 4188 opus
2722 4119 3042 4189 ptenitendi,
3071 4135 3192 4176 cum
3217 4122 3406 4192 procul
3436 4122 3530 4178 du-

1941 4211 2031 4267 bio
2064 4213 2336 4284 reperitur
2360 4213 2607 4269 voluntas
2635 4215 2904 4281 mutandi,
2931 4215 3026 4270 sed
3065 4215 3120 4270 in
3157 4213 3377 4270 homine
3402 4229 3526 4278 cum

1943 4303 2128 4361 dolore
2152 4304 2318 4358 animi
2350 4311 2464 4371 est;
2516 4306 2864 4374 reprehendit
2889 4307 3032 4361 enim
3063 4306 3118 4361 in
3162 4320 3242 4371 se,
3278 4306 3423 4377 quod
3449 4315 3526 4361 te-

1944 4416 2093 4456 mere
2121 4398 2330 4455 fecerit.
2379 4397 2700 4456 Auferamus
2729 4416 2860 4471 ergo
2906 4399 3010 4455 ista
3037 4415 3158 4471 quae
3191 4401 3258 4455 de
3289 4402 3526 4456 humana

1946 4490 2260 4544 inﬁrmitate
2322 4497 2484 4558 atque
2527 4489 2828 4559 ignorantia
2874 4489 3120 4554 veniunt,
3149 4497 3206 4544 et
3250 4498 3530 4544 remaneat

1945 4581 2117 4636 solum
2148 4579 2306 4645 vel-le,
2353 4587 2545 4633 utnon
2593 4580 2667 4632 ita
2710 4578 2781 4632 sit
2807 4578 3031 4648 aliquid,
3071 4579 3526 4649 quemadmodum

1943 4679 2082 4725 erat.
2117 4670 2208 4726 Sic
2235 4678 2414 4741 potest
2439 4669 2772 4738 aliquantum
2823 4668 3058 4723 intimari
3106 4669 3274 4724 menti
3303 4677 3524 4730 nostra,

1945 4779 2050 4832 qua
2083 4761 2267 4833 regula
2315 4759 2650 4830 intelligatur
2696 4759 2840 4831 quod
2884 4760 3092 4830 paenitet
3147 4758 3337 4813 Deum.
3387 4759 3522 4814 Cum

1944 4853 2089 4906 enim
2135 4854 2379 4920 poenitere
2426 4852 2645 4917 dicitur,
2677 4851 2789 4906 vult
2819 4866 2925 4906 non
2977 4865 3098 4906 esse
3141 4849 3342 4920 aliquid
3387 4851 3529 4903 sicut

1946 4941 2172 5008 fecerat,
2208 4951 2268 4996 ut
2308 4952 2476 5009 esset,
2528 4944 2623 4998 sed
2668 4950 2869 5006 tamen,
2914 4950 2978 4996 ut
3001 4958 3124 4997 cum
3162 4941 3233 4994 ita
3259 4949 3420 5006 esset,
3452 4940 3524 4994 ita

1946 5049 2066 5089 esse
2093 5033 2322 5089 debeat:
2355 5043 2408 5088 et
2435 5048 2556 5088 cum
2589 5033 2666 5087 ita
2698 5049 2818 5088 esse
2848 5033 2962 5103 jam
3005 5048 3113 5087 non
3157 5031 3378 5096 sinitur,
3409 5031 3524 5102 jam

1947 5141 2052 5180 non
2091 5124 2248 5180 debet
2273 5139 2394 5180 esse
2442 5124 2534 5189 ita,
2576 5134 2834 5196 perpetuo
2863 5123 3115 5195 quodam.
3148 5132 3202 5178 et
3237 5121 3525 5193 tranquillo

1945 5214 2454 5287 :equitatisjudicio,
2483 5232 2590 5285 quo
2630 5216 2770 5271 Deus
2797 5225 2990 5272 cuncta
3016 5215 3294 5270 mutabilia
3325 5217 3524 5272 incom‘

1953 5307 2197 5362 mutabili
2224 5305 2497 5362 voluntate
2521 5305 2776 5374 disponit.
2817 5306 2923 5362 Sed
2950 5307 3205 5375 quoniam
3232 5307 3522 5396 prtescien-

1952 5400 2103 5463 tiam,
2129 5406 2184 5451 ct
2215 5394 2497 5451 scientiam
2526 5409 2647 5448 cum
2679 5393 2835 5448 laude
2866 5396 3098 5451 solemus
3123 5396 3174 5449 in
3216 5393 3524 5451 hominibus

1952 5488 2242 5558 appellare,
2275 5484 2519 5552 iramque
2567 5483 2738 5552 ipsam
2785 5485 2918 5538 solet
2947 5486 3238 5542 humanum
3269 5502 3437 5558 genus
3467 5487 3521 5541 in

1953 5581 2158 5651 magnis
2206 5574 2564 5648 potestatibus
2613 5583 2866 5644 tremere,
2916 5581 3093 5648 potius
3129 5594 3291 5650 quam
3339 5596 3525 5652 repro-
