3976 6170
449 205 553 262 663

1502 210 1776 269 CLAUDII
1813 210 2273 268 TAURINENSIS
2308 210 2617 271 EPISCOPI

3578 219 3672 281 tibi

444 318 705 386 hendere,
732 326 1369 391 congruenterputamus
1391 320 1514 376 talia
1543 322 1650 378 dici
1667 323 1734 378 de
1761 323 1891 379 Deo.
1914 323 2015 391 Qui
2043 332 2094 391 Α
2119 328 2229 393 bat,
2261 335 2316 383 et
2343 336 2523 383 tamen
2567 328 2908 398 persequenti
2945 330 3258 387 adversario
3300 336 3483 387 mente
3506 346 3564 389 se
3586 335 3680 390 hu-

445 419 627 466 autem
653 408 812 475 uelat,
841 421 896 464 et
925 424 1087 479 quem
1128 409 1330 479 aliquid
1356 411 1603 481 paenitet,
1653 408 1909 482 quoniam
1933 412 2018 468 vel

445 500 650 571 culpari
676 499 835 566 solet,
857 499 942 555 vel
963 500 1019 554 in
1047 513 1107 554 se
1133 499 1346 571 culpam
1385 505 1679 572 corrigere,
1705 488 1869 573 atque
1896 504 2020 559 ideo

445 607 570 649 cum
592 591 1012 661 reprehensione
1033 591 1144 646 ista
1158 592 1224 647 de
1245 593 1552 649 hominibus
1575 593 1705 659 diei,
1731 601 2016 665 propterea

446 689 625 737 movet
665 696 786 735 cum
833 680 1063 752 legimus
1100 696 1223 761 esse
1251 682 1454 751 aliquid
1492 684 1546 737 in
1594 685 1706 739 Deo
1731 685 2012 754 ejusmodi.

444 772 549 827 Sed
568 771 657 826 illa
687 772 954 841 scriptura
982 773 1232 828 omnibus
1259 773 1565 839 consulens,
1584 783 1866 844 propterea
1896 789 2014 828 ma-

438 861 523 931 gis
544 871 597 918 et
622 864 723 918 ista
745 863 915 933 ponit,
950 878 1017 917 ne
1045 878 1165 933 quae
1189 863 1423 932 placent,
1453 863 1532 917 sic
1568 862 1933 932 intelligantur
1960 861 2013 915 in

438 954 571 1018 Deo,
597 955 866 1025 quomodo
906 954 1287 1009 consueverint
1328 954 1383 1007 iu
1428 954 1735 1008 hominibus
1764 951 2010 1022 intelligi.

439 1044 545 1099 Per
568 1046 683 1104 haec
706 1047 876 1111 enim,
903 1061 1022 1115 quae
1046 1045 1355 1114 displicent,
1383 1060 1506 1099 cum
1531 1059 1596 1098 ea
1628 1061 1735 1099 non
1756 1045 2014 1099 audemus

438 1135 519 1190 sic
561 1136 864 1206 intelligere
893 1136 948 1189 in
1001 1136 1132 1199 Deo,
1182 1143 1240 1189 ut
1292 1135 1643 1190 inveniuntur
1688 1136 1741 1189 in
1771 1134 2009 1199 homine,

438 1227 698 1281 discimus
725 1227 891 1281 etiam
940 1225 1029 1280 illa
1057 1227 1139 1280 sie
1168 1240 1430 1295 quaerere,
1478 1241 1607 1296 qua:
1625 1234 1751 1293 apta
1779 1239 1902 1279 esse
1926 1233 2012 1277 at-

436 1332 544 1387 que
573 1317 946 1375 convenientia
966 1318 1311 1385 putabamus.
1342 1316 1478 1371 Nam
1505 1316 1551 1371 si
1577 1324 1858 1387 propterea
1904 1329 2010 1369 non

437 1416 517 1462 est
543 1406 672 1461 illud
692 1407 758 1462 de
786 1407 900 1461 Deo
921 1407 1231 1470 dicendum,
1258 1408 1382 1476 quia
1410 1409 1462 1460 in
1493 1406 1711 1461 homine
1743 1405 2008 1476 displicet,

435 1512 543 1552 non
572 1498 814 1553 dicamus
837 1499 1331 1553 incommutabilem
1365 1498 1555 1564 Deum,
1579 1499 1703 1568 quia
1731 1499 1797 1552 de
1839 1498 2014 1553 homi-

435 1590 595 1644 nibus
633 1606 757 1646 cum
779 1591 1195 1659 reprehensione
1216 1590 1415 1646 dictum
1439 1598 1522 1645 est
1547 1608 1559 1643 :
1590 1587 1762 1661 (Psal.
1787 1606 1902 1655 LIII,
1920 1587 2008 1660 ΞΟ)

2117 417 2230 471 mili
2255 418 2652 485 substernebat,
2684 419 2768 474 cui
2796 419 2976 474 divino
3014 420 3220 491 judicio
3246 420 3529 490 praelatum
3568 437 3680 481 esse

2118 521 2177 561 se
2204 515 2446 561 noverat.
2474 508 2553 562 illi
2576 508 2756 578 itaque
2779 523 2837 563 se
2866 509 3144 563 humiliter
3176 512 3554 579 postponebat,
3581 529 3681 584 quo

2115 614 2214 669 per
2248 599 2526 654 electionis
2574 602 2804 671 gratiam
2849 602 3340 672 incomparabiliter
3381 607 3687 662 noveratse

2116 703 2234 744 esse
2255 688 2552 744 meliorem.
2576 711 2596 743 ›

2187 778 2336 853 (Cap.
2366 781 2479 852 xv.)
2504 782 2795 852 lncrepans
2818 782 3034 837 Samuel
3075 780 3228 848 Saul,
3257 799 3357 838 cur
3382 800 3490 838 non
3513 787 3688 842 audis-

2114 882 2197 926 set
2223 887 2409 928 voeem
2456 873 2685 938 Domini,
2719 876 2812 928 sed
2859 888 3046 928 versus
3085 874 3157 927 ad.
3194 875 3432 942 praedam
3476 876 3689 932 fecisset

2113 962 2312 1016 malum
2344 963 2397 1016 in
2419 963 2586 1017 oculis
2608 964 2818 1017 Domini
2841 963 3133 1032 parcendo,
3156 970 3212 1017 et
3236 979 3341 1017 non
3360 965 3688 1021 interﬁciens

2111 1042 2180 1109 ao
2216 1053 2494 1117 Amalech,
2545 1055 2621 1109 ait
2664 1053 2920 1108 Samuel:
2978 1055 3049 1124 (υ.
3088 1053 3181 1117 es,
3212 1063 3260 1107 et
3289 1053 3381 1125 es)
3428 1054 3685 1125 Nunquid

2112 1143 2221 1197 vult
2258 1144 2512 1198 Dominus
2547 1145 2870 1209 holocausta,
2903 1154 2994 1197 aut
3012 1145 3274 1209 uictimas,
3308 1151 3357 1197 et
3393 1161 3499 1198 non
3517 1146 3685 1215 potius

2112 1245 2168 1289 ut
2196 1236 2469 1289 obediatur
2495 1235 2608 1287 voci
2648 1232 2904 1287 Domini?
2942 1233 3131 1288 Melior
3173 1242 3251 1289 est
3279 1236 3417 1288 enim
3443 1235 3684 1289 obedien-

2112 1326 2205 1388 tia,
2234 1341 2391 1395 quam
2420 1324 2661 1386 uictiinw,
2690 1333 2737 1377 et
2777 1321 3073 1377 auscultare
3102 1326 3289 1394 magis,
3312 1340 3472 1395 quam
3502 1326 3685 1393 oﬂ'erre

2111 1414 2317 1483 adipem
2361 1414 2605 1468 arietum.
2641 1413 2904 1479 Quoniam
2946 1415 3098 1484 quasi
3125 1424 3393 1484 peccatum
3422 1414 3683 1469 ariolaiidi

2110 1513 2183 1559 est
2210 1520 2517 1574 repugnare,
2541 1514 2589 1558 et
2609 1503 2761 1575 quasi
2781 1502 2950 1557 scelus
2971 1502 3287 1556 idololatrias
3310 1502 3448 1556 nolle
3467 1504 3681 1572 adquie-

2109 1615 2267 1651 scere.
2303 1596 2410 1651 Pro
2434 1613 2494 1651 eo
2518 1613 2639 1665 ergo
2674 1597 2815 1667 quod
2856 1593 3095 1665 abjecisti
3120 1609 3409 1648 sermonem
3454 1593 3680 1658 Domini,

436 1678 562 1733 Non
597 1682 733 1733 enim
770 1689 842 1734 est
874 1679 979 1734 illis
1024 1683 1378 1735 commutatio.
1428 1681 1560 1735 Item
1591 1689 1717 1736 sunt
1741 1683 2007 1752 quaedam,
2039 1682 2087 1739 B
2111 1688 2299 1758 abjecit
2341 1698 2390 1742 te
2417 1687 2692 1751 Dominus,
2724 1703 2789 1741 ne
2824 1686 2896 1740 sis
2945 1700 3057 1741 rex.
3086 1696 3109 1725 ο
3143 1703 3162 1735 i
3191 1683 3509 1739 Obedientia
3535 1683 3686 1738 victi‘

433 1784 553 1837 qua:
576 1768 628 1822 in
667 1769 885 1824 homine
914 1770 1204 1825 laudabilia
1231 1780 1392 1826 sunt:
1428 1772 1484 1826 in
1524 1773 1634 1829 Deo
1663 1781 1842 1827 autem
1888 1786 2009 1827 esse

432 1876 539 1915 lion
566 1868 792 1930 possunt
827 1878 840 1913 :
873 1861 1015 1916 sicut
1036 1861 1209 1931 pudor
1236 1873 1263 1901 α
1289 1863 1506 1931 quidem
1544 1871 1763 1917 aetatum
1788 1862 2010 1916 viridio-

432 1965 554 2004 rum
600 1965 849 2020 maguum
894 1958 980 2005 est
1014 1960 1389 2005 ornamentum
1416 1991 1432 2016 ,
1482 1952 1621 2007 sicut
1673 1953 1834 2007 timor
1871 1951 2002 2004 Dei:

431 2056 539 2097 non
563 2041 706 2097 enim
740 2049 945 2097 tantum
996 2041 1051 2096 in
1100 2042 1374 2097 veteribus
1419 2042 1570 2097 libris
1618 2041 1885 2107 laudatur,
1913 2041 2007 2095 sed

432 2131 721 2200 Apostolus
742 2132 905 2186 etiam
926 2132 1058 2186 dicit
1083 2150 1096 2186 :
1127 2131 1174 2202 (I
1198 2130 1320 2186 Cor.
1344 2147 1442 2197 ηπ,
1467 2132 1519 2203 1)
1541 2132 1861 2202 perﬁcientes
1886 2149 2008 2185 san-

432 2223 798 2291 ctiﬁcationem
825 2225 880 2279 in
899 2225 1083 2278 timore
1111 2225 1232 2291 Dei,
1264 2225 1354 2295 qui
1380 2226 1565 2295 utique
1607 2225 1786 2281 nullus
1812 2226 1865 2279 in
1898 2226 2007 2281 Deo

430 2322 531 2368 est.
549 2313 703 2370 Sicut
719 2328 850 2381 ergo
864 2313 1152 2369 laudabilia
1170 2317 1449 2370 hominum
1473 2325 1620 2371 recte
1636 2316 2007 2386 intelliguntur

430 2403 486 2456 iii
511 2402 640 2468 Deo,
663 2418 769 2457 non
786 2405 812 2443 δ
837 2405 973 2459 utin
1000 2406 1326 2471 hominibus,
1350 2406 1444 2460 sed
1472 2405 1747 2460 vocabulis
1772 2414 2007 2459 tantum-

431 2494 592 2549 modo
620 2495 993 2549 communibus
1017 2492 1300 2565 longe'alia
1326 2498 1553 2561 ratione,
1579 2505 1637 2552 et
1664 2498 1842 2553 modo.
1869 2497 2002 2551 Nam

428 2583 590 2653 paulo
618 2593 740 2654 post
767 2585 908 2641 idem
944 2585 1182 2653 Samuel,
1205 2588 1291 2642 cui
1321 2589 1532 2643 dixerat
1560 2589 1854 2644 Dominus:
1902 2607 2005 2659 po:-

427 2678 552 2731 iiitet
586 2694 689 2744 me,
729 2678 868 2749 quod
909 2680 1263 2734 constituerim
1309 2697 1478 2751 regem
1518 2680 1667 2745 Saul,
1708 2683 1823 2751 ipsi'
1853 2681 2002 2736 Sauli

426 2766 503 2819 ait
532 2767 599 2821 de
624 2768 736 2822 Deo
779 2766 831 2839 (I
860 2767 988 2838 Reg.
1030 2784 1117 2832 xv,
1151 2769 1281 2840 29):
1330 2771 1577 2840 quoniam
1626 2788 1728 2825 non
1769 2782 1844 2826 est
1870 2774 2005 2827 sicut

428 2858 602 2923 homo,
638 2868 693 2912 ut
728 2861 970 2930 poeniteat
999 2877 1134 2914 eum.
1173 2861 1273 2916 Ubi
1318 2862 1568 2917 videlicet
1604 2864 1735 2917 satis
1772 2865 2006 2919 ostendit

426 2949 610 3013 etiam,
658 2965 780 3006 cum
826 2952 959 3005 dicit
1007 2951 1167 3018 Deus,
1207 2953 1432 3022 poenitet
1477 2969 1585 3019 me,
1631 2970 1738 3009 non
1767 2957 2005 3010 humano

423 3057 579 3098 more
593 3043 961 3113 accipiendum
983 3059 1123 3110 esse,
1145 3044 1284 3100 sicut
1297 3046 1410 3115 jam
1430 3054 1689 3116 quantum
1716 3048 2002 3115 valuimus,
2019 3021 2075 3083 Ὁ

428 3131 843 3203 disputavimus.
866 3154 886 3187 ι

495 3222 591 3286 (ν.
624 3225 687 3279 18
707 3263 725 3291 ,
753 3227 885 3297 etc.)
926 3227 1144 3284 Veniens
1173 3239 1347 3284 autem
1387 3230 1602 3286 Samuel
1633 3234 1703 3286 ad
1742 3232 1896 3298 Saul,
1929 3237 2005 3290 ait

426 3313 497 3366 ad
525 3312 679 3369 Saul.
711 3314 835 3371 Sine
861 3333 942 3373 me
967 3329 1015 3371 et
1056 3319 1297 3375 indicabo
1331 3321 1423 3374 tibi
1447 3337 1563 3392 quia
1586 3321 1788 3377 locutus
1806 3324 1875 3377 sit
1902 3323 2006 3378 Do-

426 3405 600 3460 minus
632 3407 703 3461 ad
736 3424 817 3462 me
844 3416 1011 3483 nocte,
1055 3410 1290 3484 dixitque
1318 3414 1406 3466 ei:
1433 3413 1658 3484 loquere.
1692 3414 1760 3468 Et
1796 3416 1869 3469 ait
1901 3415 2004 3471 Sa-

423 3494 565 3549 muel
586 3508 606 3549 .'
640 3495 824 3554 Nonne
859 3515 975 3556 cum
996 3501 1244 3571 parvulus
1265 3519 1401 3557 esses
1423 3505 1480 3557 in
1503 3504 1669 3558 oculis
1693 3506 1821 3571 tuis,
1847 3515 2003 3576 caput

423 3588 478 3641 in
504 3587 738 3644 tribubus
782 3588 951 3645 Israel
992 3591 1164 3660 factus
1190 3608 1244 3647 es
1266 3594 1292 3646 ?
1329 3604 1351 3632 ο
1381 3612 1401 3644 ‹
1447 3593 1709 3648 Parvulos
1737 3594 1789 3648 in
1831 3596 2004 3650 oculis

423 3678 538 3735 suis
569 3688 675 3745 est,
702 3682 791 3750 qui
822 3681 879 3736 in
906 3696 972 3737 eo
992 3684 1135 3752 quod
1158 3684 1509 3753 semetipsum
1545 3684 1874 3751 considerat,
1901 3687 2004 3740 ial-

422 3785 612 3838 parem
642 3786 703 3826 se
736 3772 930 3829 alienis
972 3775 1183 3829 meritis
1223 3783 1438 3845 pensat.
1492 3776 1625 3831 Nam
1653 3778 1809 3846 quasi
1835 3792 2001 3848 gran-

423 3862 545 3916 dem
586 3877 645 3918 se
687 3865 969 3933 conspicit,
1013 3866 1257 3935 quisquis
1288 3880 1346 3920 se
1384 3881 1550 3937 super
1592 3867 1768 3922 aliena
1810 3870 2000 3924 merita

421 3952 655 4010 elatione
676 3956 1016 4026 cogitationis
1042 3958 1303 4012 extendit.
1336 3956 1466 4012 Saul
1496 3967 1677 4012 autem
1716 3959 1998 4029 reprobus,

421 4044 477 4098 in
517 4045 681 4113 bono,
720 4048 865 4116 quod
902 4056 1166 4117 coeperat,
1211 4063 1318 4102 non
1354 4049 1674 4117 permansit,
1705 4050 1830 4119 quia
1862 4050 2000 4105 fastu

421 4145 684 4205 suscepta;
706 4139 991 4221 potestatis
1021 4139 1311 4193 intumuit:
1336 4148 1393 4193 at
1417 4146 1604 4195 contra
1645 4141 1814 4196 David
1858 4156 2000 4195 sem-

419 4244 519 4299 per
563 4230 631 4284 de
682 4244 742 4285 se
794 4231 1018 4285 humilia
1065 4232 1324 4296 sentiens,
1373 4231 1722 4303 ejusdemque
1776 4233 1905 4289 Saul
1940 4249 2000 4289 se

421 4318 823 4419 comparatione
843 4327 1189 4423 postponens,
1235 4331 1520 4391 postquam
1561 4322 1785 4378 feriendi
1816 4323 1991 4378 locum
2018 4363 2071 4423 D

346 4422 351 4427 ·
420 4407 645 4477 reperit,
674 4415 730 4462 et
772 4410 1014 4478 pepercit
1060 4410 1232 4467 eidem
1277 4413 1517 4468 saevienti
1566 4415 1901 4479 adversario,
1936 4424 1992 4470 et

418 4497 611 4552 humili
663 4512 723 4553 se
770 4498 1105 4569 professione
1160 4504 1451 4572 prostravit
1498 4502 1724 4559 dicens:
1778 4503 1831 4574 (Ι
1858 4502 1989 4575 Reg.

418 4604 569 4655 xxrv,
597 4589 685 4662 15)
729 4589 892 4657 Quem
924 4594 1263 4664 persequeris,
1305 4610 1397 4648 rex
1434 4593 1626 4661 Israel,
1653 4612 1804 4666 quem
1823 4610 1992 4665 perse-

417 4682 591 4750 queris
613 4682 639 4735 ?
661 4680 857 4736 Canem
899 4693 1161 4739 mortuum
1190 4693 1240 4738 et
1278 4683 1500 4752 pulicem
1526 4700 1709 4737 unum.
1754 4684 1821 4737 Et
1845 4691 1994 4739 certe

415 4770 530 4841 jam
553 4779 746 4828 unctus
776 4772 830 4825 in
856 4787 1040 4842 regem
1083 4772 1280 4839 fuerat,
1326 4771 1381 4843 (Ι
1409 4771 1535 4842 Reg.
1563 4787 1674 4837 xvi,
1706 4772 1755 4835 1,
1790 4772 1989 4837 12,15,

418 4861 548 4933 etc.)
570 4861 682 4930 jam
709 4871 969 4919 exorante
995 4863 1266 4929 Samuele,
1291 4870 1346 4918 et
1367 4877 1535 4918 cornu
1565 4878 1727 4932 super
1750 4878 1808 4919 se
1831 4862 1859 4902 ἀ
1888 4864 1995 4919 olei

420 4955 673 5009 fundente
716 4953 998 5020 didicerat,
1044 4955 1188 5024 quod
1225 4967 1346 5009 eum
1394 4954 1571 5010 divina
1617 4956 1811 5024 gratia,
1868 4954 1996 5010 Saul

420 5050 726 5119 reprobate,
766 5048 833 5104 ad
862 5050 1011 5120 regni
1048 5050 1408 5121 gubernacula
1454 5052 1773 5122 possidenda
1812 5066 1997 5107 serva-

491 5255 761 5329 fEditus:
791 5257 928 5327 quod
956 5269 1167 5312 (elatum
1195 5270 1353 5329 {per
1371 5272 1610 5329 errorem
1630 5265 1704 5329 _ut
1740 5265 1884 5329 puto.

490 5326 520 5367 ιι
559 5328 684 5382 Hice
726 5328 890 5384 habet
925 5329 1103 5383 editus
1145 5343 1173 5381 a
1214 5326 1462 5382 Patribus
1492 5326 1548 5381 S.
1594 5327 1762 5381 Mauri
1793 5328 1942 5382 locus
1973 5344 1987 5380 :

421 5411 526 5468 non
550 5407 690 5468 recte
718 5396 1082 5468 intelliguntur
1102 5400 1156 5452 in
1179 5399 1308 5462 Deo,
1330 5398 1406 5452 sic
1434 5397 1674 5467 qua'dam
1707 5396 1991 5467 culpabilia

418 5464 689 5535 hominum
710 5464 1070 5535 iiitélliquntur
1097 5470 1151 5522 in
1182 5469 1314 5531 Deo,
1349 5464 1455 5521 non
1489 5468 1580 5522 ita.

493 5545 515 5571 ε
544 5533 674 5608 Qua;
698 5533 995 5608 sequuntur
1015 5548 1197 5593 notata
1236 5535 1450 5608 virgulis
1473 5538 1738 5608 exscripta
1779 5546 1901 5591 sunt
1925 5550 1989 5593 ex

493 5551 515 5571 ιτ
544 5551 672 5600 una:
698 5551 995 5658 sequuntur
1015 5551 1197 5593 notata
1236 5551 1450 5608 virgulis
1473 5551 1738 5608 exscripta
1779 5553 1798 5591 ε

421 5616 538 5675 cap.
563 5605 634 5658 ‘22
656 5603 733 5676 [n.
796 5604 876 5675 2.)
899 5606 1201 5679 librixxxlv
1228 5608 1284 5663 S.
1322 5607 1566 5678 Gregorii
1604 5608 1657 5662 in
1680 5607 1798 5663 Job.

2110 1785 2214 1839 mis
2236 1785 2357 1855 jure
2380 1783 2734 1855 prmponitur,
2765 1782 2894 1852 quia
2921 1796 3019 1852 per
3061 1780 3311 1834 victimas
3337 1778 3513 1832 aliena
3537 1792 3678 1840 caro,

2108 1894 2204 1947 per
2245 1876 2605 1931 obedientiam
2650 1890 2781 1930 vero
2827 1873 3080 1929 voluntas
3124 1871 3342 1942 propria
3392 1877 3675 1925 mactatur.

2109 1969 2280 2023 Tanto
2332 1968 2495 2037 igitur
2540 1968 2767 2039 quisque
2816 1966 2986 2021 Deum
3033 1964 3196 2018 citius
3239 1962 3437 2033 placat,
3485 1969 3680 2031 quanto

2090 2064 2231 2111 'aute
2259 2054 2375 2123 ejus
2403 2056 2585 2110 oculos
2611 2069 2857 2125 repressa
2895 2053 3104 2108 arbitrii
3134 2053 3215 2107 sui
3260 2052 3513 2119 superbia
3564 2050 3675 2120 gla-

2107 2146 2194 2200 dio
2219 2146 2473 2216 praecepti
2505 2160 2563 2200 se
2590 2144 2832 2199 immolat
2858 2162 2871 2197 :
2915 2157 3024 2213 quo
3050 2151 3242 2198 contra
3271 2142 3535 2197 ariolandi
3560 2157 3679 2211 pec-

2107 2244 2289 2291 catum
2311 2234 2675 2290 inobcdientia
2701 2234 2924 2298 dicitur,
2948 2240 3009 2287 ut
3036 2241 3238 2303 quanta
3271 2232 3342 2285 sit
3364 2232 3541 2285 virtus
3561 2231 3679 2286 obe-

2107 2327 2320 2381 dientiaa
2346 2327 2764 2381 demonstretur.
2792 2325 2871 2380 Ex
2895 2327 3120 2381 adverso
3144 2339 3276 2395 ergo
3297 2323 3493 2378 melius
3510 2332 3679 2378 osten-

2107 2418 2272 2483 ditur,
2310 2417 2441 2487 quid
2468 2417 2533 2471 de
2576 2417 2693 2486 ejus
2736 2416 2894 2470 laude
2928 2418 3210 2471 sentiatur.
3265 2414 3322 2468 Si
3362 2413 3506 2468 enim
3530 2415 3676 2483 quasi

2105 2518 2372 2579 peccatum
2426 2508 2691 2564 ariolandi
2738 2518 2814 2562 est
2856 2523 3165 2578 repugnare,
3211 2515 3260 2560 et
3314 2507 3466 2575 quasi
3512 2504 3676 2560 scelus

2107 2600 2420 2657 idololatria:
2445 2601 2583 2654 nolle
2612 2600 2962 2670 adquiescere,
3002 2598 3116 2654 sola
3141 2606 3244 2664 est,
3278 2612 3400 2667 qua:
3423 2597 3543 2651 ﬁdei
3570 2612 3674 2651 me-

2106 2693 2268 2747 ritum
2307 2692 2565 2763 possidet,
2594 2692 2711 2746 sine
2742 2707 2850 2761 qua
2875 2691 3102 2761 quisque
3143 2689 3374 2745 inﬁdelis
3404 2704 3522 2744 esse
3544 2705 3672 2744 con-
3697 2726 3704 2734 .

2105 2783 2357 2847 vincitur,
2388 2782 2598 2837 etiamsi
2627 2781 2798 2836 ﬁdelis
2838 2795 2958 2837 esse
2983 2781 3268 2845 videatur;
3294 2780 3424 2834 hinc
3442 2794 3543 2849 per
3580 2778 3673 2833 Sa-

2107 2874 2375 2929 lomonem
2417 2873 2471 2927 in
2499 2873 2808 2927 ostensione
2855 2870 3176 2927 Obedientia:
3221 2869 3460 2924 dicitur:
3496 2868 3669 2939 (Prov.

2107 2982 2219 3030 XXI,
2251 2964 2342 3037 28)
2400 2964 2491 3018 Vir
2520 2965 2760 3019 obediens
2798 2963 3030 3035 loquitur
3056 2962 3297 3016 victorias
3316 2976 3335 3013 :
3363 2961 3452 3015 vir
3484 2961 3674 3031 quippe

2105 3055 2362 3111 obediens
2401 3054 2656 3108 victorias
2701 3052 2958 3121 loquitur,
2999 3050 3126 3121 quia
3156 3051 3284 3104 dum
3329 3049 3523 3104 alienis
3562 3047 3671 3102 voci

2103 3145 2380 3201 humiliter
2406 3144 2709 3209 subdimur,
2754 3141 3117 3210 nosmetipsos
3158 3140 3211 3193 in
3261 3139 3427 3194 corde
3457 3154 3673 3208 supera-

2104 3252 2259 3301 mus;
2288 3236 2414 3290 hinc
2434 3235 2488 3290 in
2515 3232 2807 3304 Evangelia
2850 3232 3053 3287 veritas
3077 3230 3207 3284 dicit
3240 3247 3253 3283 :
3286 3227 3397 3299 (1ο.
3430 3244 3505 3289 vi,
3534 3229 3599 3282 37
3627 3236 3674 3280 et

2102 3325 2192 3397 58)
2226 3325 2382 3390 Eum,
2412 3325 2503 3394 qui
2523 3325 2655 3379 venit
2675 3324 2743 3378 ad
2772 3340 2872 3388 me,
2898 3339 3004 3377 non
3028 3320 3236 3391 ejieiam
3260 3320 3427 3389 foras,
3460 3319 3585 3389 quia
3613 3317 3673 3370 de

2102 3415 2226 3471 celo
2247 3416 2509 3479 descendi,
2555 3432 2658 3469 non
2684 3422 2741 3467 ut
2781 3414 2977 3483 faciam
3018 3410 3329 3465 voluntatem
3358 3425 3550 3473 meam,
3588 3408 3671 3461 sed

2101 3502 2414 3558 voluntatem
2443 3503 2558 3573 ejus
2602 3504 2691 3573 qui
2729 3500 2868 3555 misit
2910 3516 3010 3554 ine.
3054 3496 3194 3564 Quid
3229 3495 3418 3550 enim?
3446 3495 3495 3549 si
3525 3510 3671 3550 suam

2101 3595 2322 3661 faceret,
2350 3610 2464 3661 eos,
2495 3594 2588 3664 qui
2618 3594 2686 3648 ad
2732 3607 2857 3648 eum
2889 3591 3132 3653 veniunt,
3183 3587 3513 3656 repulisset?
3548 3586 3674 3653 Quis

2101 3696 2284 3744 autem
2303 3688 2532 3752 nesciat,
2562 3685 2706 3756 quod
2724 3685 2977 3739 voluntas
3005 3682 3098 3738 lilii
3127 3697 3158 3735 a
3198 3680 3375 3750 patris
3400 3680 3672 3736 voluntate

2100 3796 2210 3835 non
2252 3778 2564 3848 discrepet?
2612 3774 2719 3830 Sed
2762 3775 3015 3845 quoniam
3063 3772 3271 3841 primus
3315 3770 3504 3832 homo,
3552 3769 3670 3838 quia

2101 3887 2252 3927 suam
2303 3869 2484 3925 facere
2525 3868 2857 3923 voluntatem
2887 3864 3075 3930 voluit,
3119 3878 3150 3917 a
3193 3860 3433 3931 paradisi
3483 3859 3673 3931 gaudio

2099 3963 2251 4028 exiit,
2288 3958 2557 4015 secundus
2579 3958 2647 4012 ad
2672 3956 3095 4026 redemptionem
3122 3950 3403 4006 hominum
3430 3950 3667 4010 veniens,
3720 3985 3735 3995 .

2099 4055 2225 4108 dum
2252 4052 2585 4105 voluntatem
2613 4064 2671 4104 se
2704 4048 2896 4118 patris,
2934 4055 2990 4101 et
3035 4060 3143 4099 non
3182 4058 3358 4105 suam,
3389 4041 3570 4096 facere
3591 4056 3670 4095 os-

2103 4144 2289 4208 tendit,
2319 4154 2641 4211 permanere
2674 4155 2776 4194 nos
2813 4138 2959 4192 intus
2981 4136 3180 4191 docuit.
3212 4133 3349 4188 Cum
3378 4132 3544 4203 igitur
3567 4147 3666 4187 non

2098 4251 2274 4299 suam,
2326 4233 2422 4288 sed
2451 4231 2622 4303 patris
2645 4230 2979 4286 voluntatem
3025 4226 3173 4292 facit,
3212 4240 3331 4291 eos,
3379 4225 3474 4293 qui
3502 4225 3569 4279 ad
3609 4238 3664 4278 se

2096 4326 2339 4389 veniunt,
2366 4322 2514 4379 foras
2539 4336 2644 4377 non
2664 4319 2834 4388 ejicit,
2856 4318 2983 4388 quia
3008 4318 3133 4373 dum
3152 4313 3399 4383 exemplo
3418 4329 3529 4368 sure
3554 4312 3666 4367 obe-

2096 4415 2313 4472 dientiae
2338 4429 2437 4469 nos
2457 4412 2695 4480 subiicit,
2710 4411 2854 4465 viam
2877 4409 3036 4464 nobis
3053 4406 3382 4477 egressionis
3402 4404 3617 4459 claudit.
3641 4422 3658 4454 ι

2168 4507 2262 4575 (γ.
2278 4504 2394 4578 27.)
2418 4503 2708 4559 Conversus
2724 4512 2799 4556 est
2813 4510 2986 4555 autent
3002 4496 3214 4554 Samuel
3227 4506 3283 4549 ut
3305 4496 3472 4549 abiret
3498 4510 3516 4549 :
3541 4493 3664 4547 Saul

2096 4608 2269 4653 autem
2292 4594 2628 4667 apprehendit
2644 4594 2997 4649 summitatem
3008 4589 3158 4661 pallii
3166 4590 3304 4660 ejus,
3315 4605 3436 4657 qua:
3444 4598 3494 4641 et
3508 4589 3663 4644 scissa

2096 4697 2191 4743 est.
2219 4686 2287 4740 Et
2316 4686 2390 4739 ait
2420 4684 2489 4739 ad
2513 4700 2632 4739 eum
2668 4681 2883 4739 Samuel
2915 4695 2933 4733 :
2964 4680 3116 4735 scidit
3154 4678 3414 4733 Dominus
3454 4691 3661 4746 regnum

2098 4777 2270 4834 Israel
2313 4794 2347 4831 a
2383 4786 2433 4831 te
2464 4776 2636 4840 hodie,
2679 4786 2728 4829 et
2763 4773 2982 4827 tradidit
3009 4771 3139 4825 illud
3177 4770 3416 4840 proximo
3452 4777 3542 4822 tuo
3572 4782 3664 4819 nie-

2101 4867 2223 4923 liori
2244 4877 2315 4921 te.
2345 4865 2732 4936 Compellimur
2751 4861 2910 4932 juxta
2938 4860 3290 4930 Septuaginta
3316 4859 3661 4926 interpretum

2105 4957 2539 5021 translationem,
2572 4956 2713 5009 hanc
2740 4966 2943 5024 ponere
2972 4949 3317 5011 sententiam,
3348 4948 3474 5017 quia
3505 4944 3664 5001 multo

2104 5048 2333 5119 amplius
2378 5048 2543 5102 habet
2590 5045 2699 5101 illic
2729 5063 2743 5101 :
2784 5043 2801 5082 ί
2832 5042 2907 5097 ita
2934 5042 3082 5096 enim
3111 5040 3219 5095 illic
3246 5039 3511 5107 scriptum
3542 5042 3658 5090 est:

2167 5254 2193 5295 ἆ
2215 5254 2354 5295 Fdili
2384 5273 2397 5286 ο

2174 5254 2193 5295 ἆ
2299 5256 2309 5268 .
2342 5256 2352 5267 .
2384 5273 2397 5286 ,

2174 5254 2354 5381 (⁸ῗίῑέἑὲ
2660 5323 2987 5379 innumeris
3022 5321 3115 5386 98,
3156 5328 3209 5374 et
3248 5319 3318 5375 29
3359 5317 3484 5373 libri
3528 5327 3661 5370 xxxv

2100 5396 2545 5521 Merliligni‘ursus
2576 5464 2899 5521 exscribitur
2924 5460 3272 5533 Augustinus,
3318 5474 3438 5529 cap.
3472 5457 3503 5510 ’ῖ
3545 5451 3660 5509 liin

2098 5552 2205 5592 xvn
2233 5537 2297 5590 de
2324 5533 2559 5589 Civitate.
