3976 6170
302 249 406 313 δῶ

303 397 326 432 ο
363 373 491 431 Non
506 381 738 430 remur
770 379 962 436 meum,
977 371 1101 443 quia
1127 371 1370 442 sprevisti
1394 369 1603 426 verbum
1624 365 1837 423 Domini
1857 381 1876 417 :
1904 365 1954 426 A
1981 366 2135 445 cujus
2158 367 2300 425 ﬁlius
2341 379 2465 426 erat
2502 370 2776 429 Salomon.
2817 372 3099 431 Postremo
3118 389 3281 438 nunc
3322 371 3468 433 Inter
3500 396 3560 435 se

297 472 574 537 “spernet
602 472 652 516 te
675 460 956 527 Dominus,
1005 477 1068 517 ne
1106 460 1308 525 δίελθε
1357 475 1515 529 super
1561 454 1752 512 Israel.
1805 454 1877 507 Et
1976 471 2109 526 gens
2136 457 2364 527 Hebrzra
2410 462 2582 518 divisa
2621 456 2736 519 non
2782 472 2899 533 est,
2949 466 3045 521 sed
3094 466 3464 525 indill‘erenter
3505 471 3558 526 in

294 556 543 616 commit
592 552 806 609 Samuel
854 552 1045 622 faciem
1080 568 1233 606 suam
1277 560 1334 605 ut
1372 551 1539 604 abiret
1566 561 1585 600 :
1618 558 1666 602 et
1710 545 1874 601 tenuit
1975 548 2215 618 ejusdem
2253 554 2459 608 erroris
2482 556 2741 611 societate
2771 557 3012 629 dispersa
3048 572 3147 629 per
3182 567 3377 614 terras.
3408 561 3559 619 Divi-

1187 247 1655 339 nonasnonas
1692 245 1846 306 xxx
1884 245 2111 306 sursn
2148 248 2396 312 uanos
2432 254 2698 317 πρωί.
3454 265 3560 343 es;

291 646 432 705 Saul
457 646 673 717 pinnam
700 643 948 714 diploidis
985 644 1123 714 ejus,
1165 652 1217 697 et
1252 643 1451 711 dirupit
1477 658 1613 695 eam.
1639 639 1709 693 Et
1738 639 1874 693 dixit

289 739 362 794 ad
384 753 507 793 eum
531 734 772 791 Samuel.
800 735 1069 805 Dirumpet
1091 734 1348 791 Dominus
1371 748 1585 802 regnum
1608 730 1671 785 ab
1701 728 1874 784 Israel

289 830 354 885 de
377 845 542 883 manu
564 837 657 881 tua
684 825 857 890 hodie,
893 835 941 880 et
972 825 1117 878 dabit
1156 825 1395 895 proximo
1436 831 1525 887 tuo
1556 822 1687 876 bono
1716 836 1873 891 super

286 931 356 976 te.
385 920 458 975 Et
478 919 745 974 dividetur
768 916 940 972 Israel
960 919 1013 972 in
1040 917 1149 970 duo
1178 930 1197 967 :
1220 926 1268 970 et
1285 932 1389 970 non
1408 924 1753 979 conrertetur,
1777 930 1867 969 ne-

286 1008 672 1081 quepoenitebit
713 1023 854 1073 eum,
901 1008 1152 1078 quoniam
1188 1023 1291 1063 non
1317 1014 1392 1060 est
1433 1006 1568 1060 sicut
1600 1005 1776 1069 homo,
1812 1013 1867 1058 ut

285 1102 532 1173 paniteat
569 1116 709 1154 eum.
743 1098 864 1169 Ipse
904 1099 1159 1164 minatur,
1194 1107 1243 1152 et
1271 1115 1374 1153 non
1410 1104 1700 1167 permanet.
1738 1096 1865 1161 Iste,

286 1192 377 1247 cui
413 1191 654 1246 dicitur:
691 1197 893 1260 spernet
950 1197 999 1242 te
1046 1188 1307 1242 Dominus
1350 1204 1413 1242 ne
1452 1188 1525 1241 sis
1578 1203 1670 1240 rex
1713 1202 1870 1256 super

278 1278 493 1344 Israel;
538 1286 595 1334 et
616 1278 885 1346 dirumpet
935 1277 1198 1335 Dominus
1246 1292 1473 1347 regnum
1498 1276 1565 1329 ab
1588 1273 1751 1329 Israel
1800 1274 1867 1328 de

280 1383 450 1425 manu
470 1376 562 1423 tua
590 1367 774 1432 hodie,
801 1366 1165 1437 quadraginta
1201 1366 1451 1437 regnavit
1487 1380 1658 1419 annos
1700 1379 1866 1443 super

278 1462 470 1527 Israel,
503 1469 655 1516 tanto
682 1461 887 1516 scilicet
917 1460 1093 1529 spatio
1123 1461 1404 1529 temporis,
1434 1467 1637 1532 quanto
1669 1465 1725 1511 et
1750 1458 1864 1527 ipse

280 1551 476 1606 David.
506 1550 575 1604 Et
612 1550 818 1605 audivit
845 1549 947 1603 hoc
974 1549 1152 1618 primo
1197 1556 1440 1618 tempore
1472 1548 1620 1617 regni
1651 1547 1753 1609 sui,
1804 1554 1863 1599 ut

276 1639 645 1709 intelligamus
683 1640 817 1701 ideo
836 1638 1065 1705 dictum,
1095 1640 1223 1708 quia
1251 1640 1432 1693 nullus
1461 1639 1527 1693 de
1548 1640 1718 1707 stirpe
1745 1636 1863 1705 ejus

1970 639 2053 701 sio
2076 657 2206 696 vero
2255 642 2376 709 illa,
2408 660 2570 713 quam
2596 646 2737 702 Deus
2789 648 2889 703 sub
2911 662 3145 719 persona
3198 648 3377 709 Saulis
3411 642 3557 713 illius

1970 728 2127 818 regni
2169 738 2224 784 et
2251 732 2432 801 populi
2462 733 2687 803 ﬁguram
2709 737 2947 804 gerentis
2975 737 3151 792 eidem
3179 753 3346 809 regno
3387 757 3557 818 popur

1970 815 2128 885 loque
2153 819 2389 876 minatus
2417 830 2522 887 est,
2550 831 2754 883 {eterna
2785 834 2948 895 atque
2994 827 3352 886 immutabilis
3393 815 3559 903 signi-

1969 905 2129 961 ﬁcata
2154 916 2259 974 est,
2283 927 2380 980 per
2402 913 2508 967 huc
2535 914 2677 983 quod
2703 916 3015 991 adjunctum
3047 928 3131 973 est
3160 939 3174 973 :
3200 920 3268 974 Et
3292 938 3397 977 non
3433 941 3556 978 con-

1970 1004 2216 1062 uertetur,
2258 1016 2421 1070 neque
2454 1003 2713 1072 paenitebit
2742 1022 2878 1068 eum,
2904 1009 3158 1076 quoniam
3179 1027 3284 1065 non
3303 1024 3379 1065 est
3416 1013 3554 1071 sicut

1970 1082 2123 1139 homo
2148 1096 2201 1138 ut
2226 1090 2468 1157 pmniteat
2491 1108 2629 1145 eum.
2656 1091 2777 1163 Ipse
2795 1095 3045 1163 minatur,
3072 1108 3121 1152 et
3143 1116 3245 1153 non
3260 1113 3549 1171 permanet.

1968 1173 2028 1227 Id
2052 1183 2137 1229 est
2165 1176 2328 1232 homo
2350 1180 2606 1246 minatur,
2640 1190 2695 1237 et
2726 1198 2832 1236 non
2857 1182 3162 1252 permanat,
3214 1204 3322 1243 non
3368 1200 3552 1260 autem

1968 1264 2135 1332 Deus,
2162 1282 2323 1337 quem
2352 1286 2459 1325 non
2506 1273 2733 1342 paenitet
2768 1273 2909 1328 sicut
2940 1276 3214 1332 hominem
3240 1296 3252 1331 :
3284 1278 3371 1333 ubi
3399 1281 3544 1335 enim

1967 1354 2163 1425 legitur
2191 1360 2331 1425 quod
2359 1361 2618 1429 poeniteat
2643 1376 2788 1427 eum,
2836 1365 3065 1420 mutatio
3114 1381 3297 1421 rerum
3340 1369 3549 1440 signiﬁ-

1967 1454 2122 1500 catur
2151 1447 2474 1505 immutabili
2513 1453 2854 1521 prazscientia
2900 1464 3153 1510 manente
3188 1456 3388 1511 divina.
3447 1459 3548 1514 Ubi

1967 1548 2096 1604 ergo
2117 1552 2225 1590 non
2256 1539 2522 1608 poenitere
2566 1541 2788 1609 dicitur,
2817 1559 2925 1597 non
2958 1554 3171 1599 mutare
3202 1546 3543 1618 intelligitur.

1966 1625 2196 1682 Prorsus
2226 1629 2565 1685 insolubilem
2609 1634 2857 1689 videmus
2882 1650 2979 1704 per
3007 1638 3122 1692 hmo
3152 1637 3315 1692 verba
3363 1639 3545 1707 prola-

274 1728 461 1785 Iuerat
488 1737 829 1800 regnaturus.
852 1729 921 1784 Et
942 1730 1297 1799 respiciamus
1326 1729 1395 1783 ad
1417 1729 1638 1797 stirpem
1669 1727 1859 1791 David,
1889 1737 1940 1797 Β
1969 1723 2078 1771 tam
2107 1717 2364 1775 divinitus
2385 1720 2550 1777 fuisse
2576 1724 2903 1778 sententiam
2929 1726 2994 1780 de
3024 1726 3126 1780 ista
3155 1726 3419 1783 divisione
3454 1744 3550 1797 po-

274 1817 422 1873 unde
448 1825 673 1873 exortus
714 1826 799 1872 est
848 1819 1145 1873 secundum
1192 1833 1412 1872 carnem
1458 1818 1725 1872 mediator
1761 1816 1858 1871 Dei

272 1916 331 1964 et
355 1910 640 1964 hominum
662 1910 825 1964 homo
854 1910 1104 1964 Christus
1124 1909 1302 1965 Jesus.
1334 1909 1452 1965 Non
1484 1918 1666 1965 autem
1694 1911 1860 1966 habet

274 1996 559 2067 Scriptura
595 2000 739 2067 quod
780 1999 835 2053 in
869 2000 1143 2069 plerisque
1185 2000 1369 2054 latinis
1406 2000 1686 2056 codicibus
1728 1999 1858 2069 legi-

269 2094 362 2143 tur
380 2106 394 2144 :
410 2090 668 2159 dirumpet
683 2089 942 2144 Dominus
959 2107 1174 2161 regnum
1190 2090 1360 2144 Israel
1370 2092 1435 2144 de
1447 2108 1606 2144 manu
1621 2101 1734 2154 tua,
1762 2090 1857 2145 sed

268 2178 415 2233 sicut
430 2194 459 2232 a
481 2179 638 2244 nobis
652 2179 886 2247 positum
902 2187 987 2232 est
999 2179 1278 2233 inventum
1296 2180 1349 2231 in
1364 2178 1568 2234 Graecis
1586 2198 1597 2232 :
1617 2180 1713 2233 Dis
1722 2195 1858 2233 rum-

263 2279 353 2342 pet
368 2271 628 2326 Dominus
645 2288 860 2341 regnum
874 2270 1045 2325 Israel
1062 2271 1127 2324 de
1147 2288 1307 2324 manu
1324 2281 1436 2324 tua.
1453 2271 1526 2327 Ut
1541 2272 1647 2325 hoc
1658 2271 1858 2329 intelli-

264 2368 430 2430 gatur
448 2361 515 2416 de
536 2375 700 2413 manu
722 2367 838 2423 tua,
864 2360 1009 2427 quod
1029 2367 1115 2412 est
1137 2358 1205 2411 ab
1218 2358 1402 2413 Israel.
1418 2358 1609 2428 POpuli
1636 2374 1765 2428 ergo
1785 2359 1857 2413 ls-

262 2451 386 2506 rael
412 2465 703 2519 personam
751 2449 980 2519 ﬁgurate
1025 2450 1249 2519 gerebat
1272 2449 1434 2504 homo
1469 2450 1590 2513 iste,
1631 2449 1725 2517 qui
1761 2463 1858 2516 po-

263 2541 436 2610 pulus
506 2554 728 2610 regnum
799 2539 977 2594 fuerat
1032 2540 1377 2603 amissurus,
1449 2538 1672 2593 Christo
1723 2536 1856 2594 Jesu

263 2629 506 2685 Domino
532 2638 718 2683 nostro
740 2645 841 2699 per
853 2628 1063 2685 Novum
1084 2629 1510 2689 Testamentum,
1533 2643 1640 2682 non
1661 2644 1858 2683 carna-

260 2724 417 2789 liter,
449 2723 544 2779 sed
573 2724 935 2793 spiritualiter
963 2731 1278 2794 regnatura.
1317 2722 1393 2776 Dc
1426 2736 1533 2791 quo
1564 2738 1687 2776 cum
1722 2721 1855 2775 dici-

261 2821 359 2868 tur
383 2813 531 2868 dabit
566 2812 702 2866 illud
724 2814 966 2884 proximo
1002 2823 1115 2878 tuo,
1151 2813 1220 2867 ad
1261 2813 1443 2867 carnis
1474 2812 1851 2881 cognationem

260 2903 521 2959 refertur.
550 2903 630 2958 Ex
658 2904 824 2959 Israel
843 2905 988 2958 enim
1012 2903 1262 2958 Christus
1276 2903 1575 2958 secundum
1604 2918 1849 2968 carnem,

259 2995 409 3049 unde
436 3003 493 3049 et
512 2992 660 3049 Saul.
690 2994 845 3060 Quod
887 3010 1018 3049 vero
1042 2994 1282 3049 additum
1318 3003 1398 3049 est
1432 2994 1564 3049 bona
1595 3012 1752 3064 super
1776 3004 1847 3060 te,

1964 1808 2074 1879 puli
2105 1809 2289 1876 Israel,
2322 1820 2378 1893 et
2405 1814 2628 1868 omnino
2668 1822 3008 1885 perpetuam.
3039 1816 3358 1887 Quicunque
3404 1819 3547 1872 enim

1962 1904 2028 1957 ad
2060 1903 2337 1958 Christum
2362 1906 2721 1972 transierunt,
2761 1906 2843 1961 vel
2880 1916 3180 1972 transeunt,
3217 1908 3301 1963 vel
3348 1910 3546 1964 transi-

1958 1995 2095 2050 bunt
2125 1996 2267 2060 inde,
2308 2014 2415 2050 non
2452 2007 2609 2052 erant
2635 1999 2759 2053 inde
2811 2000 3108 2053 secundum
3139 2000 3233 2056 Dei
3260 2002 3551 2072 praescien-
3624 1982 3633 2001 “

1961 2086 2117 2147 tiam.
2150 2104 2256 2142 non
2284 2090 2583 2144 secundum
2606 2091 2822 2161 generis
2844 2091 3065 2146 humani
3092 2107 3253 2145 unam
3282 2094 3553 2150 eamdem-

1959 2192 2065 2247 que
2090 2186 2360 2233 naturam.
2381 2180 2591 2235 Rursus
2613 2181 2923 2258 quicunque
2944 2198 3012 2237 ex
3036 2182 3348 2238 Isracliticis
3371 2186 3550 2240 adlue-

1959 2277 2143 2324 rentes
2178 2270 2397 2325 Christo
2425 2279 2779 2339 perseverant
2820 2273 2874 2326 in
2907 2272 3020 2339 illo,
3082 2289 3355 2343 nunquam
3383 2284 3547 2330 erunt

1958 2377 2082 2416 cum
2108 2362 2436 2427 lsraeliticis,
2461 2364 2553 2433 qui
2582 2363 2698 2431 ejus
2722 2365 2927 2420 inimici
2956 2380 3127 2435 usque
3158 2366 3212 2420 iu
3240 2364 3399 2420 tinem
3422 2368 3547 2422 vitae

1958 2451 2120 2520 hujus
2146 2467 2269 2505 esse
2293 2452 2613 2521 persistunt,
2648 2455 2742 2508 sed
2769 2455 2822 2507 in
2846 2454 3132 2518 divisione,
3150 2470 3270 2523 qua:
3296 2456 3385 2510 hic
3405 2472 3561 2525 prae-7

1959 2539 2208 2593 nuntiata
2231 2548 2317 2593 est
2337 2549 2617 2610 perpetuo,
2637 2542 3055 2608 permanebunt.
3083 2542 3226 2596 Nihil
3252 2543 3397 2597 enim
3422 2560 3547 2614 pro-

1958 2631 2080 2686 dest
2106 2638 2489 2687 testamentum
2509 2640 2665 2685 vetus
2688 2628 2829 2704 (Gal.
2852 2632 2906 2685 4.
2934 2632 3026 2702 24)
3051 2632 3115 2686 de
3138 2642 3308 2686 monte
3332 2632 3463 2687 Sina
3490 2634 3545 2688 in

1956 2721 2257 2786 servitutem
2288 2737 2577 2792 generous;
2608 2721 2714 2776 nisi
2743 2721 2868 2790 quia
2901 2722 3271 2777 testimonium
3298 2724 3547 2793 perbibet

1956 2818 2284 2865 testamento
2314 2826 2479 2876 novo,
2538 2811 2776 2881 alioquin
2831 2811 3069 2882 quandiu
3113 2811 3313 2882 legitur
3336 2812 3547 2883 Moyses

1957 2899 2044 2972 (II
2072 2898 2196 2955 Cor.
2219 2902 2272 2956 ὅ.
2300 2900 2366 2954 lii
2392 2910 2440 2954 et
2470 2888 2838 2971 16),velamen
2864 2916 3028 2969 supra
3051 2902 3214 2956 corda
3239 2917 3427 2956 eorum

1953 2991 2117 3047 situm
2139 3001 2252 3058 cst;
2283 3007 2405 3046 cum
2420 3001 2600 3047 autem
2617 2992 2847 3061 quisque
2863 2991 3139 3046 transierit
3165 2991 3231 3045 ad
3244 2989 3544 3056 Christum,

258 3091 445 3152 potest
466 3084 685 3151 quidem
732 3083 959 3153 intelligi
1014 3083 1221 3137 meliori
1262 3094 1332 3149 te,
1365 3100 1491 3138 nam
1539 3093 1595 3139 et
1629 3086 1848 3155 quidam
1875 3081 1922 3144 C
1951 3078 2227 3137 auferetur
2274 3083 2538 3157 velamen.
2591 3081 3016 3159 Trauseuntium
3065 3082 3263 3152 quippe
3311 3070 3545 3166 intentio

257 3176 340 3230 sic
360 3175 703 3245 interpretati
730 3183 879 3240 sunt,
926 3176 1019 3230 sed
1048 3175 1243 3230 melius
1286 3176 1367 3231 sic
1411 3176 1675 3247 accipitur
1712 3178 1845 3233 bono

254 3283 420 3337 super
443 3277 512 3331 te,
537 3274 599 3321 ut
636 3267 763 3335 quia
790 3267 882 3323 ille
907 3268 1080 3322 bonus
1111 3274 1228 3333 est;
1277 3267 1401 3322 ideo
1444 3269 1518 3323 sit
1562 3284 1726 3337 super
1768 3280 1841 3335 te,

252 3358 414 3429 juxta
458 3357 591 3414 illud
626 3357 1044 3435 propheticum:
1085 3355 1258 3430 (Psal.
1313 3374 1421 3414 ctx.
1458 3359 1510 3431 1)
1551 3358 1731 3414 Donec
1758 3376 1847 3431 po-

252 3465 380 3505 nam
407 3448 648 3502 inimicos
668 3456 785 3502 tuos
808 3464 984 3502 omnes
1013 3447 1109 3501 sub
1133 3447 1353 3517 pedibus
1383 3448 1508 3502 tuis.
1556 3448 1614 3503 In
1646 3449 1846 3519 quibus

254 3547 339 3594 est
358 3537 553 3602 Israel,
580 3537 668 3593 cui
697 3552 797 3591 suo
819 3537 1158 3607 persecutori
1182 3551 1407 3605 regnum
1434 3537 1660 3593 abstulit
1687 3537 1846 3601 Chri-

255 3638 396 3694 stus,
428 3626 677 3698 quamvis
703 3626 868 3681 fucrit
894 3627 1004 3681 illic
1024 3634 1079 3681 et
1104 3626 1294 3688 Israel,
1328 3628 1381 3681 in
1409 3643 1517 3697 quo
1542 3627 1696 3683 dolus
1739 3645 1845 3684 non

258 3730 400 3785 erat,
436 3718 547 3789 (Io.
578 3719 628 3773 Ι.
658 3718 749 3791 47)
773 3720 1044 3789 quoddam
1067 3719 1224 3788 quasi
1265 3718 1597 3775 frumentum
1632 3720 1844 3776 illarum

254 3811 559 3881 palearum.
610 3810 745 3865 Nam
794 3811 983 3881 utique
1025 3811 1152 3867 inde
1203 3819 1359 3866 erant
1401 3812 1631 3881 apostoli
1659 3852 1673 3877 ,
1721 3813 1846 3867 inde

254 3908 333 3957 tot
376 3909 685 3971 martyres,
738 3916 972 3971 quorum
1012 3900 1163 3969 prior
1209 3898 1552 3970 Stephanus,
1596 3900 1720 3955 inde
1768 3908 1847 3956 tot

254 3990 538 4057 Ecclesiae,
587 4007 725 4063 quas
763 3990 1054 4061 Apostolus
1104 3989 1247 4063 (Cal.
1290 3991 1339 4045 1.
1386 3990 1477 4062 24)
1525 4007 1849 4049 commemo-

253 4092 354 4151 rat,
379 4084 441 4138 in
466 4083 820 4139 conversione
835 4082 952 4151 ejus
974 4081 1382 4153 magniﬁcantes
1409 4084 1601 4139 Deum.

326 4193 346 4225 ι
391 4174 470 4228 De
494 4190 601 4244 qua
629 4190 688 4229 re
732 4190 840 4229 non
869 4173 1058 4229 dubito
1086 4174 1494 4243 intelligendum
1543 4190 1664 4228 esse
1701 4175 1845 4244 quod

253 4265 613 4338 sequitur:Et
642 4266 906 4322 dividetur
923 4264 1097 4319 Israel
1123 4265 1176 4319 in
1207 4265 1331 4318 duo.
1364 4264 1422 4318 In
1446 4264 1613 4320 Israel
1638 4264 1845 4320 scilicet

254 4356 534 4412 inimicum
578 4354 819 4421 Christo,
864 4364 920 4410 et
954 4355 1120 4411 Israel
1168 4354 1533 4410 adhaerentem
1576 4353 1837 4410 Christo:

1949 3175 2065 3244 ipsa
2097 3183 2339 3230 mutatur
2358 3176 2428 3245 de
2453 3184 2635 3231 vetere
2658 3176 2726 3230 ad
2754 3191 2977 3243 novum,
2993 3185 3184 3241 utnon
3208 3177 3439 3246 quisque
3462 3177 3545 3231 in-

1947 3268 2134 3324 tendat
2139 3270 2389 3338 accipere
2400 3270 2696 3335 carnalem,
2708 3267 2805 3324 sed
2817 3269 3153 3340 spiritualem
3166 3268 3503 3333 felicitatem.
3519 3289 3537 3321 ι

2010 3358 2173 3431 (ϐαρ.
2213 3359 2295 3415 15.
2323 3360 2438 3431 53.)
2474 3359 2711 3432 Sumpsit
2737 3379 2860 3432 ergo
2888 3360 3105 3417 Samuel
3128 3361 3385 3431 gladium,
3413 3369 3460 3413 et
3487 3344 3541 3417 in

1947 3448 2120 3520 frusta
2147 3450 2375 3505 concidit
2397 3450 2564 3521 Agag.
2622 3451 2777 3518 Quod
2808 3450 3063 3506 faciendo
3095 3447 3339 3516 Samuel,
3369 3432 3541 3519 usque

1949 3536 2084 3594 adeo
2104 3554 2215 3594 non
2246 3541 2505 3609 peccavit,
2542 3548 2602 3595 ut
2631 3556 2736 3595 non
2770 3540 3019 3594 faciendo
3065 3547 3339 3608 peccaret.
3393 3538 3537 3595 Deus

1941 3629 2091 3685 enim
2111 3629 2276 3699 jussit
2310 3630 2545 3685 interﬁci
2591 3630 2983 3695 Amalecbitas,
3024 3629 3117 3698 qui
3154 3630 3341 3697 utique
3388 3630 3538 3683 novit

1948 3733 2056 3772 non
2082 3717 2254 3773 solum
2280 3720 2578 3795 secundum
2614 3719 2780 3783 facta,
2822 3734 3012 3774 verum
3036 3718 3202 3772 etiam
3245 3718 3539 3787 secundum

1947 3821 2043 3861 cor
2072 3806 2326 3870 hominis,
2356 3807 2486 3875 quid
2517 3807 2912 3876 unusquisque,
2944 3807 3029 3862 vel
3078 3822 3174 3876 per
3206 3822 3367 3876 quem
3410 3823 3534 3876 per-

1946 3896 2059 3966 peti
2081 3896 2294 3951 debeat.
2319 3896 2523 3967 Dignus
2550 3913 2679 3967 ergo
2703 3906 2821 3952 erat
2867 3897 3017 3964 Saul,
3051 3899 3138 3952 cui
3189 3898 3319 3954 talia
3359 3899 3539 3965 injun-

1947 3997 2225 4058 gercntur,
2278 3997 2441 4059 atque
2496 3989 2872 4055 Amalechitae,
2907 3998 2966 4045 ut
2998 3989 3126 4044 talia
3168 3997 3488 4062 paterentur
3516 4029 3534 4059 ,

1947 4082 2041 4152 qui
2063 4080 2247 4135 divino
2271 4081 2476 4136 nomini
2501 4082 2762 4137 honorem
2792 4097 2901 4136 non
2927 4082 3214 4147 dederant,
3244 4082 3338 4138 sed
3359 4096 3533 4152 popu-

1945 4172 2057 4227 lum
2093 4171 2210 4238 Dei,
2243 4172 2336 4243 qui
2362 4172 2507 4227 sicco
2531 4174 2756 4245 vestigio
2802 4190 2955 4229 mare
2987 4174 3300 4241 transierat,
3342 4173 3535 4235 interi-

1944 4279 2093 4319 mere
2123 4264 2372 4318 voluerat
2399 4263 2595 4333 (Exod.
2632 4265 2715 4319 Π.
2745 4263 2821 4337 8).
3484 4250 3487 4253 Α

2014 4355 2183 4424 Igitur
2206 4355 2491 4410 recedente
2512 4371 2542 4409 a
2570 4355 2698 4411 Saul
2725 4356 2954 4412 Domino
2979 4365 3199 4426 propter
3220 4355 3531 4423 inohedicn-

252 4444 305 4499 in
330 4443 502 4518 Israel
523 4446 591 4501 ad
626 4445 898 4510 ancillam,
934 4454 990 4499 et
1037 4444 1090 4499 in
1121 4443 1288 4500 Israel
1314 4445 1381 4499 ad
1412 4444 1637 4499 liberam
1665 4445 1837 4513 pcrti-
1862 4421 1917 4481 D
1946 4421 2095 4510 tiam,
2127 4454 2376 4516 arreptus
2398 4453 2481 4500 est
2516 4446 2750 4517 maligno
2787 4421 3035 4518 spiritus
3061 4421 3325 4513 Domino,
3354 4421 3537 4502 irrueo

253 4546 474 4593 ncntcm
506 4555 521 4591 :
555 4554 678 4593 nam
710 4537 813 4593 ista
844 4536 950 4591 duo
980 4552 1180 4606 genera
1210 4538 1445 4617 primum
1473 4537 1634 4592 simul
1659 4545 1835 4602 erant,

254 4629 401 4684 velut
446 4629 722 4685 Abraham
781 4629 960 4684 adhuc
1007 4626 1319 4685 adhaerente
1367 4629 1618 4693 ancillae,
1669 4628 1840 4683 donec

250 4720 457 4775 sterilis
487 4737 585 4791 per
612 4719 710 4776 Dei
740 4718 976 4789 gratiam
1009 4717 1297 4774 fecundata
1344 4718 1606 4793 clamaret
1632 4738 1644 4773 :
1681 4718 1835 4790 (Gen.

254 4811 341 4866 2|.
373 4811 464 4884 10)
494 4812 642 4883 Ejice
684 4810 934 4871 ancillam
969 4820 1017 4865 et
1059 4809 1229 4879 ﬁlium
1273 4810 1404 4881 ejus.
1445 4810 1672 4879 Propter
1708 4826 1838 4880 pec-

256 4913 433 4957 catum
465 4901 682 4974 quidem
719 4901 1056 4966 Salomonis,
1100 4912 1359 4973 regnante
1409 4901 1517 4958 ﬁlio
1564 4900 1681 4973 ejus
1723 4902 1836 4957 Ilo-

257 4992 433 5061 beam,
462 4994 583 5066 (III
616 4994 748 5065 Reg.
806 4995 889 5067 12)
928 4995 1132 5050 scimus
1158 4994 1321 5050 Israel
1350 4993 1404 5048 in
1430 4995 1535 5048 duo
1562 4993 1730 5052 fuisse
1758 4996 1838 5051 di-

256 5087 430 5142 visum
462 5102 479 5141 :
513 5097 675 5157 atque
713 5088 786 5142 ita
816 5101 1223 5157 perseverasse,
1261 5088 1583 5143 habentibus
1612 5089 1837 5159 singulis

256 5178 498 5245 partibus
533 5194 689 5249 reges
716 5194 862 5241 suos,
893 5180 1063 5233 donec
1093 5179 1180 5232 illa
1216 5194 1348 5249 gens
1387 5186 1499 5232 tota
1521 5194 1551 5232 a
1581 5177 1834 5234 Cbaldcis

257 5279 401 5326 esset
428 5271 630 5341 ingenti
665 5272 968 5326 vastatione
1013 5271 1293 5333 subversa,
1342 5279 1504 5341 atque
1548 5272 1829 5326 translata.

260 5356 364 5413 Sed
387 5360 490 5415 hoc
523 5362 655 5431 quid
677 5362 746 5416 ad
782 5361 1036 5417 Saulem?
1063 5362 1108 5415 si
1140 5362 1247 5415 tale
1271 5361 1474 5430 aliquid
1496 5362 1833 5417 comminan-

258 5447 383 5503 dum
413 5458 576 5516 esset,
601 5451 700 5522 ipsi
743 5450 909 5521 David
944 5450 1121 5504 fuerat
1159 5450 1338 5525 potius
1371 5451 1833 5517 comminandum,

326 5597 352 5626 ι
392 5586 467 5642 Ea
508 5588 687 5643 omnia
732 5603 859 5644 sane
900 5603 1005 5643 non
1055 5601 1249 5655 pauca,
1281 5604 1401 5658 quae
1439 5603 1560 5643 mox
1614 5586 1825 5641 lineolis

258 5668 359 5724 pro
387 5673 538 5715 more
583 5658 936 5726 notabuntur,
964 5658 1244 5728 desumpta
1280 5667 1407 5714 sunt
1450 5674 1513 5714 ex
1537 5658 1837 5729 Augustino

1942 4536 2142 4606 hatquc
2176 4537 2402 4607 spiritus
2452 4537 2664 4593 Domini
2718 4538 2771 4591 in
2802 4553 2925 4591 eum
2965 4536 3251 4606 malignus.
3290 4549 3314 4576 ι
3348 4555 3367 4587 ι
3407 4522 3528 4593 Jan;

1942 4642 2072 4682 vero
2094 4627 2247 4692 illud,
2284 4628 2428 4696 quod
2458 4628 2621 4682 etiam
2652 4626 2821 4682 malus
2849 4626 3150 4698 appellatus
3190 4634 3274 4681 est
3304 4626 3529 4695 spiritus

1942 4718 2178 4783 Domini,
2219 4719 2299 4773 sic
2329 4718 2647 4789 intelligitur
2695 4718 2964 4788 quomodo
3006 4717 3208 4772 dictum
3251 4724 3337 4771 est
3366 4715 3530 4787 :gDo-

1941 4809 2071 4863 mini
2096 4820 2171 4863 est
2196 4820 2358 4874 terra,
2397 4818 2656 4881 tanquam
2698 4817 2972 4876 creatura,
3013 4808 3149 4863 etin
3191 4804 3308 4876 ejus
3350 4806 3528 4876 posita

1946 4908 2215 4972 potestate
2241 4920 2253 4953 :
2281 4908 2375 4955 aut
2405 4901 2449 4954 si
2486 4908 2774 4970 propterea
2818 4915 2926 4954 non
2952 4900 3201 4968 congruit
3227 4900 3330 4954 hoc
3373 4896 3524 4953 locu-
3571 4961 3579 4969 .

1947 4993 2107 5049 tionis
2149 4992 2474 5062 exemplum,
2516 4992 2643 5063 quia
2692 4999 2839 5047 terra
2884 5009 2992 5048 non
3040 4999 3121 5046 est
3151 4991 3307 5055 mala,
3342 4989 3391 5063 (Ι
3444 4979 3558 5043 Ti-’

1942 5086 2105 5139 mota.
2129 5084 2182 5137 ιι.
2214 5082 2273 5153 4)
2303 5083 2471 5138 cuntis
2494 5084 2633 5137 enim
2671 5092 2913 5137 creatura
2946 5082 3044 5137 Dei
3078 5083 3213 5137 bona
3262 5090 3363 5146 est,
3395 5078 3525 5134 illud

1943 5182 2224 5246 congruat,
2251 5173 2395 5241 quod
2419 5173 2535 5242 ipse
2557 5170 2816 5241 Sauljam
2834 5172 3122 5241 reprobus,
3139 5170 3522 5233 ctsceleratus,

1942 5274 2103 5335 atque
2151 5263 2396 5332 ingratus
2429 5270 2613 5319 saneto
2643 5261 2811 5316 David
2855 5270 3170 5332 persecutor
3203 5261 3367 5317 etiam
3408 5260 3527 5331 ejus

1943 5371 2066 5411 cum
2104 5354 2416 5410 sawissima:
2465 5352 2680 5407 invidiae
2723 5351 2935 5407 lacibus
2974 5351 3294 5423 agitaretur,
3345 5358 3526 5415 tamen

1943 5448 2118 5503 adhuc
2152 5443 2404 5499 Christus
2436 5442 2647 5497 Domini
2682 5440 2980 5507 dicebatur,
3012 5441 3152 5498 sicut
3176 5456 3297 5496 eum
3344 5439 3526 5513 appel-

1934 5582 2347 5659 bafcscribcnte
2372 5583 2647 5638 numeroi
2669 5584 2992 5651 Qumstionis
3016 5585 3044 5640 «ι
3075 5584 3263 5659 librili
3296 5585 3363 5640 ad
3387 5584 3526 5640 Sim-

1941 5657 2249 5729 plicianum.
