3904 6174
405 296 508 355 66⁸1

1465 291 1743 351 CLAUDII
1783 286 2245 347 TAURINENSIS
2283 286 2591 346 EPISCOPl

407 409 547 466 lavit
575 407 690 481 ipse
711 408 901 476 Davld,
925 421 1050 465 cum
1074 405 1369 462 vindicavit
1391 407 1718 464 exstinctum
1743 402 1827 476 (Il
1857 401 1986 474 Reg.
2018 405 2069 465 Α
2096 411 2184 457 tur
2213 403 2407 468 bonus,
2441 418 2510 458 ex
2535 404 2646 460 hoo
2668 403 2988 477 intelligitur
3009 406 3206 460 bonus.
3244 404 3400 461 Unda
3427 416 3666 476 apparet,

398 498 465 558 ,1.
502 499 616 572 21).
665 499 773 555 Sed
813 499 986 568 magis
1022 495 1260 552 arbitror
1293 496 1590 568 malignum
1638 496 1908 568 spiritum,
1955 509 1986 548 a

408 604 520 661 quo
540 590 837 646 vexabatur
866 587 1019 656 Saul,
1068 586 1191 644 ideo
1221 587 1425 644 dictum
1447 588 1699 659 spiritum
1749 585 1988 651 Domini,

411 678 556 748 quod
605 677 817 734 occulta
866 678 967 733 Dei
1013 677 1221 748 judicio
1259 676 1481 734 Saulem
1501 678 1736 733 vexabat
1767 694 1782 730 :
1819 675 1994 730 utitur

407 767 551 822 enim
573 767 715 822 Deus
734 767 999 824 ministris
1027 767 1192 822 etiam
1215 767 1497 838 spiritibus
1521 767 1682 822 malis
1703 765 1772 821 ad
1815 764 1994 820 vindi-

409 865 554 915 ctam
585 858 854 914 malorum
875 900 890 926 ,
913 859 1000 914 vel
1041 859 1110 914 ad
1149 858 1415 914 bonorum
1440 858 1849 930 probationem;
1888 855 1995 910 alio

408 949 572 1004 modo
597 950 666 1005 ad
697 949 845 1004 illam
887 965 1025 1016 rem,
1072 949 1178 1005 alio
1224 951 1292 1004 ad
1319 950 1500 1004 istam.
1549 949 1806 1016 Quamvis
1848 947 1994 1002 enim

409 1049 439 1079 ι
475 1038 703 1094 multum
749 1041 819 1096 sit
858 1041 1088 1110 quisque
1121 1040 1392 1112 malignus
1421 1039 1667 1110 spiritus,
1700 1039 1827 1109 quia
1856 1036 1998 1092 mala

411 1128 694 1184 voluntate
738 1145 938 1186 nocere
975 1131 1223 1200 appetit:
1263 1138 1445 1186 tamen
1475 1131 1705 1185 nocendi
1755 1137 2000 1200 potesta-

413 1227 522 1274 tem
570 1234 677 1274 non
725 1221 944 1290 accipit,
985 1221 1088 1276 nisi
1120 1221 1335 1285 abillo,
1386 1221 1488 1275 sub
1513 1236 1621 1291 quo
1649 1229 1774 1276 sunt
1815 1219 1996 1275 omnia

414 1308 589 1382 (Rom.
619 1311 705 1365 l3.
741 1310 794 1384 1)
838 1311 1023 1377 certis,
1067 1320 1123 1365 et
1160 1309 1326 1380 justis
1374 1312 1694 1366 meritorum
1743 1310 1998 1382 gradibus

414 1399 686 1456 ordinata.
715 1400 854 1467 Quia
884 1401 1026 1456 sicut
1051 1416 1157 1455 non
1188 1409 1272 1456 est
1319 1401 1462 1455 mala
1487 1401 1734 1457 voluntas
1789 1416 1820 1454 a
1862 1401 1995 1465 Deo,

416 1491 497 1545 sic
523 1507 630 1545 non
665 1499 747 1546 est
773 1500 1012 1560 potestas
1038 1492 1144 1546 nisi
1174 1505 1206 1545 a
1257 1491 1394 1557 Deo;
1441 1492 1690 1561 quamvis
1740 1491 1885 1546 enim
1929 1491 2001 1544 sit

419 1581 474 1636 ln
521 1580 784 1651 cujusque
835 1589 1104 1652 potestate
1163 1582 1292 1651 quid
1320 1581 1466 1646 velit,
1523 1597 1632 1636 non
1678 1589 1762 1636 est
1821 1591 1998 1635 tamen

419 1673 475 1727 in
525 1673 787 1743 cujusque
826 1680 1125 1743 potestate,
1159 1674 1289 1743 quid
1332 1674 1502 1743 possit
1549 1674 1632 1729 vel
1675 1672 1854 1729 facere
1885 1672 2000 1726 cui-

2093 495 2294 551 bonum
2347 495 2601 566 spiritum
2654 496 2952 552 secundum
3003 495 3362 552 substantiam
3387 536 3405 564 ,
3472 496 3670 553 malum

2093 599 2278 644 autem
2319 588 2616 644 secundum
2663 588 3048 653 ministerium,
3100 588 3207 644 dici
3255 590 3507 660 spiritum
3558 590 3672 646 Dei.

2094 679 2414 748 Quanquam
2459 679 2630 748 quaeri
2660 679 2840 734 adhuc
2863 679 3056 749 possit,
3089 687 3275 733 utrum
3303 694 3426 736 cum
3451 681 3678 751 spiritus

2045 842 2052 846 ι
2096 771 2192 826 Dei
2217 771 2415 827 dicitur
2443 789 2457 826 :
2491 778 2547 827 et
2569 785 2636 826 ex
2664 771 2771 826 hoc
2799 773 2917 841 ipso
2936 769 3072 839 jam,
3097 780 3152 826 et
3175 771 3219 826 si
3249 772 3384 826 nihil
3403 773 3638 828 addatur
3661 819 3676 841 ,

2097 860 2272 917 bonus
2295 861 2635 932 intelligitur,
2674 863 2762 916 ille
2785 862 3134 931 intelligatur,
3159 864 3251 932 qui
3286 871 3371 918 est
3415 863 3470 918 in
3503 864 3680 920 Trini-

2098 963 2210 1009 tate
2251 954 2732 1010 consubstantialis
2775 953 2944 1019 Patri,
2975 962 3032 1008 et
3059 953 3224 1016 Filio.
3262 952 3504 1024 Spiritus
3541 955 3680 1012 San-

2099 1053 2238 1112 ctus,
2269 1046 2474 1116 dequo
2502 1046 2702 1102 dicitur
2732 1062 2746 1100 :
2772 1045 2858 1117 (II
2885 1044 3010 1100 Cor.
3042 1047 3094 1101 '5.
3127 1046 3214 1117 l7)
3245 1046 3334 1100 ubi
3354 1057 3528 1101 autm
3559 1046 3681 1119 Spi-

2100 1137 2234 1191 ritus
2265 1135 2504 1202 Domini,
2529 1137 2602 1190 ibi
2620 1136 2858 1190 libertas.
2888 1137 2956 1191 Et
2981 1137 3199 1192 iterum.
3227 1136 3280 1207 (Ι
3303 1137 3428 1192 Cor.
3470 1141 3556 1194 11.
3588 1140 3676 1212 10)

2104 1225 2274 1280 Nobis
2315 1236 2490 1280 autem
2535 1227 2778 1281 reuelabit
2819 1226 2963 1281 Deus
2989 1244 3082 1298 per
3116 1228 3360 1298 spiritum
3409 1246 3584 1283 suum.
3613 1231 3681 1285 Et

2103 1318 2272 1375 illud:
2306 1319 2470 1392 (Ibid.
2505 1336 2552 1374 υ.
2587 1318 2675 1391 11)
2708 1321 2784 1373 sic
2807 1327 2856 1374 et
2896 1335 3014 1390 qua:
3038 1319 3137 1373 Dei
3167 1330 3310 1385 sunt,
3357 1337 3506 1375 nemo
3537 1325 3678 1378 norit

2105 1409 2208 1464 nisi
2235 1408 2464 1482 Spiritus
2492 1409 2610 1464 Dei.
2647 1409 2714 1464 Et
2739 1410 2795 1465 in
2819 1409 3004 1464 multis
3026 1410 3159 1465 locis
3204 1410 3308 1466 hoc
3345 1412 3506 1467 modo
3549 1413 3683 1467 dici-

2107 1507 2232 1553 tur:
2268 1498 2497 1570 Spiritus
2526 1499 2655 1565 Dei,
2687 1507 2742 1552 et
2781 1499 3096 1570 intelligitur
3143 1498 3380 1570 Spiritus
3424 1509 3680 1566 sanctus.

2106 1588 2320 1642 etiamsi
2365 1603 2472 1642 non
2500 1588 2750 1654 addatur,
2779 1590 3036 1658 quoniam
3057 1603 3120 1644 ea
3141 1605 3261 1659 qua:
3288 1589 3678 1658 circumstant,

2108 1678 2244 1733 satis
2274 1677 2515 1732 indicant
2541 1678 2606 1733 de
2644 1693 2752 1747 quo
2782 1679 3015 1744 dicatur,
3058 1679 3130 1734 ita
3162 1688 3220 1734 ut
3264 1680 3554 1750 aliquando
3587 1697 3685 1738 nec

423 1779 604 1834 quam,
635 1766 719 1818 vel
752 1779 779 1818 a
803 1781 1076 1835 quoquam
1102 1766 1238 1834 pati.
1272 1764 1407 1820 Nam
1435 1774 1490 1820 et
1510 1767 1622 1835 ipse
1645 1764 1788 1820 ﬁlius
1812 1765 2006 1818 unicus
2033 1753 2080 1812 Β
2108 1769 2206 1823 Dei
2232 1767 2480 1835 addatur,
2511 1777 2566 1824 et
2594 1769 2926 1840 intelligatur
2954 1778 3132 1826 tamen
3177 1769 3265 1826 ille
3308 1769 3541 1841 Spiritus
3589 1770 3686 1828 Dei

423 1853 518 1909 Dei
544 1870 804 1926 passurus
829 1857 893 1910 ad
925 1865 1137 1925 tempus
1167 1857 1467 1924 humiliter,
1501 1859 1732 1929 superbe
1760 1857 2001 1928 loquenti

421 1947 648 2014 homini,
694 1957 748 2002 et
794 1947 992 2002 dicenti
1035 1949 1179 2016 quod
1220 1955 1542 2016 potestatem
1584 1949 1811 2003 haberet
1853 1947 2000 2003 occi-

425 2039 609 2104 dendi,
660 2039 746 2093 vel
783 2039 1092 2093 dimittendi
1134 2051 1258 2092 eum
1305 2037 1456 2110 :(Jo.
1495 2039 1582 2094 l9.
1617 2037 1705 2108 11)
1753 2055 1857 2092 non
1903 2039 2000 2091 ha-

425 2133 592 2197 beres,
619 2131 814 2200 inquit,
853 2132 910 2185 in
951 2147 1032 2185 me
1059 2139 1389 2201 potestatem,
1443 2132 1544 2185 nisi
1573 2131 1698 2184 data
1747 2140 1876 2186 esset
1911 2131 2004 2185 tibi

422 2223 666 2294 desuper.
691 2221 948 2278 Diabolus
973 2223 1139 2278 etiam
1162 2221 1348 2276 volens
1369 2235 1568 2276 nocere
1586 2219 1737 2289 justo
1763 2218 1885 2285 Job,
1907 2235 2005 2274 no-

426 2314 584 2369 cendi
612 2313 830 2383 quidem
869 2311 1151 2367 voluntate
1178 2311 1424 2366 diabolus
1453 2319 1589 2374 erat,
1625 2311 1719 2366 sed
1747 2318 1930 2366 tamen
1974 2325 2004 2364 a

423 2403 652 2460 Domino
671 2402 784 2457 Deo
808 2410 1128 2472 potestatem
1172 2401 1390 2471 petebat
1412 2400 1618 2466 dicens,
1653 2399 1798 2472 (Job.
1829 2400 1917 2453 1-1.
1947 2398 2002 2469 5)

423 2497 569 2550 mitte
595 2511 811 2548 manum
851 2503 1020 2560 tuam,
1048 2501 1098 2548 et
1137 2501 1291 2562 tange
1333 2507 1544 2546 carnem
1568 2492 1683 2562 ejus
1709 2507 1730 2546 :
1760 2492 2007 2560 quamvis

424 2585 528 2640 hoc
563 2591 738 2649 esset,
775 2584 820 2638 si
859 2583 1303 2652 permitteretur,
1361 2582 1476 2652 ipse
1518 2579 1781 2637 facturus.
1827 2582 2005 2652 Ipsam

423 2674 568 2730 enim
612 2673 1024 2744 permissionem
1059 2672 1278 2742 petebat
1317 2672 1421 2727 hoc
1459 2672 1622 2727 modo
1655 2689 1667 2726 :
1697 2681 1746 2728 et
1789 2688 2004 2726 manum

425 2763 638 2820 Domini
683 2763 987 2834 appellabat
1041 2765 1362 2834 permissam
1417 2779 1449 2817 a
1506 2763 1735 2820 Domino
1782 2779 2004 2820 manum

428 2871 582 2911 suam
606 2873 620 2921 ;
659 2856 712 2910 id
736 2863 817 2910 est
845 2856 1016 2926 ipsam
1039 2863 1386 2926 potestatem,
1427 2871 1592 2926 quam
1615 2855 1832 2913 volebat
1861 2858 2006 2912 acci-

424 2960 576 3017 pere.
607 2945 706 3001 Cui
731 2946 982 3018 congruit
1025 2945 1156 3001 illud
1181 2947 1236 3000 in
1262 2946 1583 3018 Evangelia;
1617 2946 1768 3016 (Luc.
1792 2948 1880 3002 22.
1914 2947 2006 3019 51)

2103 1861 2478 1931 principaliter
2521 1871 2763 1916 sanctus.
2817 1860 2950 1915 Nam
2980 1876 3139 1930 quem
3166 1859 3335 1916 alium’
3357 1878 3687 1920 commemo-

2105 1961 2189 2006 rat
2215 1952 2307 2006 ubi
2331 1951 2500 2006 dicit:
2533 1950 2706 2022 (Rom.
2733 1953 2788 2007 8.
2823 1950 2912 2020 16)
2949 1953 3057 2022 ipse
3081 1953 3296 2022 spiritus
3328 1953 3686 2008 testimonium

2105 2041 2194 2094 dat
2217 2041 2428 2112 spiritui
2465 2051 2666 2108 nostra,
2710 2042 2833 2112 quia
2856 2059 3038 2096 sumus
3069 2041 3167 2111 ﬁlii
3201 2041 3340 2097 Dei?
3384 2043 3547 2114 (Ibid.
3595 2043 3685 2113 26)

2105 2131 2174 2186 Et
2215 2133 2325 2202 ipse
2369 2132 2602 2204 Spiritus
2653 2134 2869 2203 adjuvat
2912 2135 3275 2203 inﬁrmitatem
3333 2146 3592 2190 nostram.
3637 2136 3689 2207 (I

2107 2221 2232 2276 Cor.
2265 2222 2352 2276 12.
2402 2222 2492 2294 11)
2539 2223 2608 2278 Et
2649 2224 2826 2279 omnia
2876 2224 2986 2278 lure
3037 2235 3284 2296 aperatur
3327 2243 3487 2292 unus,
3533 2237 3692 2297 atque

2107 2312 2245 2368 idem
2276 2312 2527 2384 Spiritus,
2559 2314 2794 2369 dividens
2823 2313 3048 2384 singulis
3071 2325 3224 2384 prout
3257 2315 3385 2369 uult.
3421 2315 3589 2387 (Ibid.
3635 2317 3689 2385 4)

2108 2403 2174 2457 Et
2197 2403 2473 2459 divisiones
2495 2405 2840 2459 donationum
2866 2416 3008 2470 sunt,
3042 2405 3180 2458 idem
3210 2415 3383 2459 autem
3429 2405 3689 2474 Spiritus.

2107 2495 2164 2549 ln
2188 2495 2274 2550 his
2297 2495 2441 2550 enim
2483 2495 2736 2550 omnibus
2775 2497 3080 2562 sententiis,
3123 2511 3223 2551 nec
3250 2494 3368 2562 Dei,
3424 2513 3526 2553 nec
3566 2515 3696 2552 saw

2107 2594 2222 2639 ctus
2241 2593 2325 2640 est
2353 2586 2619 2650 additum,
2651 2593 2707 2639 et
2730 2594 2913 2640 tamen
2948 2585 3063 2656 ipse
3091 2586 3428 2656 intelligitur.
3459 2585 3569 2641 Sed
3602 2602 3694 2642 ne-

2107 2677 2222 2732 scio
2252 2685 2432 2731 utrum
2463 2676 2753 2732 manifesto
2782 2677 2964 2747 aliquo
2991 2677 3239 2748 exemplo
3269 2677 3490 2748 probari
3517 2681 3698 2748 possit

2108 2768 2303 2824 alicubi
2328 2767 2832 2840 dictum’Spiritum
2879 2769 2976 2825 Dei
2995 2770 3114 2824 sine
3152 2769 3550 2836 additamenta,
3604 2772 3696 2826 ubi

2111 2860 2349 2930 Spiritus
2401 2860 2491 2916 ille
2539 2870 2758 2916 sanctus
2810 2877 2918 2916 non
2958 2859 3310 2930 significetur,
3363 2862 3460 2916 sed
3509 2861 3696 2926 alius,

2107 2952 2356 3021 quamvis
2399 2949 2593 3017 bonus,
2642 2959 2860 3006 creatus
2912 2959 3095 3006 tamen
3141 2960 3195 3006 et
3237 2951 3534 3006 conditus:
3576 2967 3699 3021 qua:

425 3037 569 3107 quod
610 3036 870 3092 Dominus
915 3036 1192 3106 discipulis
1236 3037 1311 3090 ait
1344 3055 1357 3090 :
1387 3037 1487 3092 hac
1534 3048 1682 3092 nocte
1721 3038 2007 3108 postulavit
2111 3044 2464 3115 proferuntur
2497 3043 2643 3098 enim
2683 3042 2846 3098 dubia
2894 3051 3038 3109 sunt,
3073 3051 3130 3098 et
3171 3043 3411 3113 indigent
3461 3043 3698 3103 clariore

427 3125 658 3181 Satanas
683 3141 871 3180 vexare
910 3141 996 3180 vos
1035 3125 1174 3178 sicut
1215 3126 1468 3179 triticum.
1521 3125 1705 3181 Dictus
1753 3135 1836 3181 est
1880 3141 2011 3196 ergo
2037 3117 2082 3178 C
2113 3133 2459 3198 documento,
2485 3133 2625 3188 sicut
2670 3133 2800 3188 illud
2842 3133 2985 3204 quod
3016 3134 3275 3203 scriptum
3300 3141 3384 3187 est
3414 3150 3427 3185 :
3463 3130 3697 3203 Spiritus

427 3215 649 3285 spiritus
684 3213 784 3270 Dei
807 3213 999 3279 malus,
1027 3214 1133 3269 hoc
1169 3222 1256 3269 est
1293 3215 1544 3269 minister
1583 3214 1678 3270 Dei
1705 3214 1775 3269 ad
1804 3215 2007 3271 facien-

427 3306 555 3362 dum
593 3307 647 3361 ln
677 3303 829 3369 Saul,
860 3305 1005 3374 quod
1043 3319 1164 3358 eum
1195 3305 1306 3373 pati
1348 3303 1514 3372 iudex
1543 3305 2005 3374 omnipotentissi-

427 3411 550 3452 mus
577 3394 854 3464 judicabat
879 3409 894 3448 :
921 3383 1180 3465 quoniam
1207 3395 1430 3465 spiritus
1451 3393 1541 3450 ille
1577 3395 1872 3461 voluntate,
1898 3412 2005 3466 qua

430 3486 608 3543 malus
628 3496 768 3553 erat,
798 3503 905 3542 non
936 3495 1053 3542 erat
1078 3487 1208 3553 Dei;
1233 3495 1488 3544 creatura
1517 3501 1669 3553 vero,
1697 3502 1801 3556 qua
1824 3491 2009 3545 condi-

429 3588 520 3634 tus
543 3586 684 3645 erat,
723 3589 779 3634 et
806 3586 1074 3649 potestate
1121 3593 1283 3648 quam
1329 3595 1437 3635 non
1489 3593 1606 3646 sua,
1657 3579 1750 3634 sed
1795 3579 2009 3636 Domini

429 3671 696 3736 omnium,
720 3669 971 3740 equitate
1005 3679 1311 3739 acceperat,
1339 3670 1432 3725 Dei
1463 3677 1602 3725 erat.
1626 3669 1804 3726 Verba
1844 3671 2008 3726 etiam

431 3762 544 3833 ipsa
586 3761 989 3832 Scripturarum
1021 3761 1094 3816 ita
1123 3777 1182 3818 se
1207 3761 1426 3817 habent.
1459 3761 1513 3835 (I
1548 3761 1678 3834 Reg.
1707 3762 1792 3816 16.
1826 3761 1915 3835 15)
1939 3762 2009 3818 Et

427 3855 656 3908 perrexit
683 3853 921 3918 Samuel,
955 3855 1152 3925 inquit,
1181 3864 1229 3909 et
1262 3855 1389 3908 abiit
1413 3855 1468 3908 in
1499 3853 1785 3921 Ramatha,
1817 3864 1866 3909 et
1909 3857 2012 3926 spio

430 3943 565 3997 ritus
588 3943 685 3997 Dei
717 3945 924 3998 recessit
945 3962 976 3998 a
1015 3943 1168 4010 Saul,
1200 3955 1247 3999 et
1275 3945 1662 4016 comprehendit
1693 3962 1812 3999 eum
1855 3947 2011 4018 spiri-

430 4041 516 4085 tus
541 4030 802 4102 malignus
837 4051 868 4087 a
912 4033 1162 4100 Domino,
1193 4044 1241 4088 et
1275 4033 1568 4105 suﬁ'ocabat
1596 4052 1736 4091 eum.
1767 4035 1834 4089 Et
1863 4038 2012 4092 dixe-

432 4133 555 4178 runt
579 4126 728 4194 pueri
758 4124 889 4179 Saul
918 4126 988 4178 ad
1011 4143 1128 4179 eum
1153 4145 1171 4183 :
1203 4125 1338 4181 Ecce
1361 4128 1577 4198 spiritus
1600 4127 1815 4182 Domini
1840 4128 2012 4184 malus

431 4215 659 4283 suﬂ'ocat
703 4224 772 4269 te.
804 4217 919 4271 l-loc
966 4217 1129 4287 igitur
1173 4234 1204 4272 a
1242 4219 1426 4287 pueris
1477 4216 1594 4287 ejus
1641 4221 1910 4290 quomodo
1941 4221 2014 4276 sit

432 4303 638 4358 dictum
662 4306 883 4374 spiritus
918 4307 1012 4361 Dei
1050 4307 1338 4378 malignus,
1369 4311 1650 4380 superiora
1677 4311 1842 4366 verba
1875 4311 2013 4367 indi-

434 4401 563 4448 cant
586 4398 858 4452 narrantis
891 4396 1204 4469 Scriptum,
1247 4408 1303 4455 et
1329 4402 1559 4458 dicentis
1593 4422 1606 4457 :
1635 4404 1853 4475 spiritus
1896 4423 2012 4459 ma-

435 4485 608 4556 lignus
660 4503 694 4540 a
746 4487 995 4544 Domino.
1045 4489 1354 4547 Secundum
1404 4494 1508 4549 hoc
1553 4495 1698 4549 enim
1751 4495 2008 4564 Domini,

434 4576 580 4646 quod
611 4592 640 4630 a
665 4575 912 4645 Domino,
947 4581 1074 4651 quia
1113 4597 1210 4652 per
1257 4583 1494 4654 seipsum
1543 4600 1742 4640 necare
1801 4585 1829 4626 δ
1875 4587 2014 4643 velle

432 4665 665 4723 habebat
696 4686 708 4720 :
739 4669 794 4723 id
825 4679 910 4724 est
940 4673 1399 4742 comprehendere
1426 4673 1553 4729 Saul
1584 4693 1594 4728 :
1632 4691 1791 4744 posse
1829 4687 2010 4732 autem

433 4777 542 4816 non
589 4761 860 4829 habebat,
917 4764 1022 4818 nisi
1075 4780 1282 4818 summa
1317 4765 1532 4834 justitia
1572 4769 1845 4823 sineretur
1898 4788 1909 4824 :
1965 4772 2012 4826 si

432 4850 578 4905 enim
594 4850 738 4920 justo
762 4853 1001 4908 vindicat
1029 4854 1193 4921 Deus,
1223 4857 1675 4926 quemadmodum
1725 4858 1840 4929 ipse
1881 4861 2015 4916 dicit

335 4972 345 4980 -
433 4940 723 5012 Apostolus
759 4958 772 4993 :
818 4941 871 5010 (I
903 4941 1053 4997 Rom.
1099 4943 1154 5014 ἓ)
1192 4961 1309 4999 cum
1334 4945 1496 5000 tradit
1522 4947 1754 5003 homines
1783 4950 1853 5003 ad
1884 4968 2012 5004 con-

433 5031 778 5102 cupiscentias
811 5033 984 5088 cordis
1019 5051 1197 5088 eorum
1215 5053 1232 5100 ;
1260 5037 1334 5091 nil
1366 5038 1563 5093 mirum
1593 5041 1637 5095 si
1662 5041 2014 5098 nihilominus

428 5122 574 5191 juste
608 5122 891 5177 vindicans
937 5125 1103 5178 tradit
1145 5125 1308 5180 etiam
1342 5142 1435 5183 eos
1465 5129 1517 5183 in
1567 5133 2012 5202 concupiscentias

433 5213 659 5268 aliorum
681 5229 875 5269 nocere
901 5214 1217 5281 volentium,
1250 5231 1346 5272 sua
1387 5234 1602 5289 semper
1648 5220 2010 5276 incommuta-

437 5303 529 5357 l.-ili
573 5305 828 5374 aequitate
865 5313 1099 5360 servata.
1130 5304 1682 5363 Animadvertendum
1716 5318 1800 5364 est
1845 5325 2012 5374 sane,

437 5409 560 5449 cum
591 5397 958 5452 additamento
979 5397 1082 5454 dici
1105 5398 1322 5470 spiritus
1337 5397 1433 5452 Dei
1461 5399 1653 5465 malus,
1678 5417 1801 5457 cum
1829 5411 2009 5458 autem

440 5489 812 5546 tantummodo
835 5489 1033 5546 dicitur
1057 5492 1272 5563 spiritus
1312 5492 1425 5557 Dei,
1454 5492 1665 5547 etiamsi
1709 5508 1814 5546 non
1848 5494 2013 5548 adda-

515 5660 535 5686 ι·
572 5648 760 5702 Editus
784 5649 1112 5715 Augustinus
1139 5650 1259 5703 inde
1297 5651 1383 5701 sit.

2111 3221 2209 3276 Dei
2237 3222 2503 3292 ferebatur
2528 3239 2686 3294 super
2706 3239 2872 3294 aquas
2911 3221 3066 3295 (Cen.
3108 3223 3156 3276 1.
3191 3221 3269 3296 2).
3311 3221 3471 3290 Nam,
3519 3231 3578 3278 et
3623 3223 3698 3278 ibi

2112 3313 2375 3384 Spiritum
2403 3323 2652 3371 sanctum
2690 3317 2938 3386 accipere
2964 3315 3092 3386 quid
3137 3315 3417 3387 impediat,
3449 3330 3561 3369 non
3617 3315 3704 3368 in;

2107 3408 2287 3474 venio,
2317 3424 2439 3464 cum
2466 3410 2613 3465 enim
2639 3426 2902 3481 aquarum
2934 3411 3152 3466 nomine
3194 3409 3284 3464 illa
3323 3409 3585 3464 materies
3619 3410 3701 3464 in—
3733 3418 3735 3420 ’

2111 3498 2424 3554 sinuaretur
2467 3498 2737 3568 informis,
2769 3517 2889 3571 quae
2933 3501 3001 3556 de
3041 3500 3212 3556 nihilo
3235 3497 3382 3554 facta
3413 3507 3520 3565 est,
3551 3501 3700 3556 unde

2109 3589 2291 3644 omnia
2333 3589 2572 3645 ﬂerent:
2617 3593 2740 3661 quis
2787 3591 3037 3662 prohibet
3085 3590 3386 3661 intelligere
3427 3588 3698 3660 Spiritum

2110 3689 2358 3736 sanctum
2405 3682 2718 3750 conditoris,
2753 3683 2897 3752 quod
2927 3680 3365 3752 superlerebatur
3401 3681 3531 3736 huic
3578 3697 3698 3735 ma-

2110 3771 2282 3836 teriai,
2323 3786 2430 3826 non
2473 3771 2714 3827 locorum
2747 3773 3026 3842 gradibus,
3059 3771 3465 3840 inter-vallisque
3498 3771 3700 3840 spatio-

2110 3879 2263 3929 rum;
2288 3862 2433 3933 quod
2467 3877 2808 3934 nequaquam
2839 3863 2907 3918 de
2935 3863 3042 3918 ulla
3069 3877 3129 3917 re
3169 3865 3487 3932 incorporea
3544 3871 3699 3917 recte

2111 3955 2328 4020 dicitur,
2358 3953 2454 4010 sed
2479 3953 2797 4010 excellentia
2831 3962 2886 4010 et
2927 3953 3221 4008 eminentia
3247 3952 3582 4008 dominantis
3613 3968 3699 4007 su-

2109 4062 2207 4119 pra
2232 4047 2415 4102 omnia
2437 4047 2751 4114 voluntatis,
2786 4057 2847 4104 ut
2885 4048 3068 4102 omnia
3120 4045 3522 4102 conderentur?
3550 4060 3695 4114 prat-

2111 4138 2301 4193 sertim
2336 4154 2460 4194 cum
2496 4154 2563 4195 ea
2611 4139 2832 4206 locutio,
2861 4141 3001 4195 sicut
3030 4139 3242 4193 illarum
3291 4138 3695 4207 scripturarum

2112 4248 2230 4288 mos
2257 4241 2362 4300 est,
2399 4234 2563 4288 etiam
2585 4235 2959 4305 propheticum
2989 4233 3258 4304 quoddam
3292 4241 3449 4287 sonat
3495 4242 3696 4302 myste-

2115 4326 2274 4392 rium,
2297 4341 2404 4396 quo
2427 4325 2594 4381 futuri
2620 4326 2960 4396 baptismatis
2979 4341 3144 4396 aqua,
3175 4335 3231 4382 et
3262 4324 3470 4394 Spiritu
3506 4334 3698 4382 sancto

2115 4417 2373 4472 nascituri
2395 4417 2576 4488 populi
2604 4417 2926 4490 figurantur.
2959 4416 3077 4472 Non
3115 4432 3246 4488 ergo
3291 4416 3458 4486 cogit,
3502 4424 3564 4470 ut
3616 4416 3697 4470 di-

2113 4515 2259 4561 ctum
2288 4517 2393 4573 est,
2420 4518 2469 4562 et
2491 4510 2706 4579 spiritus
2735 4508 2834 4564 Dei
2857 4508 3123 4579 ferebatur
3142 4524 3298 4578 super
3319 4523 3487 4578 aquas
3505 4548 3519 4572 ,
3543 4506 3693 4561 illum

2117 4597 2414 4669 intelligere
2440 4599 2701 4669 spiritum
2721 4599 2888 4669 (sicut
2935 4598 3178 4654 nonnulli
3218 4598 3548 4668 intelligunt)
3591 4615 3696 4667 quo

2115 4688 2302 4742 mundi
2331 4687 2500 4743 moles
2522 4689 2775 4744 universa
2804 4690 2909 4744 ista
2938 4703 3199 4758 corporea
3227 4687 3373 4741 velut
3399 4688 3694 4748 animatur.

2114 4781 2182 4834 ad
2222 4781 2581 4834 ministerium
2625 4795 2962 4851 quorumque
3004 4780 3370 4851 gignentium,
3396 4786 3453 4832 et
3496 4778 3552 4832 in
3601 4793 3694 4832 sua

2116 4872 2297 4940 specie
2359 4872 2810 4926 continendarum
2872 4871 3231 4941 corporalium
3295 4877 3690 4926 creaturarum.

2113 4961 2371 5017 Creatura
2405 4968 2489 5016 est
2511 4961 2655 5015 enim
2682 4959 2940 5031 quidquid
2961 4969 3044 5016 est
3071 4961 3194 5015 tale.
3219 4959 3348 5015 illud
3369 4960 3534 5014 etiam
3554 4959 3694 5028 quod

2115 5051 2376 5121 scriptum
2407 5059 2491 5105 est
2523 5068 2535 5104 :
2571 5049 2720 5121 (Sap.
2758 5052 2807 5104 1.
2839 5052 2894 5123 7)
2940 5051 3189 5121 quoniam
3224 5048 3454 5120 Spiritus
3482 5049 3693 5104 Domini

2115 5140 2324 5210 replevit
2351 5140 2523 5195 orbem
2553 5150 2834 5206 terrarum,
2880 5155 2988 5194 non
3037 5141 3250 5205 desunt,
3301 5140 3394 5209 qui
3443 5140 3692 5195 eumdem

2116 5232 2366 5302 spiritum
2396 5232 2566 5286 velint
2593 5232 2872 5302 accipere;
2923 5231 3244 5286 invisibilcm
3297 5230 3506 5286 scilicet
3548 5244 3692 5284 cres-

2118 5335 2296 5381 turam
2321 5333 2516 5380 cuncta
2555 5324 2791 5380 visibilia
2836 5324 3130 5379 universali
3159 5323 3691 5402 quadam‘conspira-

2121 5418 2265 5471 tione
2320 5425 2658 5486 vcgetautem
2723 5423 2885 5486 atque
2935 5415 3320 5469 continentem.
3367 5413 3474 5469 Sed
3521 5427 3690 5480 neque

2121 5512 2209 5566 hic
2257 5513 2411 5564 video
2455 5511 2581 5579 quid
2621 5509 3176 5581 impediatSpiriwm
3208 5517 3454 5563 sanctum
3497 5503 3686 5561 intelli-

515 5717 542 5756 δ
585 5716 770 5772 Editus
821 5710 1000 5770 mirere
1029 5734 1044 5768 .·
1074 5731 1230 5774 antea
1274 5720 1480 5774 dixerat
1538 5720 1833 5788 suﬁ'ocare;
1877 5719 1968 5772 sed
2011 5715 2150 5773 infra
2183 5712 2311 5768 dir-it
2344 5710 2851 5766 noccrcrolentium.
