3904 6174
348 250 456 308 669

1231 253 1687 323 QUESTIONES
1722 253 1872 312 XXX
1912 253 2137 312 SUPER
2171 251 2412 311 LIBROS
2449 254 2708 312 REGUM.

3473 268 3576 323 670

349 379 499 438 gere,
529 379 650 421 cum
676 366 790 438 ipse
813 364 957 422 Deus
984 366 1130 424 dicat
1170 368 1310 440 apud
1333 368 1656 441 Prophetam
1683 369 1912 427 :coelum
1939 375 1991 436 Α
2015 367 2257 423 addit-um
2304 366 2498 433 malus,
2549 371 2675 439 quia
2725 369 2882 440 paulo
2920 373 3166 443 superius
3203 375 3315 446 iam
3373 378 3576 436 dictum

346 464 406 511 et
434 463 638 510 terram
661 470 762 526 ego
796 456 992 526 impleo
1022 475 1035 512 :
1075 457 1208 528 (Jer.
1238 458 1326 513 22.
1368 460 1460 534 2t)
1488 477 1594 516 non
1620 463 1764 518 enim
1792 462 1910 517 sine

345 561 446 604 suo
479 545 685 617 Spiritu
732 557 919 605 sancto
949 550 1134 620 implet
1181 551 1322 607 Deus
1354 555 1549 609 calum
1578 565 1633 610 et
1679 565 1904 612 terram.

343 634 482 703 Quid
511 651 640 706 ergo
669 638 866 693 mirum
882 639 934 694 si
958 640 1022 694 de
1044 639 1245 710 Spiritu
1269 651 1456 697 sancto
1469 645 1582 715 ejus
1602 646 1801 701 dictum
1825 655 1907 702 est

341 725 571 795 mplevit
597 727 784 781 orbem
822 731 1128 783 terrarum?
1153 731 1311 786 aliter
1334 733 1476 786 enim
1505 735 1672 802 replet
1712 737 1907 790 sancti-

340 814 576 880 licando,
610 818 750 872 sicut
795 820 861 875 de
910 820 1183 890 Stephano
1228 821 1398 892 (Acto.
1454 824 1506 878 6.
1537 825 1570 879 5
1621 835 1669 880 et
1716 828 1767 881 7.
1813 822 1922 900 55)’

339 906 574 961 dicitur:
607 907 830 979 repletus
871 919 946 964 est
989 910 1188 981 Spiritu
1223 925 1423 980 sancto,
1480 925 1536 970 et
1581 917 1647 970 de
1693 921 1905 975 caeteris

339 997 557 1053 talibus.
608 999 781 1055 Aliter
830 1016 958 1072 ergo
1002 1003 1172 1072 replet
1215 1016 1240 1044 ι
1290 1006 1662 1062 sanctiﬁcante
1707 1011 1903 1079 gratia,

336 1089 478 1143 sicut
501 1091 759 1159 quosdam
807 1102 1041 1157 sanctos,
1083 1094 1240 1148 aliter
1272 1094 1519 1150 adstante
1560 1106 1719 1166 atque
1759 1099 1905 1154 ordi-

332 1192 500 1237 nante
528 1185 813 1252 praesentia
856 1186 995 1239 sicut
1023 1188 1222 1240 omnia.
1271 1187 1632 1254 Quamobrem
1678 1193 1860 1246 nescio
1885 1235 1899 1256 ,

333 1280 516 1326 utrum
541 1280 689 1328 certo
725 1273 905 1344 aliquo
941 1275 1260 1331 documento
1299 1277 1689 1347 scripturarum
1731 1283 1903 1350 possit

331 1362 563 1427 ostendi,
618 1364 740 1417 cum
781 1365 897 1420 siue
926 1365 1033 1420 ullo
1062 1366 1425 1423 additamento
1448 1369 1644 1424 dicitur
1670 1370 1900 1442 Spiritus

329 1449 452 1513 Dei,
483 1450 566 1504 vel
614 1450 844 1521 Spiritus
893 1453 1128 1519 Domini,
1151 1443 1352 1524 aliquid
1384 1457 1526 1512 aliud
1569 1460 1897 1530 signiﬁcari,

328 1556 492 1609 quam
520 1539 782 1609 Spiritum
825 1551 1090 1597 sanctum.
1131 1544 1236 1600 Sed
1276 1554 1331 1600 et
1363 1547 1408 1600 si
1439 1557 1521 1602 est
1565 1547 1702 1604 forte
1753 1553 1895 1620 quod

2010 465 2150 524 erat,
2178 465 2232 512 et
2250 456 2320 512 de
2345 457 2622 514 vicinitate
2649 458 2940 529 Scriptura
2962 463 3238 520 subaudiri
3259 476 3315 523 et
3347 468 3574 542 intelligi

2007 561 2238 622 poterat.
2291 552 2369 607 lta
2392 555 2534 608 enim
2562 553 2616 608 in
2639 555 2900 625 ejusmodi
2925 558 3324 627 exemplaribus
3346 561 3572 631 legitur:

2009 641 2171 710 (Ibid.
2199 642 2289 713 25)
2330 642 2502 712 Igitur
2531 645 2942 715 quandocunque
2963 648 3175 717 spiritus
3186 649 3576 720 Deiarripiebat

2009 727 2162 794 Saul,
2187 731 2397 784 tollebat
2431 731 2600 786 Dauid
2637 733 2926 800 citharam,
2974 746 3023 789 et
3063 739 3379 806 percutiebat
3415 757 3576 796 manu

2005 838 2125 886 sua,
2161 832 2207 876 et
2229 821 2624 889 refocillabatur
2649 822 2800 890 Saul,
2828 837 2877 878 et
2899 825 3058 881 levius
3083 828 3304 882 habebat
3333 845 3350 883 :
3374 832 3576 886 recede-

2007 911 2092 964 bat
2115 917 2251 965 enim
2280 914 2345 966 ab
2392 929 2452 966 eo
2500 913 2716 983 spiritus
2741 913 2931 968 malus.
2974 914 3099 970 Sive
3139 931 3269 988 ergo
3307 920 3448 987 quod
3494 920 3575 974 di-

2005 1013 2148 1059 ctum
2191 1004 2280 1058 hic
2319 1019 2428 1058 non
2457 1013 2558 1068 est,
2608 1007 2827 1076 spiritus
2873 1006 3004 1072 Dei,
3053 1009 3146 1062 sed
3201 1011 3572 1066 tantummodo

2002 1097 2215 1156 spiritus
2245 1095 2432 1163 malus,
2457 1098 2600 1166 quod
2625 1099 2696 1153 ibi
2719 1098 3112 1154 minusdictum
3140 1109 3272 1163 erat,
3307 1109 3563 1169 tauquam

2003 1185 2271 1239 redditum
2298 1195 2560 1255 apparet:
2593 1189 2704 1240 sive
2751 1188 2878 1256 quia
2922 1190 3171 1259 superius
3217 1191 3291 1244 ita
3335 1192 3566 1261 positum

2001 1281 2116 1328 erat
2145 1288 2159 1326 :
2186 1274 2346 1344 (Ibid.
2385 1275 2452 1329 15
2479 1286 2528 1328 et
2553 1276 2638 1346 16)
2659 1286 2706 1330 et
2728 1277 2972 1332 dixerunt
2995 1279 3126 1333 servi
3152 1277 3282 1334 Saul
3311 1269 3380 1332 ad
3399 1297 3521 1334 eum
3547 1298 3566 1336 :

1999 1377 2114 1414 ecce
2134 1361 2362 1430 Spiritus
2389 1363 2484 1415 Dei
2517 1364 2687 1418 malus
2723 1367 2954 1435 exagitat
2987 1375 3066 1431 te;
3093 1367 3272 1436 jubeat
3311 1367 3566 1422 Dominus

1999 1460 2205 1514 noster;
2237 1460 2282 1503 et
2305 1453 2436 1504 servi
2455 1453 2552 1515 tui,
2575 1455 2664 1522 qui
2695 1471 2869 1508 coram
2890 1465 2938 1509 te
2963 1465 3102 1520 sunt,
3130 1469 3364 1526 quierant
3395 1461 3565 1513 homi-

1998 1556 2113 1594 nem
2133 1541 2375 1594 scientem
2406 1542 2628 1612 psallere
2674 1545 2896 1609 cithara,
2932 1555 2990 1598 ut
3031 1547 3240 1616 quando
3285 1549 3566 1617 arripuerit

330 1630 382 1684 in
409 1633 817 1700 praesentiarum
865 1648 971 1688 non
1013 1643 1286 1700 occurrat,
1312 1635 1439 1690 illud
1469 1646 1617 1692 certe
1659 1639 1896 1695 arbitror
1994 1640 2045 1686 ιε
2066 1634 2280 1703 Spiritus
2309 1633 2407 1688 Dei
2435 1634 2636 1700 malm.
2669 1637 2860 1706 psallat
2882 1654 3042 1692 manu
3063 1655 3183 1703 sua,
3217 1647 3266 1692 et
3291 1639 3450 1694 levius
3489 1640 3566 1709 fc-

327 1737 432 1775 non
463 1730 664 1777 temere
695 1722 799 1778 dici
827 1725 1075 1793 quotiens
1108 1726 1161 1780 in
1191 1727 1392 1782 sanctis
1415 1727 1641 1796 eloquiis
1661 1745 1894 1786 comme-
1919 1731 1968 1790 B
1996 1739 2102 1778 ναε-
2123 1725 2238 1779 Νοη
2263 1732 2384 1779 erat
2413 1741 2567 1794 opus.
2593 1735 2652 1780 υἱ
2675 1742 2888 1782 rursum
2912 1730 3565 1800 ἀίοοτεῑιιΐνιιυθηάοοιιιὶ·

327 1820 572 1867 moratur
600 1811 828 1883 Spiritus
853 1814 970 1879 Dei,
1012 1830 1112 1870 nec
1153 1816 1370 1870 additur
1398 1817 1622 1887 aliquid,
1651 1821 1764 1875 sive
1805 1821 1892 1877 ille
1996 1829 2101 1884 que
2141 1816 2363 1884 Spiritus
2394 1817 2489 1871 Dei
2543 1819 2840 1886 arripiebat
2890 1820 3053 1887 Saul,
3101 1821 3300 1878 addere
3342 1821 3561 1887 malum,

326 1903 494 1968 Patri,
521 1913 576 1958 et
597 1905 733 1960 Filio
757 1907 1226 1962 consubstantialis
1246 1907 1478 1978 Spiritus
1516 1919 1754 1977 sanctus,
1779 1911 1892 1968 sive

325 1994 507 2062 aliqua
556 1995 842 2051 invisibilis
887 2006 1134 2051 creatura
1185 1997 1540 2069 intelligatur,
1578 2002 1775 2056 malum
1812 2011 1892 2056 ta-

323 2100 447 2138 men
489 2101 596 2139 non
624 2101 781 2155 posse
824 2086 1070 2156 intelligi,
1105 2088 1208 2142 nisi
1245 2089 1408 2142 etiam
1437 2089 1667 2144 addatur
1695 2090 1886 2145 malus.

324 2173 468 2227 Malo
496 2177 660 2240 enim,
691 2175 815 2244 quia
838 2175 974 2231 bene
1015 2178 1184 2230 utitur
1220 2177 1384 2243 Deus,
1415 2179 1482 2234 ad
1531 2180 1889 2235 ministerium

321 2266 504 2334 iudicii
553 2269 656 2331 sui,
695 2267 992 2336 appellatur
1035 2269 1199 2323 etiam
1246 2269 1359 2337 ipse
1403 2270 1622 2339 spiritus
1674 2271 1770 2325 Dei
1822 2273 1891 2326 ad

319 2359 614 2414 vindictam
655 2362 952 2426 malorum,
986 2368 1041 2415 et
1086 2361 1443 2430 disciplinam,
1494 2362 1578 2417 vel
1625 2363 1888 2419 bonorum

322 2448 718 2517 probationem.

404 2556 422 2587 ι
469 2537 578 2592 Nec
622 2538 750 2592 illud
773 2538 884 2607 jam
925 2554 1142 2595 movere
1189 2555 1288 2595 nos
1313 2540 1489 2605 debet,
1537 2543 1677 2610 quod
1703 2551 1889 2612 postea

321 2628 586 2697 scriptum
628 2637 756 2683 est:
799 2629 853 2700 (Ι
906 2629 1034 2701 Reg.
1091 2630 1176 2685 19.
1224 2631 1314 2702 25)
1362 2632 1609 2687 eumdem
1671 2631 1887 2688 Saulem

319 2721 514 2791 spiritu
555 2720 649 2776 Dei
703 2737 866 2792 super
903 2739 960 2778 se
1008 2723 1148 2777 facto
1185 2725 1555 2794 prophetasse.
1608 2723 1888 2791 Quomodo

316 2820 441 2882 post
473 2811 673 2867 bonum
708 2813 958 2882 spiritum
987 2813 1208 2884 spiritus
1230 2814 1420 2888 malus,
1449 2822 1505 2868 et
1532 2830 1744 2869 rursum
1764 2823 1886 2882 post

314 2903 520 2957 malum
590 2903 809 2958 bonus?
881 2902 992 2959 lloc
1040 2905 1183 2960 enim
1249 2905 1310 2959 lit
1369 2920 1474 2959 non
1526 2905 1886 2960 mutabilitate

313 2992 550 3064 Spiritus
599 2995 800 3058 sancti,
859 2997 949 3063 qui
1005 3004 1090 3050 est
1143 2996 1491 3051 immutabilis
1551 3011 1672 3050 cum
1723 2996 1884 3051 Patre

1992 1905 2119 1974 quia
2148 1913 2331 1958 notum
2358 1916 2493 1968 erat,
2528 1906 2594 1960 de
2619 1922 2728 1976 quo
2759 1917 2887 1964 tunc
2919 1911 3211 1965 diceretur.
3275 1965 3280 1969 .

2061 1994 2088 2034 ἀ
2141 2013 2162 2046 ε
2216 1997 2399 2065 Itaque
2465 1996 2594 2051 Saul
2647 2007 2870 2068 propter
2912 1999 3333 2055 inobedientiam
3377 2015 3563 2072 repro-

1989 2083 2138 2148 bato,
2174 2085 2338 2139 mittit
2399 2086 2660 2141 Dominus
2707 2087 2923 2144 Samuel
2967 2090 3034 2144 ad
3079 2089 3205 2156 lsai,
3247 2100 3302 2145 et
3346 2099 3560 2161 sumptu

1989 2192 2157 2232 cornu
2197 2177 2300 2232 olei
2346 2163 2502 2233 unxit
2549 2179 2602 2232 in
2649 2194 2828 2250 regem
2888 2181 3076 2235 David.
3128 2181 3233 2236 Sed
3283 2182 3561 2238 videamus

1989 2269 2237 2323 eumdem
2264 2270 2430 2324 David
2453 2271 2722 2339 quomodo
2744 2269 3016 2324 Christum
3037 2273 3348 2341 prophetiae
3396 2272 3562 2342 signi-

1991 2358 2249 2412 lleaverit.
2287 2371 2309 2398 θ
2349 2359 2518 2413 David
2557 2360 2700 2414 enim
2747 2359 3138 2429 interpretatur
3172 2376 3331 2415 manu
3377 2360 3554 2426 fortis,

1991 2447 2105 2500 sive
2130 2447 2520 2503 desiderabilis.
2553 2449 2623 2502 Et
2656 2449 2784 2517 quid
2818 2448 3008 2501 fortius
3037 2448 3189 2502 leone
3211 2448 3301 2503 illo
3323 2448 3391 2503 de
3411 2449 3555 2503 tribu

1989 2532 2146 2600 Juda,
2178 2533 2356 2606 (Apoc.
2398 2536 2449 2590 5.
2485 2537 2540 2608 5)
2589 2537 2679 2605 qui
2711 2537 2839 2591 vicit
2870 2539 3162 2593 mundum?
3185 2539 3250 2593 Et
3275 2539 3401 2608 quid
3427 2539 3560 2594 desi-

1989 2624 2280 2680 derabilius
2301 2626 2411 2690 illo,
2440 2627 2506 2682 de
2536 2642 2644 2696 quo
2669 2627 2902 2682 dicitur:
2938 2629 3056 2698 (Ag.
3083 2629 3138 2682 2.
3173 2629 3227 2699 8)
3275 2631 3435 2685 veniet
3461 2630 3553 2684 de-

1987 2715 2249 2770 sideratus
2273 2718 2470 2771 cunctis
2497 2717 2769 2788 gentibus?
2799 2718 3026 2789 Ungitur
3048 2721 3148 2774 iste
3177 2720 3342 2774 David
3374 2723 3426 2775 in
3468 2736 3552 2778 rc-

1988 2820 2130 2876 gem,
2154 2805 2393 2860 futurum
2415 2806 2745 2863 denuntians
2763 2822 2860 2876 per
2876 2810 3178 2865 unctionem
3202 2811 3368 2874 illam,
3395 2811 3553 2866 Chri-

1987 2903 2131 2949 stum
2169 2913 2180 2946 :
2212 2895 2461 2952 Christus
2489 2898 2633 2951 enim
2661 2913 2692 2951 a
2717 2898 3007 2954 chrismate
3035 2900 3350 2970 appellatur.
3386 2901 3552 2956 David

1991 2985 2058 3039 ab
2087 2983 2268 3040 officio
2293 2987 2549 3055 pastorali
2585 3001 2860 3057 pecorum,
2909 2989 2974 3043 ad
3017 2989 3294 3044 hominum
3331 3004 3554 3060 regnum

309 3062 374 3140 et
394 3085 547 3147 Filio,
601 3085 695 3139 sed
744 3062 1099 3142 mutabilitate
1140 3086 1303 3140 animi
1339 3087 1557 3140 humani
1588 3087 1700 3141 Deo
1750 3102 1882 3141 cuu-
1911 3062 1956 3125 (ἶ
1990 3075 2331 3130 transfertur.
2360 3075 2553 3132 Noster
2580 3085 2758 3132 autem
2793 3078 2960 3134 David
2994 3080 3108 3149 ipse
3135 3079 3293 3135 Iesus
3331 3081 3400 3135 ab
3438 3080 3554 3134 ovi-

308 3182 401 3228 cta
454 3173 843 3240 distribuente,
901 3176 1016 3230 sive
1069 3175 1224 3231 malis
1269 3191 1370 3245 pro
1417 3177 1612 3232 merito
1661 3177 1883 3231 damna-

309 3265 509 3330 tionis,
561 3265 645 3321 vel
697 3267 1121 3332 emendationis,
1159 3267 1273 3323 sive
1301 3267 1457 3322 bonis
1499 3284 1598 3338 pro
1637 3267 1885 3339 largitate

309 3356 506 3424 gratia:
558 3371 688 3411 sum.
733 3355 1052 3427 Quanquam
1099 3357 1268 3412 videri
1316 3357 1486 3426 possit
1523 3359 1683 3411 etiam
1739 3357 1882 3412 idem

307 3445 480 3501 fuisse
507 3446 602 3500 Dei
643 3445 876 3516 Spiritus
925 3461 1139 3516 semper
1169 3447 1222 3501 in
1262 3445 1433 3502 Saul:
1470 3447 1644 3502 malus
1701 3455 1880 3501 autem

308 3534 409 3597 illi,
438 3537 580 3604 quod
608 3535 726 3606 ejus
751 3535 1052 3590 sanctitatis
1077 3549 1248 3604 capax
1277 3551 1384 3589 non
1407 3544 1571 3590 esset.
1621 3535 1727 3592 Sed
1771 3551 1878 3592 non

307 3634 458 3680 recte
492 3625 594 3680 hoc
639 3626 851 3681 videtur
879 3643 892 3680 :
923 3626 1091 3679 tutior
1135 3633 1219 3680 est
1251 3627 1394 3680 enim
1443 3627 1532 3680 ille
1570 3642 1782 3692 sensus,
1825 3634 1882 3681 et

306 3715 512 3778 verior,
546 3723 604 3768 ut
631 3730 730 3785 pro
753 3715 1115 3769 mutabilitate
1155 3713 1453 3769 affectionis
1482 3717 1731 3770 humanae
1764 3717 1876 3787 spi-

306 3803 448 3857 ritus
472 3803 567 3858 Dei
591 3805 766 3858 bonus
797 3804 825 3844 ιι
847 3805 1047 3859 bonum
1070 3803 1288 3870 alliciat,
1314 3805 1398 3858 vel
1422 3806 1489 3859 ad
1511 3806 1874 3875 prophetiam,

304 3894 394 3948 vel
422 3893 488 3948 ad
513 3909 647 3964 opus
678 3895 956 3965 quodlibet
985 3894 1129 3948 aliud
1164 3895 1218 3949 in
1247 3910 1468 3949 munere
1494 3895 1707 3958 divino;
1763 3893 1876 3948 alli-

304 3984 418 4038 ciat
445 3991 624 4038 autem
655 3985 846 4048 malus,
877 3993 900 4022 α
928 3985 1018 4053 qui
1067 3993 1285 4055 pr0pter
1341 3985 1699 4039 ministerium
1735 3985 1873 4040 divi-

303 4088 390 4128 na:
413 4075 682 4142 aequitatis
707 4074 885 4129 omnia
921 4074 1318 4140 distribuentis,
1361 4082 1416 4129 et
1439 4073 1689 4128 omnibus
1730 4081 1876 4129 recte

304 4167 508 4221 utentis
543 4167 740 4222 dicitur
768 4177 822 4222 et
851 4168 966 4238 ipse
989 4166 1221 4236 Spiritus
1245 4167 1336 4220 Dei
1369 4183 1381 4218 :
1419 4167 1718 4235 praesertim
1748 4166 1874 4235 quia

299 4257 507 4312 dictum
529 4264 612 4311 est
643 4256 690 4329 (I
718 4256 844 4326 Reg.
875 4257 960 4310 16.
991 4256 1080 4327 14)
1123 4258 1329 4310 recessit
1359 4257 1423 4310 ab
1449 4273 1509 4310 eo
1529 4257 1742 4326 spiritus
1756 4257 1868 4320 Dei,

301 4355 353 4399 et
380 4346 764 4416 comprehendit
810 4363 927 4400 eum
975 4347 1187 4417 spiritus
1233 4347 1490 4418 malignus
1539 4366 1571 4400 a
1608 4347 1870 4412 Domino;

302 4435 452 4490 nullo
478 4447 636 4505 pacto
665 4438 807 4491 enim
861 4446 1036 4505 potest
1085 4439 1224 4493 idem
1253 4439 1421 4493 videri
1474 4439 1764 4494 recessisse
1815 4446 1870 4492 et

303 4527 743 4596 apprehendisse.
771 4527 944 4582 Porro
977 4533 1154 4582 autem
1197 4530 1251 4582 in
1296 4529 1568 4585 nonnullis
1598 4528 1870 4600 exempla-

303 4617 475 4681 ribus,
507 4629 562 4672 et
589 4619 666 4673 eis
699 4619 956 4683 maxime,
986 4621 1078 4688 qui
1109 4620 1172 4674 de
1193 4619 1371 4690 lingua
1403 4621 1626 4675 Hebraea
1649 4621 1716 4675 ad
1744 4635 1868 4674 ver-

301 4709 430 4764 bum
457 4709 706 4764 videntur
741 4724 1018 4780 expressa,
1067 4710 1338 4764 invenitur
1366 4709 1594 4779 Spiritus
1617 4711 1714 4764 Dei
1754 4711 1871 4766 sine

303 4800 670 4856 additamento
710 4801 940 4871 positus,
982 4809 1037 4855 et
1085 4801 1401 4871 intelligitur
1444 4802 1638 4867 malus,
1689 4817 1752 4857 ex
1805 4818 1870 4859 eo

302 4890 446 4955 quod
470 4891 767 4960 arripiebat
794 4891 945 4954 Saul,
986 4899 1040 4945 et
1075 4890 1349 4946 reficiebat
1375 4907 1497 4947 eum
1529 4893 1697 4948 David
1741 4904 1862 4949 tau-

298 4981 474 5047 gendo
502 4982 785 5037 citharam.
833 4980 1170 5037 Manifestum
1217 4989 1302 5036 est
1339 4991 1540 5048 tamen,
1593 4983 1712 5038 ideo
1755 4999 1862 5038 non

371 5169 394 5228 ἐι
427 5156 691 5213 Nonnulla
734 5158 1006 5213 adduntur
1033 5157 1088 5210 in
1114 5157 1296 5223 editis,
1327 5171 1448 5228 quae
1500 5172 1685 5213 revera
1713 5171 1865 5226 repe-

303 5227 420 5280 titio
439 5229 780 5296 superiorum
807 5228 1056 5281 videntur
1081 5242 1218 5281 esse.

374 5297 400 5336 δ
449 5296 636 5352 Editus
666 5297 808 5353 bene.

373 5376 395 5402 ε
441 5366 674 5423 Additur
705 5368 757 5420 in
784 5366 943 5421 editis
972 5366 1126 5420 male.

355 5434 396 5556 lt:
457 5436 680 5506 Sumpta
727 5445 852 5491 sunt
893 5438 1007 5490 haec
1056 5451 1122 5491 ex
1177 5452 1297 5507 cap.
1347 5437 1380 5490 9
1433 5437 1622 5491 lsidori
1667 5436 1720 5490 in
1767 5435 1859 5489 lib.

399 5520 484 5556 ea.

304 5518 318 5556 ι
355 5507 484 5558 Rea.

377 5520 748 5656 :Lgllompara
773 5577 884 5656 haec
914 5591 1034 5630 cum
1066 5576 1321 5656 iis,_qu_:e
1343 5576 1505 5656 tradit
1534 5577 1754 5656 August.
1803 5591 1856 5629 ιι.

308 5643 329 5695 1
347 5661 535 5700 .scrm.
562 5643 616 5701 1.“
631 5648 683 5702 in
712 5646 848 5702 Psal.
870 5662 1045 5700 xxxiv.
1066 5643 1234 5702 Verba
1263 5647 1374 5701 hate
1392 5660 1406 5696 :
1427 5645 1594 5700 David
1618 5643 1867 5715 interpre-

1987 3167 2088 3222 bus
2100 3167 2338 3222 Judaicae
2349 3166 2522 3237 plebis
2541 3167 2771 3232 ablatus,
2795 3169 2849 3222 in
2872 3183 3094 3239 regnum
3123 3169 3362 3238 gentium
3382 3178 3554 3224 trans-

1985 3256 2126 3311 latus
2163 3267 2264 3311 est.
2296 3257 2356 3311 In
2395 3256 2576 3313 Judtea
2607 3259 2752 3312 enim
2781 3258 2937 3329 plebe
2955 3275 3062 3314 non
3087 3269 3169 3314 est
3209 3261 3366 3316 modo
3395 3259 3552 3314 Chri-

1983 3355 2092 3410 tus,
2117 3347 2327 3402 ablatus
2347 3355 2430 3402 est
2461 3346 2642 3414 modo,
2672 3363 2817 3404 nunc
2837 3350 3075 3419 gentium
3117 3364 3307 3420 greges
3355 3350 3548 3421 pascit.

1981 3440 2114 3494 Erat
2159 3449 2341 3496 autem
2389 3440 2557 3496 David
2619 3441 2676 3496 in
2720 3441 2948 3496 canticis
3000 3442 3222 3496 musicis
3267 3443 3548 3507 eruditus;

1981 3534 2317 3588 diversorum
2332 3533 2476 3587 enim
2498 3547 2754 3587 sonorum
2780 3531 3113 3586 rationabilis
3137 3529 3550 3599 modulatusque

1979 3633 2275 3680 concentus
2322 3625 2576 3679 concordi
2624 3624 2886 3678 varietate
2927 3631 3240 3689 compactus
3285 3620 3548 3676 ordinatae

1977 3714 2229 3768 Ecclesia:
2247 3713 2486 3768 insinuat
2497 3712 2758 3767 unitatem
2769 3751 2784 3775 ,
2807 3723 2925 3779 quae
2943 3709 3108 3762 variis
3121 3707 3294 3762 modis
3307 3707 3546 3776 quotidie

1978 3811 2215 3866 resonat,
2239 3811 2293 3856 et
2321 3803 2585 3856 suavitate
2611 3801 2840 3870 mystica
2869 3799 3195 3853 modulatur.
3224 3797 3329 3852 lste
3369 3798 3546 3854 adhuc

1974 3907 2110 3964 puer
2134 3894 2189 3947 in
2226 3892 2433 3948 cithara
2482 3890 2744 3954 suaviter,
2776 3889 2884 3944 imo
2926 3887 3140 3943 fortiter
3169 3903 3386 3952 canens,
3428 3903 3543 3942 ma-

1974 3987 2178 4057 lignum
2213 3985 2479 4054 spiritum,
2509 3983 2600 4053 qui
2649 3981 2971 4051 operabatur
3012 3981 3066 4034 in
3116 3979 3296 4044 Saule,
3328 3993 3543 4048 compe-

1975 4077 2133 4132 scuit.
2149 4095 2166 4128 ι
2188 4075 2321 4130 Nam
2341 4075 2461 4145 quis
2489 4075 2710 4128 cithara:
2735 4073 2876 4128 illius
2898 4081 3047 4127 tanta
3070 4071 3244 4125 virtus
3265 4070 3416 4125 erat?
3443 4069 3537 4126 sed

1973 4169 2144 4239 ﬁgura
2178 4166 2357 4223 crucis
2382 4165 2606 4230 Christi,
2660 4180 2783 4234 qua:
2827 4164 2894 4218 de
2933 4163 3080 4233 ligno
3127 4170 3182 4215 et
3225 4160 3537 4215 extensione

1972 4273 2261 4314 nervorum
2295 4258 2521 4328 mystice
2550 4255 2854 4327 gerebatur,
2883 4255 3102 4324 ipsaque
3136 4252 3317 4322 passio
3343 4259 3534 4307 cauta-

1974 4349 2156 4414 batur,
2179 4349 2233 4402 in
2262 4349 2366 4403 hoc
2411 4347 2653 4401 tribuens
2696 4345 2974 4399 moraliter
2993 4343 3321 4412 exemplum,
3349 4351 3410 4396 ut
3456 4341 3536 4395 fa-

1973 4450 2115 4498 stum
2156 4439 2381 4493 divitum
2427 4451 2676 4492 sermone
2727 4434 2914 4488 bumili
2967 4434 3036 4488 ad
3084 4432 3285 4501 aliquid
3333 4433 3532 4488 bonum

1967 4543 2339 4602 provocemus.

2049 4620 2068 4660 ι
2102 4640 2119 4670 ι
2153 4619 2476 4688 Plerumque
2494 4616 2656 4671 etiam
2694 4613 2954 4684 superbus
2975 4613 3124 4668 dives
3143 4611 3534 4667 exhortationis

1971 4713 2342 4768 blandimento
2368 4708 2664 4779 placandus
2686 4716 2768 4761 est
2791 4724 2804 4760 :
2834 4705 2960 4776 quia
2987 4714 3040 4759 et
3065 4703 3380 4773 plerumque
3400 4703 3530 4758 dura

1977 4805 2001 4845 ε
2031 4803 2254 4857 vulnera
2291 4816 2388 4870 per
2443 4798 2587 4853 lenia
2635 4796 2872 4852 fomenta
2907 4795 3246 4859 mollescunt,
3279 4801 3336 4848 et
3385 4793 3534 4848 furor

1973 4893 2283 4946 insanorum
2313 4905 2455 4959 smpe
2483 4890 2549 4944 ad
2573 4888 2820 4953 salutem,
2856 4887 3064 4942 medico
3093 4885 3418 4950 blandiente,
3445 4899 3549 4938 re-.

1970 4982 2186 5038 ducitur
2219 4998 2231 5032 :
2261 4994 2494 5048 cumque
2514 4980 2596 5034 eis
2631 4980 2684 5034 in
2723 4978 3003 5034 dulcedine
3049 4975 3493 5032 condescenditur
3514 5013 3529 5038 ,

1970 5166 2114 5209 tatur
2140 5172 2298 5210 manu
2321 5155 2473 5224 fortis
2508 5169 2678 5224 usque
2697 5154 2824 5209 dum
2859 5153 3112 5209 devenias
3139 5152 3206 5208 ad
3247 5168 3309 5208 ea
3341 5154 3533 5224 iungi-

1971 5235 2059 5278 tur
2085 5228 2182 5279 iste
2215 5223 2399 5294 David,
2427 5235 2557 5289 etc.;
2581 5223 2860 5294 desumpta
2885 5232 3099 5290 suntex
3126 5224 3300 5294 capite
3325 5223 3392 5278 87
3410 5223 3530 5294 libri

1971 5311 2106 5360 xxii,
2136 5304 2317 5348 contra
2342 5293 2602 5347 Faustum
2631 5308 2645 5346 :
2677 5292 2838 5362 atque
2863 5308 2930 5346 ex
2954 5307 3015 5346 ea
3039 5293 3254 5363 quidem
3275 5307 3343 5363 _re
3370 5292 3534 5360 conji-

1971 5366 2144 5419 cimus
2167 5365 2514 5433 pleraqueex
2547 5361 3018 5433 subsequentibus,
3044 5361 3240 5433 quibus
3275 5361 3422 5418 locus
3443 5364 3530 5419 hic

1969 5430 2292 5504 explicatur,
2320 5430 2388 5486 ex
2418 5430 2901 5504 Augustino‘fuisse
2927 5430 3225 5504 desumpta.

2048 5499 2523 5585 inS‘ubsequetttia
2561 5502 2814 5585 perquire
2837 5503 2887 5556 in
2923 5519 2974 5572 p.
3008 5503 3041 5558 5
3073 5499 3361 5557 Pastoralis
3401 5499 3532 5557 Gre-

1973 5574 2104 5644 gorii
2147 5569 2630 5695 blagniJadmonit.
2660 5569 2735 5643 5].

2048 5647 2072 5683 ε
2102 5643 2238 5695 Edttt
2275 5655 2287 5693 :
2363 5659 2456 5695 ura
2489 5651 2534 5694 et
2555 5639 2735 5695 rulner

2048 5647 2072 5683 ε
2102 5643 2238 5698 Editi
2275 5655 2287 5693 τ
2323 5639 2456 5697 dura
2489 5651 2534 5694 et
2555 5639 2787 5696 uulnera.
