3976 6170
408 264 508 321 671

1470 258 1748 316 CLAUDII
1784 256 2245 317 TAURINENSIS
2281 254 2588 315 EPISCOP'

3545 256 3651 313 δῖε

409 382 638 452 languor
662 376 1181 445 insanic'mitigatur
1208 387 1223 428 :
1252 380 1429 442 natiue
1473 372 1618 428 enim
1640 370 1980 442 negligenter
2005 373 2057 433 Α
2075 369 2212 439 iecit
2227 369 2521 427 diabolum.
2545 368 2604 423 In
2622 366 2817 423 {route
2840 366 3133 436 percussit,
3156 374 3220 422 et
3246 360 3451 437 cecidit
3473 380 3543 421 ex
3588 382 3654 422 eo

412 467 728 524 intuendum
748 474 853 531 est,
882 465 1022 535 quod
1056 475 1186 519 cum
1229 461 1447 517 Saulem
1473 461 1697 530 spiritus
1721 461 1980 517 adversus

412 556 707 618 invaderet,
737 555 1074 623 apprehensa
1103 552 1274 607 David
1309 550 1537 616 cithara,
1561 549 1680 618 ejus
1703 550 1979 605 vesaniam

410 645 653 701 sedabat.
679 644 819 710 Quid
850 645 995 698 enim
1034 659 1132 713 per
1160 641 1400 708 Saulem,
1448 642 1550 696 nisi
1592 640 1756 697 elatio
1790 650 1983 710 poten-

411 733 581 789 tium?
608 733 677 788 Et
703 733 831 801 quid
857 748 954 802 per
978 733 1146 788 David
1176 731 1436 795 innuitur,
1473 731 1577 786 nisi
1606 730 1828 786 humilis
1869 731 1981 789 vita

409 823 756 877 sanctorum?
776 822 909 877 Cum
944 837 1074 890 ergo
1112 820 1241 875 Saul
1264 819 1333 874 ab
1360 820 1637 875 immundo
1665 820 1856 889 spiritu
1887 826 1981 875 ar-

412 912 628 982 ripitur,
672 913 843 967 David
885 920 1147 975 canente,
1188 909 1306 978 ejus
1344 909 1565 965 vesania
1603 915 1978 977 temperatur:

408 1003 538 1071 quia
558 1018 683 1058 cum
708 1015 900 1057 sensus
934 1000 1232 1071 potentium
1268 1014 1366 1068 per
1397 998 1683 1053 elationem
1723 998 1781 1052 in
1835 998 1984 1053 furo-

410 1109 525 1149 rem
576 1094 825 1158 vertitur,
856 1093 1077 1162 dignum
1110 1099 1225 1155 est,
1253 1099 1315 1146 ut
1358 1089 1427 1144 ad
1464 1088 1695 1144 salutem
1739 1087 1981 1153 mentis;

409 1185 563 1254 quasi
588 1183 869 1238 dulcedine
890 1183 1134 1248 citharae,
1159 1180 1445 1238 locutionis
1460 1185 1659 1234 nostra:
1679 1178 1985 1248 tranquilli-

411 1284 521 1330 tate
545 1282 846 1330 revocetur.
891 1292 912 1326 ι

482 1363 534 1435 (ι
565 1363 695 1434 Reg.
754 1362 866 1435 l7.)
895 1363 1025 1417 Post
1064 1363 1179 1417 haec
1205 1360 1374 1416 David
1401 1360 1455 1414 in
1484 1358 1670 1429 prtelio
1710 1358 1983 1428 gigantem

412 1456 705 1527 superavit.
738 1467 766 1495 ι
800 1472 819 1504 ι
853 1454 987 1510 Cum
1046 1437 1309 1508 adversus
1362 1450 1618 1521 populum
1667 1449 1764 1505 Dei
1794 1448 1983 1503 alieni-

413 1559 564 1616 genae
589 1544 932 1607 dimicarent,
966 1542 1284 1612 provocavit
1309 1541 1559 1611 superbia
1581 1540 1939 1595 humilitatem
1965 1579 1980 1603 ,

2081 458 2203 515 loco
2242 459 2510 529 corporis,
2538 457 2628 513 ubi
2653 458 2865 529 signum
2896 455 3102 513 Christi
3142 471 3255 512 non
3278 455 3513 513 habuit:
3556 456 3655 512 hoe

2082 566 2297 623 quoque
2324 550 2448 606 licet
2461 550 2729 614 attendas,
2753 547 2991 618 quinque
3016 546 3222 617 lapides
3244 547 3425 618 posuit
3448 560 3464 602 :
3486 561 3651 602 unum

2081 641 2248 696 misit.
2277 639 2527 709 Quinque
2558 638 2681 693 libri
2726 650 2746 677 ο
2796 638 2927 707 legis
2969 646 3114 702 sunt,
3151 638 3246 695 sed
3283 638 3466 695 unitas
3504 638 3653 694 vicit.

2084 729 2261 801 (Rom.
2311 722 2398 784 i5.
2428 727 2517 799 l0)
2550 726 2832 783 Plenitudo
2875 728 3013 780 enim
3034 727 3164 799 legis
3188 729 3439 792 Charitas,
3472 736 3534 782 ut
3584 728 3658 782 ait

2080 818 2370 888 Apostolus
2414 816 2617 889 :(Epli.
2648 817 2701 870 4.
2734 817 2769 870 2
2794 826 2841 871 et
2885 817 2943 890 5)
2987 818 3295 886 sit/ferentes
3344 818 3559 871 invicem
3600 819 3655 871 iu

2083 909 2378 973 dilectione,
2401 909 2664 962 studentes
2696 925 2903 962 servare
2931 917 3185 963 unitatem
3215 908 3430 978 spiritus
3461 910 3519 962 in
3548 910 3659 963 uin-

2083 997 2201 1053 culo
2230 999 2395 1063 pacis.
2424 1000 2649 1053 Demum
2676 997 2767 1054 illo
2787 1014 3067 1069 percusso,
3096 1008 3260 1068 atque
3285 998 3517 1067 dejecto,
3548 999 3656 1071 gla-

2084 1088 2231 1143 dium
2257 1086 2374 1157 ejus
2393 1088 2631 1152 abstulit,
2662 1096 2853 1142 ctmox
2871 1096 3030 1159 caput
3052 1087 3125 1145 illi
3164 1088 3393 1142 abscidit
3426 1102 3442 1141 :
3475 1096 3533 1143 et
3558 1088 3660 1142 hoc

2084 1175 2213 1231 facit
2241 1186 2426 1232 noster
2450 1177 2637 1241 David,
2659 1175 2841 1244 dejicit
2864 1178 3138 1232 diabolum
3167 1178 3233 1233 de
3256 1178 3366 1232 suis
3400 1195 3413 1230 :
3447 1178 3658 1247 quando

2084 1273 2264 1320 autem
2284 1265 2514 1320 credunt
2550 1265 2732 1335 magni
2758 1266 2894 1336 ejus,
2927 1280 3062 1335 quos
3089 1266 3177 1320 ille
3215 1266 3270 1319 in
3299 1280 3460 1332 manu
3504 1266 3661 1321 habe-

2083 1354 2198 1420 bat,
2232 1364 2287 1410 et
2313 1356 2377 1410 de
2406 1355 2603 1424 quibus
2647 1365 2871 1411 caeteras
2895 1356 3105 1417 animas
3151 1357 3481 1419 trucidabat,
3530 1372 3658 1411 con-

2086 1453 2302 1499 vertunt
2328 1445 2538 1517 linguas
2564 1461 2691 1501 suas
2733 1454 2921 1501 contra
2969 1446 3264 1511 diabolum,
3306 1454 3359 1500 et
3381 1447 3464 1501 sic
3494 1445 3661 1502 Goliae

2086 1534 2153 1589 de
2180 1534 2356 1604 gladio
2405 1551 2503 1590 suo
2540 1543 2702 1605 caput
2731 1536 2938 1591 incidit.
2982 1535 3008 1576 ἀ
3049 1536 3315 1593 Convenit
3351 1539 3516 1592 etiam
3561 1536 3660 1593 hoc

411 1636 727 1707 provocavit
761 1635 1008 1690 diabolus
1042 1633 1337 1690 Christum.
1369 1634 1593 1703 Accepit
1617 1647 1767 1686 arma
1793 1631 1984 1687 bellica
2088 1626 2164 1680 illi
2203 1627 2336 1690 viro,
2368 1628 2460 1695 qui
2500 1637 2649 1682 recta
2677 1627 2780 1683 ﬁde
2810 1625 2950 1699 (qua:
2976 1628 3251 1699 plerisque
3294 1629 3501 1683 sanctis
3530 1629 3662 1683 solet

412 1736 630 1784 sanctus
653 1726 845 1791 David,
873 1736 930 1780 ul
958 1726 1214 1781 adversus
1233 1725 1443 1780 Goliam
1496 1708 1838 1796 procederet,
1866 1725 1981 1779 [nec
2010 1709 2055 1768 Β
2084 1717 2151 1771 ad
2168 1714 2439 1784 justitiam
2467 1718 2734 1787 deputari)
2763 1732 2826 1771 ea
2858 1719 2971 1788 ipsa
3004 1718 3300 1789 Scriptura:
3329 1733 3518 1783 sacra),
3546 1734 3661 1788 qua!

412 1833 565 1874 arma
587 1834 684 1888 per
710 1826 927 1872 mtatem
969 1827 1025 1872 et
1050 1831 1273 1885 parvam
1311 1825 1575 1871 staturam
1599 1816 1841 1885 corporis
1863 1830 1988 1884 por-

413 1921 530 1966 tare
557 1926 663 1967 non
687 1910 886 1974 valuit;
929 1907 1128 1977 abiecit
1162 1909 1471 1971 onerantia,
1502 1908 1712 1976 accepit
1750 1906 1989 1974 quinque

414 2001 620 2071 lapides
644 2000 712 2054 de
736 1999 956 2054 ﬂumine
993 2006 1050 2053 et
1096 1999 1276 2066 posuit
1317 1998 1538 2051 in'vase
1580 1995 1875 2066 pastorali:
1906 1994 1990 2048 his

412 2095 656 2144 armatus
678 2089 965 2159 processit,
980 2089 1204 2143 etvicit:
1220 2088 1325 2142 hoc
1345 2088 1561 2157 quidem
1578 2085 1667 2141 ille
1680 2086 1847 2140 David
1865 2102 1879 2151 ;
1895 2086 1989 2143 sed

413 2182 670 2250 mysteria
684 2187 1107 2251 perscrutemur.
1128 2179 1185 2233 In
1202 2179 1371 2233 David
1383 2178 1634 2233 Christus
1647 2176 1932 2247 iutelligitu
1940 2194 1985 2243 r,

412 2273 504 2342 qui
529 2281 769 2341 tempore
790 2270 1136 2326 revelationis
1156 2269 1289 2324 Novi
1311 2269 1643 2324 Testamenti
1660 2307 1675 2334 ,
1711 2268 1992 2322 insinuan-

412 2361 495 2417 da:
513 2370 569 2416 et
579 2360 1021 2417 commendanda:
1052 2362 1239 2431 gratia:
1251 2361 1542 2430 providens
1556 2374 1703 2415 arma
1718 2359 1987 2429 deposuit,

413 2448 653 2520 quinque
688 2449 893 2519 lapides
916 2450 1039 2504 tulit
1070 2468 1084 2503 :
1111 2450 1361 2520 deposuit
1384 2464 1514 2521 ergo
1540 2451 1842 2519 corporalia
1891 2448 1990 2504 Sa-

410 2548 689 2596 cramenta
740 2540 911 2612 legis,
949 2557 1069 2612 qua:
1107 2556 1214 2596 non
1257 2550 1385 2596 sunt
1413 2542 1661 2612 imposita
1703 2543 1986 2613 gentibus;

411 2630 663 2701 deposuit
696 2646 815 2700 quae
856 2648 961 2686 non
1001 2633 1394 2687 observamus:
1421 2648 1520 2688 nos
1562 2633 1707 2687 enim
1751 2641 1990 2689 veterem

414 2718 585 2789 legem
609 2720 863 2791 legimus,
919 2728 978 2774 et
1021 2735 1127 2774 non
1166 2722 1534 2776 observamus.
1570 2720 1676 2776 Sed
1706 2729 1886 2777 tamen
1922 2722 1991 2777 ad

414 2809 653 2879 aliquam
700 2811 1149 2881 signiﬁcationem
1194 2813 1517 2881 promissam
1544 2819 1600 2866 et
1625 2813 1861 2881 positam
1904 2814 1991 2868 in-

414 2899 727 2970 telligimus.
786 2900 1030 2972 Denique
1077 2903 1192 2957 haec
1241 2918 1391 2956 arma
1432 2901 1685 2970 deposuit
1730 2913 1987 2974 tanquam

413 3002 581 3043 onera
605 2997 1067 3044 sacramentorum
1095 2990 1295 3045 veteris
1328 2990 1492 3060 legis;
1519 2998 1575 3044 et
1600 2991 1772 3059 ipsam
1817 2991 1991 3062 legem

416 3080 626 3148 accepit
656 3097 668 3132 :
698 3080 938 3150 quinque
963 3081 1107 3134 enim
1128 3080 1338 3150 lapides
1361 3080 1600 3149 quinque
1630 3081 1799 3137 libros
1822 3081 1992 3152 Moysi

415 3168 740 3238 signiﬁcant.
775 3170 920 3225 Tulit
957 3187 1086 3241 ergo
1112 3171 1232 3226 illos
1259 3172 1501 3242 quinque
1544 3172 1751 3242 lapides
1782 3175 1851 3229 de
1890 3173 1991 3230 llu—

420 3257 588 3323 mine,
622 3259 675 3313 id
694 3268 780 3314 est
806 3260 874 3314 de
902 3261 1137 3315 saeculo:
1164 3261 1367 3316 labitur
1386 3261 1539 3316 enim
1559 3264 1787 3319 mortale
1815 3279 1990 3320 saecu-

416 3346 548 3412 lum,
575 3354 631 3402 et
654 3347 971 3416 pmterlluit
992 3350 1252 3418 quidquid
1273 3350 1421 3405 venit
1441 3350 1494 3405 in
1518 3351 1797 3407 mundum.
1818 3352 1992 3409 Erant

410 3437 556 3491 enim
589 3438 643 3491 in
674 3438 915 3504 ﬂumine,
948 3446 1199 3509 tanquam
1233 3440 1288 3494 in
1315 3440 1515 3510 populo
1546 3442 1643 3496 illo
1668 3443 1867 3510 primo,
1917 3443 1993 3498 la-

410 3524 567 3595 pides
606 3534 765 3581 erant
804 3526 915 3583 illic
953 3528 1192 3594 inutiles,
1239 3538 1295 3585 et
1337 3531 1637 3585 vacabant:
1666 3530 1993 3586 'l‘ransibant

412 3630 574 3684 supra
598 3615 811 3683 ﬂuvios,
835 3619 930 3673 sed
955 3619 1086 3689 quid
1109 3619 1238 3675 fecit
1266 3619 1437 3680 David
1453 3660 1468 3685 ,
1501 3629 1562 3676 ut
1588 3620 1669 3675 lex
1696 3620 1814 3690 ipsa
1843 3622 1992 3677 utilis

410 3706 597 3759 esset?
642 3707 853 3776 accepit
885 3709 1118 3777 gratiam
1150 3726 1162 3762 :
1198 3708 1413 3780 (Roma.
1458 3710 1513 3765 5.
1573 3711 1680 3783 10)
1725 3712 1810 3767 lex
1848 3713 1992 3768 enim

410 3795 530 3851 sine
554 3798 729 3868 gratia
755 3799 964 3870 impleri
980 3815 1092 3868 (non
1121 3810 1330 3871 potest;
1357 3801 1634 3873 plenitudo
1666 3804 1814 3859 enim
1852 3803 1994 3875 legis

413 3887 677 3944 eharitas.
701 3890 837 3957 Quia
858 3906 988 3963 ergo
1010 3893 1183 3963 gratia
1198 3892 1328 3949 fecit
1348 3894 1572 3964 implere
1592 3894 1767 3964 legem
1790 3914 1804 3949 :
1827 3897 2003 3967 signi-p

415 3976 612 4033 ﬁcatur
649 3986 828 4034 autem
859 3982 1033 4051 gratia
1053 3982 1195 4038 lacte
1219 4002 1234 4037 :
1262 3985 1366 4041 hoc
1411 3985 1558 4039 enim
1604 3995 1686 4041 est
1733 3986 1788 4040 in
1829 4002 1994 4042 carne

412 4069 730 4137 gratuitum,
757 4070 848 4124 ubi
877 4080 1052 4126 mater
1076 4089 1186 4127 non
1204 4075 1402 4143 quaarit
1423 4075 1690 4146 accipere,
1717 4077 1814 4131 sed
1842 4085 1992 4132 sata-

413 4160 491 4230 git
516 4162 676 4226 dare;
718 4162 824 4216 hoc
853 4171 1025 4217 mater
1050 4166 1220 4233 gratis
1269 4168 1382 4232 dat,
1425 4175 1484 4222 et
1519 4167 1898 4233 contristatur,
1946 4169 1993 4223 si

416 4251 559 4306 desit
586 4251 679 4320 qui
704 4251 955 4320 accipiat.
981 4252 1261 4319 Quomodo
1284 4272 1414 4328 ergo
1450 4257 1622 4313 David
1645 4258 1884 4315 ostendit
1911 4258 1992 4313 le-

415 4357 536 4414 gem
578 4343 699 4398 sine
738 4344 913 4413 gratia
940 4346 1156 4414 operari
1184 4362 1292 4403 non
1318 4351 1512 4418 posse?
1559 4350 1665 4406 nisi
1703 4365 1829 4407 cum
1869 4350 1992 4406 illos

414 4431 621 4502 lapides
660 4433 922 4505 quinque,
972 4436 1167 4506 quibus
1209 4438 1547 4510 significatur
1598 4441 1687 4498 lex
1743 4442 1797 4497 in
1836 4442 1992 4499 libris

415 4526 673 4596 quinque,
706 4542 842 4597 quos
885 4528 1212 4601 conjungere
1254 4533 1423 4588 voluit
1458 4537 1667 4606 gratia,
1713 4538 1895 4606 posuit
1936 4540 1990 4593 in

413 4634 542 4674 vase
567 4620 845 4688 pastorali,
868 4636 980 4690 quo
1005 4622 1087 4677 lac
1108 4624 1351 4694 mulgere
1373 4637 1748 4682 consueverat.
1776 4629 1873 4683 llis
1905 4645 1993 4683 ar-

414 4716 591 4764 matus
616 4711 880 4778 processit
905 4711 1163 4767 adversus
1193 4712 1406 4767 Goliam
1426 4717 1659 4783 superbe
1682 4724 1987 4784 putantem,

412 4801 479 4855 de
507 4817 565 4857 sc
587 4809 1026 4871 praesumentem.
1059 4803 1206 4858 Tulit
1238 4819 1406 4858 unum
1453 4805 1712 4875 lapidem,
1744 4808 1770 4848 ιι
1816 4817 1871 4863 et
1896 4810 1990 4863 de.

485 5017 509 5047 α
547 5004 879 5081 Augustinus
904 5005 992 5081 hic
1017 5022 1247 5081 quoque
1273 5023 1372 5064 nos
1416 5010 1591 5076 docet,
1635 5026 1795 5081 quem
1837 5013 1982 5069 scili-

378 5092 389 5099 λ
418 5083 501 5131 ret
520 5077 878 5146 explicantem
909 5076 1057 5150 Psal.
1083 5076 1271 5132 exilit.
1288 5081 1575 5150 descripsit
1596 5076 1869 5148 Claudius,
1889 5085 1985 5139 sed

416 5160 520 5201 non
581 5156 915 5210 constanter,
944 5148 1018 5202 uti
1065 5150 1190 5203 alibi
1235 5150 1393 5214 solet,
1425 5148 1772 5216 adamussim,
1802 5162 1857 5207 et
1904 5155 1981 5208 uti

414 5216 520 5270 dici
546 5230 664 5289 mos
685 5228 789 5289 est,
816 5217 885 5289 ad
911 5217 1137 5274 litteram
1166 5235 1364 5289 usque;
1391 5222 1647 5275 nonnulla
1684 5237 1751 5276 ex
1780 5238 1845 5277 eo
1883 5239 1981 5279 cv-

415 5285 607 5354 cerpit,
633 5297 689 5341 et
701 5288 917 5343 brevius
948 5288 1129 5353 tradit,
1159 5285 1259 5343 alia
1278 5304 1499 5358 prorsus
1524 5292 1798 5347 exscribit.
1819 5292 1980 5348 Com-

416 5367 570 5434 para,
600 5358 1007 5434 obsecro,.h.aec,
1038 5374 1160 5434 quae
1190 5360 1351 5414 habet
1374 5358 1648 5434 Claudius,
1666 5377 1788 5416 cum
1814 5362 1984 5434 Euar-

417 5426 919 5505 rationeAugustin-i
940 5429 999 5505 in
1024 5426 1488 5505 psalmum,quem_
1511 5431 1635 5505 dixi
1648 5447 1833 5487 exuit.
1852 5433 1981 5505 Sed.

417 5495 760 5571 utarbitror,
792 5495 1091 5571 enisido'ro
1133 5495 1427 5569 qumstflO
1475 5500 1529 5554 in
1562 5501 1737 5571 illeg.
1777 5503 1983 5558 exscri—

418 5561 524 5629 psit
542 5561 659 5616 hmc
694 5563 966 5619 Claudius.

492 5631 517 5671 δ
538 5631 870 5700 Augustinus
892 5636 1065 5694 editus
1093 5654 1105 5691 :
1136 5638 1403 5697 inimicum
1428 5641 1480 5695 in
1516 5640 1685 5711 fronte
1704 5645 1977 5716 percussit.

2088 1808 2376 1864 haereticus
2404 1809 2580 1875 all‘ert,
2616 1810 2922 1865 testimonia
2967 1811 3187 1881 colligit,
3218 1819 3275 1865 et
3303 1811 3508 1865 erroris
3550 1811 3661 1881 ejus

2088 1898 2443 1967 pertinaciam
2495 1911 2518 1938 ο
2563 1916 2690 1954 mox
2737 1900 3029 1955 convincit.
3059 1900 3260 1956 Contra
3306 1914 3409 1954 nos
3437 1915 3661 1969 namque

2089 1989 2215 2042 dum
2238 2004 2407 2044 sacra:
2442 1988 2577 2060 legis
2615 1992 2926 2045 testimonia
2955 1999 3266 2061 apportant,
3298 2004 3485 2045 secum
3513 1990 3660 2043 nobis

2090 2076 2346 2143 afferunt,
2383 2079 2526 2134 unde
2553 2079 3046 2148 viueantur.,Unde
3068 2088 3123 2135 et
3155 2080 3324 2135 David
3354 2088 3541 2150 typum
3571 2080 3663 2135 Dc»

2089 2169 2221 2223 mini
2259 2168 2274 2207 ί
2309 2170 2458 2240 (quia
2516 2170 2768 2226 videlicet
2820 2188 2981 2225 manu
3021 2172 3176 2242 {ortis
3228 2168 3658 2242 interpretatur),

2089 2256 2274 2313 Golias
2288 2273 2416 2313 vero
2441 2260 2816 2316 haereticorum
2842 2261 3149 2331 superbiam
3162 2263 3383 2333 signans
3411 2280 3425 2315 :
3461 2261 3562 2316 hoc
3585 2276 3662 2316 rc-

2090 2348 2190 2403 bus
2224 2349 2389 2404 locuti
2424 2358 2571 2416 sunt,
2612 2352 2755 2420 quod
2793 2367 2892 2406 nos
2920 2352 3100 2407 verbis
3136 2353 3453 2407 asscrimus.
3486 2351 3661 2406 Colias

2091 2440 2290 2509 quippe
2323 2456 2445 2495 cum
2472 2441 2671 2511 gladio,
2701 2441 2869 2496 David
2904 2458 3034 2497 vero
3083 2458 3204 2497 cum
3244 2458 3376 2513 pera
3411 2442 3663 2513 pastorali

2089 2530 2239 2583 venit
2266 2529 2332 2584 ad
2362 2530 2604 2599 przelium
2631 2549 2643 2584 :
2678 2531 2772 2587 sed
2797 2532 3044 2587 eumdem
3074 2531 3283 2587 Goliam
3311 2531 3478 2586 David
3503 2518 3656 2603 supe-

2091 2633 2239 2685 rans,
2262 2635 2359 2674 suo
2382 2620 2580 2675 occidit
2609 2619 2787 2690 gladio
2823 2638 2836 2674 :
2870 2621 3014 2691 quod
3043 2637 3145 2675 nos
3172 2636 3387 2691 quoque
3414 2622 3620 2693 agimus
3643 2662 3657 2687 ,

2092 2710 2184 2780 qui
2210 2711 2463 2779 promissi
2490 2711 2658 2766 David
2689 2712 2952 2770 membra.
2977 2726 3043 2765 ex
3075 2709 3192 2781 eius
3216 2711 3334 2766 ﬁeri
3360 2712 3663 2781 dignatione

2093 2806 2410 2860 meruimus.
2441 2804 2573 2859 Nam
2602 2821 2724 2860 cum
2763 2805 3138 2875 superbientes
3163 2805 3471 2871 haereticos,
3499 2814 3554 2859 et
3588 2820 3665 2879 sa-

2093 2909 2199 2949 crae
2242 2895 2536 2964 Scriptura:
2555 2890 2864 2951 'sententias
2894 2894 3220 2960 delereutes,
3248 2894 3453 2949 eisdem
3488 2893 3663 2949 verbis

2096 2993 2257 3054 atque
2302 2985 2616 3051 sententiis,
2665 3001 2800 3055 quas
2841 2984 3139 3055 proferunt,
3192 2985 3484 3048 vincimus,
3518 2985 3663 3059 quissi

2095 3077 2295 3132 elatum
2323 3075 2527 3153 Goliam
2554 3094 2650 3131 suo
2676 3076 2852 3147 gladio
2883 3077 3276 3131 detruncamus.

2164 3167 2219 3240 (I
2248 3167 2374 3238 Reg.
2426 3169 2512 3223 l8.
2554 3168 2633 3240 7.)
2667 3186 2685 3220 ς
2727 3168 2937 3224 Interea
2963 3169 3193 3224 victoria
3226 3167 3397 3224 David
3427 3169 3661 3224 animum

2095 3258 2226 3314 Saul
2272 3275 2454 3329 regem
2494 3259 2735 3327 ollendit,
2784 3260 3151 3331 indignantis,
3192 3262 3217 3300 ε
3259 3260 3401 3329 quod
3459 3260 3562 3315 sibi
3614 3260 3665 3312 in

2093 3349 2253 3413 mille,
2285 3359 2333 3404 et
2358 3349 2527 3404 David
2547 3351 2601 3404 in
2622 3351 2799 3404 decem
2823 3349 2990 3405 millia
3019 3348 3662 3420 acclamantiumpublicm

2093 3441 2468 3513 gratulationis
2507 3457 2604 3497 ore
2648 3442 2965 3497 insonarent
3006 3441 3179 3497 :hinc
3209 3440 3412 3513 invidia
3466 3440 3659 3501 Saulis.

2091 3544 2149 3590 et
2174 3550 2357 3591 semen
2385 3536 2634 3593 odiorum
2663 3536 2922 3593 adversus
2949 3535 3123 3591 David
3156 3553 3169 3589 :
3200 3536 3347 3606 quod
3391 3536 3667 3593 insidiator

2093 3627 2341 3693 callidus,
2372 3636 2429 3682 ut
2474 3629 2595 3684 sine
2620 3628 2835 3685 insidiis
2870 3629 2985 3685 suis
3027 3629 3201 3699 possit
3243 3627 3443 3687 offerre
3483 3629 3667 3684 discri-

2094 3718 2251 3784 mini,
2274 3717 2385 3790 (18.
2422 3718 2508 3772 l7.
2535 3718 2607 3773 25
2642 3727 2691 3773 et
2721 3718 2953 3792 subseq.)
2996 3720 3189 3775 statuit
3217 3734 3342 3781 eum
3385 3719 3582 3775 Michol
3612 3719 3667 3773 li-

2092 3809 2180 3865 lia:
2204 3825 2315 3865 sua:
2335 3810 2538 3880 nuptiis
2571 3810 2805 3879 alligari,
2837 3812 2886 3865 si
2913 3820 3145 3868 centum.
3162 3812 3267 3866 sibi
3295 3811 3663 3883 allophilorum

2093 3898 2359 3968 praeputia
2378 3899 2552 3954 victor
2568 3898 2809 3963 otl'erret,
2832 3915 2932 3969 pro
2951 3902 3149 3970 quibus
3171 3910 3418 3968 centum,
3441 3902 3664 3957 ducenta

2094 3988 2244 4044 dedit
2274 4007 2288 4044 :
2316 3997 2375 4044 et
2394 3990 2539 4045 unde
2566 3990 2808 4046 creditus
2836 3999 2922 4046 est
2956 3991 3108 4061 regio
3132 3991 3316 4060 perire
3353 4000 3500 4055 voto,
3549 4007 3663 4046 mox

2096 4088 2289 4136 auctus
2314 4089 2400 4139 est
2428 4081 2734 4153 gloriosiori
2763 4083 3055 4153 triumpho.
3102 4082 3180 4137 lta
3229 4090 3285 4138 et
3308 4081 3505 4149 Judtei,
3546 4084 3662 4138 dum

2095 4181 2282 4229 contra
2298 4175 2629 4230 voluntatem
2645 4176 2742 4229 Dei
2785 4176 3061 4231 Christum
3075 4176 3385 4232 interﬁcere
3409 4178 3662 4233 nituntur.

2094 4278 2194 4333 per
2237 4265 2291 4320 id
2319 4265 2547 4321 salutem
2571 4266 2813 4337 gentium
2844 4275 3092 4336 egerunt,
3119 4282 3219 4338 per
3245 4268 3391 4337 quod
3429 4267 3662 4324 credide-

2015 4391 2070 4451 Β
2098 4363 2226 4411 runt
2251 4358 2619 4429 exstinguere.
2645 4356 2799 4424 Quod
2824 4374 2955 4413 vero
2977 4359 3145 4414 David
3166 4361 3320 4428 prius
3342 4360 3659 4430 alienigena-

2095 4460 2212 4499 rum
2240 4448 2505 4515 praaputia
2530 4448 2733 4514 attulit,
2754 4457 2810 4504 et
2837 4450 2917 4504 sic
2947 4450 3124 4506 denuo
3151 4449 3272 4506 ﬁliae
3308 4450 3441 4506 Saul
3474 4448 3661 4519 nuptiis

2094 4536 2270 4600 haesit,
2308 4537 2675 4608 signiﬁcabat,
2709 4540 2853 4609 quod
2905 4540 3157 4597 Christus
3180 4556 3289 4596 non
3326 4541 3480 4611 prius
3516 4553 3662 4616 syna-

2093 4644 2286 4701 gogam
2310 4632 2581 4688 connubio
2614 4648 2714 4687 suo
2742 4632 3054 4703 sponderet,
3084 4634 3190 4689 nisi
3236 4641 3364 4688 ante
3410 4632 3660 4703 gloriosus

2038 4778 2045 4781 _
2092 4720 2423 4790 ingentibus
2447 4721 2620 4777 ﬁeret.
2652 4721 2810 4778 Prius
2844 4723 2991 4781 enim
3014 4722 3069 4777 in
3112 4723 3427 4779 nationibus
3452 4734 3655 4777 reseca-

2094 4809 2172 4864 vit
2189 4810 2374 4866 carnis
2396 4810 2769 4881 pollutionem,
2790 4818 2846 4869 et
2871 4820 3059 4881 postea
3089 4810 3375 4881 copulatus
3402 4820 3486 4867 est
3505 4823 3652 4880 syna-

2127 5024 2183 5097 ,θ
2216 5016 2420 5098 ,Εᾴίῑιιε
2460 5017 2582 5071 lecti
2607 5033 2625 5072 :
2664 5017 3003 5088 puteutique
3032 5017 3316 5087 legendum
3344 5032 3470 5072 eum
3502 5015 3650 5070 Clau-

2088 5086 2182 5195 dia
2209 5085 2507 5280 miimgita
2538 5165 2666 5211 sunt
2691 5157 2796 5211 ista
2831 5172 2897 5212 ex
2925 5171 3076 5211 num.
3108 5156 3177 5211 2i
3202 5155 3358 5228 [alias
3408 5170 3523 5226 cap.
3552 5149 3650 5220 16.]

2089 5223 2181 5278 lib.
2213 5241 2345 5279 xvui
2442 5265 2455 5278 .
2483 5225 2728 5280 Gregorii
2766 5226 3048 5280 Moralium
3075 5227 3127 5280 in
3154 5225 3271 5280 Job.

2089 5223 2181 5278 lib.
2213 5241 2345 5297 svnt
2396 5223 2455 5280 S.
2483 5225 2728 5297 Gregorii
2766 5226 3048 5282 Moralium
3075 5227 3127 5281 in
3154 5223 3271 5282 Job.

2166 5305 2189 5333 ο
2218 5296 2407 5350 Editus
2438 5314 2449 5349 :
2486 5297 2625 5350 inde.

2167 5364 2185 5403 ί
2214 5364 2343 5431 Qum
2369 5366 2682 5435 parenthesi
2722 5366 3141 5433 concluduntur,
3170 5366 3225 5425 in
3263 5365 3521 5438 Gregorio
3556 5376 3649 5415 non

2089 5442 2357 5631 “Easter
2396 5505 2647 5576 pcrquirc
2701 5524 2819 5577 cap.
2876 5508 2955 5573 ll,
3012 5517 3064 5560 ct
3103 5524 3218 5577 seq.
3241 5507 3429 5563 lsidori
3483 5506 3529 5560 in
3568 5502 3648 5555 lib.

2090 5591 2110 5631 ι
2190 5591 2272 5631 cn.

2090 5591 2110 5633 t
2144 5591 2272 5646 ucg.
