3904 6174
257 293 367 348 673

1066 340 1073 345 .
1146 292 1608 361 QUASSTIONES
1644 292 1793 346 XXX
1833 290 2062 349 SUPER
2100 292 2346 350 LIBROS
2385 293 2648 353 REGUM.

3403 293 3509 350 674

258 422 430 480 gogaz.
462 407 754 477 Postquam
797 408 961 473 enim,
1010 408 1151 464 sicut
1197 409 1457 477 scriptum
1490 416 1594 471 est,
1647 405 1826 476 (Rom.
1858 405 1907 465 A
1933 407 2175 477 contigit,
2201 416 2258 463 et
2289 409 2466 464 tertiis
2506 407 2876 475 nihilominus.
2919 405 3115 465 Postea
3139 367 3269 464 vero
3297 420 3511 468 cumet

259 498 348 552 11.
389 495 480 567 25)
524 496 785 551 introierit
812 496 1083 566 plenitudo
1112 498 1361 567 gentium,
1398 506 1520 551 tunc
1549 496 1715 550 omnis
1741 493 1829 549 Is-

258 588 370 643 rael
397 586 576 642 salvus
628 587 743 656 ﬁat.
777 587 829 656 (l
864 586 988 658 Reg.
1022 588 1108 643 18.
1137 587 1229 657 27)
1257 588 1423 658 Dupla
1442 597 1646 650 autem,
1678 586 1732 639 id
1750 592 1833 639 est

257 682 513 741 ducenta,
537 678 799 747 praeputia
828 677 1007 732 attulit
1031 679 1143 732 sive
1174 692 1271 747 pro
1304 676 1525 741 Judaeis,
1574 683 1635 729 et
1661 673 1833 745 genti-

257 773 359 825 bus
378 770 684 840 acquisitis,
721 769 835 823 sive
858 769 985 838 quia
1015 769 1188 838 major
1212 776 1296 824 est
1318 781 1575 822 numerus
1601 765 1833 834 acquisi-

256 858 420 912 tionis
448 857 627 927 populi
658 856 1106 927 gentium,-quam
1134 857 1470 911 credentium
1499 854 1828 910 Iudaeorum.

253 945 421 999 Auxit
442 944 636 999 deinde
662 944 842 998 odium
869 942 998 1000 Saul
1027 945 1286 1000 adversus
1319 945 1488 999 David
1513 945 1566 998 in
1591 952 1829 1006 tantum,

254 1043 316 1089 ut
336 1050 433 1090 rex
461 1035 530 1089 ad
566 1033 832 1089 medelam
862 1036 943 1089 sui
971 1036 1192 1105 spiritus
1218 1035 1383 1090 David
1409 1037 1476 1091 de
1515 1049 1665 1088 more
1690 1033 1833 1103 psal-

256 1128 458 1182 lentem
501 1126 686 1198 iaculo
750 1134 1040 1182 conaretur
1082 1126 1372 1196 conﬁgere.
1432 1126 1543 1198 (l9.
1592 1125 1678 1195 10)
1722 1123 1832 1180 Sed

253 1219 386 1288 quid
419 1225 521 1282 est,
555 1217 699 1286 quod
726 1217 854 1271 dum
884 1216 1100 1271 Saulem
1121 1217 1344 1285 spiritus
1367 1216 1629 1270 adversus
1678 1215 1831 1268 inva-

254 1308 439 1371 deret,
488 1305 824 1375 appreheusa
877 1305 1047 1360 David
1090 1306 1334 1370 cithara,
1380 1304 1500 1375 ejus
1553 1303 1835 1359 vesaniam

254 1394 572 1464 mitigabat?
596 1407 693 1463 per
714 1392 932 1448 Saulem
977 1394 1123 1449 enim
1162 1393 1472 1450 Judaeorum
1504 1394 1688 1459 elatio,
1732 1407 1831 1463 per

254 1485 427 1541 David
447 1492 633 1539 autem
660 1483 938 1538 humilitas
979 1482 1358 1555 (signiﬁcatur)
1399 1482 1824 1553 signiﬁcabatur.

253 1576 390 1631 Cum
417 1589 545 1643 ergo
570 1572 697 1628 Saul
723 1573 793 1627 ab
813 1572 1091 1627 immundo
1125 1573 1385 1642 arripitur
1413 1572 1625 1640 spiritu,
1658 1571 1828 1626 David

252 1670 504 1727 canente,
533 1661 649 1730 ejus
679 1661 900 1717 vesania
926 1669 1273 1730 temperatur,
1307 1661 1432 1731 quia
1461 1674 1584 1715 cum
1634 1674 1827 1715 sensus

1931 495 2046 564 ipse
2070 494 2198 555 Saul
2226 499 2485 563 venisset,
2506 499 2679 567 factus
2700 507 2775 552 est
2803 515 2961 568 super
2985 515 3105 553 eum
3143 501 3361 571 spiritus
3384 501 3509 568 Det,

1933 596 1981 640 et
2012 587 2314 643 ambulabat
2348 590 2665 658 ingrediens,
2689 598 2737 643 et
2765 589 3106 659 prophetabat
3135 604 3182 643 α.

2011 692 2031 726 ί
2068 675 2182 730 Non
2229 678 2375 730 enim
2419 686 2597 746 potest
2626 679 2746 742 hic,
2804 680 2907 734 nisi
2939 680 3161 749 spiritus
3204 681 3378 738 bonus
3427 683 3513 739 in-

1938 762 2123 832 telligi,
2151 779 2248 833 per
2278 780 2435 834 quem
2462 768 2636 820 sancti
2665 766 2947 836 Propheta:
2978 768 3281 824 futurarum
3327 788 3508 828 rerum

1936 849 2201 921 imagines
2263 860 2320 907 et
2373 855 2489 909 visa
2527 856 2841 909 cernebant.
2897 855 3014 927 Non
3050 873 3117 911 ex
3171 874 3236 913 eo
3277 868 3507 927 tantum,

1934 919 2069 1007 quia
2088 940 2291 995 dictum
2317 951 2419 1008 est,
2448 953 2496 997 et
2524 943 2865 1013 prophetabat
2895 919 3075 1000 :ham
3102 947 3157 1001 in
3186 919 3512 1019 exemplari;

1933 1030 2056 1095 bus,
2082 1046 2203 1099 quae
2228 1040 2355 1086 sunt
2387 1048 2458 1087 ex
2484 1033 2736 1098 Hebraeo,
2764 1035 2867 1090 hoc
2896 1051 3112 1106 quoque
3139 1039 3416 1095 invenitur
3443 1043 3511 1098 de

1934 1114 2127 1182 spiritu
2156 1116 2296 1171 malo
2321 1116 2521 1171 dictum
2542 1119 2650 1172 ita:
2681 1118 2729 1188 (I
2757 1118 2886 1189 Reg.
2908 1136 3062 1187 xvtu,
3096 1124 3185 1194 10)
3212 1124 3339 1180 Post
3367 1127 3508 1183 diem

1931 1213 2106 1257 autem
2145 1204 2370 1259 alterum
2411 1206 2599 1261 invasit
2646 1209 2862 1278 spiritus
2900 1209 3000 1263 Dei
3036 1211 3207 1267 malus
3257 1212 3420 1281 Saul,
3459 1226 3508 1271 et

1929 1291 2267 1361 prophetabat
2304 1293 2358 1346 in
2387 1294 2556 1348 medio
2595 1296 2778 1350 domus
2800 1313 2950 1353 suat:
2972 1300 3103 1354 etin
3136 1302 3256 1357 aliis
3301 1305 3509 1362 divina-

1932 1397 2050 1435 rum
2067 1381 2470 1452 Scripturarum
2521 1385 2654 1441 locis
2692 1403 2835 1458 saepe
2882 1391 3177 1458 invenitur,
3208 1397 3353 1465 quod
3382 1414 3508 1467 pro-

1929 1471 2111 1539 phetia
2142 1487 2250 1527 non
2281 1480 2484 1529 tantum
2511 1476 2672 1539 bona,
2704 1480 2797 1532 sed
2841 1488 2896 1534 et
2939 1483 3080 1536 mala
3111 1485 3337 1541 dicitur:
3366 1487 3385 1557 (
3411 1479 3505 1544 [II

1930 1558 2060 1631 Reg.
2093 1577 2246 1625 xvm,
2269 1564 2357 1629 16,
2385 1565 2472 1629 13,
2490 1565 2587 1631 22,
2612 1567 2705 1632 25,
2727 1568 2821 1641 40)
2842 1579 2897 1625 ει
2923 1574 3197 1641 prophetae
3224 1577 3355 1632 dicti
3380 1588 3508 1635 sunt

1928 1652 2154 1721 Baalim,
2184 1666 2239 1711 et
2263 1659 2643 1727 exprobratum
2664 1671 2751 1717 est
2769 1664 3115 1733 quibusdam,
3131 1668 3257 1736 quia
3279 1673 3509 1738 prophe-

248 1754 565 1809 ιυδωθιιωη
609 1767 707 1823 ρει.
749 1752 1139 1821 blasphemiam
1176 1752 1230 1805 ίη
1269 1750 1510 1812 [ποι-ειη
1556 1751 1824 1816 venitur,
1856 1733 1903 1792 Β
1933 1745 2115 1798 tabant
2143 1747 2197 1800 in
2222 1748 2368 1802 Baal.
2405 1748 2519 1805 Non
2557 1766 2687 1820 ergo
2726 1764 3011 1824 propterea
3038 1733 3393 1827 necesse-est,-
3422 1765 3507 1820 in,

253 1846 477 1917 dignum
512 1853 595 1900 est
620 1852 679 1899 ut
704 1846 773 1899 ad
804 1845 1031 1899 salutem
1077 1851 1284 1899 mentes
1319 1858 1508 1899 eorum
1537 1844 1691 1913 quasi
1714 1843 1831 1899 dulo

1934 1832 2101 1926 telligi
2130 1835 2305 1892 bonus
2348 1840 2593 1909 spiritus,
2629 1844 2722 1912 qui
2766 1844 2944 1901 factus
2986 1856 3071 1904 est
3108 1859 3297 1918 postea
3346 1869 3510 1926 super

252 1936 444 1993 cedine
471 1936 713 2002 citharaa,
741 1936 1030 1992 locutionis
1065 1935 1402 2005 Evangelicae
1436 1937 1829 2006 tranquillitate

1933 1922 2057 1978 Saul
2079 1964 2103 1990 ,.
2121 1926 2250 1995 quia
2275 1928 2478 1984 dictum
2507 1940 2591 1987 est
2634 1951 2646 1987 :
2681 1933 2748 1987 Et
2788 1937 3091 1995 ambulabat
3112 1922 3431 2012 ingrediens,
3456 1956 3508 2002 et

252 2038 593 2086 revocentur.
627 2050 646 2082 ι
673 2029 722 2101 (1
754 2029 880 2100 Reg.
914 2030 999 2084 19.
1041 2029 1108 2083 14
1154 2037 1203 2084 et
1229 2029 1458 2101 subseq.)
1505 2028 1667 2083 Mittit
1695 2026 1830 2083 Saul

248 2122 494 2175 custodes
520 2119 591 2175 ad
612 2120 827 2174 domum
852 2119 1043 2183 David,
1067 2128 1123 2172 ut
1153 2119 1471 2173 custodirent
1501 2135 1640 2183 eum,
1668 2127 1716 2173 et
1744 2119 1828 2172 in-

250 2212 601 2281 terﬁceretur,
623 2212 1055 2266 abscessitautem
1079 2211 1250 2264 David
1281 2221 1451 2275 nocte,
1480 2220 1532 2264 et
1559 2210 1714 2279 fugit,
1740 2219 1827 2263 at-

250 2320 353 2372 que
373 2302 607 2359 salvatus
627 2312 725 2356 est:
740 2317 960 2371 cumque
983 2301 1241 2353 venissent
1262 2301 1431 2353 nuntii
1457 2298 1607 2362 Saul,
1623 2301 1829 2352 invene-

252 2402 377 2446 runt
401 2403 634 2447 statuam
682 2392 739 2445 in
779 2390 910 2445 lecto
947 2390 1118 2444 David
1156 2391 1401 2459 positam,
1449 2398 1498 2443 et
1532 2388 1718 2458 pellem
1751 2390 1831 2458 pi-

252 2482 423 2537 losam
470 2497 752 2550 caprarum
794 2481 865 2534 ad
906 2488 1062 2549 caput
1108 2480 1243 2547 eius.
1290 2497 1309 2530 ι
1362 2478 1659 2533 Audiamus
1701 2492 1830 2548 ergo

254 2569 384 2637 quid
413 2570 518 2622 hoc
541 2569 827 2637 signiﬁcet,
856 2568 999 2636 quod
1034 2567 1245 2622 miserit
1272 2566 1403 2621 Saul
1430 2567 1501 2623 ad
1524 2566 1833 2621 custodien-

250 2659 381 2711 dam
412 2657 630 2712 domum
652 2658 838 2721 David,
863 2667 924 2710 ut
948 2672 1072 2711 eum
1108 2658 1455 2712 interﬁceret.
1480 2656 1595 2711 Hoc
1621 2672 1731 2711 non
1762 2657 1830 2712 ad

250 2761 476 2801 erucem
511 2746 740 2812 Domini,
764 2746 856 2801 sed
896 2756 1075 2801 tamen
1106 2746 1174 2800 ad
1195 2747 1500 2814 passionem
1529 2746 1647 2817 eius
1669 2747 1833 2815 perti-

251 2842 348 2889 net
379 2835 706 2891 :cruciﬁsus
758 2835 905 2890 enim
943 2834 1212 2899 Christus,
1242 2843 1296 2889 et
1346 2842 1615 2898 mortuus,
1650 2842 1704 2887 et
1744 2849 1830 2890 se-

249 2925 434 2993 pultus
466 2933 568 2980 est.
598 2925 728 2980 Erat
753 2940 881 2994 ergo
913 2925 1002 2979 illa
1034 2925 1309 2993 sepultura
1338 2933 1593 2993 tanquam
1614 2924 1825 2990 donius,

248 3016 321 3069 ad
363 3030 527 3084 quam
577 3014 984 3074 custodiendam
1024 3014 1173 3068 misit
1219 3028 1443 3084 regnum
1486 3012 1825 3080 Iudaeorum,

1927 2012 2290 2082 prophetabat,
2314 2018 2409 2072 sed
2444 2020 2572 2087 quia
2597 2022 2713 2076 sine
2740 2025 3109 2084 additamenta
3138 2033 3371 2099 positum
3397 2045 3506 2101 est,

1929 2108 1978 2154 et
1998 2101 2170 2170 factus
2192 2114 2266 2159 est
2290 2107 2509 2176 spiritus
2526 2109 2623 2164 Dei
2643 2128 2799 2182 super
2818 2131 2937 2168 eum
2963 2129 2982 2167 :
2996 2133 3103 2172 non
3128 2120 3272 2174 enim
3293 2123 3434 2179 sicut
3450 2126 3506 2179 in

1931 2188 2021 2245 illo
2045 2190 2164 2246 loco
2191 2194 2393 2249 dictum
2416 2206 2535 2252 erat
2557 2214 2738 2269 supra,
2765 2204 2982 2272 spiritus
2999 2206 3098 2261 Dei
3124 2211 3296 2265 malus
3315 2226 3335 2263 :
3356 2224 3416 2267 ut
3437 2231 3506 2271 ex

1929 2279 2032 2373 hoc
2052 2293 2236 2351 posset
2260 2289 2424 2341 etiam
2457 2289 2512 2342 in
2533 2295 2989 2361 consequentibus
3018 2300 3317 2367 subaudiri,
3347 2306 3507 2373 quin-

1931 2369 2040 2425 imo
2094 2376 2374 2442 superiora
2424 2380 2597 2449 magis
2641 2384 2921 2455 magisque
2977 2396 3306 2448 attestantur
3356 2369 3506 2453 illum

1931 2461 2179 2550 spiritum
2212 2465 2305 2519 Dei
2355 2467 2557 2523 bonum
2610 2469 2799 2537 fuisse,
2828 2484 2885 2528 et
2915 2491 3041 2533 vere
3090 2482 3502 2550 propheticum:

1930 2547 2099 2647 David
2119 2552 2263 2647 enim
2293 2564 2413 2610 erat
2458 2572 2582 2613 cum
2622 2559 2893 2618 Samuele.
2919 2566 2984 2634 (1
3014 2547 3141 2639 Reg.
3171 2547 3293 2639 xix,-
3318 2574 3410 2647 20)
3432 2577 3503 2632 Et

1931 2641 2073 2694 misit
2124 2640 2261 2696 Saul
2331 2648 2541 2701 nuntios
2569 2688 2585 2714 ,
2640 2652 2732 2720 qui
2785 2657 3229 2724 apprehenderent
3291 2640 3507 2731 Dauid;

1929 2732 2147 2798 quando
2174 2741 2352 2789 autem
2383 2735 2599 2795 Samuel
2633 2750 2754 2797 erat
2782 2744 2926 2801 inter
2948 2751 3240 2819 prophetas
3288 2764 3345 2809 et
3395 2773 3507 2816 cm-

1932 2830 2021 2876 tus
2060 2827 2443 2896 prephetarum
2467 2871 2482 2894 ,
2529 2835 2623 2902 qui
2674 2836 2767 2891 illo
2806 2844 3046 2908 tempore
3091 2847 3504 2916 prophetabant,

1929 2919 2128 3013 nuntii,
2161 2921 2253 2989 qui
2301 2923 2452 2978 missi
2481 2936 2629 2993 sunt,
2674 2943 2900 3001 accepto
2949 2937 3019 2991 ab
3069 2940 3257 2993 eodem
3300 2942 3506 3013 Spiritu

1927 3008 2406 3101 prophetaverunt,
2445 3016 2732 3087 missisque
2758 3022 2877 3077 aliis
2906 3025 3009 3081 hoc
3032 3031 3277 3101 contigit,
3303 3008 3358 3087 ei
3391 3041 3508 3089 ter-

257 3107 479 3176 quando
527 3106 779 3161 custodes
845 3106 1069 3162 adhibiti
1135 3114 1260 3160 sunt
1307 3105 1552 3176 sepulcro
1604 3106 1825 3163 Christi.
1856 3088 1899 3151 (ἶ
1934 3094 2023 3191 t‘iis
2042 3096 2388 3156 nihilominus
2421 3121 2432 3155 :
2467 3115 2654 3172 postea
2694 3125 2817 3165 cum
2848 3123 2904 3168 et
2934 3116 3048 3184 ipse
3077 3088 3209 3173 Sani
3247 3088 3507 3191 venisset,

248 3196 473 3269 (Matth.
505 3197 596 3268 28)
641 3198 922 3265 Quomodo
950 3212 1081 3268 ergo
1105 3199 1370 3253 custodita
1401 3206 1487 3253 est
1520 3198 1734 3262 domus,
1781 3199 1828 3254 si

251 3287 427 3341 David
460 3286 729 3356 ﬁgurabat
755 3286 1053 3352 Christum,
1101 3296 1163 3342 ut
1213 3287 1461 3343 Christus
1497 3287 1863 3343 interﬁcere-3

251 3387 366 3441 tur,
393 3379 519 3432 dum
569 3393 677 3432 non
717 3378 771 3432 in
825 3379 1103 3447 sepultura
1138 3378 1407 3444 Christus,
1439 3380 1535 3434 sed
1570 3380 1623 3434 in
1661 3394 1827 3436 cruce

245 3469 321 3522 sit
349 3467 696 3523 interfectus?
715 3468 970 3524 Refertur
993 3485 1124 3539 ergo
1136 3471 1205 3526 ad
1232 3486 1427 3540 corpus
1448 3470 1671 3536 Christi,
1700 3472 1827 3540 quia

248 3556 560 3613 interﬁcere
606 3557 904 3625 Christum,
956 3569 1075 3615 erat
1119 3560 1309 3615 tollere
1358 3575 1554 3615 nomen
1602 3560 1824 3616 Christi.

246 3645 439 3715 Neque
466 3646 609 3701 enim
638 3647 950 3703 crederetur
994 3650 1051 3703 in
1079 3648 1376 3714 Christum,
1406 3651 1453 3703 si
1485 3651 1824 3709 mendacium

244 3737 887 3808 prievaleretcustodum,
915 3739 1007 3803 (tui
1031 3741 1270 3808 corrupti
1301 3750 1444 3803 sunt,
1470 3736 1532 3795 ut
1548 3742 1822 3797 dicerent:

241 3828 419 3898 (Ibid.
448 3828 538 3882 28.
585 3827 674 3899 15)
708 3829 843 3892 Quia
867 3828 1239 3883 dormientibus
1277 3830 1441 3890 nobis,
1464 3841 1717 3884 uenerunt
1745 3833 1828 3885 di-

242 3916 443 3987 scipuli
467 3918 601 3988 ejus,
627 3928 675 3971 et
701 3917 1027 3971 abstulerunt
1056 3935 1175 3972 eum
1199 3932 1217 3969 :
1239 3920 1341 3974 hoc
1372 3928 1454 3973 est
1478 3920 1664 3989 itaque
1689 3921 1827 3975 velle

247 4011 530 4066 Christum
554 4010 883 4075 interﬁcere,
907 4025 1104 4065 nomen
1130 4012 1565 4075 resurrectionis,
1591 4010 1707 4079 ejus
1734 4026 1829 4065 ex-

246 4104 549 4171 stinguere,
572 4112 632 4157 nt
652 4104 987 4158 mendacium
1013 4105 1296 4173 Evangelio
1319 4102 1690 4173 prmiorretur.
1719 4104 1827 4160 Sed

248 4193 399 4248 sicut
417 4192 546 4247 illud
567 4209 672 4248 non
707 4194 874 4249 valuit
895 4194 1042 4260 Sani,
1070 4203 1131 4249 ut
1166 4194 1494 4249 interﬁceret
1534 4194 1726 4260 David,
1748 4196 1828 4250 sic

248 4299 359 4341 nec
398 4286 501 4341 hoc
538 4286 716 4355 potuit
749 4298 973 4358 regnum
1008 4286 1314 4343 Judaeorum
1339 4285 1574 4354 edicere,
1606 4296 1667 4343 ut
1713 4303 1829 4345 me-

250 4377 484 4432 moriam
506 4376 705 4433 Chriin
734 4378 957 4433 deleret.
984 4377 1083 4433 Isti.
1105 4386 1284 4433 autem
1332 4378 1424 4446 qui
1462 4379 1530 4433 de
1553 4377 1685 4433 Saul
1716 4380 1828 4434 vir-

250 4475 394 4531 tute,
423 4467 476 4522 id
498 4476 581 4523 est
611 4468 680 4523 de
705 4483 871 4539 regno
893 4467 1198 4525 Iudaeorum
1237 4470 1290 4524 in
1321 4468 1596 4525 Christum
1620 4486 1824 4541 praesu-

252 4573 405 4614 mere
426 4560 731 4625 voluerunt,
753 4559 1090 4616 oﬁ’enderunt
1116 4561 1171 4616 in
1201 4562 1433 4632 lapidem
1477 4560 1822 4627 offensionis,

251 4656 513 4715 tanquam
536 4647 590 4700 in
612 4656 878 4703 statuam:
903 4657 958 4703 et
975 4649 1156 4704 hzedus
1179 4651 1296 4720 ejus
1319 4651 1467 4707 visus
1489 4660 1608 4706 erat
1632 4667 1823 4723 agnus,

250 4734 383 4804 quia
409 4735 466 4788 in
503 4752 664 4805 quem
696 4748 977 4805 peccatum
1011 4752 1118 4790 non
1149 4739 1490 4803 invenerunt,
1521 4741 1675 4808 quasi
1703 4755 1827 4809 pec»

252 4830 494 4879 calorem
525 4827 793 4893 persecuti
822 4835 967 4880 sunt.
1013 4825 1182 4897 Igitur
1222 4828 1393 4883 David
1442 4830 1602 4899 regite
1633 4845 1827 4886 manus

218 4911 460 4967 .l’actum
505 4915 750 4978 evitans,
784 4916 1010 4985 ejusque
1052 4917 1481 4985 persecutionem
1531 4919 1827 4986 declinem,

257 5002 310 5067 (1
356 5003 486 5074 Reg.
530 5005 615 5060 19.
654 5022 699 5059 ιι.
755 5005 822 5059 18
862 5016 911 5058 et
951 5005 1180 5078 subseq.)
1212 5007 1362 5061 venit
1400 5008 1467 5062 ad
1497 5007 1828 5076 Samuelem,

256 5101 315 5147 ct
346 5094 496 5149 misit
515 5093 643 5149 Saul
682 5095 923 5161 nuntios,
967 5096 1059 5165 qui
1104 5096 1575 5166 apprehenderent
1620 5098 1825 5155 David:

260 5180 481 5238 Samuel
501 5194 680 5239 autem
707 5193 827 5239 erat
875 5186 1013 5241 inter
1050 5188 1346 5257 prophetas
1381 5195 1437 5241 et
1480 5196 1658 5247 cetus
1700 5204 1827 5259 pro.

258 5274 564 5341 phetarum,
588 5275 680 5345 qui
709 5274 798 5331 illo
826 5282 1065 5345 tempore
1094 5277 1554 5345 prophetaverunt
1581 5298 1594 5332 :
1628 5277 1697 5351 (υ.
1736 5280 1826 5334 20.

1932 3183 2104 3253 factus
2126 3199 2202 3243 est
2228 3190 2384 3245 etiam
2409 3210 2567 3264 super
2586 3214 2701 3251 eum
2731 3183 2965 3270 Spiritus
2982 3206 3099 3273 Dei,
3128 3219 3176 3263 et
3205 3183 3509 3268 ambulabat

1930 3282 2243 3352 ingrediens,
2271 3297 2319 3341 et
2345 3291 2707 3359 prophetabat.
2754 3294 2890 3351 Cum
2924 3297 3069 3352 enim
3108 3300 3306 3356 dicitur
3332 3280 3509 3359 factus

1930 3380 2013 3426 est
2046 3375 2209 3428 etiam
2237 3392 2400 3445 super
2429 3380 2576 3447 ipsos
2602 3383 2825 3452 spiritus
2862 3385 2979 3451 Dei,
3023 3396 3079 3441 et
3113 3390 3511 3459 prophetahant

1930 3471 1984 3517 et
2035 3466 2155 3535 ipsi.
2189 3468 2333 3526 Idem
2368 3474 2555 3543 utique
2586 3477 2807 3545 spiritus
2832 3488 2970 3545 erat,
3000 3481 3093 3550 qui
3129 3493 3249 3536 erat
3280 3484 3335 3536 in
3382 3499 3509 3554 pro-

1928 3557 2145 3625 phetis:
2183 3560 2324 3617 inter
2352 3580 2511 3633 quos,
2556 3576 2611 3620 et
2653 3567 2871 3622 Samuel
2917 3571 3167 3626 inventus
3194 3580 3297 3626 est.
3346 3573 3415 3627 Et
3440 3589 3510 3629 ex

1929 3646 2033 3702 hoc
2063 3649 2246 3718 utique
2283 3668 2507 3709 necesse
2537 3664 2621 3710 est
2650 3657 2874 3726 intelligi
2920 3657 3070 3712 illum
3116 3658 3367 3727 spiritum
3414 3661 3511 3716 bo-

1930 3753 2078 3791 num.
2107 3739 2283 3809 Atque
2315 3743 2434 3797 ideo
2456 3745 2683 3812 quiestio
2723 3745 3008 3816 diligenter
3039 3747 3374 3802 discutienda
3402 3758 3509 3815 est,

1930 3828 2200 3894 quomodo
2223 3829 2375 3883 etilli
2412 3846 2535 3884 cum
2567 3832 2717 3886 missi
2748 3843 2930 3889 essent
2961 3836 3029 3890 ad
3077 3838 3367 3891 tenendum
3414 3840 3514 3894 ho-

1929 3915 2153 3979 minem,
2200 3925 2254 3970 ει
2290 3919 2358 3973 ad
2398 3933 2587 3974 necem
2640 3920 2962 3987 ducendum,
3009 3925 3102 3978 tali
3147 3926 3338 3995 spiritu
3371 3927 3509 3983 allici

1928 4018 2262 4074 meruerunt,
2288 4019 2343 4065 et
2371 4010 2499 4066 Saul
2527 4013 2766 4083 ipse,qu
2797 4015 3019 4070 miserat
3044 4018 3269 4072 veniens
3295 4026 3350 4073 et
3374 4021 3507 4090 ipse,

1928 4104 1985 4150 et
2008 4098 2322 4168 sanguinem
2373 4102 2713 4158 innocentem
2748 4120 2999 4174 quaerens
3040 4108 3340 4175 elTundere,
3374 4090 3511 4167 acci;

1927 4202 2057 4257 pere
2089 4192 2288 4246 meruit
2319 4193 2568 4262 spiritum
2591 4193 2763 4261 illum,
2798 4204 2851 4251 et
2886 4200 3229 4266 prophetare.

2006 4295 2024 4327 ι
2058 4276 2158 4332 llic
2182 4279 2379 4334 mirum
2411 4281 2539 4337 illud
2572 4285 2815 4339 occurrit
2833 4286 2974 4355 quod
3001 4288 3277 4359 apostolus
3302 4288 3501 4348 Paulus

1930 4367 2274 4435 apertissime
2316 4371 2540 4439 exponit
2605 4390 2618 4426 :
2672 4376 3164 4445 supereminentem
3219 4378 3362 4434 viam
3415 4380 3510 4436 de-

1929 4463 2235 4511 monstrans
2270 4476 2282 4513 :
2310 4457 2369 4530 (I
2405 4458 2527 4515 Cor.
2557 4462 2896 4533 xnt,l,ctc.)
2929 4462 2987 4517 Si
3014 4466 3207 4534 linguis
3236 4467 3507 4523 hominum

1920 4544 2132 4619 loquar,
2188 4558 2237 4603 et
2279 4554 2616 4622 angelorum,
2672 4555 2980 4608 cltaritatem
3047 4566 3222 4609 autem
3273 4574 3377 4612 non
3412 4560 3509 4614 Im-

1924 4638 2093 4705 beam,
2122 4640 2294 4709 factus
2324 4659 2439 4697 sum
2467 4654 2807 4698 (crumentum
2834 4660 3047 4708 sonans,
3093 4656 3185 4699 aut
3209 4647 3507 4716 cymbalum

1923 4726 2149 4783 tinniens
2169 4746 2187 4782 :
2216 4740 2264 4783 et
2309 4732 2354 4786 si
2398 4732 2627 4786 habuero
2651 4734 2975 4805 prophetiam
2996 4775 3011 4800 ,
3056 4744 3103 4788 et
3129 4736 3293 4791 sciero
3328 4739 3507 4793 omnia

1925 4833 2288 4887 sacramenta,
2346 4832 2396 4877 et
2444 4841 2647 4883 omnem
2698 4826 2971 4881 scientiam
3014 4841 3033 4878 :
3087 4837 3135 4881 et
3173 4828 3220 4883 si
3275 4829 3506 4885 habuero

1930 4926 2133 4965 omnem
2155 4913 2333 4981 ﬁdem,
2376 4913 2451 4967 ita
2492 4923 2547 4968 ut
2591 4924 2789 4971 montes
2828 4915 3166 4986 transferant,
3199 4917 3503 4977 charitatent

1931 5010 2104 5054 autem
2132 5018 2236 5056 non
2256 5002 2497 5069 habeam,
2526 5004 2657 5058 nihil
2684 5023 2819 5059 sum.
2851 5006 2921 5061 Et
2965 5008 3011 5061 si
3048 5008 3363 5063 distribuero
3389 5008 3505 5063 sub-

1929 5093 2177 5145 stantiam
2203 5108 2372 5146 meam
2395 5106 2413 5143 :
2448 5102 2496 5147 et
2530 5094 2574 5151 si
2606 5094 2871 5149 tradidero
2909 5112 3097 5165 corpus
3119 5112 3290 5151 meum
3332 5106 3391 5175 ut
3412 5112 3503 5148 ar—

1930 5184 2131 5239 deam:
2168 5184 2473 5243 charitatem
2523 5196 2697 5241 autem
2741 5203 2845 5241 non
2898 5187 3158 5253 habeam,
3199 5185 3329 5240 nihil
3376 5184 3504 5239 mihi

1931 5277 2161 5346 prodest.
2191 5276 2308 5344 Quo
2352 5278 2408 5331 in
2454 5277 2574 5333 loco
2603 5278 2951 5345 manifestum
2975 5286 3078 5343 est,
3122 5291 3245 5333 eum
3277 5288 3504 5331 munera

261 5362 323 5416 2|
369 5373 416 5417 et
449 5363 677 5435 διώκῃ.)
704 5366 876 5421 nuntii
898 5375 1099 5431 autem,
1138 5365 1230 5435 qui
1260 5367 1412 5427 missi
1440 5375 1587 5433 sunt,
1610 5377 1833 5439 accepto
1890 5382 1893 5385 λ
1936 5368 2028 5437 illa
2061 5384 2543 5433 commemorasse,
2575 5384 2694 5438 qua:
2737 5366 2972 5438 Spiritus
3020 5367 3193 5423 sancti
3228 5365 3506 5437 divisioni~

259 5450 500 5519 ejusdem
522 5456 713 5526 spiritu
742 5456 1219 5526 prophetaverunt,
1254 5458 1548 5529 missisque
1574 5458 1696 5514 aliis
1729 5460 1834 5519 hoc
1934 5461 2037 5515 bus
2058 5460 2275 5523 dantur,
2292 5459 2693 5528 sicutsuperins
2720 5458 2880 5513 dicit:
2904 5456 2968 5530 (Ι
2995 5455 3117 5512 Cor.
3138 5473 3211 5511 xu
3232 5497 3249 5524 ,
3277 5457 3329 5521 7,
3372 5446 3505 5531 etc.)

335 5598 360 5666 ξ
397 5588 789 5666 Subsgqnentia
822 5592 1058 5660 reperies
1090 5607 1314 5647 numero
1344 5592 1576 5661 septimo
1615 5602 1671 5649 et
1714 5595 2169 5665 subsequentibus
2232 5592 2548 5663 quaestionis
2582 5594 2605 5665 1
2650 5593 2772 5649 libri
2812 5608 2851 5649 tt
2897 5593 2972 5649 De
3014 5594 3231 5651 diuersis
3268 5594 3520 5666 quastio-

261 5658 414 5714 n‘ibtts
438 5660 506 5714 ad
526 5657 945 5731 Simplicianuin.
1410 5657 1423 5661 ’
1624 5693 1635 5703 .
1896 5657 1913 5665 “
2249 5657 2268 5663 “
2600 5662 2605 5665 ’
3279 5657 3293 5666 ”
3398 5694 3411 5703 .
