3904 6174
411 287 520 345 675

1480 288 1758 346 CLAUDII
1797 286 2258 346 TAURINENSIS
2290 287 2597 344 EPISCOPI

3549 282 3653 338 6'76

415 401 705 474 Unicuique
731 410 902 457 autem
937 364 1096 455 datur
1125 401 1478 470 manifestatio
1504 399 1734 473 Spiritus
1759 401 1829 456 ad
1873 401 1982 454 uti-
2010 404 2063 464 Α
2085 414 2206 469 qua:
2235 399 2290 453 in
2333 398 2624 471 Evangelia
2659 398 2857 468 scripta
2875 407 3002 453 sunt
3027 398 3240 469 (lauit.
3263 413 3359 462 vn,
3383 398 3474 461 82,
3498 401 3657 469 etc.),

412 492 631 547 litatem.
659 489 764 544 Alii
796 499 968 544 autem
1009 489 1168 542 datur
1188 506 1280 560 per
1299 489 1554 561 Spiritum
1579 508 1748 545 sermo
1774 491 1981 560 sapiet»

413 581 501 636 tia:
525 596 544 635 :
573 578 667 633 alii
704 592 873 631 sermo
913 577 1141 631 scientia
1189 579 1477 632 secundum
1518 578 1757 633 eumdem
1813 577 1984 648 Spiri-

409 655 520 723 tum
541 681 560 719 :
583 667 732 720 alteri
756 676 931 719 autem
951 666 1082 735 ﬁdes
1111 667 1166 721 in
1195 667 1375 722 eodem
1405 667 1610 737 Spiritu
1637 684 1655 722 .'
1696 667 1790 721 alii
1817 667 1984 720 dona-

410 757 484 810 tio
512 756 840 809 curationum
865 756 921 809 in
950 771 1054 808 uno
1090 755 1292 825 Spiritu
1327 769 1344 806 :
1385 756 1481 810 alii
1527 758 1850 826 operationes
1876 757 1984 809 cir-

409 856 577 901 tutum
603 861 621 899 :
649 845 743 898 alii
770 845 1042 948 prophsia
1065 863 1082 901 :
1107 845 1204 898 alii
1230 845 1543 914 dijudicatio
1559 846 1836 915 spirituum
1854 859 1872 896 :
1900 844 1984 898 al-

407 937 504 990 teri
549 951 738 1005 genera
791 933 1112 1003 linguirum.
1148 933 1338 987 Omnia
1380 944 1554 987 autem
1580 935 1692 988 lucc
1740 944 1986 1003 operatur

409 1041 543 1078 unus
589 1033 742 1095 atque
768 1023 906 1076 idem
935 1021 1184 1090 Spiritus,
1213 1023 1444 1076 dividens
1473 1023 1684 1092 propria
1707 1023 1984 1091 unicuique

405 1124 561 1185 prout
603 1113 730 1167 vult.
784 1112 930 1167 Satis
973 1127 1100 1181 ergo
1130 1121 1353 1182 apparet
1387 1114 1529 1166 inter
1554 1113 1694 1167 dona
1747 1111 1982 1181 Spiritus

407 1204 577 1258 sancti
605 1216 725 1256 esse
750 1200 1087 1271 prophetiam
1114 1218 1126 1254 :
1158 1217 1322 1271 quam
1348 1209 1529 1255 tamen
1550 1202 1594 1256 si
1620 1201 1740 1270 quis
1762 1202 1977 1265 habeat,

407 1305 464 1349 et
493 1297 811 1350 charitatem
863 1309 970 1348 non
1009 1294 1227 1359 habeat,
1260 1293 1391 1348 nihil
1443 1301 1542 1348 est.
1577 1293 1656 1348 Ex
1684 1308 1791 1363 quo
1821 1292 1979 1347 intel-

405 1386 591 1456 ligitur
640 1384 753 1438 ﬁeri
805 1398 985 1452 posse,
1027 1391 1088 1437 ut
1143 1384 1364 1454 quidam
1408 1383 1573 1438 etiam
1619 1383 1825 1452 indigni
1872 1382 1980 1436 vita

403 1485 626 1540 aeterna,
657 1489 930 1544 regnoque
957 1473 1238 1537 caelorum,
1271 1480 1628 1542 aspergantur
1657 1480 1838 1525 tamen
1862 1471 1983 1541 qui-

402 1563 626 1619 busdam
679 1563 914 1633 Spiritus
964 1563 1137 1617 sancti
1187 1561 1524 1626 muneribus,
1574 1575 1682 1614 non
1718 1560 1981 1616 habentes

403 1655 755 1718 charitatem.
802 1655 918 1708 sine
944 1669 1052 1724 qua
1097 1653 1187 1708 illa
1232 1668 1459 1708 munera
1502 1668 1610 1707 non
1646 1652 1783 1707 nihil
1828 1661 1972 1718 sunt,

2086 488 2283 544 multos
2323 489 2562 544 dicturos
2599 489 2653 544 in
2695 488 2786 544 illa
2829 490 2915 544 die
2965 504 2980 543 :
3026 489 3274 553 Domine,
3323 489 3570 552 Domine,
3603 491 3660 543 in

2085 579 2290 632 nomine
2322 589 2410 632 tuo
2439 578 2888 642 manducavimus,
2911 589 2958 633 et
2994 579 3237 643 bibimus,
3269 588 3317 633 et
3357 580 3410 632 in
3451 576 3684 633 nomine"

2082 675 2173 721 tuo
2199 668 2636 737 prophetavirnus,
2669 679 2717 723 et
2744 670 2799 722 in
2840 671 3047 723 nomine
3089 680 3178 724 tuo
3207 671 3420 725 virtutes
3461 671 3664 723 multas

2085 754 2322 822 fecimus.
2352 755 2556 822 Quibus
2587 766 2763 811 tamen
2792 757 3037 812 dicturus
3065 767 3151 813 est
3192 757 3350 813 :Non
3380 760 3497 813 noui
3527 776 3614 813 eos
3639 777 3660 813 :

2084 843 2306 896 recedite
2349 861 2382 898 a
2433 861 2532 909 me,
2579 847 2806 914 operarii
2839 848 3146 918 iniquitatis.
3207 847 3324 902 Non
3372 849 3517 902 enim
3561 865 3660 904 eos

2083 933 2405 987 mentientes
2435 933 2741 1003 putabimus
2780 936 2880 990 ista
2923 937 3164 991 dicturos
3205 938 3260 990 in
3297 937 3388 991 illo
3428 938 3656 1007 judicio,

2083 1023 2175 1076 ubi
2203 1022 2381 1077 nullus
2423 1024 2526 1077 erit
2572 1023 2790 1078 fallendi
2820 1024 2989 1091 locus,
3018 1034 3112 1079 aut
3156 1026 3320 1080 ullam
3349 1042 3537 1081 vocem
3568 1037 3658 1082 ta-

2083 1110 2212 1164 lium
2248 1110 2474 1178 legimus
2521 1113 2814 1167 dicentium
2860 1132 2872 1167 :
2925 1115 3211 1170 dileximus
3261 1124 3333 1170 te.
3394 1117 3661 1172 Poterunt

2081 1213 2211 1269 ergo
2259 1201 2438 1255 dicere
2488 1216 2502 1255 :
2543 1203 2595 1256 in
2640 1204 2844 1256 nomine
2897 1213 2987 1257 tuo
3037 1207 3489 1276 praphetavintus,
3533 1224 3656 1263 cum

2081 1289 2190 1342 sint
2228 1289 2480 1360 improbi,
2513 1300 2568 1346 et
2615 1293 2830 1362 reprobi
2859 1311 2871 1346 :
2900 1309 3005 1347 non
3060 1304 3242 1349 autem
3275 1305 3534 1365 poterunt
3577 1300 3659 1354 di-

2081 1392 2227 1442 cere,
2265 1380 2626 1445 dilectionem,
2655 1398 2816 1451 quam
2843 1385 3140 1450 mandasti,
3177 1387 3449 1441 tenuimus
3481 1407 3496 1441 :
3532 1405 3655 1443 nam

2079 1468 2124 1521 si
2181 1469 2380 1534 dicent,
2431 1485 2537 1524 non
2582 1471 2662 1525 eis
2697 1473 3110 1541 respondebitur
3160 1491 3173 1526 :
3229 1491 3333 1528 non
3381 1479 3504 1530 novi
3545 1495 3654 1532 tos.

2080 1556 2261 1627 (Joan.
2287 1575 2404 1624 xm,
2431 1559 2520 1631 55)
2535 1560 2600 1614 In
2617 1562 2713 1616 bac
2741 1563 2874 1616 enim
2904 1573 3260 1633 cognoscetur,
3298 1566 3495 1634 inquit,
3530 1569 3655 1635 quia

2077 1648 2446 1727 discipuliimei
2468 1653 2662 1721 estis,si
2692 1669 2777 1706 vos
2811 1653 3024 1706 invicem
3047 1654 3298 1725 diligatis.

406 1745 500 1802 scd
525 1744 661 1798 nihil
707 1744 786 1799 eis
816 1752 1061 1814 prosunt.
1101 1742 1391 1813 Prophetia
1418 1743 1612 1812 quippe
1641 1742 1756 1796 sine
1800 1741 1979 1796 chari—
2006 1735 2052 1793 B
2155 1755 2174 1790 ε
2211 1738 2529 1808 Exemplum
2556 1743 2739 1811 itaque
2766 1742 2925 1810 hujus
2973 1742 3102 1797 Saul
3154 1745 3360 1800 resistit
3405 1746 3659 1815 superbis

405 1844 535 1900 tate,
575 1836 714 1890 sicut
755 1835 1180 1888 demonstratum
1220 1839 1327 1898 est,
1368 1847 1476 1886 non
1511 1830 1758 1901 perducit
1794 1829 1862 1884 ad
1891 1843 1980 1883 re—

403 1938 567 1995 gnum
594 1924 688 1979 Dei
721 1941 734 1976 :
761 1923 1000 1977 eharitas
1030 1935 1157 1974 vero
1179 1921 1295 1975 sine
1332 1919 1616 1989 prophetia
1646 1918 1834 1986 utique
1861 1931 1984 1986 per-

402 2015 569 2070 ducit.
599 2013 734 2068 Cum
780 2013 926 2067 enim
954 2011 1179 2080 loquens
1218 2010 1286 2064 de
1316 2010 1574 2066 membris
1615 2007 1818 2063 Christi
1847 2008 1927 2061 ait
1962 2023 1977 2061 :

403 2102 568 2173 (Ibid.
591 2103 682 2171 29)
720 2099 974 2170 Nunquid
1022 2114 1198 2152 omnes
1234 2097 1508 2167 Apostoli?
1541 2097 1776 2167 nunquid
1806 2110 1982 2150 omnes

403 2190 679 2260 Propheta:
693 2192 718 2244 2
738 2189 1112 2244 lndubitanter
1129 2188 1367 2242 ostendit
1386 2187 1549 2242 etiam
1573 2201 1717 2251 eum,
1736 2186 1828 2256 qui
1851 2201 1980 2256 pro-

401 2283 641 2352 phetiam
671 2297 775 2335 non
806 2281 988 2344 habet,
1001 2293 1161 2348 posse
1185 2278 1237 2332 in
1262 2276 1518 2332 membris
1554 2275 1757 2332 Christi
1793 2290 1982 2330 nume-

403 2372 514 2427 rari
541 2388 553 2424 :
592 2372 681 2425 ubi
706 2385 870 2440 quem
899 2369 1075 2423 locum
1120 2368 1366 2431 haberet,
1397 2366 1442 2420 si
1473 2365 1828 2429 charitatem,
1865 2365 1981 2418 sine

400 2477 504 2532 qua
535 2461 696 2516 homo
717 2459 851 2514 nihil
875 2467 980 2523 est,
1010 2473 1117 2512 non
1147 2457 1407 2512 haberet?
1432 2455 1579 2511 nullo
1617 2463 1796 2509 autem
1819 2453 1980 2509 modo

401 2550 478 2605 ita
524 2549 775 2605 diceret:
816 2547 1035 2616 quando
1089 2546 1156 2601 de
1201 2545 1457 2600 membris
1503 2545 1728 2617 agebat,
1778 2545 1979 2614 quibus

399 2640 601 2695 Christi
641 2653 837 2709 corpus
889 2637 1140 2706 impletur
1179 2654 1192 2689 :
1235 2636 1478 2705 nunquid
1527 2651 1718 2691 omnes
1773 2636 1978 2692 habent

398 2730 758 2785 duritatem?
797 2728 1252 2798 quemadmodum
1295 2726 1454 2791 dixit,
1489 2727 1735 2798 nunquid
1787 2742 1977 2783 omnes

399 2821 672 2892 Apostoli?
691 2819 930 2890 nunquid
955 2835 1146 2875 omnes
1173 2818 1493 2888 Prophetas?
1514 2819 1757 2888 nunquid
1785 2833 1976 2873 omnes

406 2913 678 2968 Virtutes?
715 2910 955 2980 nunquid
984 2924 1174 2965 omnes
1195 2908 1337 2964 dona
1375 2908 1577 2964 habent
1610 2908 1971 2974 curationum,

399 3013 457 3058 et
485 3013 680 3057 caetera
709 3000 1054 3070 hujusmodi?

2083 1828 2354 1883 nonnullis
2378 1830 2666 1897 haereticis,
2683 1832 2772 1900 qui
2833 1832 2913 1886 vel
2935 1833 3135 1902 aliquid
3157 1833 3284 1888 boni
3321 1835 3388 1889 de
3414 1835 3658 1889 muneri-

2082 1919 2185 1975 bus
2223 1922 2396 1976 sancti
2428 1919 2664 1992 Spiritus
2709 1932 2910 1994 negant
2943 1938 3102 1992 posse
3132 1924 3249 1978 dari
3294 1924 3407 1988 eis,
3457 1925 3551 1992 qui
3586 1925 3654 1978 ad

2082 2017 2285 2064 sortem
2315 2019 2626 2065 sanctorum
2653 2027 2757 2067 non
2803 2015 3074 2082 pertinent
3107 2029 3120 2065 :
3147 2028 3268 2068 cum
3313 2013 3396 2068 eis
3419 2014 3652 2068 dicimus

2082 2099 2284 2155 habere
2308 2100 2430 2156 illos
2449 2116 2608 2171 posse
2629 2103 2882 2171 baptismi
2912 2111 3329 2166 sacramentum,
3359 2105 3505 2172 quod
3529 2118 3652 2158 cum

2081 2189 2151 2243 ad
2195 2189 2495 2245 Ecclesiam
2548 2192 2871 2247 catholicam
2909 2194 3152 2258 veniunt,
3184 2209 3292 2248 non
3339 2203 3425 2249 est
3469 2195 3526 2249 in
3575 2195 3655 2250 eis

2080 2280 2190 2336 ullo
2224 2282 2386 2336 modo
2415 2281 2746 2348 violandum,
2789 2292 2883 2337 aut
2911 2285 3065 2353 quasi
3093 2301 3200 2340 non
3241 2284 3497 2350 habeant,
3546 2295 3655 2340 tra-

2081 2370 2312 2426 dendum
2339 2388 2353 2424 :
2387 2372 2484 2427 sed
2505 2381 2686 2428 tamen
2711 2387 2807 2427 eos
2826 2388 2934 2428 non
2960 2373 3081 2429 ideo
3105 2373 3266 2429 saluti
3299 2373 3503 2430 debere
3526 2392 3655 2430 con-

2081 2461 2268 2528 lidere,
2297 2463 2424 2532 quia
2458 2479 2567 2518 non
2595 2464 2984 2535 improbemus,
3029 2465 3175 2535 quod
3223 2465 3341 2521 illos
3373 2467 3654 2537 accepisse

2080 2555 2455 2622 concedimus,
2487 2557 2582 2612 sed
2629 2565 2884 2627 oportere
2927 2572 3257 2627 cognoscere
3307 2559 3537 2615 unitatis
3568 2575 3654 2615 so-

2079 2645 2332 2701 cietatem
2383 2645 2601 2701 vinculo
2646 2647 2931 2701 charitatis
2961 2648 3015 2701 in
3061 2648 3327 2713 eumdem,
3374 2650 3497 2704 sine
3545 2664 3650 2720 qua

2079 2737 2300 2792 omnino
2327 2738 2586 2807 quidquid
2607 2738 2807 2794 habere
2832 2740 3138 2808 potuerint,
3179 2741 3425 2809 quamvis
3453 2757 3551 2812 per
3591 2757 3650 2796 se

2079 2836 2326 2884 sanctum
2362 2837 2525 2898 atque
2563 2831 2953 2896 venerandum,
2981 2831 3080 2900 ipsi
3110 2839 3290 2886 tamen
3320 2832 3455 2889 nihil
3487 2843 3646 2897 sunt;

2078 2929 2229 2976 tanto
2249 2921 2580 2991 indigniores
2603 2921 2780 2978 effecti
2811 2925 3030 2993 praemio
3055 2925 3176 2978 vitae
3196 2931 3649 2996 teternaa,quan:o

2079 3012 2184 3068 illis
2209 3012 2366 3068 donis
2392 3028 2498 3068 non
2535 3014 2674 3069 bene
2709 3015 2790 3069 usi
2835 3023 2978 3078 sunt,
3003 3029 3123 3084 quae
3157 3015 3211 3068 in
3237 3013 3339 3070 hac
3366 3017 3501 3080 vita,
3532 3033 3649 3086 qua

478 3134 497 3167 ι
531 3114 636 3169 Sed
661 3114 791 3170 dicit
831 3112 1046 3182 aliquis,
1069 3127 1228 3184 posse
1252 3113 1469 3184 quidem
1493 3113 1632 3178 fieri,
1660 3121 1721 3167 ut
1744 3112 1978 3183 prOphe-
2003 3069 2048 3132 Ο
2080 3103 2375 3158 transitura
2403 3111 2507 3168 est,
2538 3111 2882 3173 acceperunt.
2910 3069 3038 3156 Non‘
3061 3113 3240 3157 autem
3269 3103 3412 3159 bene
3454 3069 3642 3167 utitur,

399 3206 528 3260 tiam
560 3204 787 3274 quisque
817 3218 923 3258 non
977 3204 1192 3269 habeat,
1228 3213 1282 3258 et
1308 3212 1486 3259 tamen
1516 3205 1714 3258 habeat
1735 3203 1975 3258 charita-

2075 3191 2180 3245 nisi
2222 3191 2464 3246 eharitas
2483 3233 2497 3257 ,
2521 3190 2576 3257 (Ι
2607 3191 2728 3247 Cor.
2759 3208 2881 3254 xui,
2911 3191 2986 3264 7),
3011 3200 3066 3246 et
3092 3193 3330 3248 eharitas
3349 3194 3533 3248 omnia
3563 3202 3647 3248 to-

399 3305 527 3360 tcm,
569 3302 733 3363 atque
767 3294 889 3349 ideo
933 3293 1132 3348 Christi
1157 3295 1416 3349 membris
1463 3295 1853 3349 adnumeratus
1893 3294 1973 3348 in-

2075 3282 2232 3348 lerat,
2259 3292 2423 3354 atque
2443 3285 2563 3341 ideo
2585 3299 2692 3339 non
2722 3285 2919 3340 scindit
2939 3285 3221 3348 unitatﬂm,
3247 3285 3402 3354 cujus
3429 3286 3542 3354 ipsa
3566 3295 3648 3339 est

399 3386 602 3440 haereat
629 3402 642 3437 :
671 3384 768 3439 sed
787 3383 902 3438 ﬁeri
932 3399 1036 3438 non
1062 3399 1244 3454 posse,
1278 3395 1336 3439 ut
1363 3387 1707 3456 prophetiam
1750 3385 1969 3450 habeat,

398 3484 454 3532 et
477 3492 580 3531 non
616 3475 814 3529 habeat
854 3475 1196 3530 charitatem.
1229 3475 1375 3530 Nihil
1396 3484 1481 3530 est
1509 3478 1654 3530 enim
1680 3476 1841 3533 homo
1869 3479 1972 3532 ha~

396 3567 529 3621 beas
566 3563 905 3634 prophetiam
942 3564 1061 3618 sine
1103 3564 1391 3618 charitate.
1420 3564 1496 3618 lta
1520 3563 1750 3619 fortasse
1785 3581 1972 3636 quem-

394 3659 679 3715 admodum
707 3674 992 3730 possumus
1026 3658 1224 3722 dicere,
1256 3658 1390 3713 nihil
1431 3672 1551 3712 esse
1577 3659 1852 3714 hominem
1880 3661 1971 3715 ha-

393 3751 610 3807 bentem
648 3751 883 3805 animam
910 3751 1030 3805 sine
1057 3757 1238 3804 mente
1274 3767 1286 3802 :
1321 3765 1428 3803 non
1460 3750 1586 3818 quia
1617 3759 1796 3820 potest
1825 3751 1973 3806 inve-

394 3843 499 3898 niri
523 3844 706 3908 homo,
731 3843 822 3912 qui
845 3849 1079 3898 mentem
1108 3857 1213 3897 non
1237 3842 1454 3907 habeat,
1474 3842 1683 3896 habens
1707 3842 1968 3908 animam,

393 3935 505 3997 sed,
529 3934 655 4004 quia
677 3933 813 3988 nihil
835 3941 997 3998 esset,
1022 3933 1066 3988 si
1091 3933 1317 3988 inveniri
1337 3933 1528 4004 possit.
1557 3931 1648 3988 Sic
1673 3934 1836 3988 etiam
1863 3936 1970 3992 dici

391 4033 568 4094 potest
584 4042 597 4078 :
612 4039 809 4093 corpus
826 4025 1052 4095 liguram
1068 4024 1251 4088 habet,
1273 4023 1512 4078 colorem
1539 4037 1646 4078 non
1675 4024 1839 4079 habet
1864 4044 1876 4078 :
1898 4027 1972 4081 vi-

389 4113 504 4170 deri
531 4129 636 4168 non
666 4122 862 4183 potest,
897 4129 1004 4168 non
1025 4114 1148 4183 quia
1173 4122 1255 4169 est
1281 4129 1494 4184 corpus,
1521 4115 1607 4169 cui
1629 4115 1769 4170 desit
1799 4116 1966 4182 color,

391 4205 488 4260 sed
528 4205 677 4272 quia,
709 4205 753 4257 si
793 4204 1026 4266 deesset,
1069 4203 1219 4258 cerni
1255 4219 1363 4259 non
1396 4208 1588 4276 possit.
1623 4205 1699 4259 [ta
1738 4205 1969 4263 fortasse

391 4294 594 4348 dictum
636 4302 736 4357 est,
765 4294 905 4361 quod
941 4294 984 4346 si
1016 4293 1242 4362 quisque
1295 4295 1459 4352 habet
1509 4298 1871 4367 prophetiam,
1912 4307 1969 4352 et

2074 3372 2429 3428 fortissimum
2460 3375 2755 3430 vinculum.
2788 3373 2905 3428 Non
2934 3375 3076 3428 enim
3119 3383 3174 3427 et
3204 3388 3395 3429 servus
3419 3375 3509 3429 ille
3537 3390 3642 3430 non

2073 3463 2282 3533 accepit
2324 3463 2607 3529 talentum,
2639 3472 2732 3518 aut
2757 3463 2960 3532 aliquid
2990 3463 3135 3517 aliud
3190 3464 3512 3535 intelligitur
3561 3475 3640 3520 ta-

2071 3555 2296 3619 lentum,
2313 3570 2475 3624 quam
2493 3571 2689 3611 munus
2705 3555 2918 3625 aliquod
2939 3557 3126 3626 utique
3146 3555 3408 3610 divinum.
3427 3556 3640 3628 (Matth.

2071 3659 2200 3711 xxv,
2232 3644 2324 3718 29)
2375 3643 2478 3700 Sed
2508 3646 2601 3716 qui
2627 3645 2800 3711 habet,
2828 3645 3040 3699 dabitur
3059 3647 3107 3699 ei
3138 3659 3156 3698 :
3199 3647 3290 3716 qui
3332 3657 3508 3701 autem
3539 3665 3642 3702 non

2069 3736 2241 3800 habet,
2279 3745 2327 3790 et
2367 3735 2507 3806 quod
2552 3735 2722 3800 habet,
2775 3736 3046 3805 auferetur
3099 3737 3164 3790 ab
3204 3753 3284 3790 eo.
3329 3735 3483 3804 Quod
3533 3753 3640 3792 non

2070 3827 2237 3883 habet.
2280 3825 2483 3881 auferri
2513 3839 2619 3880 non
2660 3833 2861 3895 potest,
2892 3826 2986 3880 sed
3035 3825 3179 3880 aliud
3215 3841 3323 3881 non
3375 3826 3561 3892 habet,
3585 3840 3642 3882 ut

2070 3920 2263 3974 merito
2291 3917 2587 3985 auferatur,
2619 3918 2760 3988 quod
2783 3918 2965 3973 habet.
2991 3918 3104 3973 Non
3132 3918 3296 3973 habet
3319 3919 3644 3975 charitath

2068 4009 2276 4075 utendi,
2303 4018 2365 4064 ut
2391 4009 2669 4065 auferatur
2695 4009 2954 4079 quidquid
2977 4009 3122 4063 aliud
3151 4009 3332 4074 habet,
3361 4011 3506 4079 quod
3525 4013 3643 4065 sine

2068 4100 2336 4155 charitate
2359 4115 2465 4155 non
2493 4101 2732 4171 prodest.

2143 4210 2161 4242 ‹
2204 4190 2320 4246 Non
2342 4191 2506 4262 igitur
2529 4191 2725 4246 mirum
2751 4201 2834 4246 est
2862 4205 3043 4262 regem
3087 4190 3237 4257 Saul,
3261 4201 3315 4247 et
3335 4208 3402 4249 eo
3435 4202 3641 4264 tempo-

2068 4296 2126 4336 re
2142 4322 2156 4346 ,
2184 4297 2291 4350 quo
2311 4282 2548 4352 primum
2571 4289 2766 4337 unctus
2791 4289 2895 4346 est,
2929 4284 3202 4353 accepisse
3239 4284 3493 4353 spiritum
3515 4302 3641 4355 pro-

388 4383 710 4438 eharitatem
758 4398 863 4436 non
913 4383 1095 4450 habet,
1132 4384 1267 4438 nihil
1296 4393 1407 4450 est,
1455 4401 1563 4442 non
1609 4389 1735 4456 quia
1783 4396 1963 4458 potest

2075 4372 2354 4442 phetandi;
2391 4381 2447 4427 et
2483 4381 2668 4443 postea
2697 4387 2822 4428 eum
2846 4380 2990 4428 esset
3016 4388 3116 4443 pro
3161 4375 3527 4432 inobedientia
3559 4393 3642 4432 re-

391 4473 444 4527 in
474 4487 741 4543 quoquam
765 4488 884 4529 esse
918 4476 1199 4545 prophetia
1228 4475 1344 4530 sine
1368 4477 1656 4543 charitate,
1698 4478 1790 4534 sed
1814 4480 1963 4549 quia,

389 4563 436 4618 si
472 4571 633 4628 esset,
665 4562 918 4632 prodesse
950 4579 1055 4619 non
1091 4573 1290 4634 posset.
1325 4565 1471 4636 Opus
1497 4575 1582 4622 est
1606 4583 1736 4640 ergo
1762 4570 1830 4623 ad
1860 4570 1968 4624 sol-

388 4655 622 4710 vendum
668 4655 829 4710 istam
856 4657 1230 4725 quaestionem,
1263 4666 1321 4711 ut
1349 4659 1699 4713 os:endamus
1728 4659 1963 4729 aliquem

391 4746 678 4816 reprobum
707 4747 809 4817 hoc
848 4746 1047 4801 donum
1074 4747 1328 4802 habuisse
1359 4747 1676 4817 prophetim.
1724 4749 1875 4815 Quod
1919 4751 1962 4805 si

389 4837 660 4894 neminem
687 4837 1072 4900 invenerimus,
1087 4838 1190 4891 hoc
1216 4838 1316 4892 iste
1338 4837 1452 4907 ipse
1475 4837 1605 4891 Saul
1635 4839 1768 4893 satis
1783 4847 1964 4894 osten-

389 4927 558 4982 deret.
607 4925 713 4980 Sed
757 4934 934 4980 tamen
971 4926 1132 4980 etiam
1164 4926 1251 4981 ille
1295 4929 1462 4998 (num.
1499 4944 1591 4991 xx,
1620 4927 1684 4993 5,
1710 4927 1801 4998 24)
1833 4927 1964 4984 Bas-

387 5017 789 5096 lam_reprobus
826 5027 1047 5086 apparet
1081 5035 1093 5070 :
1125 5033 1232 5073 non
1284 5019 1427 5074 enim
1473 5033 1595 5074 eum
1651 5028 1796 5076 tacet
1831 5021 1966 5076 scri—

387 5107 546 5181 ptura
585 5106 984 5176 divinojudicio
1012 5122 1132 5163 esse
1167 5108 1505 5175 damnatum,
1542 5117 1596 5166 et
1631 5118 1809 5166 tamen
1838 5126 1964 5182 pro-

387 5197 622 5269 phetiam
663 5195 913 5262 habebat,
945 5204 1000 5252 et
1025 5196 1150 5267 quia
1189 5197 1239 5253 ei
1282 5198 1522 5254 eharitas
1551 5199 1756 5266 deerat,
1785 5203 1964 5256 inerat

385 5288 632 5344 voluntas
672 5285 1023 5343 maledicendi
1058 5287 1255 5358 populo
1296 5288 1622 5354 Israelitico,
1655 5305 1817 5358 quam
1871 5289 1964 5344 ho-

385 5378 487 5434 stis
527 5378 702 5449 pretio
735 5389 1161 5449 comparaverat,
1207 5381 1299 5450 qui
1345 5397 1470 5437 eum
1524 5382 1593 5437 ad
1637 5381 1960 5438 maledicen-

386 5468 515 5522 dum
567 5469 815 5524 mercede
854 5473 1221 5536 conduxerat;
1279 5470 1421 5527 dono
1461 5480 1640 5528 tamen
1688 5472 1782 5528 illo
1833 5487 1958 5541 pro-

386 5556 640 5624 phetandi
661 5597 678 5623 ,
708 5572 816 5628 quo
863 5559 1280 5630 aspergebatur,
1336 5561 1692 5616 benedieehat
1728 5560 1951 5616 invitus.

387 5644 498 5702 Nec
545 5645 634 5701 illa
681 5649 842 5701 verba
890 5663 1074 5716 parum
1117 5648 1444 5708 attestantur
1476 5652 1603 5706 huic
1652 5651 1954 5714 sententiis,

2066 4465 2344 4534 probatus,
2372 4465 2662 4520 recedente
2717 4466 2786 4520 ab
2840 4480 2906 4520 eo
2948 4464 3155 4535 Spiritu
3202 4467 3435 4532 Domini,
3493 4485 3641 4525 arre-

2065 4564 2216 4624 ptum
2241 4570 2363 4610 esse
2387 4555 2621 4624 maligno
2643 4553 2845 4625 Spiritu
2873 4571 2904 4610 a
2929 4555 3176 4621 Domino,
3207 4559 3298 4628 qui
3320 4560 3489 4614 etiam
3523 4562 3638 4630 ipse

2067 4645 2300 4715 Spiritus
2330 4645 2543 4700 Domini
2572 4645 2868 4716 appellatus
2896 4653 2981 4702 est
3004 4653 3227 4716 propter
3247 4648 3632 4717 ministerium,

2064 4734 2188 4803 quia
2211 4735 2465 4789 omnibus
2491 4735 2652 4789 etiam
2676 4734 2954 4805 spiritibus
2992 4734 3148 4790 malis
3177 4736 3314 4791 bene
3337 4739 3510 4793 utitur
3531 4740 3638 4796 Do-

2063 4824 2279 4888 minus,
2331 4824 2412 4879 vel
2449 4826 2517 4880 ad
2563 4824 2966 4880 damnationem
3015 4827 3398 4896 quorumdam,
3432 4829 3514 4884 vel
3566 4832 3636 4886 ad

2062 4915 2513 4981 emendationem,
2554 4916 2639 4971 vel
2683 4917 2750 4970 ad
2777 4917 3149 4986 probationem
3175 4935 3188 4971 :
3213 4918 3392 4991 (Rom.
3422 4938 3543 4987 xm,
3582 4925 3636 4995 l)

2061 5016 2117 5064 et
2139 5009 2387 5079 quamvis
2415 5023 2522 5063 non
2549 5008 2617 5063 sit
2645 5008 2953 5080 malignitas
2979 5025 3010 5063 a
3040 5009 3290 5076 Domino,
3311 5027 3419 5067 non
3446 5022 3530 5068 est
3554 5024 3608 5069 ta

2063 5113 2184 5154 men
2219 5106 2478 5169 potestas,
2510 5099 2615 5154 nisi
2659 5114 2692 5154 a
2729 5099 2982 5155 Domino.
3029 5099 3217 5156 Dictus
3243 5111 3327 5158 est
3368 5104 3532 5159 etiam
3562 5106 3632 5176 (1

2064 5189 2192 5260 Reg.
2225 5205 2378 5257 xm,
2413 5189 2501 5260 12)
2528 5206 2684 5262 sopor
2721 5190 2956 5257 Domini,
3003 5191 3093 5261 qui
3129 5205 3490 5262 occupaverat
3530 5199 3636 5251 mi~

2061 5280 2182 5335 lites
2209 5277 2449 5347 eiusdem
2481 5279 2634 5346 Saul,
2658 5295 2780 5336 cum
2814 5279 2984 5336 David
3015 5281 3226 5337 hastam
3269 5293 3324 5338 et
3370 5286 3634 5358 scyphu-

2060 5371 2366 5427 absmlisset
2390 5385 2425 5424 va
2463 5372 2638 5441 capite
2662 5371 2997 5427 dormientis.
3024 5370 3141 5428 Non
3161 5374 3286 5442 quia
3311 5383 3440 5428 tunc
3469 5391 3635 5444 sapor

2060 5464 2112 5518 in
2148 5463 2375 5519 Domino
2403 5472 2542 5527 erat,
2583 5470 2643 5516 ut
2665 5463 2779 5531 ipse
2806 5461 3091 5528 dormiret,
3122 5462 3215 5519 sed
3243 5464 3366 5533 quia
3403 5463 3492 5519 ille
3534 5481 3630 5520 so-

2059 5571 2179 5625 por,
2230 5555 2324 5626 qui
2365 5563 2494 5609 tunc
2541 5553 2789 5609 homines
2835 5554 3301 5625 apprehenderat,
3355 5565 3488 5609 nutu
3532 5555 3632 5611 Dei

2059 5657 2176 5700 erat
2210 5647 2455 5701 inlusus:
2483 5661 2551 5700 ne
2595 5643 2781 5710 David,
2817 5643 2960 5699 servi
2991 5641 3125 5712 ejus,
3153 5645 3208 5698 in
3231 5660 3296 5702 eo
3331 5644 3448 5700 loco
3493 5661 3634 5718 pra-
