3976 6170
291 275 394 336 677

1182 256 1648 332 ουιετιοΝεδ
1689 257 1837 310 XXX
1877 256 2104 312 SUPER
2144 256 2393 310 LIBROS
2427 255 2688 310 πρωί.

3443 253 3549 311 678

291 390 467 459 sentis
518 363 832 442 sentiretur.
880 381 1067 454 Neque
1119 379 1247 436 illud
1297 380 1497 434 mirum
1549 386 1632 434 est
1677 387 1864 429 rursus
1893 380 1945 439 Α
1969 384 2107 424 eum
2139 369 2210 425 Ut
2239 369 2329 425 ille
2352 371 2631 439 nimirum,
2659 369 2752 441 qui
2781 378 2892 426 tam
2925 371 3168 444 perfecto
3191 371 3346 446 juxta
3377 372 3550 445 legem

290 481 538 537 eumdem
594 478 724 535 Saul
779 477 1055 548 accepisse
1117 473 1370 545 spiritum
1418 471 1753 543 prophetiae:
1799 473 1866 546 (ι

295 573 419 644 Reg.
449 589 564 638 xix,
601 571 694 642 24)
737 587 861 627 cum
914 575 1334 640 persequeretur
1376 565 1614 636 justum,
1647 574 1701 622 et
1747 581 1870 622 eum

290 665 814 736 comprehensurus,
855 671 912 718 et
950 669 1243 717 necaturus
1282 661 1524 716 venisset
1565 659 1619 714 in
1667 659 1868 727 locum,

291 755 378 809 ubi
410 762 531 808 erat
574 752 923 824 congregatio
951 751 1369 819 Prophetarum.
1408 748 1498 805 Sic
1545 750 1691 804 enim
1738 751 1871 806 satis

291 851 722 903 demonstratum
769 853 876 910 est,
903 844 1176 898 neminem
1231 842 1296 897 de
1348 842 1443 896 tali
1493 857 1722 897 munere
1759 841 1872 910 jam

290 954 541 995 securum
566 953 688 992 esse
718 936 936 999 debere,
970 942 1226 1002 tanquam
1246 933 1316 987 sit
1336 933 1749 1003 acceptissimus
1769 933 1875 988 Do-

290 1030 439 1084 mino
464 1028 508 1084 si
553 1044 662 1083 non
692 1026 888 1082 habeat
933 1024 1292 1090 charitatem;
1347 1025 1606 1094 quoniam
1654 1025 1873 1095 quidem

291 1122 421 1177 illud
463 1121 684 1184 donum,
713 1127 767 1174 et
791 1117 939 1174 Sauli
965 1118 1080 1172 dari
1109 1119 1287 1189 potuit
1336 1127 1560 1188 propter
1612 1133 1874 1174 arcanum

289 1211 510 1281 quidem
549 1209 778 1280 alicujus
813 1200 1162 1272 sacramenti,
1193 1206 1290 1262 sed
1323 1217 1506 1262 tamen
1538 1207 1656 1264 dari
1696 1209 1876 1279 potuit

291 1301 601 1371 reprobate,
633 1299 833 1363 invido,
861 1305 917 1352 et
957 1298 1197 1369 ingrato,
1229 1304 1283 1351 et
1326 1297 1575 1352 reddenti
1603 1299 1748 1352 mala
1775 1315 1874 1368 pro

291 1393 478 1456 bonis,
530 1400 586 1446 et
617 1406 684 1445 ne
708 1398 832 1460 post
879 1390 1054 1460 ipsam
1085 1388 1304 1458 quidem
1345 1387 1718 1456 acceptionem
1749 1387 1874 1459 Spi-

293 1481 450 1542 ritus,
476 1488 726 1550 correpto
758 1479 811 1533 in
838 1478 1030 1533 melius
1053 1487 1214 1547 atque
1245 1485 1473 1531 mutato.
1506 1497 1524 1529 ι

365 1583 393 1610 ι
425 1568 514 1624 Ait
539 1586 759 1640 namque
793 1567 1054 1622 Jonathas
1076 1566 1146 1620 ad
1178 1566 1348 1620 David
1373 1565 1556 1638 (quem
1602 1567 1658 1621 in
1696 1582 1878 1638 perse-

292 1660 602 1714 eutionibus
622 1660 798 1729 patris
823 1659 905 1713 sui
931 1674 1039 1712 non
1063 1657 1226 1726 justis
1254 1657 1473 1712 dolebat
1501 1655 1738 1729 fatigari)
1787 1677 1797 1711 :
1829 1658 1874 1711 si

1971 465 2184 521 Domini
2211 481 2398 523 amore
2439 466 2900 540 complectebatur
2952 468 3155 536 David,
3180 484 3211 525 a
3251 469 3554 541 perditione

1971 556 2313 612 inimicorum
2341 559 2458 629 ejus
2514 560 2893 614 ostenderetur
2935 560 3215 628 immunis,
3241 562 3334 632 qui
3357 570 3413 617 et
3442 561 3470 602 ά
3509 564 3558 620 sl

1972 646 2152 702 subita
2179 657 2358 702 morte
2403 658 2728 719 praereptus,
2751 665 2978 721 regnum
3001 666 3127 707 cum
3161 667 3247 718 eo,
3272 662 3333 707 ut
3371 670 3560 725 spera-

1971 739 2083 802 bat,
2131 747 2408 794 terrenum
2459 741 2662 796 habere
2719 742 2964 811 nequivit
3018 758 3323 811 commune,
3356 746 3560 815 absque

1973 827 2081 882 ulla
2137 837 2317 884 tamen
2379 832 2807 888 contradictione
2844 833 2995 904 regni
3049 833 3285 890 cmlestis
3335 851 3559 892 consor-

1977 920 2114 975 tium
2139 937 2265 976 cum
2293 936 2358 977 eo
2378 963 2392 988 ,
2420 939 2580 993 quem
2630 939 2730 995 pro
2781 924 2952 995 gloria
2994 926 3256 981 virtutum
3296 928 3562 998 tantisper

1975 1009 2202 1077 dilexit,
2243 1027 2366 1068 cum
2393 1022 2538 1068 esset
2579 1021 2634 1068 et
2671 1014 2784 1085 ipse
2803 1016 3063 1070 virtutum
3089 1017 3302 1086 plenus,
3327 1019 3556 1089 accepit.

2047 1101 2199 1174 (Cap.
2231 1120 2324 1168 xx,
2349 1104 2420 1158 45
2445 1114 2491 1158 et
2521 1122 2614 1159 xxx
2638 1146 2652 1170 ,
2684 1105 2758 1177 1.)
2793 1124 2812 1156 ι
2849 1104 3101 1160 Surrexit
3135 1119 3158 1146 ε
3181 1107 3364 1178 itaque
3391 1109 3561 1165 David

1977 1189 2193 1257 iterum,
2221 1201 2276 1248 et
2303 1192 2442 1264 fugit
2480 1195 2535 1248 in
2565 1195 2652 1250 die
2680 1195 2767 1249 illa
2791 1211 2823 1250 a
2859 1194 3000 1251 facie
3036 1196 3185 1263 Saul,
3210 1199 3466 1270 venitque
3491 1199 3562 1255 ad

1977 1285 2313 1340 sacerdotem
2359 1286 2671 1341 Abimelech
2701 1328 2714 1353 ,
2770 1303 2800 1342 a
2848 1303 2955 1358 quo
2999 1298 3054 1344 et
3100 1289 3337 1359 gladium
3390 1289 3561 1347 Golim

1977 1374 2251 1440 substulit,
2276 1383 2332 1430 et
2356 1391 2525 1446 panes
2555 1377 2940 1447 propositionis
2961 1379 3192 1448 accepit.
3225 1379 3354 1446 Qua:
3377 1394 3466 1436 res
3505 1388 3563 1435 et

1977 1467 2246 1521 sacerdoti
2279 1474 2509 1522 mortem
2537 1468 2748 1534 intulit,
2780 1477 2835 1523 et
2879 1469 3400 1526 animadversionem
3439 1471 3566 1528 reli-

1976 1559 2141 1630 giosae
2189 1559 2372 1614 intulit
2414 1561 2638 1615 civitati.
2701 1561 2828 1616 Hac
2879 1561 3063 1632 itaque
3103 1569 3378 1633 gestorum
3428 1563 3563 1618 fides

1978 1659 2064 1706 est
2090 1669 2101 1704 :
2130 1652 2225 1706 sed
2267 1661 2528 1721 quantum
2577 1654 2643 1708 ad
2670 1663 3071 1709 sacramentum
3118 1655 3414 1724 prophetiae
3442 1669 3566 1724 per-

293 1751 470 1805 vixero
498 1749 660 1820 facies
682 1749 806 1802 mihi
830 1747 1241 1802 misericordiam
1261 1747 1568 1802 Domini:st
1585 1765 1706 1802 vero
1737 1764 1876 1801 mor-

1988 1738 2136 1804 Linet,
2182 1740 2234 1792 in
2266 1739 2481 1794 Christo
2511 1741 2740 1798 Domino
2784 1751 2972 1797 nostro
3011 1743 3290 1812 impletum
3338 1751 3443 1809 est,
3474 1744 3567 1814 qni

292 1855 416 1897 usus
437 1842 608 1912 fuero,
641 1858 743 1896 non
771 1841 985 1911 auferas
1033 1841 1448 1894 misericordiam
1475 1849 1622 1894 tuam
1657 1858 1689 1895 a
1720 1841 1876 1894 domo

293 1948 411 1986 mea
460 1947 619 2002 usque
671 1932 727 1985 in
793 1931 1202 2003 sempiternum,
1253 1929 1468 2000 quando
1529 1929 1876 1984 eradicaverit

293 2021 553 2074 Dominus
601 2019 840 2074 inimicos
889 2019 1066 2073 David
1119 2035 1538 2089 unumquemque
1584 2017 1648 2072 de
1710 2028 1872 2072 terra.

293 2110 432 2165 Cum
483 2110 798 2180 adiungeret
833 2109 1111 2179 Scriptura
1142 2127 1155 2163 :
1203 2108 1368 2180 (vers.
1406 2108 1490 2179 16)
1519 2109 1712 2179 pepigit
1753 2124 1876 2179 ergo

295 2201 466 2270 [trdus
494 2201 754 2255 Jonathas
781 2217 900 2252 cum
921 2200 1076 2252 domo
1100 2198 1266 2253 David
1295 2214 1313 2250 :
1341 2200 1596 2253 continuo
1625 2201 1876 2254 sublatu-

297 2291 361 2344 lit
386 2290 573 2344 dicens
601 2305 616 2343 :
643 2290 669 2328 δ
703 2287 966 2358 requisivit
998 2286 1255 2340 Dominus
1277 2287 1341 2340 de
1365 2304 1524 2340 manu
1544 2289 1878 2342 inimicorum

301 2381 492 2435 David.
547 2397 565 2431 ι
615 2379 720 2432 Per
771 2377 1214 2446 anticipationem
1267 2377 1454 2446 utique
1510 2376 1671 2443 fecit,
1728 2378 1880 2447 prius

299 2469 543 2523 historia
589 2467 1002 2530 interserendo,
1058 2465 1202 2534 quod
1242 2465 1410 2520 multo
1461 2473 1587 2536 post
1640 2475 1881 2536 tempore

301 2557 505 2613 factum
541 2568 644 2624 est,
673 2574 794 2612 cum
817 2557 1102 2613 interfecto
1131 2557 1321 2621 Saule,
1353 2573 1577 2628 regnum
1604 2559 1670 2614 ad
1700 2559 1884 2613 Domi-

297 2663 431 2702 num
479 2648 646 2704 David
675 2649 993 2703 translatum
1023 2657 1127 2715 est,
1164 2657 1218 2703 et
1247 2649 1340 2718 qui
1368 2649 1711 2703 innocentem
1757 2664 1880 2704 eum

298 2735 499 2806 injuste
524 2739 1008 2809 persequebantur,
1035 2739 1182 2809 justa
1229 2746 1355 2794 sunt
1394 2739 1651 2794 divinitus
1680 2740 1881 2796 ultione

299 2830 536 2885 multati.
563 2831 714 2886 Tunc
760 2827 904 2886 enim
954 2831 1238 2900 requisivit
1288 2831 1549 2887 Dominus
1596 2832 1663 2886 de
1718 2847 1880 2886 manu

299 2922 645 2978 inimicorum
669 2922 855 2988 David,
882 2937 1050 2992 quare
1073 2922 1248 2976 virum
1279 2930 1525 2977 sanctum
1551 2920 1878 2978 aﬂlixcrunt.

300 3018 457 3074 Tunc
480 3019 815 3090 cogebantur
842 3019 1108 3074 rationem
1139 3020 1365 3074 reddere
1391 3019 1659 3085 odiorum,
1685 3020 1880 3090 quibus

1975 1827 2185 1896 positus
2218 1827 2272 1881 in
2303 1842 2470 1883 carne
2522 1828 2577 1895 τ,
2632 1830 2760 1884 dum
2813 1831 3225 1886 insectationem
3271 1831 3568 1889 declinaret

1976 1912 2282 1982 Iudaicam,
2310 1917 2378 1970 ad
2406 1919 2430 1956 ε
2453 1917 2678 1987 populos
2702 1919 2920 1973 transiit
2951 1937 2964 1972 :
2995 1935 3119 1975 cum
3155 1921 3374 1991 quibus,
3396 1932 3452 1977 et
3471 1921 3566 1978 de—

1977 2005 2275 2062 sideratum
2304 2006 2406 2062 sibi
2435 2007 2615 2062 cibum
2640 2011 2890 2079 sumpsit.
2924 2009 3080 2082 (Luc.
3115 2028 3253 2077 χχιι,
3286 2011 3375 2084 15)
3415 2013 3569 2068 Desi-

1978 2101 2124 2156 derio
2145 2103 2301 2166 enim,
2338 2103 2534 2172 inquit,
2559 2103 2852 2158 desideravi
2877 2105 2975 2158 hoc
3010 2101 3222 2159 Pascha
3247 2104 3567 2161 manducare

1978 2193 2260 2260 vobiscum,
2292 2209 2359 2249 ex
2380 2195 2576 2263 quibus
2599 2194 2786 2261 Golize,
2823 2195 2876 2251 id
2903 2204 2988 2250 est
3015 2211 3168 2250 arma
3199 2196 3400 2252 diaboli
3431 2197 3560 2252 sub-

1980 2281 2151 2346 stulit,
2183 2281 2340 2336 fortis
2382 2282 2529 2336 enim
2575 2284 2746 2352 spolia
2787 2284 2900 2353 ipse
2943 2283 3151 2353 dirupit
3199 2299 3213 2337 :
3248 2285 3335 2338 his
3368 2299 3496 2354 ergo
3526 2299 3557 2339 a

1980 2372 2178 2440 quibus
2222 2380 2472 2440 receptus
2510 2380 2593 2427 est
2619 2372 2894 2437 Christus,
2931 2373 3309 2428 tribulationes
3353 2373 3566 2429 induxit

1982 2460 2248 2525 diabolus,
2277 2467 2333 2514 et
2358 2469 2608 2515 mortem.
2657 2461 2850 2515 Omnes
2873 2461 3030 2527 enim,
3056 2469 3129 2515 ‘ut
3156 2462 3232 2516 ait
3255 2460 3571 2531 Apostolus,

1981 2554 2072 2625 qui
2102 2553 2157 2607 in
2205 2551 2412 2607 Christo
2439 2554 2523 2624 pie
2568 2553 2744 2608 volunt
2773 2556 2938 2610 vivere
2965 2596 2980 2620 ,
3032 2555 3437 2625 persecutionem
3479 2573 3572 2628 pa-

1981 2643 2208 2696 tiuntur.
2246 2641 2428 2714 (Joan.
2477 2659 2569 2709 xv,
2597 2642 2689 2715 20)
2741 2645 2806 2698 Et
2850 2645 3110 2699 Dominus
3155 2645 3277 2717 (ait)
3323 2660 3338 2699 :
3374 2645 3436 2701 Si
3490 2664 3573 2701 me

1980 2735 2238 2806 persecuti
2259 2744 2404 2800 sunt,
2433 2744 2483 2789 et
2505 2752 2592 2791 vos
2617 2746 3010 2807 persequentur.
3059 2737 3085 2776 ιι
3118 2736 3270 2804 Quod
3301 2751 3430 2791 vero
3467 2737 3573 2792 Do-

1982 2826 2164 2881 minus
2190 2827 2243 2880 in
2276 2825 2570 2897 Evangelio
2608 2826 2801 2899 (Marc.
2835 2843 2894 2892 ιι,
2947 2827 3072 2898 26),
3136 2828 3394 2882 Abiathar
3421 2829 3571 2899 prin-

1983 2913 2157 2984 cipem
2209 2915 2577 2980 sacerdotum,
2630 2929 2738 2970 non
2773 2915 3088 2971 Abimelech
3132 2916 3384 2988 appellat,
3436 2917 3570 2973 nihil

1986 3006 2152 3061 habet
2181 3006 2535 3061 dissonantia:
2566 3022 2578 3058 :
2611 3005 2771 3062 ambo
2799 3017 2856 3062 et
2874 3007 3020 3062 enim
3045 3007 3264 3063 fuerunt
3290 3009 3418 3074 illic,
3448 3025 3572 3066 cum

297 3121 492 3168 contra
534 3088 683 3168 illum
727 3121 875 3167 tanto
907 3120 1148 3182 tempore
1194 3113 1496 3168 saevierant.
1552 3088 1716 3179 Quod
1733 3120 1788 3168 et
1817 3113 1883 3168 de

1988 3098 2206 3153 veniens
2235 3097 2407 3153 David
2451 3113 2621 3168 panes
2667 3099 2848 3169 petiit,
2885 3107 2940 3155 et
2975 3100 3190 3171 accepit
3235 3100 3570 3168 Abimelech,

299 3204 560 3268 Absalon,
592 3213 646 3257 et
683 3203 746 3258 de
772 3201 912 3257 Seba
935 3203 1043 3258 filio
1079 3202 1297 3267 Bochri,
1342 3211 1397 3258 et
1439 3206 1504 3258 de
1532 3205 1745 3260 caeteris
1789 3205 1885 3258 ho-

299 3293 476 3348 stibus
505 3293 676 3346 David
709 3303 730 3331 ο
763 3307 913 3362 teque
937 3300 1116 3362 potest
1139 3293 1385 3362 intelligi.
1417 3292 1610 3358 Aliter,
1653 3295 1700 3348 si
1745 3295 1886 3349 scire

297 3386 386 3440 vis
435 3385 566 3455 quid
619 3385 685 3439 de
736 3400 895 3438 manu
948 3386 1291 3442 inimicorum
1350 3387 1521 3442 David
1569 3387 1887 3458 requisierit

300 3478 588 3543 Dominus,
617 3485 814 3546 potest,
832 3477 886 3531 ni
913 3475 1134 3543 fallor,a
1156 3479 1433 3549 superiore
1460 3480 1751 3545 sententia,
1779 3495 1886 3549 qua

299 3573 510 3628 dictum
554 3579 666 3632 est.
718 3570 860 3640 quod
912 3569 1089 3625 foedus
1144 3571 1409 3641 pepigerit
1444 3568 1712 3627 Jonathan
1764 3587 1886 3627 cum

299 3663 468 3716 domo
509 3659 710 3723 David,
760 3667 945 3728 aperte
997 3658 1260 3726 intelligi,
1300 3660 1441 3728 quod
1484 3660 1586 3714 hoc
1616 3661 1681 3715 de
1723 3676 1888 3715 manu

302 3754 652 3808 inimicorum
679 3751 848 3806 David
875 3750 1206 3820 requisierit,
1237 3751 1290 3804 id
1333 3759 1436 3816 est,
1473 3767 1642 3820 quare
1684 3768 1790 3806 non
1835 3760 1891 3806 et

303 3843 410 3914 ipsi
442 3842 620 3898 fmdus
646 3857 768 3897 cum
813 3856 879 3896 eo
927 3841 1079 3912 pacis
1126 3840 1262 3895 inire
1301 3841 1585 3905 voluerint,
1631 3857 1753 3896 cum
1782 3857 1890 3911 quo

303 3950 431 3988 esse
473 3933 760 3987 Dominum
815 3931 1082 3986 viderant.
1138 3930 1347 3985 Idcirco
1391 3938 1570 3984 autem
1613 3929 1891 3999 Scriptura

305 4026 427 4078 hmc
486 4023 810 4077 sententiam
875 4021 1015 4076 hanc
1065 4019 1493 4090 przeoccupaudo
1547 4019 1894 4088 interponere

306 4117 524 4172 videtur
552 4156 566 4180 ,
622 4123 682 4170 ut
730 4113 1100 4169 testimonium
1151 4112 1398 4167 Jonathre
1445 4128 1554 4182 quo
1601 4111 1814 4167 dixerat
1873 4129 1886 4166 :

306 4189 537 4273 Quando
565 4206 906 4280 eradicpverit
956 4204 1212 4259 Dominus
1243 4204 1481 4257 inimicos
1512 4202 1681 4256 David
1705 4219 1893 4256 unum-

302 4313 564 4367 quemque
611 4297 676 4350 de.
709 4305 871 4361 terra,
909 4310 1094 4350 verum
1130 4309 1250 4349 esse
1299 4293 1705 4363 comprobaret,
1765 4293 1892 4363 quia

303 4390 560 4447 videlicet
606 4389 866 4444 eradicali
897 4388 1008 4443 sint
1057 4386 1259 4442 inimici
1287 4386 1456 4440 David
1495 4385 1562 4440 de
1589 4392 1754 4450 terra,
1778 4399 1889 4439 non

305 4482 431 4551 ipso
473 4477 641 4533 David
677 4494 736 4534 se
784 4478 849 4532 de
879 4477 1207 4530 adversariis
1235 4475 1562 4540 ulciscente,
1613 4474 1706 4529 sed
1745 4473 1889 4544 judi-

304 4581 472 4627 cante
507 4570 733 4626 Domino
789 4584 886 4639 pro
929 4567 1040 4620 illo.
1085 4566 1226 4620 Bene
1270 4575 1449 4619 autem
1505 4563 1883 4633 subjungitur:

306 4667 469 4728 (vers.
523 4660 608 4729 l7)
658 4669 705 4711 et
749 4656 954 4710 addidit
1012 4653 1284 4709 Jonathan
1332 4654 1570 4722 dejerare
1610 4652 1781 4707 David
1827 4669 1887 4707 eo

304 4751 451 4824 quod
486 4750 719 4820 diligeret
736 4749 923 4802 illum:
951 4748 1084 4800 sicut
1110 4745 1340 4799 animam
1368 4743 1613 4796 suam-Va
1643 4741 1888 4812 diligebat

385 4918 411 4945 ι
444 4923 544 4968 xx,
577 4902 640 4956 I4
670 4911 724 4955 ct
753 4900 836 4954 15.
870 4895 1263 4968 Subsequentia
1304 4895 1560 4968 perquire
1590 4896 1889 4965 quaestione

309 4975 343 5028 5
366 4975 493 5029 libri
520 4965 627 5028 axx
649 4972 848 5036 Quaest.
881 4969 1038 5024 Beda:
1065 4965 1120 5021 in
1152 4966 1320 5020 libros
1349 4965 1577 5035 Regum.

387 5043 416 5083 δ
447 5043 669 5115 Yulgata
700 5059 714 5093 :
743 5041 984 5111 requiret.

391 5125 412 5152 ο
448 5111 612 5168 Deest
639 5125 805 5180 a'que.

385 5182 412 5223 δ
446 5181 582 5260 'I_'am
612 5177 798 5260 noster
825 5177 1030 5260 Codex,
1057 5192 1220 5260 quam
1263 5177 1393 5260 editi
1422 5185 1631 5260 ponunt
1661 5177 1735 5230 ita
1761 5192 1778 5227 :
1812 5184 1894 5230 ta-

315 5267 441 5308 men
472 5250 758 5322 legendum
785 5249 1023 5303 arbitror
1049 5247 1244 5312 subita,
1277 5251 1355 5301 uti
1385 5247 1562 5317 pesui.

392 5335 416 5363 ο
447 5321 527 5376 Ex
556 5321 760 5375 Isidoro
787 5320 1066 5388 desumpta
1107 5325 1235 5371 sunt
1262 5317 1667 5385 subsequentia.

396 5393 414 5431 τ
461 5390 674 5445 Domini
707 5405 724 5440 :
757 5390 850 5444 sed
873 5387 1030 5443 male.

393 5463 418 5502 ι
449 5459 720 5531 Apostolos
739 5473 756 5511 :
775 5459 1096 5531 hicquoque
1123 5455 1513 5531 m_aIe_,quando
1528 5456 1682 5531 enim
1703 5456 1902 5531 transit

315 5532 386 5584 ad
417 5523 724 5598 apostolos?
758 5529 839 5584 Ad
860 5523 1134 5584 Galilaeam
1167 5523 1381 5598 {utique
1401 5523 1715 5598 Gentium],
1747 5533 1812 5598 et
1832 5526 1900 5578 ad

316 5594 533 5671 Tyrios,
563 5609 618 5654 et
638 5600 706 5654 ad
746 5599 1031 5671 Sydonios
1050 5594 1312 5666 confugit,
1355 5612 1464 5650 non
1495 5595 1562 5650 ad
1592 5594 1900 5671 Apostolos.

318 5665 570 5726 Arbitror
588 5671 772 5741 itaque
787 5665 907 5740 jam
929 5669 1127 5722 dudum
1157 5665 1468 5739 corruptum
1496 5679 1616 5721 esse
1639 5678 1739 5737 per
1758 5665 1902 5719 anti-

1985 3189 2238 3246 videlicet
2285 3190 2538 3261 princeps
2586 3190 2927 3244 sacerdotum
2952 3230 2968 3256 ,
3017 3199 3072 3245 et
3114 3191 3378 3248 Ahiathar
3429 3191 3573 3248 illius

1985 3279 2103 3348 ejus
2141 3279 2195 3352 (Ι
2233 3280 2362 3351 Reg.
2397 3296 2532 3345 χχιι,
2566 3280 2663 3345 16,
2712 3281 2866 3352 etc.).
2903 3281 3098 3338 Occiso
3145 3292 3328 3339 autem
3357 3283 3577 3340 Abime-

1987 3373 2107 3428 lech
2131 3388 2161 3427 a
2187 3372 2346 3428 Saule
2367 3389 2491 3429 cum
2527 3373 2659 3429 viris
2697 3373 2892 3430 domus
2921 3390 3033 3430 suae
3065 3376 3280 3446 generis
3319 3377 3572 3432 sacerdo-

1989 3465 2111 3519 talis
2163 3465 2436 3536 octoginta
2469 3467 2743 3536 quinque,
2791 3466 2926 3539 fugit
2956 3468 3219 3522 Abiathar
3261 3468 3329 3522 ad
3379 3468 3574 3533 David,

1988 3564 2042 3610 et
2091 3571 2276 3612 comes
2320 3558 2496 3612 factus
2543 3566 2626 3613 est
2673 3559 2839 3612 totius
2883 3557 3032 3612 exilii
3083 3556 3222 3626 ejus.
3251 3555 3443 3612 Postea
3490 3573 3578 3613 re-

1989 3654 2186 3715 gnante
2210 3660 2296 3710 eo,
2321 3646 2518 3700 summi
2554 3647 2844 3702 sacerdotii
2877 3654 2931 3700 et
2955 3647 3070 3715 ipse
3096 3647 3320 3716 gradum
3348 3649 3575 3716 accepit,

1991 3749 2055 3787 ac
2086 3741 2200 3788 toto
2233 3741 2476 3802 tempore
2512 3735 2664 3804 regni
2699 3735 2846 3788 illius
2887 3736 2941 3788 in
2971 3735 3290 3804 pontiﬁcatu
3313 3750 3572 3805 perseve-

1990 3837 2138 3886 rans,
2185 3822 2357 3876 multo
2384 3822 2606 3892 majoris
2632 3823 3002 3891 excellentia,
3045 3840 3207 3894 quam
3241 3833 3394 3894 pater
3424 3841 3576 3891 suus,

1991 3914 2217 3970 ell'ectus
2257 3923 2360 3971 est.
2390 3917 2626 3988 Ideoque
2674 3920 2870 3990 dignus
2919 3917 3038 3984 fuit,
3077 3917 3229 3988 cujus
3259 3922 3576 3975 memoriam

1993 4004 2252 4061 Dominus
2269 4007 2434 4062 etiam
2459 4007 2676 4063 vivente
2701 4017 2857 4080 patre
2892 4009 3046 4079 quasi
3076 4009 3275 4064 summi
3326 4011 3577 4066 sacerdo-

1995 4095 2066 4150 tis
2093 4094 2316 4151 faceret.
2366 4096 2529 4168 (Ibid.
2583 4097 2671 4169 I8)
2718 4098 2774 4152 In
2812 4099 2827 4138 ί
2862 4097 3042 4153 Doech
3091 4107 3272 4152 autem
3313 4097 3578 4164 Idumam,

1997 4187 2010 4239 i
2050 4189 2142 4258 qui
2172 4189 2483 4243 sacerdotes
2541 4188 2751 4244 Domini
2781 4189 3041 4260 prodidit,
3084 4187 3235 4244 Judw
3285 4189 3579 4259 proditoris

1993 4293 2225 4349 persona
2258 4279 2284 4318 ιι
2335 4279 2596 4347 signatur,
2631 4294 2729 4348 per
2774 4293 2936 4347 quem
2995 4277 3014 4316 ι
3057 4279 3161 4334 ista
3203 4287 3461 4349 operatus
3497 4286 3578 4334 est

1995 4369 2260 4433 diabolus,
2292 4377 2352 4423 ut
2377 4367 2494 4437 ejus
2529 4369 2834 4438 perditione
2866 4368 3005 4423 facta
3035 4369 3088 4422 in
3115 4367 3352 4433 Christo,
3390 4383 3579 4438 perse-

1996 4467 2271 4522 cutionem
2315 4471 2504 4534 postea
2551 4462 2794 4517 Ecclesia
2833 4467 3132 4530 pateretur,
3179 4466 3233 4511 et
3263 4458 3579 4513 occideren-

1997 4569 2144 4614 turm
2173 4555 2324 4612 multi
2364 4551 2609 4624 discipuli
2655 4551 2880 4616 Christi,
2910 4557 2964 4603 et
2993 4548 3303 4602 sacerdotes
3350 4562 3448 4616 per
3482 4563 3581 4604 no-

1995 4667 2119 4707 men
2148 4649 2268 4721 ejus
2293 4643 2686 4719 persecutionis
2708 4654 2733 4682 ιι
2756 4643 2920 4698 exitia
2944 4649 3281 4714 paterentur.
3309 4661 3328 4692 ›
3347 4639 3579 4708 Quidam

1996 4741 2184 4796 dicunt
2223 4737 2405 4793 Doech
2432 4735 2825 4790 Antichristum
2855 4732 3206 4805 signiﬁcasse,
3234 4728 3386 4798 cujus
3409 4745 3580 4786 mem«

1993 4911 2160 4966 quum
2185 4895 2586 4966 Amanuensem
2606 4893 2752 4947 hunc
2769 4891 2959 4947 Isidori
2983 4891 3179 4955 locum,
3204 4896 3260 4943 et
3284 4887 3462 4959 aliqua
3491 4889 3579 4948 hic

1994 4969 2175 5035 desse,
2204 4965 2391 5035 utique
2417 4978 2611 5035 pauca.

2068 5037 2092 5076 δ
2133 5034 2406 5089 Hactenus
2445 5034 2704 5088 Isidorus.

2075 5108 2090 5147 ί
2126 5106 2326 5160 Iterum
2367 5103 2458 5160 hic
2505 5117 2605 5158 nos
2639 5102 2876 5158 Isidorus
2913 5101 3104 5164 docet,
3153 5107 3210 5154 et
3247 5114 3314 5154 ex
3351 5113 3418 5154 eo
3474 5099 3579 5156 Ra-

1997 5177 2193 5232 banus.

2073 5243 2087 5295 i
2133 5245 2307 5302 Verba
2340 5245 2456 5300 haec
2479 5243 2569 5314 qui
2603 5241 2927 5297 sacerdotem
2958 5238 3168 5292 Domini
3217 5237 3447 5308 prodidit
3484 5239 3577 5298 de.

2001 5324 2128 5372 sunt
2155 5316 2209 5372 in
2229 5316 2412 5371 editis.

2077 5385 2102 5423 ι
2136 5379 2420 5440 Consistit.

2081 5453 2098 5492 ι
2132 5454 2232 5508 Ita.

2079 5536 2115 5562 ι’
2147 5523 2318 5590 Quam
2362 5522 2602 5594 plurimi.

2082 5605 2107 5631 ι
2141 5586 2533 5648 ιῖιιηεεκὶίοησι
2557 5591 2892 5661 gravissimas
2930 5586 3237 5662 perferrent.
