3976 6170
377 320 485 382 679

380 522 528 592 ginta
577 522 813 591 quinque
859 517 1109 587 peremit,
1152 516 1234 572 sic
1283 523 1340 573 et
1385 517 1490 572 iste
1536 522 1827 587 martyres,
1851 515 1949 586 qui

381 613 541 668 ﬁdem
573 610 983 667 resurrectionis
1010 614 1214 669 tenent,
1244 609 1325 665 sic
1365 608 1665 664 occisurus.

452 716 479 744 ι
516 722 534 753 ι
562 703 769 756 interea
794 702 968 757 David
996 716 1123 756 eum
1158 700 1371 772 fugeret
1406 698 1558 763 Saul,
1586 699 1758 754 latere
1781 698 1952 754 voluit

378 797 520 866 apud
549 812 732 868 regem
746 798 1033 867 quemdam
1052 795 1213 862 Geth,
1230 795 1450 850 nomine
1473 793 1671 848 dehis:
1700 792 1794 848 sed
1828 807 1950 847 cum

377 888 547 957 gloria
574 888 692 956 ejus
742 888 933 943 fuisset
976 894 1426 951 commemorata,
1480 900 1549 941 ne
1584 899 1685 953 per
1726 884 1952 939 livorem

378 993 496 1041 rex,
520 978 590 1034 ad
612 994 770 1047 quem
802 978 1038 1049 fugerat,
1066 977 1269 1047 aliquid
1292 976 1347 1030 in
1375 990 1500 1030 eum
1523 974 1949 1039 machinaretur,

376 1069 536 1123 tinxit
564 1069 852 1133 insaniam,
891 1077 948 1122 et
973 1067 1131 1137 quasi
1175 1064 1359 1121 furore
1396 1072 1680 1133 correptus
1725 1063 1951 1117 mutavit

377 1174 441 1212 os
468 1173 647 1219 suum,
680 1155 1096 1224 deﬂuebantque
1119 1156 1302 1210 saliva:
1325 1154 1381 1207 in
1408 1153 1638 1208 barbam
1657 1151 1795 1220 ejus,
1822 1165 1952 1207 con-

376 1247 767 1314 labebaturque
799 1246 855 1300 in
883 1245 1134 1301 manibus
1160 1258 1347 1300 eorum
1367 1283 1382 1308 ,
1430 1251 1485 1297 et
1524 1241 1839 1312 procidebat
1884 1241 1952 1297 ad

375 1339 518 1394 ostia
559 1346 729 1408 poer
762 1356 774 1390 :
810 1345 866 1392 et
910 1338 1047 1392 dixit
1078 1338 1243 1392 Achis
1271 1351 1369 1391 rex
1431 1335 1500 1389 ad
1551 1349 1737 1389 servos
1774 1349 1902 1389 suos
1932 1352 1946 1387 :

378 1426 518 1492 Quid
555 1428 656 1481 huc
704 1428 833 1482 mihi
874 1427 1145 1481 adduxisti
1194 1426 1392 1480 istum?
1448 1425 1681 1495 nunquid
1736 1425 1950 1479 deerant

376 1518 522 1572 nobis
573 1518 801 1588 furiosi?
840 1519 908 1573 Et
944 1519 1025 1573 sic
1069 1534 1191 1574 eum
1233 1518 1457 1573 dimisit.
1490 1517 1655 1572 Achis
1685 1518 1952 1586 interpre-

377 1611 522 1663 tatur
548 1610 805 1679 quomodo
830 1611 947 1663 est?
978 1624 1074 1690 per
1101 1609 1243 1678 quod
1265 1607 1599 1678 significatur
1624 1608 1946 1678 ignorantia,

373 1706 428 1752 et
466 1699 690 1752 verbum
739 1699 1010 1764 mirantis,
1041 1707 1099 1754 et
1144 1714 1251 1752 non
1300 1697 1660 1767 agnoscentis.
1707 1696 1859 1762 Quod
1893 1698 1948 1751 in

372 1796 533 1855 gente
584 1785 893 1842 Judaeorum
943 1788 1223 1857 impletum
1252 1793 1359 1850 est,
1393 1786 1487 1854 qui
1527 1786 1653 1843 dum
1698 1784 1953 1839 viderunt

372 1872 671 1939 Christum,
702 1890 811 1929 non
832 1883 1211 1945 agnoverunt:
1255 1889 1440 1933 coram
1478 1873 1677 1943 quibus
1719 1872 1952 1929 mutavit

373 1980 436 2020 os
466 1980 640 2031 suum,
682 1973 738 2020 et
783 1967 935 2021 abiit.
974 1967 1143 2020 Erant
1184 1965 1328 2020 enim
1375 1963 1450 2018 ibi
1500 1970 1770 2033 praecepta
1817 1962 1951 2034 legis

374 2055 634 2120 carnalia,
664 2055 1128 2110 eratsacritieium
1150 2054 1447 2114 secundum
1478 2054 1725 2108 ordinem
1745 2052 1946 2117 Aaron,

372 2152 428 2198 et
454 2152 641 2214 postea
668 2145 783 2213 ipse
807 2142 874 2199 de
926 2157 1155 2213 corpore
1190 2151 1247 2197 et
1282 2142 1546 2212 sanguine
1588 2157 1686 2197 suo
1715 2142 1950 2197 instituit

373 2232 702 2288 sacrificium
745 2233 1040 2288 secundum
1088 2232 1334 2287 ordinem
1371 2231 1783 2286 Melchisedech.
1841 2230 1959 2285 Mu-

373 2323 507 2377 tavit
539 2337 669 2393 ergo
703 2338 766 2377 os
805 2337 965 2377 suum
1013 2322 1068 2377 in
1105 2322 1436 2387 sacerdotio,
1464 2321 1692 2375 mutavit
1721 2321 1775 2375 in
1812 2336 1948 2390 prat-

368 2413 564 2480 ceptis,
610 2412 745 2467 dans
789 2412 934 2466 aliud
983 2420 1392 2477 testamentum,
1448 2420 1710 2467 evacuata
1741 2411 1948 2469 carnali

369 2501 702 2569 operatione,
752 2510 917 2571 atque
958 2502 1080 2556 inde
1129 2502 1394 2569 collapsus
1449 2510 1534 2556 est
1588 2503 1645 2557 in
1696 2502 1947 2558 manibus

369 2606 593 2656 eorum,
650 2592 865 2659 quando
913 2605 1034 2645 eum
1087 2591 1607 2660 comprehendentes
1655 2592 1944 2647 crucifixe-

371 2690 514 2735 runt.
558 2679 734 2754 (Vers.
786 2681 873 2754 l5)
923 2682 994 2736 Et
1039 2682 1346 2752 procedebat
1396 2682 1466 2737 ad
1516 2684 1706 2737 ostium
1744 2695 1941 2754 portte,

369 2774 472 2828 hoc
500 2782 582 2829 est
610 2774 929 2828 humiliabat
958 2789 1017 2829 se
1047 2789 1063 2827 :
1096 2775 1201 2829 hoc
1236 2781 1320 2829 est
1362 2775 1391 2814 ι»
1420 2773 1718 2844 procedam
1771 2790 1943 2845 usque

367 2866 437 2920 ad
497 2866 697 2920 ostium
771 2864 895 2919 fidei
954 2872 1173 2919 nostrm.
1244 2864 1456 2920 Ostium
1521 2866 1666 2919 enim
1728 2874 1939 2935 portat,

367 2957 577 3011 initium
629 2954 753 3010 ﬁdei
800 2962 1016 3011 nostrae.
1054 2954 1184 3009 Inde
1218 2954 1406 3024 incipit
1446 2954 1709 3021 Ecclesia,
1738 2964 1795 3011 et
1820 2970 1943 3026 per-

363 3050 513 3103 venit
541 3063 713 3118 usque
745 3047 813 3101 ad
862 3048 1095 3116 speciem
1123 3062 1137 3100 :
1170 3058 1231 3102 ut
1281 3061 1406 3102 cum
1448 3047 1623 3102 credit
1671 3062 1769 3113 ea,
1819 3064 1940 3119 quat
1968 3082 2012 3148 C

365 3153 473 3193 non
498 3139 661 3203 videt,
679 3147 954 3192 mereatur
973 3135 1198 3206 perfrui,
1224 3151 1348 3192 cum
1375 3151 1501 3193 eum
1524 3136 1711 3192 videre
1735 3136 1799 3209 (Ι
1814 3136 1937 3192 Cor.

363 3245 495 3295 xm,
530 3229 617 3299 12)
657 3230 792 3299 [acie
825 3228 893 3282 ad
930 3228 1118 3297 [aciem
1147 3228 1394 3296 cmperit.
1434 3226 1586 3293 Quod
1615 3243 1742 3283 vero
1771 3228 1824 3283 in
1852 3228 1942 3283 illo

363 3320 516 3389 quasi
542 3318 724 3374 furore
756 3318 939 3373 saliva:
965 3317 1323 3372 decurrebant
1352 3330 1514 3384 super
1543 3318 1769 3371 barbam
1801 3317 1939 3385 ejus,

363 3409 641 3478 apostolus
691 3409 805 3463 haec
833 3407 1008 3476 aperit
1035 3408 1259 3462 dicens:
1293 3404 1505 3477 (I-Cor.
1539 3422 1590 3472 ι,
1620 3406 1721 3478 22)
1761 3406 1941 3463 Judaei

360 3502 510 3571 signa
538 3510 741 3571 petunt,
771 3509 816 3554 et
842 3497 1011 3553 (ἱνωοὶ
1061 3499 1374 3569 sapientiam
1400 3506 1640 3567 quwrunt
1667 3513 1685 3552 :
1716 3514 1808 3551 nos
1839 3514 1940 3552 au-

361 3604 464 3647 tem
490 3593 837 3664 prwdicamus
881 3590 1147 3645 Christum
1199 3588 1508 3657 cruciﬁxum
1542 3585 1788 3643 :Judteis
1832 3589 1942 3659 qui-

361 3685 475 3738 dem
497 3682 829 3747 scandalum,
852 3681 1088 3752 gentibus
1113 3688 1288 3733 autem
1317 3678 1619 3733 stultitiam.
1661 3678 1799 3748 Ipsis
1822 3697 1939 3734 vero

359 3774 562 3829 Juda‘is
590 3776 804 3838 vocatis,
846 3784 893 3828 et
939 3772 1138 3829 Graecis
1161 3769 1426 3826 Christum
1470 3770 1568 3824 Dei
1602 3770 1858 3835 virtutem,
1888 3780 1936 3824 et

360 3866 457 3920 Dei
482 3866 813 3935 sapientiam,
836 3865 961 3934 quia
991 3863 1129 3934 quod
1158 3862 1376 3917 stultum
1421 3872 1494 3917 est
1525 3862 1622 3916 Dei
1650 3863 1936 3932 sapientius

357 3964 431 4009 est
460 3955 773 4008 hominibus.
800 3966 821 3993 ε
848 3952 967 4007 Non
998 3961 1254 4022 tanquam
1278 3953 1461 4006 saliva:
1484 3950 1792 4016 offendant;
1839 3954 1935 4008 sed

358 4046 575 4101 attende
620 4046 763 4115 quod
806 4060 969 4114 super
1010 4046 1233 4098 barbam
1283 4044 1602 4098 decurrunt.
1656 4042 1934 4108 Quomodo

357 4136 501 4190 enim
532 4136 586 4188 in
613 4134 795 4188 salivis
824 4133 1129 4197 infirmitas,
1156 4133 1237 4186 sic
1264 4133 1319 4185 in
1349 4131 1517 4186 barba
1549 4133 1725 4187 virtus
1748 4142 1934 4187 osten-

358 4223 521 4276 ditur.
553 4222 712 4277 Texit
735 4237 864 4291 ergo
884 4222 1137 4276 virtutem
1168 4236 1323 4276 suam
1349 4237 1575 4291 corpore
1600 4222 1932 4278 inﬁrmitatis

358 4324 490 4374 sum,
522 4311 743 4379 etquod
788 4310 1089 4365 forinsecus
1128 4310 1527 4376 inﬁrmabatur,
1576 4319 1832 4380 tanquam
1875 4312 1927 4367 in

358 4396 524 4453 saliva
567 4397 859 4468 apparebat
893 4414 906 4451 :
943 4397 1087 4453 intus
1124 4406 1304 4454 autem
1359 4398 1542 4455 divina
1572 4401 1767 4466 virtus,
1812 4408 1929 4456 tan-
1951 4441 2005 4502 Β

357 4502 518 4558 quam
546 4488 715 4543 barba
746 4488 1049 4560 tegebatur.

428 4578 580 4651 (Cap.
613 4580 785 4652 xxiv).
817 4598 835 4631 ‹
866 4572 1068 4636 Dehinc
1095 4581 1149 4635 in
1176 4596 1361 4637 eremo
1385 4582 1625 4652 Engaddi
1650 4597 1771 4637 cum
1798 4596 1925 4651 per-

355 4670 684 4739 sequendum
721 4670 888 4725 David
913 4670 1042 4725 Saul
1069 4673 1664 4743 appeteret,ingressus
1698 4679 1782 4726 est
1824 4671 1927 4725 Da-

356 4756 441 4810 vid
471 4757 522 4811 in
547 4757 878 4826 speluncam,
903 4766 958 4811 et
987 4756 1061 4811 ibi
1088 4758 1315 4812 latebat.
1337 4756 1362 4795 d
1388 4756 1494 4810 Sed
1514 4765 1567 4812 et
1597 4772 1691 4812 rex
1721 4759 1924 4828 impro-

354 4848 487 4903 visis
530 4857 786 4920 exceptus
842 4848 1089 4914 insidiis,
1121 4848 1262 4916 quod
1308 4846 1539 4902 innocuo
1582 4847 1922 4915 moliebatur,

350 4938 647 5002 inciderat;
670 4937 934 5008 scriptum
962 4945 1048 4991 est
1065 4936 1339 5007 enim,qui
1360 4934 1490 5005 fodit
1514 4936 1718 5006 foveam
1745 4939 1925 5009 proxi-

423 5057 591 5123 fxxr,
633 5046 718 5102 lO.
750 5045 878 5123 llaec
902 5061 1112 5116 quoque
1152 5061 1252 5103 nos
1293 5044 1450 5101 docet
1495 5047 1733 5103 Isidorus
1776 5048 1918 5123 [cap.

355 5115 441 5173 itil
481 5124 537 5170 et
561 5133 628 5171 ex
667 5131 733 5171 eo
762 5115 1036 5172 Rabanus.

482 5185 782 5240 Procidere.

426 5264 450 5293 ο
478 5254 550 5339 Et!
588 5256 736 5339 ‘quod
764 5255 1031 5338 inﬁrmum
1060 5266 1155 5339 est
1208 5256 1323 5339 Dei,
1349 5256 1538 5339 fortius
1588 5265 1662 5339 est
1694 5257 1921 5339 (tolutim.-

350 5321 463 5377 bus.
514 5321 709 5396 Salivre
739 5321 885 5381 enim
936 5326 1242 5396 significant
1279 5321 1560 5381 stultitiam
1598 5334 1653 5380 et
1698 5328 1922 5381 inﬁrmi-

349 5398 536 5465 tatem,
564 5395 656 5450 sed
678 5397 819 5465 quod
847 5396 1071 5451 stultum
1102 5404 1185 5452 est
1213 5397 1331 5461 Dei,
1359 5395 1552 5451 fortius
1572 5404 1658 5450 est
1684 5396 1920 5452 homini-

347 5460 605 5533 bustnon
638 5460 912 5533 tanquam,
940 5476 1044 5521 etc.
1320 5460 1324 5461 ί
1762 5490 1765 5495 ·

407 5530 444 5611 ,ἀ
478 5532 603 5611 Haec
640 5530 961 5611 quoque_e§
990 5536 1194 5592 lsidoro
1245 5544 1458 5608 sumpta
1487 5548 1642 5604 sunt,
1692 5551 1757 5592 ex
1808 5551 1916 5609 quo

346 5602 513 5672 etiam
536 5602 831 5672 desumpsit
854 5604 1128 5669 Babanus.

420 5680 444 5708 °
481 5669 875 5737 Subsequentia
918 5673 974 5725 in
1005 5675 1207 5730 lsidoro
1245 5678 1453 5737 pariter
1500 5677 1743 5732 invenies
1773 5695 1786 5729 :
1819 5675 1914 5730 sed

349 5736 414 5791 ad
444 5736 693 5810 magnam
721 5739 881 5796 etiam
922 5752 1131 5809 partem
1163 5745 1215 5801 iu
1248 5736 1602 5802 Enarratione
1633 5745 1915 5818 Augustini

1432 312 1709 371 CLAUDII
1745 306 2206 368 mammas
2237 307 2543 367 Eprsoorr
3514 307 3605 375 eaq

379 433 540 489 brum
561 426 728 487 ludas
763 427 994 493 exstitit,
1020 425 1145 497 quia
1175 425 1315 483 sicut
1340 424 1432 481 ille
1463 425 1774 487 sacerdotes
1800 431 1952 480 octo-
1975 422 2029 484 A
2052 437 2137 477 mo
2164 438 2281 487 suo,
2310 423 2419 494 ipse
2442 420 2633 475 incidet
2657 421 2713 473 in
2743 434 2879 473 eam.
2912 418 3081 473 David
3126 424 3315 473 autem
3341 417 3483 471 bona
3522 431 3618 487 pro

3514 307 3613 364 630

2052 513 2209 567 malis
2258 513 2582 576 retribuens,
2634 508 2911 564 inimicum
2965 523 3072 562 non
3115 507 3334 573 occidit,
3389 507 3486 579 sed
3528 523 3622 579 pro

2050 602 2361 659 testimonio
2382 600 2532 666 facti,
2555 615 2706 656 oram
2730 599 3013 654 chlamidis
3037 599 3199 669 regiae
3229 596 3472 664 abstulit,
3501 615 3622 654 cum

2051 690 2263 747 facilius
2299 700 2445 771 esset
2487 700 2770 762 exceptum
2826 690 3036 745 insidiis
3077 688 3445 744 adversarium
3502 678 3625 761 per-

2051 781 2201 847 dere,
2247 782 2420 852 magis
2448 797 2612 851 quam
2660 781 2865 835 fallere.
2894 779 3033 846 Quid
3063 795 3191 850 ergo
3228 789 3311 834 est
3339 781 3481 851 quod
3524 783 3625 837 isto

2050 869 2307 942 fugiensa
2330 871 2466 926 facie
2497 871 2647 937 Saul,
2674 872 2728 925 in
2751 871 3006 941 spelunca
3032 871 3223 925 latuit?
3253 882 3275 910 ο
3308 870 3487 938 Quare
3524 889 3622 926 au-

2052 968 2159 1015 tem
2182 961 2361 1027 latuit,
2388 961 2493 1016 nisi
2524 970 2583 1016 ut
2611 961 2994 1026 occultaretur,
3019 971 3071 1016 et
3103 946 3209 1017 non
3250 963 3623 1019 inveniretur?

2051 1052 2190 1121 Quid
2218 1064 2301 1109 est
2343 1046 2554 1125 contegi
2584 1054 2856 1123 spelunca,
2904 1055 3011 1110 nisi
3065 1055 3277 1125 contegi
3324 1057 3506 1109 terra?
3532 1058 3622 1126 qui

2050 1146 2193 1200 enim
2222 1145 2359 1216 fugit
2381 1146 2435 1199 in
2466 1145 2794 1214 speluncam,
2827 1153 2973 1199 terra
3006 1146 3227 1214 tegitur,
3256 1160 3325 1199 ne
3354 1146 3619 1199 videatur.

2049 1232 2308 1289 Portabat
2335 1243 2514 1289 autem
2548 1243 2749 1289 terram
2772 1232 2929 1289 Iesus
2959 1252 2972 1287 :
2998 1251 3218 1289 carnem
3266 1250 3428 1305 quam
3472 1252 3623 1291 acce-

2049 1334 2204 1394 perat
2224 1326 2289 1379 de
2334 1334 2501 1391 terra,
2523 1333 2578 1379 et
2603 1326 2659 1379 in
2698 1340 2761 1378 ea
2793 1338 2852 1380 se
2894 1325 3221 1390 occultabat,
3264 1341 3333 1380 ne
3358 1342 3390 1380 a
3423 1323 3622 1381 Judznis

2050 1413 2384 1467 inveniretur
2420 1414 2580 1468 Deus.
2617 1413 2680 1486 (Ι
2703 1411 2823 1467 Cor.
2869 1429 2940 1479 ιι,
2967 1414 3022 1485 8)
3063 1413 3121 1468 Si
3153 1413 3172 1453 ί
3213 1426 3387 1470 autem
3434 1433 3623 1488 cogno-

2051 1502 2272 1568 uissent,
2328 1520 2591 1573 nunquam
2649 1503 2931 1558 Dominum
2985 1503 3168 1575 gloriae
3222 1507 3620 1575 cruriﬁxissent.

2049 1592 2228 1658 Quare
2249 1608 2377 1663 ergo
2393 1594 2677 1648 Dominum
2706 1594 2887 1664 glori-.e
2914 1611 3019 1650 non
3044 1596 3401 1651 invenerunt?
3418 1598 3545 1666 quia
3568 1598 3621 1651 in

2052 1688 2307 1757 spelunca
2333 1703 2391 1743 se
2417 1694 2649 1751 texerat,
2683 1688 2734 1741 id
2765 1697 2851 1743 est
2875 1690 3055 1743 carnis
3087 1689 3459 1745 infirmitatem
3491 1706 3622 1744 oeu-

2051 1781 2119 1836 lis
2161 1782 2482 1851 objiciebat,
2536 1789 2591 1834 ct
2636 1779 2983 1849 maiestatem
3034 1780 3332 1837 d.vinitatis
3382 1784 3625 1853 corporis

2052 1871 2285 1941 tegmine
2331 1880 2590 1941 tanquam
2632 1869 3014 1941 (Augustinus:
3057 1877 3213 1925 terra:
3256 1871 3460 1942 abdito)
3504 1887 3625 1942 spe-

2050 1963 2222 2018 lunca:
2249 1961 2431 2017 abdito
2461 1964 2485 2001 κ
2513 1962 2853 2030 contegebat.
2885 1961 2963 2016 illi
2990 1977 3119 2032 ergo
3162 1979 3268 2018 non
3295 1978 3626 2033 cognoscen-

2049 2061 2131 2109 tes
2154 2054 2322 2107 Deum
2348 2052 2618 2122 persecuti
2644 2060 2772 2105 sunt
2814 2053 3108 2108 hominem.
3139 2053 3249 2109 Nec
3281 2056 3418 2109 mori
3448 2057 3626 2126 potuit

2047 2143 2152 2198 nisi
2193 2144 2248 2196 in
2279 2143 2520 2207 homine,
2550 2158 2648 2199 nec
2672 2142 2913 2213 crucifigi
2941 2145 3136 2213 potuit,
3165 2146 3266 2200 nisi
3295 2146 3348 2200 in
3380 2146 3619 2209 homine,

2047 2232 2176 2302 quia
2203 2246 2302 2286 nec
2337 2232 2507 2285 teneri
2527 2232 2703 2302 potuit
2723 2231 2825 2286 nisi
2855 2233 2908 2286 in
2939 2233 3175 2287 homine.
3202 2232 3464 2305 Opposuit
3491 2250 3622 2306 ergo

2047 2320 2187 2376 male
2231 2321 2617 2389 quaerentibus,
2655 2329 2878 2387 terram,
2910 2323 3145 2377 servavit
3168 2323 3305 2377 bene
3336 2326 3625 2397 quaerenti-

2045 2412 2166 2476 bus,
2197 2412 2384 2466 vitam.
2409 2412 2564 2484 Fugit
2593 2427 2722 2482 ergo
2756 2412 3051 2471 secundum
3079 2428 3297 2467 carnem
3322 2415 3374 2467 in
3413 2414 3629 2484 spelun-

2046 2516 2166 2557 cam
2210 2517 2242 2557 a
2283 2500 2421 2558 facie
2445 2501 2599 2569 Saul,
2640 2504 2766 2572 quia
2804 2518 2998 2573 passus
3043 2512 3147 2567 est,
3188 2519 3360 2572 usque
3388 2504 3521 2559 adeo
3561 2519 3622 2560 se

2044 2595 2306 2651 occultari
2354 2592 2553 2650 Judzeis
2579 2602 2640 2648 ut
2681 2603 3004 2649 moreretur.
3035 2596 3060 2635 ιι
3101 2595 3206 2650 Sed
3250 2582 3418 2664 quare
3447 2610 3622 2666 usque

2044 2685 2113 2739 ad
2138 2693 2369 2741 mortem
2393 2685 2562 2740 voluit
2583 2700 2704 2753 esse
2726 2686 2962 2754 patiens,
2979 2670 3260 2755 utfugeret
3285 2702 3316 2741 a
3339 2687 3475 2759 facie
3492 2686 3623 2742 Saul

2044 2772 2099 2828 in
2125 2774 2471 2844 speluncam?
2498 2775 2700 2829 ctenim
2741 2775 2997 2844 spelunca
3044 2776 3270 2830 interior
3297 2792 3427 2846 pars
3460 2786 3619 2839 terra:

2042 2871 2220 2933 potest
2245 2863 2435 2933 accipi.
2466 2864 2534 2918 Et
2555 2874 2726 2928 certe,
2750 2866 2893 2933 quod
2923 2866 3267 2921 manifestum
3305 2874 3414 2933 est,
3441 2877 3497 2922 et
3518 2882 3619 2921 no-

2043 2962 2157 3009 tum
2181 2962 2266 3009 est
2304 2956 2577 3021 omnibus,
2623 2971 2822 3025 corpus
2846 2957 2962 3027 ejus
3011 2959 3064 3011 in
3104 2967 3453 3013 monumento
3482 2960 3619 3029 posi-

2044 3054 2158 3100 tum
2204 3049 2220 3086 i
2263 3054 2367 3111 est,
2400 3046 2541 3116 quod
2594 3054 2715 3101 erat
2753 3048 2996 3102 excisum
3037 3048 3091 3102 in
3118 3057 3301 3118 petra;
3352 3050 3618 3123 hocergo

2044 3145 2450 3192 monumentum
2481 3137 2734 3207 spelunca
2764 3145 2912 3203 erat;
2948 3137 3074 3193 illuc
3114 3138 3270 3209 fugiit
3299 3149 3489 3194 noster
3512 3141 3616 3193 Da-

2044 3226 2133 3280 vid
2154 3242 2185 3280 a
2221 3224 2359 3281 facie
2382 3227 2531 3281 Saul.
2562 3226 2770 3280 Tamliu
2803 3228 2945 3281 enim
2986 3226 3257 3295 persecuti
3309 3212 3613 3282 suntillum

2041 3316 2241 3382 Judaei,
2275 3316 2623 3388 quoadusque
2657 3327 2950 3387 poneretur
2993 3319 3047 3371 in
3087 3318 3361 3387 spelunca.
3596 3318 3599 3321 λ

2117 3405 2130 3457 i
2179 3426 2198 3458 ‹
2237 3405 2344 3461 Sed
2375 3408 2505 3477 quid
2531 3416 2614 3462 est
2636 3408 2777 3477 quod
2810 3407 2940 3462 Saul
2967 3418 3278 3477 persecutor
3299 3408 3365 3462 ad
3386 3424 3617 3478 purgan-

2042 3497 2166 3551 dum
2194 3500 2435 3551 ventrem
2454 3536 2467 3560 ,
2515 3497 2823 3566 speluncam
2868 3497 3181 3565 ingreditur,
3213 3498 3317 3551 nisi
3347 3500 3492 3567 quod
3522 3496 3616 3551 Ju-

2040 3586 2141 3639 daei
2166 3586 2217 3639 in
2241 3586 2516 3641 Christum
2545 3597 2859 3658 conceptam
2890 3589 3175 3651 malitiam,
3199 3589 3353 3658 quasi
3393 3591 3613 3645 odorem

2041 3675 2267 3730 fetidum
2295 3677 2615 3743 emiserunt,
2648 3685 2703 3731 et
2737 3678 2970 3748 cogitata
2993 3679 3132 3748 apud
3162 3694 3219 3732 se
3248 3680 3430 3744 noxia,
3459 3679 3613 3734 factis

2040 3765 2421 3829 deterioribus,
2451 3768 2576 3821 dum
2604 3767 2880 3822 Christum
2912 3769 3203 3839 perimunt,
3236 3771 3609 3825 ostenderunt.

2035 3855 2145 3920 Sed
2180 3864 2360 3914 tamen
2391 3859 2558 3914 David
2608 3860 2823 3917 Saulem
2868 3862 3115 3918 occidere
3142 3863 3311 3917 noluit
3354 3883 3369 3919 :
3408 3873 3612 3920 etcum

2038 3962 2182 4013 eum,
2211 3950 2262 4002 in
2294 3951 2477 4004 abdito
2518 3952 2819 4007 occultatus
2857 3962 3037 4018 antro,
3082 3954 3310 4008 haberet
3344 3954 3400 4009 in
3440 3966 3614 4025 potes-

2038 4046 2181 4103 tate,
2226 4055 2506 4094 reservare
2559 4040 2583 4080 ῖι
2630 4058 2791 4111 quam
2840 4044 3086 4098 occidere
3142 4044 3335 4099 maluit
3375 4059 3390 4098 :
3446 4047 3520 4100 ita
3555 4056 3614 4101 ct

2034 4124 2281 4182 Christus
2309 4128 2434 4181 dum
2462 4138 2606 4183 esset
2626 4130 2677 4183 in
2702 4130 2955 4200 spelunca
2984 4132 3181 4198 carnis,
3204 4144 3607 4201 persecutorem

2032 4215 2287 4284 populum
2334 4217 2387 4270 in
2421 4224 2687 4286 potestate
2730 4218 2935 4284 habuit,
2965 4227 3017 4273 et
3056 4235 3160 4273 non
3209 4222 3428 4278 occidit.
3462 4223 3607 4278 Scri-

2033 4313 2185 4375 ptum
2237 4307 2381 4360 enim
2431 4315 2549 4362 erat
2601 4308 2667 4362 de
2711 4309 2795 4363 his
2839 4325 2935 4378 per
2979 4310 3303 4380 Prophetam
3368 4332 3382 4367 :
3433 4312 3603 4384 (Psal.

2034 4410 2160 4450 LVI"
2182 4438 2197 4462 ,
2240 4396 2327 4468 12)
2362 4397 2443 4452 Ne
2491 4399 2744 4453 occideris
2782 4416 2888 4453 eos.
2913 4398 3141 4454 Tantum
3171 4401 3407 4472 denique
3435 4403 3604 4459 David

2030 4489 2398 4543 summitatem
2450 4490 2735 4544 chlamidis
2772 4490 2887 4558 ejus
2938 4491 3159 4547 silenter
3220 4493 3485 4558 abscidit,
3544 4502 3605 4547 ut

2028 4579 2338 4633 ostenderet
2381 4580 2660 4649 prophetia
2710 4580 2989 4636 Christum
3027 4582 3240 4638 Judseos
3295 4598 3407 4638 non
3459 4583 3602 4639 occi-

2027 4668 2208 4734 disse,
2262 4670 2356 4724 sed
2401 4670 2482 4724 eis
2530 4678 2736 4725 tantum
2791 4673 2945 4742 regni
2992 4672 3218 4744 gloriam
3264 4671 3595 4729 abstulisse:

2028 4760 2314 4816 chlamidis
2340 4763 2482 4816 enim
2516 4763 2775 4818 abscissio
2806 4767 2956 4836 regni
2984 4774 3069 4820 est
3099 4767 3419 4837 amputatio.
3445 4787 3463 4820 ι
3489 4766 3506 4805 ι
3536 4766 3597 4823 In

2027 4866 2091 4906 eo
2119 4859 2296 4906 autem
2321 4853 2462 4922 quod
2488 4861 2693 4908 tantum
2727 4852 2851 4908 Saul
2874 4864 3165 4911 veneratus
3208 4863 3291 4911 est
3337 4857 3450 4927 ipse
3494 4856 3596 4911 Da-

2030 4942 2220 5009 vid,ut
2246 4957 2505 5012 percusso
2544 4946 2707 5000 corde
2749 4947 3090 5016 pavitaverit,
3128 4949 3345 5017 quando
3371 4950 3426 5004 in
3452 4957 3595 5004 tene-

2030 5054 2084 5107 in
2114 5052 2310 5107 Psalm.
2341 5071 2451 5114 va,
2475 5070 2624 5109 num.
2664 5055 2717 5110 4.

2106 5123 2123 5162 ί
2158 5124 2300 5177 Editi
2327 5139 2342 5177 :
2370 5125 2526 5179 enim.
2628 5172 2635 5177 .

2104 5194 2130 5233 ε
2161 5190 2489 5247 Occultabat.

2098 5263 2127 5302 h
2159 5260 2425 5333 Nonnulla
2470 5263 2560 5333 hic
2602 5272 2884 5333 amputant
2926 5266 3180 5332 Isidorus,
3207 5276 3265 5322 et
3314 5267 3580 5325 Claudius.

2023 5331 2483 5405 Vide_allegatum
2511 5327 2795 5405 Augustini
2822 5335 3021 5391 locum.

2097 5403 2113 5442 i

2097 5403 2113 5442 ί
2310 5401 2328 5403 _
2602 5401 2622 5405 -

2093 5469 2107 5520 i
2150 5401 2475 5546 ἕςιιῖἐίᾱοιιοΔ
2496 5473 2613 5528 ιτεεο
2639 5484 2853 5546 sumpta
2890 5478 3260 5539 tantummodo
3284 5486 3451 5538 sunt:
3484 5478 3573 5537 de-

2020 5546 2151 5596 sunt
2175 5541 2229 5594 in
2253 5540 2570 5610 Augustino.

2093 5610 2118 5681 ξε
2147 5612 2376 5681 Additur
2393 5612 2564 5681 potius
2588 5625 2606 5663 :
2633 5614 2727 5667 sed
2754 5615 3035 5673 redundat.

2091 5671 2106 5711 ¹
2122 5671 2402 5735 Hactenus
2422 5681 2676 5739 Isidorus.
