3976 6170
309 219 409 282 ΌΒΙ

311 348 473 401 brnso
506 346 592 396 est
616 337 919 394 occultatus
944 345 1120 403 antro,
1145 351 1255 406 qun
1279 337 1442 391 etiam
1487 334 1617 389 Saul
1646 334 1883 388 intrave-
1910 326 1963 384 Α

260 487 264 491 .
308 441 397 489 rat
429 437 655 501 urgente
698 428 1022 483 necessitate
1072 435 1298 489 naturae,
1326 437 1382 479 et
1426 424 1681 494 exiguam
1708 420 1882 490 parti-

308 523 485 580 culam
541 518 713 576 vestis
754 517 872 587 ejus
925 525 1222 573 retrorsum
1259 516 1493 573 latenter
1540 512 1792 576 abscidit,
1823 517 1884 564 ut

262 620 269 627 ‘
308 614 556 678 haberet,
611 608 754 664 unde
792 616 1135 670 monstraret,
1175 604 1446 676 quomodo
1470 604 1521 660 ei
1556 601 1881 673 pepercerit,

308 719 431 760 arm
446 709 632 773 posset
648 699 923 765 occidere,
939 708 1101 767 atque
1118 698 1191 752 ita
1212 695 1573 765 suspicionem
1603 693 1672 748 de
1702 690 1885 747 animo

305 796 446 868 ejus,
491 807 600 863 qua
643 799 893 847 sanctum
926 787 1117 853 David,
1144 796 1342 858 putans
1387 785 1666 841 inimicum
1700 799 1881 848 suum,

305 887 660 941 vehementer
709 881 1157 951 persequebatur,
1183 876 1424 933 auferret
1453 888 1505 941 α,
1532 874 1699 930 futuri
1727 872 1885 943 regni

304 983 426 1030 erat
451 974 646 1029 umbra
681 971 740 1025 in
778 969 1085 1025 aeternitate
1125 978 1383 1023 mansura
1412 983 1427 1020 :
1456 963 1637 1019 oleum
1685 962 1887 1032 quippe

304 1065 458 1131 illud,
489 1078 598 1134 quo
621 1070 820 1117 unctus
841 1069 927 1115 est
958 1059 1273 1124 chrismate,
1313 1058 1383 1112 ab
1415 1072 1482 1113 eo
1511 1055 1763 1112 Christus
1802 1062 1889 1111 est

303 1157 500 1213 dictus.
541 1152 620 1208 Ne
666 1152 851 1222 itaque
898 1165 1024 1205 reus
1076 1156 1227 1205 esset
1274 1149 1413 1203 tanti
1462 1144 1790 1202 sacramenti
1830 1144 1887 1198 in

304 1246 471 1302 Saule
505 1242 692 1300 violati
705 1276 724 1308 λ,
777 1241 906 1311 quia
952 1239 1039 1295 vel
1085 1240 1458 1295 indumentum
1498 1239 1644 1309 ejus,
1686 1238 1767 1293 sic
1805 1245 1888 1292 at-

302 1339 579 1404 trectavit,
628 1335 909 1401 extimuit,
947 1335 1027 1390 ita
1061 1336 1207 1390 enim
1249 1334 1513 1404 scriptum
1558 1340 1644 1389 est
1681 1350 1697 1386 :
1750 1330 1886 1404 (24,

301 1433 355 1500 6,
382 1432 440 1497 5,
465 1432 520 1496 7,
542 1428 672 1499 etc.)
694 1427 763 1481 Et
782 1427 1041 1498 percussit
1087 1436 1189 1479 cor
1206 1424 1380 1479 David
1418 1439 1575 1495 super
1593 1438 1734 1487 eum,
1762 1422 1887 1493 quia

301 1522 518 1578 abstulit
560 1521 775 1590 pinnam
800 1517 1078 1572 chlamidis
1107 1516 1242 1586 ejus.
1276 1515 1393 1571 Viri
1418 1522 1620 1579 autem,
1643 1513 1737 1583 qui
1762 1527 1885 1568 cum

302 1614 395 1670 illo
422 1618 603 1677 erant,
626 1618 684 1665 et
705 1620 767 1664 ut
793 1608 1011 1664 Saulem
1033 1608 1087 1663 in
1119 1621 1315 1662 manus
1353 1620 1481 1661 suas
1522 1605 1780 1660 traditum
1804 1603 1887 1656 in-

1200 214 1660 290 QU/ESTIONES
1701 212 1847 269 XXX
1893 205 2119 267 SUPER
2156 208 2407 266 LlBROS
2446 207 2707 266 REGUM.

3464 210 3566 271 68%

2058 322 2162 394 (25
2185 363 2201 389 ,
2239 322 2330 394 2.)
2380 322 2511 379 Post
2543 324 2659 378 haec
2706 321 2874 377 David
2900 320 3179 377 descendit
3224 320 3280 375 in
3325 320 3568 379 solitudi-

1984 426 2109 467 nem
2149 412 2327 478 Maon,
2358 413 2451 468 ubi
2479 413 2761 468 habitabat
2810 411 2998 477 Nabal,
3032 427 3337 483 nomenque
3379 416 3569 471 uxoris

1984 502 2103 573 ejus
2128 502 2366 574 Abigail;
2395 504 2463 558 ad
2480 519 2643 573 quem
2670 504 2892 559 mittens
2915 501 3087 557 David
3115 518 3314 574 pueros
3333 519 3483 571 suos,
3510 515 3571 561 ut

1985 595 2343 665 quodcunque
2374 595 2672 650 invenisset
2708 609 2907 649 manus
2935 590 3075 661 ejus,
3119 594 3362 650 misisset
3398 596 3570 652 David

1985 692 2041 740 et
2071 684 2253 753 pueris
2276 684 2411 739 suis.
2442 682 2588 750 Quos
2616 682 2707 737 ille
2740 683 2904 738 stulte
2934 683 3199 752 repellens
3224 724 3240 749 ,
3284 685 3567 739 nuntiave-

1986 785 2116 833 runt
2135 777 2325 831 David.
2360 787 2384 816 ε
2417 794 2437 827 ‹
2475 776 2627 831 Tunc
2656 774 2828 831 David
2873 774 3150 830 accinctus
3180 775 3370 842 armis,
3403 776 3570 830 voluit

1987 882 2109 924 eum
2136 867 2448 936 depredare.
2497 865 2651 937 (vers.
2682 864 2771 937 l5)
2796 864 2868 919 At
2889 865 3103 935 Abigail
3155 864 3310 936 (vers.
3361 866 3448 932 ‘18,
3478 868 3570 937 25)

1987 958 2122 1013 abiit
2162 957 2378 1013 obviam
2443 956 2646 1022 David,
2687 955 3042 1026 interpellans
3090 971 3191 1026 pro
3233 971 3323 1023 se,
3368 964 3425 1013 et
3472 972 3571 1027 pro

1987 1049 2149 1104 demo
2189 1064 2306 1115 sua,
2337 1062 2501 1118 quem
2540 1048 2624 1102 vir
2653 1047 2770 1117 ejus
2811 1046 3040 1102 stultitia
3080 1051 3141 1101 ct
3180 1048 3447 1104 ebrietate
3485 1064 3572 1104 so-

1987 1139 2133 1208 pilus
2159 1138 2459 1195 oll'enderat
2487 1158 2501 1193 :
2556 1136 2615 1192 Si
2642 1139 2804 1202 enim,
2835 1136 3108 1206 inquiens,
3151 1138 3305 1207 (vers.
3334 1136 3425 1209 29)
3454 1155 3573 1192 sur-

1989 1231 2179 1283 rexerit
2202 1228 2488 1300 aliquando
2510 1228 2663 1282 homo
2690 1244 3002 1298 persequens
3032 1236 3100 1291 te,
3121 1236 3171 1281 et
3196 1243 3436 1299 quwrens
3456 1231 3572 1282 ani-

1988 1338 2128 1376 mam
2167 1330 2314 1375 tuam
2334 1361 2349 1386 ,
2379 1321 2477 1374 erit
2507 1319 2685 1375 anima
2728 1319 2942 1374 Domini
2981 1320 3083 1375 mei
3127 1320 3389 1385 custodia,
3419 1322 3571 1392 quasi

1988 1411 2044 1464 in
2068 1407 2325 1480 fascicqu
2366 1409 2668 1472 viventium,
2701 1408 2841 1479 apud
2869 1407 3154 1463 Dominum
3198 1407 3366 1463 Deum
3397 1418 3566 1463 tuum.

1990 1498 2160 1555 Porro
2187 1500 2366 1555 anima
2400 1500 2730 1553 inimicorum
2769 1509 2981 1553 tuorum
3015 1500 3297 1566 rotabitur,
3323 1500 3476 1571 quasi
3515 1500 3571 1554 in

1990 1594 2183 1662 impetu
2206 1600 2254 1644 et
2286 1589 2482 1645 circulo
2524 1589 2723 1661 funda.
2751 1589 3125 1646 Pulcherrima
3167 1592 3571 1661 comparatione

302 1705 561 1760 terimere
608 1701 930 1767 suadebant,
961 1715 1067 1754 non
1108 1698 1261 1764 mihi,
1306 1682 1513 1768 inquit,
1553 1695 1824 1765 contingat
1852 1710 1886 1747 a
1915 1681 1961 1740 B
1990 1688 2191 1735 statum
2214 1678 2486 1748 iustorum
2528 1695 2559 1734 a
2588 1680 2942 1750 reproborum
2970 1687 3119 1736 sorte
3146 1680 3408 1742 discernit
3435 1697 3446 1735 :
3479 1682 3573 1737 ho-

301 1795 553 1861 Domino,
567 1794 614 1848 si
633 1793 802 1863 fecero
815 1793 913 1847 hoc
934 1791 1148 1847 verbum
1170 1789 1398 1845 Domino
1415 1805 1528 1844 meo
1555 1788 1761 1843 Christo
1781 1786 1891 1841 Do-

299 1887 466 1952 mini,
495 1885 692 1955 inferre
716 1899 933 1938 manum
958 1898 1129 1936 meum
1149 1897 1308 1952 super
1331 1896 1473 1945 eum,
1496 1879 1621 1951 quia
1650 1877 1888 1934 Christus

304 1978 516 2033 Domini
540 1986 616 2032 est
642 1978 760 2042 hic;
792 1976 920 2030 huic
967 1988 1099 2046 ergo
1148 1973 1355 2029 umbra!
1406 1971 1601 2028 futurae
1625 1986 1732 2026 non
1760 1986 1889 2040 pro-

297 2079 422 2141 pter
470 2070 661 2139 ipsam,
711 2066 807 2123 sed
841 2073 1064 2137 propter
1108 2064 1238 2119 illud
1261 2105 1277 2129 ,
1320 2064 1461 2134 quod
1508 2062 1892 2134 praefigurabat

300 2170 458 2216 tanta
499 2159 781 2216 veneratio
830 2156 1212 2213 exhibebatur.
1245 2153 1276 2193 δ
1313 2171 1333 2204 α
1388 2153 1666 2209 Moraliter
1716 2166 1885 2219 vero,

298 2250 434 2321 quid
457 2266 556 2321 per
579 2247 737 2311 Sani,
764 2246 871 2301 nisi
898 2244 1030 2299 mali
1057 2242 1334 2298 rectores?
1369 2242 1499 2310 quid
1541 2256 1642 2311 per
1679 2241 1849 2295 David
1870 2281 1887 2304 ,

298 2341 411 2395 nisi
432 2338 561 2394 boni
588 2334 790 2393 subditi
832 2332 1225 2403 designantur?
1277 2330 1407 2385 Saul
1447 2330 1611 2401 igitur
1644 2338 1891 2385 ventrem

295 2443 564 2502 purgare,
609 2435 695 2482 est
721 2439 922 2495 pravos
946 2423 1270 2494 pmpositos
1288 2429 1605 2491 conceptam
1646 2421 1700 2474 in
1727 2420 1893 2476 corde

298 2521 594 2584 malitiam,
627 2532 801 2587 usque
833 2516 902 2572 ad
929 2530 1098 2586 opera
1134 2513 1322 2570 miseri
1353 2512 1539 2569 odoris
1575 2512 1888 2576 extendere,

298 2619 361 2667 et
391 2608 628 2680 cogitata
668 2606 811 2676 apud
836 2620 897 2662 se
918 2604 1102 2671 noxia,
1146 2602 1308 2659 factis
1335 2602 1701 2659 exterioribus
1737 2617 1893 2658 exse-

296 2699 525 2771 quendo
542 2698 939 2753 demonstrare.
961 2694 1133 2763 Quem
1157 2702 1341 2750 tamen
1378 2693 1550 2748 David
1574 2692 1741 2749 ferire
1779 2708 1891 2749 me-

296 2791 431 2855 tuit,
464 2789 594 2860 quia
617 2789 721 2861 piae
741 2788 1079 2845 subditorum
1109 2794 1324 2843 mentes
1354 2787 1424 2842 ab
1466 2786 1614 2842 omni
1655 2800 1715 2842 se
1737 2794 1891 2855 peste

298 2878 719 2937 obtrectationis
735 2878 1095 2944 abstinentes,
1122 2875 1535 2948 praepositorum
1555 2875 1720 2931 vitam
1741 2874 1891 2930 nullo

299 2971 504 3042 linguae
564 2969 744 3041 gladio
789 2968 1136 3039 percutiunt,
1183 2966 1350 3022 etiam
1407 2981 1531 3022 cum
1582 2966 1650 3021 de
1692 2966 1893 3035 imper-

299 3062 543 3118 fectione
592 3059 1015 3131 reprehendunt.
1067 3057 1170 3125 Qui
1189 3092 1209 3125 ν
1255 3066 1313 3113 et
1336 3057 1383 3113 si
1428 3057 1646 3128 quando
1669 3063 1894 3127 propter

300 3152 681 3209 inﬁrmitatem
705 3164 825 3206 sese
861 3149 1141 3205 abstinere
1164 3148 1256 3203 vix
1283 3154 1533 3219 possunt,
1563 3154 1624 3201 ut
1645 3155 1893 3202 extrema

299 3244 580 3315 quaedam,
607 3250 773 3314 atque
813 3240 1088 3298 exteriora
1134 3239 1554 3310 praepositorum
1598 3237 1763 3304 mala,
1797 3237 1894 3292 sed

301 3344 493 3389 tamen
523 3332 822 3399 humiliter,
864 3331 1173 3402 loquantur,
1206 3329 1363 3400 quasi
1408 3343 1562 3385 oram
1608 3326 1895 3384 chlamidis

301 3426 536 3483 silenter
575 3424 849 3489 incidunt;
897 3423 1025 3494 quia
1050 3421 1305 3477 videlicet
1346 3422 1473 3477 dum
1523 3420 1760 3492 praelatis:
1807 3420 1893 3475 di-

301 3516 501 3589 gnitati
542 3513 724 3570 saltim
769 3513 1009 3579 innoxie,
1048 3520 1105 3568 et
1135 3511 1368 3567 latenter
1408 3511 1693 3582 derogant,
1737 3512 1895 3581 quasi

304 3609 459 3680 regis
478 3606 807 3677 superpositi
837 3612 1048 3661 vestem
1077 3611 1307 3659 secant:
1339 3601 1436 3657 sed
1483 3608 1665 3657 tamen
1708 3601 1777 3657 ad
1803 3616 1893 3657 se—

303 3702 573 3772 metipsos
620 3700 870 3767 redeunt,
905 3711 1078 3769 seque
1121 3694 1600 3752 vehementissime
1623 3733 1639 3761 ,
1694 3693 1782 3749 vel
1825 3692 1897 3749 de

303 3801 629 3857 tenuissima
668 3799 821 3855 verbi
861 3795 1193 3853 laceratione
1246 3791 1674 3863 reprehendunt.
1741 3791 1896 3847 Unde

304 3895 472 3959 bene,
501 3903 556 3949 et
585 3892 696 3948 illic
720 3891 987 3961 scriptum
1013 3896 1100 3945 est
1128 3906 1143 3943 :
1176 3885 1307 3942 Post
1347 3885 1459 3940 luce
1486 3884 1660 3939 David
1684 3897 1899 3955 percus-

304 3990 374 4047 sit
423 4007 522 4046 cor
562 4005 714 4046 suum
738 4030 754 4056 ,
795 4004 856 4043 eo
894 3985 1033 4058 quod
1086 3982 1389 4039 abscidisset
1425 3997 1574 4036 oram
1621 3978 1897 4035 chlamidis

308 4084 451 4142 δαιιί
485 4097 506 4137 :
535 4082 680 4139 facta
731 4080 930 4152 quippe
982 4075 1397 4149 praepositorum
1443 4072 1555 4129 oris
1602 4070 1779 4143 gladio
1817 4068 1897 4125 fe-

307 4175 507 4233 rienda
557 4188 666 4230 non
712 4180 861 4239 sunt,
890 4170 1059 4227 etiam
1099 4183 1224 4224 cum
1260 4162 1708 4236 reprehendenda
1748 4168 1897 4217 recte

304 4268 642 4339 iudicantur.
673 4261 734 4320 Si
760 4262 979 4333 quando
1011 4275 1145 4318 vero
1166 4266 1360 4316 contra
1386 4271 1501 4321 eos,
1537 4254 1624 4311 vel
1650 4255 1706 4311 in
1734 4253 1899 4309 mini—

309 4361 414 4416 mis
456 4358 641 4429 lingua
665 4355 889 4419 labitur,
922 4366 1146 4409 necesse
1180 4356 1287 4416 est,
1328 4356 1391 4405 ut
1418 4361 1519 4419 per
1545 4343 1891 4401 aﬂlictionem
1917 4368 1973 4428 Β

309 4448 650 4522 paenitentiae
678 4457 702 4486 ο
733 4445 1144 4517 comprimatur,
1184 4440 1441 4512 quatinus
1472 4438 1542 4494 ad
1576 4436 1896 4507 semetipum

310 4543 527 4607 redeat,
567 4547 624 4595 et
649 4554 774 4595 cum
822 4535 1126 4609 praepositae
1149 4532 1405 4604 potestati
1436 4529 1748 4600 deliquerit,
1776 4527 1896 4599 ejus

310 4644 510 4691 contra
554 4646 615 4689 se
636 4629 920 4701 judicium,
960 4642 992 4682 a
1018 4640 1126 4697 quo
1155 4623 1258 4680 sibi
1285 4621 1314 4663 ἀ
1347 4621 1603 4692 praelatus
1644 4628 1751 4686 est,
1776 4632 1899 4689 per-

313 4726 620 4782 horrescat.
642 4722 782 4778 Nam
812 4735 940 4775 cum
965 4714 1274 4790 prapositis
1307 4711 1696 4780 delinquimus,
1718 4707 1896 4764 ordini

314 4816 435 4887 ejus
462 4855 478 4880 ,
530 4815 622 4886 qui
680 4827 774 4870 eos
844 4809 1002 4867 nobis
1062 4803 1339 4879 praetulit,
1387 4800 1689 4858 obviamus.
1744 4797 1900 4854 Unde

321 4909 519 4965 Moises
573 4920 810 4977 quoque,
841 4918 966 4959 cum
998 4908 1190 4958 contra
1235 4912 1316 4962 se,
1346 4901 1405 4951 et
1436 4892 1619 4949 Aaron
1645 4889 1905 4960 conqueri

319 5000 580 5070 populum
609 4997 951 5067 cognovisset
972 4992 1050 5048 ait
1086 5009 1099 5044 :
1134 4988 1333 5062 (Exod.
1379 5001 1495 5051 va,
1538 4982 1594 5055 8)
1627 4980 1743 5036 Nos
1766 4981 1906 5035 enim

321 5092 451 5163 quid
478 5090 702 5147 sumus?
727 5103 817 5143 nec
843 5093 1027 5140 contra
1055 5097 1147 5137 nos
1168 5088 1243 5135 est
1264 5092 1507 5133 murmur
1535 5082 1785 5138 vestrum,
1813 5071 1905 5127 sed

323 5192 510 5237 contra
533 5180 837 5234 Dominum.
868 5196 887 5228 ι

398 5305 426 5333 ι
456 5290 557 5346 llic
587 5290 765 5359 aliqua
792 5289 1012 5359 desunt.
1052 5352 1064 5359 ‘
1334 5347 1369 5359 η
1541 5346 1554 5359 ,
1618 5344 1685 5359 η
1720 5358 1737 5359 η
1840 5343 1858 5359 ,.

398 5361 430 5401 ι›
459 5343 855 5429 siliginem
884 5352 1192 5429 Adidicimug
1216 5363 1286 5429 ex
1330 5346 1594 5429 Gregorio
1618 5344 1811 5429 stagno
1840 5343 1908 5415 [5

325 5413 805 5506 [tumelias—toralia
829 5427 1045 5506 admon.
1072 5437 1121 5475 v.
1161 5420 1195 5474 5
1223 5419 1342 5473 hinc
1383 5413 1675 5487 tradente].

403 5514 427 5542 ε
461 5498 601 5559 Edlti
636 5517 649 5553 :
679 5514 770 5552 cor
786 5503 1073 5559 prematur.

400 5571 429 5612 ά
462 5571 881 5640 Editizpnelata
913 5571 1009 5640 ef!-
1052 5632 1063 5640 ι
1117 5630 1158 5640 __
1212 5630 1227 5640 ,
1440 5626 1472 5640 _,
1564 5624 1631 5640 κη
1664 5624 1705 5640 ,ν
1744 5621 1774 5640 ..

408 5652 437 5683 ο
462 5621 856 5709 ’έῖιίὲέάαέηιίο
878 5632 1093 5689 edocuit
1117 5630 1261 5686 Beda
1285 5626 1580 5696 quaestione
1600 5624 1632 5679 6
1663 5624 1714 5677 in
1744 5621 1908 5676 libros

650 5736 922 5795 Pnaon.
966 5722 1127 5783 CIV.

1994 1786 2114 1826 rum
2141 1771 2339 1841 quippe
2368 1772 2578 1826 animas
2593 1770 3082 1841 appellatviventes,
3099 1770 3390 1825 utiliorum
3404 1786 3572 1827 econ-

1994 1863 2161 1917 trario
2188 1862 2454 1932 spirituali
2487 1870 2660 1918 morte
2686 1871 3090 1933 praeoccupatas
3114 1862 3355 1919 insinuet
3378 1862 3572 1934 ;juxta

1993 1954 2122 2010 illud
2148 1953 2434 2024 Propheta:
2460 1954 2707 2027 :(Ezech.
2733 1969 2887 2020 xviii,
2924 1953 2982 2026 4)
3021 1954 3214 2010 Anima
3243 1972 3360 2027 qua?
3380 1972 3570 2027 pecca-

1993 2047 2141 2112 verit,
2163 2046 2277 2117 ipsa
2298 2046 2550 2101 morietur
2572 2063 2591 2100 :
2619 2046 2718 2101 hos
2745 2044 3026 2112 fasciculo,
3064 2046 3183 2102 illos
3201 2046 3366 2118 lapidi
3392 2047 3573 2104 funda:

1994 2138 2257 2194 assimilat
2293 2137 2625 2193 :fasciculus
2649 2138 2792 2193 enim
2821 2138 3234 2210 constringitur,
3267 2145 3326 2193 ut
3366 2138 3576 2211 integer

1993 2238 2227 2292 maneat,
2254 2237 2309 2284 et
2334 2238 2704 2308 conservetur,
2734 2230 2872 2298 lapis
2899 2228 2953 2281 in
2981 2228 3147 2285 funda
3173 2229 3455 2299 expeditus
3478 2245 3576 2301 po-

1995 2322 2166 2384 nitur,
2196 2328 2255 2373 ut
2301 2317 2607 2386 abjiciatur.
2638 2317 2732 2374 Sic
2770 2320 2916 2374 enim
2952 2320 3009 2373 in
3047 2319 3151 2374 hoc
3179 2319 3375 2375 sarculo
3417 2320 3575 2376 electi

1995 2409 2265 2480 pressuris
2289 2407 2701 2463 tribulationum
2723 2418 3168 2481 coangustantur,
3190 2420 3252 2468 ut
3280 2411 3365 2464 his
3390 2411 3576 2466 admo-

1997 2499 2118 2564 niti,
2145 2498 2348 2554 arctius
2377 2514 2436 2555 se
2470 2500 2539 2554 ad
2592 2499 2824 2555 invicem
2873 2507 3062 2554 mutua
3102 2501 3367 2555 charilate
3397 2499 3414 2539 ί
3448 2516 3578 2557 con-

1996 2596 2242 2655 ncctant,
2281 2596 2339 2644 et
2381 2590 2665 2645 coadunati
2710 2592 2785 2647 ad
2840 2590 3071 2647 invicem
3122 2606 3285 2646 manu
3331 2592 3414 2647 sui
3470 2591 3577 2649 Re-

1997 2678 2294 2749 demptoris
2332 2680 2387 2734 in
2423 2688 2743 2751 perpetuum
2771 2689 3181 2736 conserventur.
3220 2682 3291 2736 At
3314 2696 3443 2738 vero
3491 2699 3579 2739 re-

1995 2768 2171 2837 probi,
2223 2777 2424 2837 quanto
2452 2768 2616 2824 latius
2645 2769 2700 2824 in
2736 2770 2840 2826 hac
2870 2768 2984 2825 vita
3034 2770 3404 2840 voluptatibus
3449 2787 3578 2842 pro-

1996 2861 2154 2931 priis,
2163 2860 2333 2916 veluti
2350 2860 2506 2917 liberi
2520 2861 2889 2927 dimittuntur,
2904 2870 3057 2923 tanto
3082 2861 3295 2933 longius
3315 2864 3371 2918 in
3396 2854 3579 2919 futuro

1998 2968 2032 3008 a
2057 2952 2255 3009 divinat
2266 2952 2495 3008 visionis
2512 2952 2683 3024 gloria
2705 2951 3157 3024 projiciuntur,ut
3185 2955 3250 3010 de
3275 2954 3356 3011 eis
3383 2955 3579 3010 merito

1919 3024 1968 3093 ί)
1997 3047 2208 3103 dicatur
2234 3065 2248 3100 :
2274 3044 2502 3117 (Psalm.
2542 3045 2788 3118 nxxxvu)
2827 3044 2897 3099 Et
2924 3045 3135 3117 quidem
3181 3046 3282 3117 ipsi
3314 3045 3379 3100 de
3417 3062 3580 3100 manu

1994 3150 2087 3197 tua
2112 3143 2138 3183 ε
2163 3140 2357 3213 repulsi
2386 3150 2527 3197 sunt.
2557 3139 2694 3196 Mire
2725 3149 2906 3197 autem
2936 3141 3362 3211 omnipotentem
3402 3142 3582 3211 provi-

1994 3233 2231 3291 dentiam
2279 3232 2540 3289 describit
2587 3232 2809 3302 superni
2858 3232 3205 3302 protectoris,
3235 3246 3362 3287 cum
3403 3232 3578 3288 dicit:

1993 3325 2224 3380 animum
2247 3322 2347 3378 viri
2375 3323 2546 3378 sancti
2565 3324 2717 3394 quasi
2746 3324 2805 3377 in
2830 3320 3088 3393 fasciculo
3118 3323 3399 3378 viventium
3434 3324 3581 3395 apud

1993 3432 2112 3470 eunt
2134 3432 2247 3470 esse
2274 3414 2590 3470 custoditum
2622 3427 2641 3465 :
2675 3414 2817 3469 sicut
2839 3413 2987 3469 enim
3015 3412 3332 3468 facillimum
3355 3421 3439 3468 est
3465 3414 3582 3468 cui-

1994 3507 2145 3574 libet,
2174 3506 2490 3564 fasciculum
2515 3506 2718 3572 berbtc,
2740 3505 2826 3560 vel
2849 3503 2959 3559 feni
2998 3519 3096 3559 sua
3124 3520 3288 3558 manu
3309 3512 3580 3559 retentum

1994 3615 2346 3665 conservare,
2376 3600 2454 3654 ita
2480 3599 2660 3654 virtus
2713 3596 2930 3652 Domini
2973 3604 3030 3650 et
3075 3593 3377 3649 Salvatoris
3406 3594 3581 3648 nostri

1994 3706 2187 3748 omnes
2209 3707 2307 3761 per
2332 3692 2521 3747 orbem
2559 3690 2787 3753 electos,
2829 3688 2900 3742 ab
2925 3686 3079 3741 initio
3119 3699 3292 3754 usque
3333 3684 3390 3739 in
3414 3682 3581 3740 linem

1995 3778 2200 3842 saeculi,
2235 3794 2305 3833 ne
2331 3777 2425 3848 qui
2452 3792 2522 3832 ex
2557 3777 2638 3831 eis
2662 3774 2772 3830 ulla
2816 3775 3025 3830 ratione
3052 3781 3302 3853 pereant,
3346 3773 3469 3829 sine
3494 3773 3577 3828 la-

1993 3871 2127 3927 bore
2159 3878 2359 3926 tuetur.
2390 3867 2554 3924 Juxta
2582 3867 2727 3937 quod
2746 3867 2863 3937 ipse
2886 3866 2944 3921 in
2965 3864 3256 3936 Evangelia
3281 3865 3382 3920 sub
3401 3864 3577 3936 ﬁgura

1995 3960 2178 4017 ovium
2206 3960 2274 4016 de
2298 3960 2386 4016 his
2421 3958 2651 4028 loquens
2695 3955 2879 4027 (Iona.
2920 3972 2979 4022 ι,
3004 3955 3074 4010 27
3102 3964 3154 4009 et
3197 3954 3291 4027 28)
3330 3969 3344 4008 :
3388 3954 3460 4010 Et
3495 3971 3580 4011 se-

1993 4059 2229 4124 quuntur
2264 4066 2368 4116 me,
2396 4048 2595 4119 inquit,
2625 4054 2674 4101 et
2702 4062 2796 4118 ego
2821 4047 2983 4102 vitam
3006 4054 3257 4101 internum
3285 4044 3352 4099 do
3377 4044 3451 4099 eis
3479 4060 3498 4099 :
3529 4053 3581 4100 et

1995 4140 2359 4212 non‘peribunt
2380 4140 2439 4194 in
2461 4146 2736 4204 internum,
2775 4152 2867 4192 nec
2895 4136 3062 4208 rapiet
3085 4152 3175 4190 eas
3203 4135 3480 4207 quisquam
3512 4135 3581 4190 de

1995 4249 2157 4287 manu
2186 4247 2322 4286 mea.
2356 4229 2513 4285 Sicut
2543 4226 2832 4284 fasciculus
2857 4242 2997 4284 unus
3029 4225 3363 4297 quibuslibet
3383 4224 3577 4282 vincu-

1995 4323 2066 4378 lis
2104 4321 2375 4392 alligatur,
2417 4320 2494 4374 ita
2543 4317 2722 4375 omnis
2749 4326 3062 4373 sanctorum
3114 4323 3291 4372 cattus
3334 4330 3442 4371 una
3488 4328 3583 4370 ea-

2002 4415 2234 4483 demque
2260 4411 2386 4477 llde,
2413 4425 2531 4481 spe,
2557 4419 2614 4467 et
2630 4408 2898 4465 charitate
2939 4409 3010 4463 ad
3041 4408 3273 4462 invicem
3310 4407 3583 4463 constrin-

2002 4508 2170 4578 gitur,
2196 4520 2306 4561 uno
2325 4504 2521 4560 divinae
2541 4500 2893 4573 protectionis
2933 4498 3233 4554 munimine
3271 4497 3581 4553 circumda-

2004 4606 2112 4653 tur.
2157 4596 2316 4653 Patet
2344 4610 2478 4653 sane
2505 4596 2535 4636 ιι
2557 4594 2751 4648 litterae
2772 4605 2985 4656 sensus,
3011 4589 3139 4660 quia
3164 4588 3347 4643 anima
3385 4588 3578 4654 David,

2003 4688 2451 4763 persequentibus
2490 4685 2623 4743 licet.
2639 4682 2907 4747 hostibus,
2937 4679 3209 4737 custodita
3237 4692 3454 4748 semper
3481 4677 3589 4735 fuit

2006 4783 2061 4838 in
2087 4790 2237 4838 sorte
2258 4778 2577 4837 viventium.
2606 4776 2779 4831 Porro
2802 4772 3011 4829 inimici
3036 4770 3174 4842 ejus,
3206 4769 3591 4826 insistentibus

2009 4875 2112 4932 sibi
2134 4873 2577 4937 adversitatibus,
2590 4870 2734 4926 sicut
2757 4867 2898 4939 lapis
2918 4865 3083 4925 fundo
3103 4865 3490 4927 circumactus,
3511 4860 3593 4915 sic

2009 4967 2248 5026 instabili
2267 4974 2414 5021 motu
2440 4958 2815 5033 perturbandi,
2837 4967 2895 5014 et
2919 4957 3035 5015 suis
3059 4962 3243 5013 essent
3280 4950 3589 5025 expellendi

2008 5062 2076 5118 de
2123 5058 2340 5121 finibus,
2370 5053 2457 5108 vel
2498 5052 2661 5107 etiam
2692 5048 2763 5103 ab
2786 5048 3039 5103 humanis
3076 5046 3239 5101 rebus
3284 5039 3585 5098 auferendi.

2015 5156 2032 5195 ί
2068 5152 2138 5207 Et
2163 5151 2219 5206 in
2248 5149 2353 5205 hoc
2379 5145 2523 5227 facto
2559 5139 2793 5213 Abigail,
2841 5138 2970 5209 quid
3004 5136 3160 5193 nobis
3196 5148 3295 5205 per
3338 5130 3587 5190 enuntia~

2014 5263 2492 5412 Ηεξὶὲἓίιηςεςεηιε
2522 5324 2681 5391 male,
2712 5332 2775 5378 ut
2796 5320 3052 5377 arbitror.

2086 5407 2115 5446 δ
2144 5399 2389 5472 Expulsi.

2082 5476 2113 5515 ιι
2145 5470 2390 5539 Uterque.

2094 5547 2106 5583 ί
2145 5535 2416 5596 Hactenus
2451 5535 2612 5592 Beda.
