3976 6170
346 297 448 351 685

1370 241 1686 349 [CLAUDII
1729 291 2192 348 TAURINENSIS
2233 292 2537 349 EPISCOPI

3502 290 3606 357 δελ

344 415 544 467 tionem
600 425 750 465 suam
793 409 982 470 innuit,
1015 420 1038 446 α
1068 407 1171 462 nisi
1216 408 1357 477 quod
1387 408 1674 462 iracundos
1723 406 1914 461 melius
1945 411 1993 469 Α
2021 405 2108 474 15)
2146 404 2194 460 Is
2221 407 2364 458 enim
2395 407 2485 475 qui
2513 415 2724 474 patrem
2755 405 2991 474 reliquit,
3022 415 3078 460 et
3104 414 3315 476 partem
3362 411 3610 470 substan-

347 501 688 571 eorrigimus,
719 500 763 553 si
794 500 846 552 in
875 499 988 567 ipsa
1034 497 1128 552 ira:
1155 512 1267 552 sute
1309 499 1731 552 commonitione
1767 497 1928 550 decli-

347 609 564 656 namus;
600 589 892 661 perturbati
944 587 1140 659 quippe
1185 589 1315 658 quid
1365 587 1607 653 audiant,
1656 589 1924 660 ignorant,

267 725 270 729 -
345 684 439 739 sed
467 683 532 735 ad
554 695 612 736 se
637 679 845 734 reducti
885 687 1037 734 tanto
1061 679 1321 734 libentius
1347 679 1742 734 exhortationis
1765 678 1927 733 verba

347 775 629 844 recipiunt,
678 780 882 843 quanto
935 787 994 827 se
1044 771 1384 841 tranquillius
1431 771 1689 827 toleratos
1739 771 1929 825 erube-

343 873 517 922 scunt.
549 865 711 920 Menti
737 872 918 919 autem
948 863 1132 920 furore
1151 864 1333 929 ebrite,
1353 878 1514 918 omne
1544 871 1753 918 rectum
1783 864 1926 932 quod

343 958 564 1022 dicitur,
596 971 912 1027 perversum
933 957 1149 1011 videtur
1179 973 1192 1009 :
1226 954 1376 1028 (Cap.
1410 955 1502 1020 25,
1535 955 1626 1026 57)
1675 955 1838 1019 unde,
1875 964 1932 1010 et

346 1056 492 1103 recte
516 1047 686 1102 Nabal
728 1047 880 1102 ebrio
908 1047 1124 1116 culpam
1149 1061 1302 1102 suam
1333 1045 1543 1116 Ahigail
1588 1044 1930 1100 laudabiliter

346 1139 532 1204 tacuit,
561 1154 720 1208 quam
765 1140 975 1210 digesto
997 1139 1127 1194 vino
1171 1138 1514 1193 laudabiliter
1537 1138 1694 1192 dixit.
1724 1138 1930 1193 Idcirco

345 1229 488 1282 enim
515 1228 733 1294 malum,
763 1229 906 1298 quod
934 1227 1174 1293 fecerat,
1220 1242 1548 1299 cognoscere
1577 1229 1772 1297 potuit,
1803 1229 1928 1298 quia

347 1320 451 1374 hoc
475 1320 660 1374 ebrius
686 1334 794 1373 non
829 1318 1058 1373 audivit.

417 1409 569 1480 (Cap.
601 1410 690 1476 26,
722 1409 755 1464 5
779 1419 825 1464 et
865 1409 1093 1481 subseq.)
1130 1427 1149 1460 ς
1177 1409 1323 1464 Idem
1355 1411 1382 1449 ιι
1422 1409 1594 1465 David
1634 1409 1849 1480 fugiens
1899 1427 1928 1464 a

348 1504 487 1559 facie
507 1503 654 1569 Saul,
681 1503 956 1579 ingressus
983 1503 1141 1558 estin
1172 1511 1351 1558 castra
1394 1503 1557 1573 regis.
1589 1501 1771 1566 IIunc,
1807 1517 1929 1557 cum

349 1595 704 1651 dormientem
757 1596 1058 1652 invenisset
1089 1612 1197 1653 non
1226 1599 1518 1668 percussit,
1549 1612 1657 1652 non
1708 1597 1928 1660 occidit,

349 1688 444 1741 sed
475 1687 644 1742 solam
669 1688 936 1753 lanceam,
983 1706 1104 1761 qua:
1129 1700 1249 1744 erat
1275 1689 1344 1745 ad
1385 1698 1549 1761 caput
1577 1689 1693 1758 ejus
1720 1689 1847 1752 ﬁxa,
1876 1696 1932 1743 et

353 1789 374 1816 ε
405 1779 666 1848 scyphum
713 1793 895 1849 aquze,
934 1781 1026 1850 qui
1056 1790 1176 1836 erat
1221 1781 1287 1836 ad
1332 1788 1495 1850 caput
1521 1777 1678 1843 Saul,
1721 1779 1933 1833 substu-

350 1869 433 1924 Iit.
469 1868 872 1925 Dormientibus
900 1872 1109 1926 cunctis
1136 1885 1390 1940 egressus
1427 1871 1491 1925 de
1521 1870 1714 1924 castris
1759 1877 1935 1921 trans-

352 1961 450 2014 ivit
479 1960 532 2014 in
560 1961 842 2015 cacumina
867 1961 1091 2016 montis.

427 2067 445 2099 ‹
498 2048 636 2115 Quid
685 2053 814 2118 ergo
862 2058 948 2104 est
990 2050 1127 2105 hoc?
1183 2049 1656 2119 Persequebantur
1701 2063 1934 2119 namque

351 2139 628 2194 Christum
657 2139 846 2206 Judaei,
875 2141 970 2196 sed
995 2142 1374 2212 persequendo
1403 2140 1766 2204 dormiebant,
1808 2140 1932 2208 quia

353 2246 463 2284 non
494 2231 788 2301 vigilabant
807 2232 968 2288 corde
1004 2250 1015 2285 :
1057 2231 1255 2287 duritia
1285 2232 1432 2288 enim
1457 2233 1637 2286 cordis
1666 2231 1938 2286 obdormi-

353 2323 432 2377 tio
452 2330 555 2377 est.
588 2321 870 2377 Dormiunt
900 2323 952 2376 in
981 2323 1148 2377 vitam
1170 2331 1430 2387 veterem,
1456 2337 1564 2376 non
1593 2321 1848 2392 evigilaut
1880 2321 1935 2375 in

357 2428 570 2467 novam.
603 2411 764 2468 Venit
807 2411 1080 2479 Christus,
1120 2427 1228 2467 non
1261 2427 1354 2468 eos
1404 2412 1622 2476 occidit,
1669 2413 1762 2466 sed
1816 2411 1938 2465 tulit

357 2501 460 2571 (ab
487 2503 589 2576 eis)
620 2503 698 2558 eis
727 2505 986 2574 scyphum
1039 2518 1212 2574 aquae,
1245 2503 1300 2557 id
1346 2511 1451 2566 est,
1482 2502 1711 2572 gratiam
1759 2503 1891 2574 legis
1922 2522 1932 2556 :

357 2591 498 2657 tulit,
525 2600 580 2647 et
604 2601 878 2662 sceptrum
906 2591 1106 2663 regale,
1151 2593 1302 2663 regni
1351 2593 1562 2648 scilicet
1587 2600 1937 2662 potestatem,

357 2696 516 2749 quam
543 2697 642 2751 pro
676 2696 871 2753 magno
900 2680 1193 2747 habebant,
1217 2689 1273 2736 et
1301 2683 1450 2738 unde
1478 2699 1536 2738 se
1586 2683 1942 2754 protegebant

357 2773 748 2842 temporaliter,
792 2780 848 2828 et
885 2771 1024 2843 (Qua
1074 2772 1212 2827 male
1261 2773 1460 2848 utique)
1493 2789 1657 2844 quam
1684 2775 1943 2830 adversus

359 2862 527 2918 Deum
544 2879 642 2934 per
657 2863 1090 2920 incredulitatem
1113 2865 1394 2936 gerebant.
1421 2865 1626 2922 Deinde
1648 2875 1702 2922 et
1721 2866 1745 2905 τι
1771 2866 1945 2921 victor

360 2954 528 3010 David
560 2963 746 3010 noster
774 2955 842 3009 de
868 2955 1064 3011 castris
1084 2970 1273 3011 eorum
1295 2970 1576 3026 regressus
1606 2958 1947 3012 transcendit

361 3047 416 3099 in
451 3043 790 3099 altitudinem
822 3047 1024 3100 montis
1054 3045 1336 3100 cmlorum.

358 3226 524 3280 Achis
582 3242 761 3295 regem
827 3227 1238 3284 Pbilist'morum
1287 3230 1340 3284 in
1393 3231 1635 3300 praelium
1685 3235 1946 3288 adversus

359 3316 545 3379 Israel,
581 3317 918 3386 insurgentes
944 3318 1318 3386 Amalechitte,
1349 3321 1623 3378 irruerunt
1662 3325 1714 3379 in
1755 3325 1946 3382 Selecb

362 3404 597 3476 (Siceleg
623 3407 665 3477 ),
692 3415 747 3461 et
767 3411 1159 3466 succendentes
1183 3427 1326 3480 eam,
1357 3416 1698 3484 eaptivarunt
1742 3421 1941 3484 omnia,

359 3513 481 3570 qua:
501 3507 652 3553 erant
677 3500 843 3556 David
873 3513 927 3556 et;
955 3517 1244 3573 puerorum
1271 3503 1405 3573 ejus.
1428 3505 1580 3579 (Cap.
1614 3526 1739 3572 xxx,
1767 3511 1819 3584 1)
1842 3511 1948 3567 Re-

362 3603 554 3645 versus
575 3605 706 3660 ergo
727 3590 897 3646 David
916 3592 982 3646 ad
1003 3595 1409 3663 persequendos
1437 3595 1506 3667 (υ.
1526 3597 1578 3664 8,
1609 3606 1664 3653 et
1699 3599 1784 3652 11.
1810 3601 1946 3673 etc.)

360 3677 723 3735 Amalechitas
763 3691 787 3720 θ
815 3681 1023 3736 invenit
1059 3685 1345 3756 wgyptium
1393 3701 1618 3756 puerum
1658 3689 1948 3758 (lacessen-

363 3779 507 3826 tem:
539 3771 676 3825 male
715 3773 914 3846 utique)
940 3774 1345 3841 Iassescentem,
1391 3793 1552 3848 quem
1596 3779 1948 3835 Amalec-Inita:

362 3872 621 3934 zegrotum
651 3865 706 3919 in
742 3865 936 3921 itinere
981 3865 1353 3937 reliquerant:
1384 3867 1528 3924 hunc
1554 3878 1733 3924 autem
1780 3871 1948 3928 David

367 3957 638 4012 inventum
688 3958 811 4013 cibo
860 3958 1053 4024 reficit,
1093 3958 1112 3998 ί
1155 3960 1345 4016 ducem
1389 3963 1469 4016 sui
1517 3963 1726 4018 itineris
1769 3963 1940 4027 facit;

365 4048 550 4118 sicque
573 4051 597 4089 ε
622 4048 985 4104 Amaleehitas
1025 4051 1291 4120 sequitur,
1317 4052 1702 4124 epulantesque
1726 4059 1943 4125 reperit,

365 4148 422 4194 et
442 4139 681 4196 funditus
704 4142 990 4212 extinguit.
1029 4142 1168 4208 Quid
1196 4153 1281 4199 est
1307 4145 1450 4213 quod
1479 4148 1741 4217 aegyptius
1779 4148 1945 4204 Ama-

369 4227 563 4282 Iechita
608 4243 744 4297 puer
787 4230 842 4282 in
889 4230 1081 4285 itinere
1125 4230 1357 4286 lassatus
1395 4234 1615 4298 residet,
1656 4235 1758 4289 nisi
1804 4239 1948 4305 quod

369 4325 581 4371 amator
614 4318 899 4387 prmsentis
921 4319 1104 4374 smeuli
1131 4323 1333 4390 peccati
1363 4324 1444 4377 sui
1484 4324 1762 4395 nigredine
1791 4342 1946 4396 oper-

1961 1749 2008 1807 B

2030 499 2138 562 tim,
2168 514 2332 567 quam
2374 505 2712 566 perceperat,
2760 497 2982 568 prodige
3007 500 3286 569 expendit,
3323 513 3610 574 postquam

2029 589 2238 644 esurire
2266 589 2447 658 coepit,
2482 589 2535 642 in
2567 603 2626 643 se
2648 603 2897 643 reversus
2926 589 3065 644 dixit
3091 609 3104 643 :
3134 590 3298 662 (Ibid.
3325 593 3414 664 I7)
3445 595 3614 661 Quam

2030 681 2182 734 multi
2208 681 2517 734 mercenarii
2543 680 2710 750 patris
2737 681 2838 734 mei
2863 681 3135 735 abundant
3163 684 3426 752 panibus!
3463 687 3621 759 longe

2031 773 2228 843 quippe
2253 788 2283 826 a
2316 789 2375 827 se
2411 783 2731 839 recesserat,
2782 775 2998 842 quando
3033 778 3296 844 peccavit,
3333 786 3389 832 et
3424 780 3472 834 si
3510 798 3616 837 non

2028 865 2308 929 esurisset,
2333 865 2386 918 in
2415 866 2706 936 semetipso
2730 865 2820 937 (Id
2838 877 2912 920 est
2936 883 2955 920 :
2982 867 3036 920 in
3059 869 3431 939 semetipsum)
3459 873 3620 926 mini-

2032 969 2118 1008 me
2141 955 2408 1020 redisset;
2441 956 2532 1025 qui
2562 965 2846 1025 postquam
2893 958 3129 1012 terrenis
3168 959 3330 1015 rebus
3355 961 3606 1033 indiguit,

2032 1053 2160 1099 tunc
2194 1045 2433 1112 cogitare
2479 1047 2646 1115 οωρίῑ
2691 1045 2820 1116 quid
2869 1047 2936 1101 de
2987 1047 3363 1116 spiritualibus
3415 1053 3616 1106 aisit.

2040 1136 2054 1174 ἱ
2089 1135 2288 1189 Inﬁrmi
2311 1150 2440 1204 ergo
2459 1136 2659 1205 quique
2680 1177 2694 1200 ,
2725 1145 2888 1206 atque
2914 1134 2968 1190 in
2997 1138 3102 1192 hoc
3129 1139 3328 1194 mundo
3353 1141 3616 1211 despecti,

2031 1225 2350 1295 plerumque
2379 1235 2532 1281 tanto
2560 1226 2790 1281 celerius
2818 1241 3004 1281 vocem
3027 1227 3121 1282 Dei
3142 1229 3392 1294 audiunt,
3417 1243 3622 1300 quanto

2031 1321 2085 1365 et
2117 1311 2168 1364 in
2191 1313 2518 1368 hocmundo
2559 1328 2667 1367 non
2696 1314 2920 1379 habent,
2951 1315 3039 1369 ubi
3081 1316 3436 1372 delectentur.
3472 1319 3624 1387 Quod

2033 1403 2171 1457 bene
2191 1401 2306 1472 jam
2344 1403 2520 1459 dictus
2547 1401 3010 1459 Amalecbitarum
3039 1421 3179 1476 puer
3215 1407 3306 1462 ille
3351 1409 3622 1480 designat,

2035 1494 2161 1563 quia
2214 1493 2567 1550 Amalecbitis
2619 1494 3008 1564 praadantibus,
3065 1503 3230 1566 atque
3279 1501 3624 1556 currentibus

2033 1599 2178 1653 aeger
2204 1584 2467 1639 remansit
2508 1585 2566 1638 in
2603 1585 2713 1651 via,
2749 1593 2803 1640 et
2829 1584 2991 1652 fame,
3028 1587 3226 1658 sitique
3253 1590 3435 1644 aruit:
3465 1608 3626 1660 quem

2036 1687 2216 1729 tamen
2266 1675 2434 1731 David
2481 1677 2709 1743 invenit,
2737 1678 2787 1732 ei
2821 1679 3003 1733 cibum
3033 1687 3327 1751 potumque
3355 1683 3623 1752 praebuit:

2037 1765 2126 1834 qui
2167 1765 2309 1820 illico
2339 1765 2726 1821 convalescens
2750 1767 2859 1821 dux
2904 1767 3074 1823 David
3105 1767 3300 1835 factus,
3334 1771 3629 1826 convivan-

2037 1866 2118 1911 tes
2142 1856 2505 1912 Amalechitas
2538 1859 2757 1927 reperit,
2797 1868 2853 1914 et
2873 1874 2967 1915 eos
2991 1860 3082 1929 qui
3112 1875 3172 1915 se
3200 1860 3434 1916 debilem
3495 1863 3628 1917 reli-

2036 1957 2285 2020 querant,
2327 1965 2451 2004 cum
2488 1966 2682 2022 magna
2733 1952 3050 2009 fortitudine
3082 1956 3377 2024 prostravit
3411 1975 3423 2009 :
3464 1956 3630 2011 Ama-

2037 2041 2250 2095 Iechitte
2295 2041 2494 2112 quippe
2533 2041 2756 2112 populus
2799 2043 3054 2099 lmnbiens
3099 2053 3344 2100 vocatur.
3400 2047 3469 2100 Et
3499 2049 3632 2116 quid

2037 2150 2134 2204 per
2163 2134 2510 2191 lambicntem
2540 2137 2818 2206 populum,
2847 2139 2952 2193 nisi
2978 2149 3189 2196 mentes
3225 2142 3512 2198 saeculares
3535 2144 3629 2198 dc‘

2038 2225 2363 2297 signantur?
2391 2241 2510 2295 qua:
2533 2235 2747 2281 terrena
2767 2236 2960 2282 cuncta
2987 2229 3292 2296 ambiendo,
3317 2231 3472 2300 quasi
3498 2230 3634 2286 lam-s

2037 2314 2216 2379 biunt,
2267 2315 2396 2369 dum
2445 2315 2577 2370 solis
2631 2318 3024 2386 temporalibus
3067 2317 3426 2375 delectantur.
3464 2320 3636 2388 Quasi

2039 2407 2184 2461 enim
2209 2407 2440 2477 populus
2485 2407 2750 2462 lambinus
2789 2408 3028 2478 praedam
3070 2408 3221 2474 facit,
3253 2411 3378 2466 dum
3410 2422 3636 2468 terrena

2041 2497 2288 2568 diligens,
2319 2497 2470 2553 lucra
2497 2497 2564 2552 de
2611 2497 2803 2553 alienis
2848 2500 3105 2555 demisi
3151 2511 3464 2573 congregat.
3520 2502 3634 2560 Sed

2040 2603 2175 2658 puer
2205 2589 2469 2660 azgyptius
2502 2605 2650 2660 aeger
2683 2591 2736 2644 in
2767 2591 3230 2661 via'relinqnitur,
3267 2595 3390 2663 quia
3426 2611 3634 2665 pecca«

2042 2689 2130 2734 tor
2159 2681 2414 2750 quisque,
2461 2681 2590 2736 dum
2627 2681 2894 2737 infirmari
2937 2683 3007 2738 ab
3053 2683 3211 2753 huius
3257 2687 3444 2741 mandi
3486 2697 3638 2742 statu

2043 2771 2305 2840 cmperit,
2358 2785 2483 2826 mox
2511 2771 2860 2827 szewlaribus
2905 2773 3180 2828 mentibus
3215 2775 3271 2828 in
3318 2775 3636 2844 despectum

2043 2863 2214 2929 venit,
2247 2877 2409 2932 quem
2443 2871 2624 2918 tamen
2669 2863 2840 2919 David
2893 2864 3122 2929 invenit,
3173 2865 3330 2934 eique
3363 2868 3541 2922 cibum
3579 2876 3634 2922 et

2043 2961 2228 3023 potum
2281 2954 2485 3017 tribuit,
2539 2953 2666 3023 quia
2712 2970 2876 3007 manu
2925 2953 3080 3023 fortis
3123 2953 3386 3010 Dominus
3425 2956 3634 3026 abjeeta

2046 3043 2233 3098 mundi
2278 3059 2385 3098 non
2435 3044 2682 3111 despicit,
2716 3053 2771 3098 et
2819 3043 3142 3111 plerumque
3171 3060 3286 3111 eos,
3339 3048 3434 3111 qui
3481 3050 3632 3111 sequi

451 3059 790 3099 altitudinem
822 3059 1024 3100 montis
1054 3059 1336 3100 eceteram.
1993 3111 1996 3114 π
2046 3059 2233 3098 manat
2278 3059 2385 3098 non
2435 3059 2682 3113 despicit,
2716 3059 2771 3098 et
2819 3059 3142 3113 plerumque
3171 3060 3286 3111 eos,
3339 3063 3434 3118 qui
3481 3063 3574 3116 seq

431 3134 716 3207 (€032.28).
739 3136 987 3192 «Interea
1014 3135 1572 3208 fugiensDavid,dum
1597 3149 1848 3211 pergeret
1877 3140 1943 3193 ad
1972 3101 2017 3162 δ
2049 3135 2312 3190 mundum
2348 3134 2572 3189 minime
2603 3133 2802 3199 valent,
2841 3142 2894 3188 et
2927 3135 3082 3204 quasi
3121 3136 3174 3190 in
3205 3137 3290 3190 via
3330 3152 3574 3194 nemnem

2049 3135 2312 3190 mundum
2348 3134 2572 3189 minime
2603 3133 2802 3199 valent,
2841 3142 2894 3188 et
2927 3135 3082 3204 quasi
3121 3136 3174 3190 in
3205 3137 3290 3190 via
3330 3148 3631 3203 remanent,

2049 3225 2114 3278 ad
2142 3225 2345 3278 ameris
2384 3225 2468 3279 sui
2511 3225 2741 3295 gratiam
2786 3226 3076 3292 convertit,
3122 3228 3310 3297 eisque
3351 3230 3506 3285 verbi
3551 3231 3632 3284 sui

2047 3314 2226 3368 cibum
2259 3313 2284 3352 ιι
2311 3313 2568 3384 porrigit,
2593 3324 2649 3368 et
2675 3315 2828 3384 quasi
2873 3315 3038 3370 dices
3067 3315 3168 3371 sibi
3216 3317 3270 3371 in
3300 3323 3385 3372 via
3430 3318 3631 3388 dirigit,

2048 3405 2174 3458 dum
2205 3419 2334 3459 suos
2358 3404 2526 3460 etiam
2547 3406 2932 3474 praedicatores
2958 3404 3120 3462 facit:
3150 3408 3276 3462 dum
3305 3409 3452 3464 enim
3481 3409 3631 3464 Chri-

2049 3505 2190 3550 stum
2218 3504 2563 3564 peccatorum
2592 3496 2852 3552 cordibus
2872 3495 3134 3565 inierunt,
3155 3501 3314 3568 quasi
3343 3499 3515 3555 David
3545 3517 3630 3555 su-

2048 3601 2146 3655 per
2192 3587 2374 3640 hostes
2421 3586 2662 3640 ducunt:
2711 3586 2805 3655 qui
2854 3587 3208 3644 convivantes
3239 3588 3628 3654 Amalecbitas,

2048 3678 2198 3733 velut
2221 3677 2420 3743 David,
2446 3677 2624 3748 gladio
2644 3677 2869 3746 feriunt,
2915 3680 3050 3750 quia
3077 3683 3342 3750 superbos
3371 3698 3626 3753 quosque,

2049 3767 2140 3838 qui
2187 3783 2246 3822 se
2275 3764 2340 3822 'iu
2372 3768 2572 3826 mundo
2616 3769 2980 3838 dispereunt,
3029 3771 3242 3828 Domini
3286 3775 3486 3830 virtute
3514 3790 3628 3843 pro-

2049 3866 2319 3912 sternunt.
2348 3857 2488 3914 Puer
2511 3873 2641 3929 ergo
2660 3860 2936 3930 aegyptiae,
2968 3861 3059 3930 qui
3090 3862 3143 3917 in
3171 3863 3256 3916 via
3281 3875 3625 3929 remanserat,

2047 3947 2412 4004 Amalechitas
2451 3949 2744 4016 interfecit,
2788 3952 2916 4022 quia
2942 3952 3258 4024 plerumque
3295 3955 3396 4025 ipsi
3430 3968 3627 4012 mentes

2048 4041 2387 4095 sawularium
2418 4041 2760 4111 [medicande
2785 4053 3064 4112 superant,
3093 4047 3186 4116 qui
3209 4047 3366 4114 prius
3392 4064 3514 4104 cum
3537 4065 3626 4104 sa:-

2048 4132 2321 4188 cularibus
2347 4133 2403 4188 in
2424 4135 2526 4189 hoc
2559 4135 2758 4190 mundo
2783 4151 3005 4192 currere
3035 4153 3142 4193 non
3179 4140 3452 4197 valebant.

2120 4249 2272 4321 (Cap.
2290 4265 2482 4315 xxvm,
2501 4251 2556 4316 5,
2572 4252 2702 4321 etc.)
2725 4269 2742 4301 t
2772 4252 2903 4306 Post
2927 4251 2941 4290 ¹
2963 4261 3192 4308 mortem
3206 4265 3389 4310 autem
3411 4255 3624 4312 Samue-

2048 4338 2134 4405 lis,
2164 4343 2470 4411 congregati
2507 4350 2638 4395 sunt
2665 4341 2951 4396 Philistiim
2996 4353 3186 4399 contra
3219 4345 3426 4402 Israel:
3477 4350 3620 4418 (vers.

368 4415 476 4512 tu?)
695 4407 762 4463 ab
799 4409 988 4512 φάθῖη
1020 4410 1216 4465 Simulo
1257 4410 1525 4476 inﬁrmus:
1567 4414 1946 4512 δίθυθοιυξῆυθ
1970 4453 2024 4512 D
2048 4431 2102 4500 6)
2144 4407 2518 4501 consuluitque
2584 4431 2711 4488 Saul
2761 4432 3070 4499 Dominum,
3102 4445 3160 4490 et
3202 4451 3308 4490 non
3357 4407 3624 4508 respondit

372 4501 734 4572 relinquitur:
785 4510 845 4558 ut
873 4517 996 4559 eum
1025 4518 1092 4560 eo
1137 4519 1477 4576 nequaquam
1509 4522 1726 4564 currere
1745 4510 1942 4576 valeat,

371 4594 467 4648 sed
513 4591 718 4649 fractus
758 4594 1085 4650 adversitate
1127 4603 1401 4666 torpescat
1418 4597 1442 4650 ?
1461 4598 1489 4637 h
1514 4597 1624 4653 Hos
1649 4614 1777 4670 ergo
1802 4601 1953 4672 eligit

372 4683 532 4749 Deus,
572 4698 710 4754 quos
750 4685 977 4754 despicit
1015 4686 1282 4754 mundus;
1319 4688 1445 4758 quia
1490 4687 1806 4759 plerumque
1836 4691 1947 4760 ipsa

369 4773 645 4844 despectio
663 4776 936 4831 hominem
958 4787 1176 4833 revocat
1195 4779 1264 4833 ad
1288 4779 1654 4848 semetipsum.
1683 4780 1832 4854 (Luc.
1859 4801 1946 4850 xv,

441 4922 465 4950 ιι
506 4909 899 5033 Subsequentja
943 4909 1196 4980 perquire
1249 4911 1300 4964 in
1356 4911 1389 4964 5
1431 4919 1583 4982 parte
1651 4909 1938 4969 Pastoralis

441 4980 611 5033 'eaorii
643 4996 694 5033 at
714 4989 903 5033 momt.
929 4979 1015 5033 I7.

368 4980 611 5051 Gregorii
643 4979 903 5061 admonit.
929 4979 1015 5033 I7.
1042 4979 1070 5062 ί
1097 5050 1109 5062 1
1211 5051 1222 5062 .
1431 4979 1448 4982 ⁷

439 5052 466 5134 λέ
494 5051 887 5134 §tibsequentta
907 5049 1138 5134 tradidit
1157 5049 1603 5134 Isidorus‘qute‘st.
1635 5053 1722 5107 18.
1772 5124 1800 5134 ν.

441 5133 464 5160 ο
494 5119 705 5204 Editus,
735 5120 864 5202 Isid.
901 5119 1218 5204 lenticulam“
1237 5119 1468 5204 sustulit.
1501 5121 1674 5177 Prave
1725 5124 1934 5204 utique,

369 5207 490 5275 cum
514 5189 797 5275 Scriptura
817 5189 932 5275 ipsa
961 5191 1102 5246 dicat
1142 5209 1160 5275 ε¹
1186 5190 1779 5275 Scyphttm‘aquaedqui
1819 5189 1937 5275 erat

369 5263 434 5315 ad
461 5269 620 5329 caput
655 5261 804 5326 Saul,
834 5270 888 5315 et
916 5275 1101 5315 revera
1129 5261 1382 5331 deinceps
1421 5261 1480 5314 Iit
1509 5263 1710 5316 mentio
1750 5264 1933 5333 scyphi

369 5345 537 5399 aquae.

435 5399 462 5438 ἀ
491 5400 718 5454 Additur
743 5401 1004 5471 ingressus
1031 5417 1048 5454 :
1084 5400 1177 5456 sed
1210 5399 1492 5455 redundat.

441 5479 463 5506 ο
494 5468 619 5551 Haec
643 5483 764 5536 quze
795 5471 959 5551 etiam
1005 5467 1461 5551 habetnlsidurus,
1508 5470 1760 5551 perquire
1789 5486 1938 5525 num.

368 5537 457 5618 δ’»,
507 5537 638 5618 alias
688 5553 807 5608 cap.
873 5539 937 5593 41
1003 5540 1124 5594 libri
1170 5539 1204 5596 5
1267 5537 1545 5594 Moralium
1595 5537 1652 5595 S.
1712 5539 1938 5610 Gregor.

367 5605 699 5730 IﬂaiglIl)|esunt
736 5676 899 5733 verba
925 5694 938 5731 :
971 5678 1155 5734 ducem
1187 5679 1271 5732 sui
1299 5679 1498 5735 itineris
1527 5680 1672 5751 facit,
1716 5695 1836 5752 quae
1864 5687 1946 5737 ta-

2048 4520 2116 4573 ei.
2149 4521 2305 4586 (vers.
2338 4520 2389 4586 7,
2414 4520 2545 4591 etc.)
2571 4521 2830 4587 Quaesivit
2856 4529 3036 4577 autem
3076 4521 3208 4578 Saul
3231 4527 3620 4596 pythonissam,

2047 4626 2168 4679 quae
2191 4610 2478 4666 suscitaret
2526 4611 2602 4665 illi
2634 4610 2938 4667 Samuelem
2967 4632 2977 4665 :
3032 4613 3188 4685 (vers.
3219 4615 3308 4688 15)
3340 4619 3622 4686 statimque

2047 4699 2341 4754 suscitatus
2362 4701 2437 4753 ait
2465 4701 2533 4754 ad
2561 4715 2722 4754 eum:
2755 4699 2931 4766 Quare
2964 4703 3265 4774 inquietasti
3308 4723 3411 4772 me,
3441 4716 3496 4760 ut
3533 4724 3618 4761 su-

2047 4791 2288 4856 scitarer,
2317 4799 2423 4845 etc.
2473 4789 2742 4858 Qumritur
2790 4794 3084 4849 secundum
3125 4796 3406 4853 historiam
3449 4809 3619 4852 utrum

2049 4937 2203 4994 men,
2223 4927 2277 4975 et
2307 4921 2560 4994 Isidorus,
2589 4933 2644 4978 et
2666 4923 2956 4994 Gregorius
2983 4927 3205 4983 habent.

2077 4999 2082 5004 ‘
2121 4993 2147 5032 ⁸
2171 4992 2550 5046 Amalechitam
2572 4992 2886 5059 epulantem.
2917 4995 3146 5052 Praestat
3165 5007 3352 5053 nostra
3381 4999 3550 5054 lectio.

2116 5062 2144 5101 ιι
2177 5060 2572 5137 subsequentia
2595 5065 2834 5137 inveni_es
2861 5081 3086 5137 numero
3114 5069 3163 5133 7,
3189 5069 3377 5124 homil.
3408 5071 3476 5126 56
3495 5069 3617 5137 ejus

2045 5131 2164 5207 dem
2195 5131 2439 5207 Gregorii
2471 5133 2644 5203 Magni
2672 5133 2726 5188 in
2754 5134 3065 5207 Evangelia,
3094 5131 3199 5193 alia
3221 5141 3391 5195 multo
3418 5131 3614 5194 diversa

2045 5201 2209 5273 habet
2234 5201 2474 5273 Isidorus
2498 5222 2509 5255 :
2537 5201 2662 5273 apta
2696 5211 2892 5259 tamen.

2125 5271 2140 5344 ξ
2176 5271 2314 5345 illia
2334 5272 2422 5327 hic
2445 5271 2721 5328 interserit
2747 5272 3062 5345 Gregorius.

2123 5340 2136 5413 ξ
2175 5340 2316 5413 Edjti
2346 5359 2357 5395 :
2387 5354 2685 5413 exaggerat.

2123 5409 2148 5487 Ιξ
2183 5410 2416 5487 Additur
2445 5409 2505 5487 iu'
2523 5409 2686 5468 editis
2697 5431 2722 5487 _:
2751 5424 3058 5487 potumque.

2127 5477 2530 5556 1_II:ec__omnia
2580 5499 2647 5556 ex
2695 5477 2918 5551 Isidem,
2954 5477 3326 5556 'Augustinum
3372 5486 3611 5552 deinceps

2047 5549 2563 5678 ξῆἓῗῗθὲἓξεθξηβ,
2594 5553 2876 5625 desumpta
2907 5549 3082 5612 sunt:
3099 5555 3357 5613 Rabanus
3384 5549 3496 5612 haec
3525 5549 3613 5624 pce
