  <div class='ocr_page' id='page_1' title='image "/cluster/home/n/w/nwhite01/storage/ocr_20150623/104/hvd.32044052819794/348.png"; bbox 0 0 3976 6170; ppageno 0'>
   <div class='ocr_carea' id='block_1_1' title="bbox 327 246 426 313">
    <p class='ocr_par' dir='ltr' id='par_1_1' title="bbox 327 246 426 313">
     <span class='ocr_line' id='line_1_1' title="bbox 327 246 426 313; baseline -0.03 0"><span class='ocrx_word' id='word_1_1' title='bbox 327 246 426 313; x_wconf 73' lang='lat' dir='ltr'><strong>63&#39;s</strong></span> 
     </span>
    </p>
   </div>
   <div class='ocr_carea' id='block_1_2' title="bbox 1189 240 2697 320">
    <p class='ocr_par' dir='ltr' id='par_1_2' title="bbox 1189 240 2697 320">
     <span class='ocr_line' id='line_1_2' title="bbox 1189 240 2697 320; baseline -0.007 -11"><span class='ocrx_word' id='word_1_2' title='bbox 1189 240 1656 320; x_wconf 61' lang='lat' dir='ltr'><strong>QUIESTIONES</strong></span> <span class='ocrx_word' id='word_1_3' title='bbox 1695 240 1844 306; x_wconf 69' lang='lat' dir='ltr'><strong>XXX</strong></span> <span class='ocrx_word' id='word_1_4' title='bbox 1885 249 2110 306; x_wconf 83' lang='lat' dir='ltr'><strong>SUPER</strong></span> <span class='ocrx_word' id='word_1_5' title='bbox 2147 246 2396 304; x_wconf 76' lang='lat' dir='ltr'><strong>LIBROS</strong></span> <span class='ocrx_word' id='word_1_6' title='bbox 2432 241 2697 302; x_wconf 78' lang='lat' dir='ltr'><strong>REGUM.</strong></span> 
     </span>
    </p>
   </div>
   <div class='ocr_carea' id='block_1_3' title="bbox 3475 243 3579 299">
    <p class='ocr_par' dir='ltr' id='par_1_3' title="bbox 3475 243 3579 299">
     <span class='ocr_line' id='line_1_3' title="bbox 3475 243 3579 299; baseline 0.019 -2"><span class='ocrx_word' id='word_1_7' title='bbox 3475 243 3579 299; x_wconf 79' lang='lat'><strong>685</strong></span> 
     </span>
    </p>
   </div>
   <div class='ocr_carea' id='block_1_4' title="bbox 325 361 3584 442">
    <p class='ocr_par' dir='ltr' id='par_1_4' title="bbox 325 361 3584 442">
     <span class='ocr_line' id='line_1_4' title="bbox 325 361 3584 442; baseline -0.004 -16"><span class='ocrx_word' id='word_1_8' title='bbox 325 369 640 442; x_wconf 82' lang='lat' dir='ltr'><strong>pytbouissa</strong></span> <span class='ocrx_word' id='word_1_9' title='bbox 696 369 868 437; x_wconf 89' lang='lat' dir='ltr'><strong>ipsum</strong></span> <span class='ocrx_word' id='word_1_10' title='bbox 913 369 1227 438; x_wconf 70' lang='lat' dir='ltr'><strong>prophetam</strong></span> <span class='ocrx_word' id='word_1_11' title='bbox 1285 369 1351 423; x_wconf 90' lang='lat' dir='ltr'><strong>de</strong></span> <span class='ocrx_word' id='word_1_12' title='bbox 1399 368 1612 422; x_wconf 86' lang='lat' dir='ltr'><strong>inferno</strong></span> <span class='ocrx_word' id='word_1_13' title='bbox 1655 381 1906 422; x_wconf 86' lang='lat' dir='ltr'><strong>evocave-</strong></span> <span class='ocrx_word' id='word_1_14' title='bbox 1933 372 1984 428; x_wconf 79' lang='grc' dir='ltr'>Α</span> <span class='ocrx_word' id='word_1_15' title='bbox 2008 367 2204 430; x_wconf 76' lang='lat' dir='ltr'><strong>exitus,</strong></span> <span class='ocrx_word' id='word_1_16' title='bbox 2237 373 2292 421; x_wconf 92' lang='lat' dir='ltr'><strong>et</strong></span> <span class='ocrx_word' id='word_1_17' title='bbox 2321 364 2619 433; x_wconf 71' lang='lat' dir='ltr'><strong>expeditior</strong></span> <span class='ocrx_word' id='word_1_18' title='bbox 2654 361 2980 427; x_wconf 83' lang='lat' dir='ltr'><strong>intellectus,</strong></span> <span class='ocrx_word' id='word_1_19' title='bbox 3010 370 3069 415; x_wconf 88' lang='lat' dir='ltr'><strong>ut</strong></span> <span class='ocrx_word' id='word_1_20' title='bbox 3116 376 3220 416; x_wconf 93' lang='lat' dir='ltr'><strong>non</strong></span> <span class='ocrx_word' id='word_1_21' title='bbox 3252 375 3379 416; x_wconf 84' lang='lat' dir='ltr'><strong>vere</strong></span> <span class='ocrx_word' id='word_1_22' title='bbox 3423 361 3584 430; x_wconf 88' lang='lat' dir='ltr'><strong>spiri—</strong></span> 
     </span>
    </p>
   </div>
   <div class='ocr_carea' id='block_1_5' title="bbox 323 459 1906 532">
    <p class='ocr_par' dir='ltr' id='par_1_5' title="bbox 323 459 1906 532">
     <span class='ocr_line' id='line_1_5' title="bbox 323 459 1906 532; baseline -0.003 -14"><span class='ocrx_word' id='word_1_23' title='bbox 323 466 426 526; x_wconf 84' lang='lat' dir='ltr'><strong>rit;</strong></span> <span class='ocrx_word' id='word_1_24' title='bbox 455 477 530 515; x_wconf 85' lang='lat' dir='ltr'><strong>an</strong></span> <span class='ocrx_word' id='word_1_25' title='bbox 551 460 1190 532; x_wconf 84' lang='lat' dir='ltr'><strong>aliquamimaginari&#39;am</strong></span> <span class='ocrx_word' id='word_1_26' title='bbox 1230 460 1530 515; x_wconf 83' lang='lat' dir='ltr'><strong>illusionem</strong></span> <span class='ocrx_word' id='word_1_27' title='bbox 1561 459 1771 515; x_wconf 81' lang='lat' dir='ltr'><strong>fallacia</strong></span> <span class='ocrx_word' id='word_1_28' title='bbox 1801 461 1906 514; x_wconf 88' lang='lat' dir='ltr'><strong>dae-</strong></span> 
     </span>
    </p>
   </div>
   <div class='ocr_carea' id='block_1_6' title="bbox 322 549 1907 620">
    <p class='ocr_par' dir='ltr' id='par_1_6' title="bbox 322 549 1907 620">
     <span class='ocr_line' id='line_1_6' title="bbox 322 549 1907 620; baseline -0.002 -13"><span class='ocrx_word' id='word_1_29' title='bbox 322 566 540 608; x_wconf 84' lang='lat' dir='ltr'><strong>monum</strong></span> <span class='ocrx_word' id='word_1_30' title='bbox 575 549 794 605; x_wconf 83' lang='lat' dir='ltr'><strong>factam.</strong></span> <span class='ocrx_word' id='word_1_31' title='bbox 840 550 917 604; x_wconf 84' lang='lat' dir='ltr'><strong>De</strong></span> <span class='ocrx_word' id='word_1_32' title='bbox 941 566 1046 620; x_wconf 86' lang='lat' dir='ltr'><strong>qua</strong></span> <span class='ocrx_word' id='word_1_33' title='bbox 1086 551 1383 620; x_wconf 64' lang='lat' dir='ltr'><strong>quaestiune</strong></span> <span class='ocrx_word' id='word_1_34' title='bbox 1421 551 1593 606; x_wconf 63' lang='lat' dir='ltr'><strong>beatae</strong></span> <span class='ocrx_word' id='word_1_35' title='bbox 1632 550 1907 605; x_wconf 64' lang='lat' dir='ltr'><strong>memoria:</strong></span> 
     </span>
    </p>
   </div>
   <div class='ocr_carea' id='block_1_7' title="bbox 319 640 1906 713">
    <p class='ocr_par' dir='ltr' id='par_1_7' title="bbox 319 640 1906 713">
     <span class='ocr_line' id='line_1_7' title="bbox 319 640 1906 713; baseline -0.001 -17"><span class='ocrx_word' id='word_1_36' title='bbox 319 641 656 713; x_wconf 75' lang='lat' dir='ltr'><strong>Augustinus</strong></span> <span class='ocrx_word' id='word_1_37' title='bbox 695 642 988 711; x_wconf 87' lang='lat' dir='ltr'><strong>episcopus</strong></span> <span class='ocrx_word' id='word_1_38' title='bbox 1030 640 1378 712; x_wconf 77' lang='lat' dir='ltr'><strong>Simpliciano</strong></span> <span class='ocrx_word' id='word_1_39' title='bbox 1425 642 1677 710; x_wconf 91' lang='lat' dir='ltr'><strong>episcopo</strong></span> <span class='ocrx_word' id='word_1_40' title='bbox 1705 641 1906 696; x_wconf 87' lang='lat' dir='ltr'><strong>Medio-</strong></span> 
     </span>
    </p>
   </div>
   <div class='ocr_carea' id='block_1_8' title="bbox 323 731 1916 802">
    <p class='ocr_par' dir='ltr' id='par_1_8' title="bbox 323 731 1916 802">
     <span class='ocr_line' id='line_1_8' title="bbox 323 731 1916 802; baseline 0.002 -17"><span class='ocrx_word' id='word_1_41' title='bbox 323 731 532 786; x_wconf 87' lang='lat' dir='ltr'><strong>lanensi</strong></span> <span class='ocrx_word' id='word_1_42' title='bbox 564 732 638 785; x_wconf 90' lang='lat' dir='ltr'><strong>ita</strong></span> <span class='ocrx_word' id='word_1_43' title='bbox 678 731 900 801; x_wconf 88' lang='lat' dir='ltr'><strong>scripsit</strong></span> <span class='ocrx_word' id='word_1_44' title='bbox 925 749 938 784; x_wconf 89' lang='lat'>:</span> <span class='ocrx_word' id='word_1_45' title='bbox 969 743 994 772; x_wconf 73' lang='grc' dir='ltr'>ε</span> <span class='ocrx_word' id='word_1_46' title='bbox 1021 731 1278 800; x_wconf 74' lang='lat' dir='ltr'><strong>inquiris,</strong></span> <span class='ocrx_word' id='word_1_47' title='bbox 1310 732 1553 801; x_wconf 86' lang='lat' dir='ltr'><strong>inquam,</strong></span> <span class='ocrx_word' id='word_1_48' title='bbox 1582 740 1765 788; x_wconf 89' lang='lat' dir='ltr'><strong>utrum</strong></span> <span class='ocrx_word' id='word_1_49' title='bbox 1796 733 1916 802; x_wconf 84' lang='lat' dir='ltr'><strong>spi-.</strong></span> 
     </span>
    </p>
   </div>
   <div class='ocr_carea' id='block_1_9' title="bbox 321 822 1906 894">
    <p class='ocr_par' dir='ltr' id='par_1_9' title="bbox 321 822 1906 894">
     <span class='ocr_line' id='line_1_9' title="bbox 321 822 1906 894; baseline 0.001 -16"><span class='ocrx_word' id='word_1_50' title='bbox 321 825 458 878; x_wconf 87' lang='lat' dir='ltr'><strong>ritus</strong></span> <span class='ocrx_word' id='word_1_51' title='bbox 491 822 823 888; x_wconf 84' lang='lat' dir='ltr'><strong>immundus,</strong></span> <span class='ocrx_word' id='word_1_52' title='bbox 875 823 964 892; x_wconf 88' lang='lat' dir='ltr'><strong>qui</strong></span> <span class='ocrx_word' id='word_1_53' title='bbox 1011 829 1130 877; x_wconf 89' lang='lat' dir='ltr'><strong>erat</strong></span> <span class='ocrx_word' id='word_1_54' title='bbox 1179 824 1232 878; x_wconf 89' lang='lat' dir='ltr'><strong>in</strong></span> <span class='ocrx_word' id='word_1_55' title='bbox 1276 824 1616 893; x_wconf 78' lang='lat' dir='ltr'><strong>pythonissa,</strong></span> <span class='ocrx_word' id='word_1_56' title='bbox 1668 825 1906 894; x_wconf 89' lang='lat' dir='ltr'><strong>potuerit</strong></span> 
     </span>
    </p>
   </div>
   <div class='ocr_carea' id='block_1_10' title="bbox 323 911 1908 985">
    <p class='ocr_par' dir='ltr' id='par_1_10' title="bbox 323 911 1908 985">
     <span class='ocr_line' id='line_1_10' title="bbox 323 911 1908 985; baseline 0 -15"><span class='ocrx_word' id='word_1_57' title='bbox 323 929 504 985; x_wconf 89' lang='lat' dir='ltr'><strong>agere,</strong></span> <span class='ocrx_word' id='word_1_58' title='bbox 535 921 600 968; x_wconf 90' lang='lat' dir='ltr'><strong>ut</strong></span> <span class='ocrx_word' id='word_1_59' title='bbox 633 911 850 970; x_wconf 80' lang='lat' dir='ltr'><strong>Samuel</strong></span> <span class='ocrx_word' id='word_1_60' title='bbox 882 928 920 966; x_wconf 87' lang='lat' dir='ltr'><strong>a</strong></span> <span class='ocrx_word' id='word_1_61' title='bbox 949 911 1112 978; x_wconf 78' lang='lat' dir='ltr'><strong>Sanle</strong></span> <span class='ocrx_word' id='word_1_62' title='bbox 1157 913 1448 979; x_wconf 73' lang='lat' dir='ltr'><strong>videretur,</strong></span> <span class='ocrx_word' id='word_1_63' title='bbox 1494 923 1552 970; x_wconf 90' lang='lat' dir='ltr'><strong>et</strong></span> <span class='ocrx_word' id='word_1_64' title='bbox 1596 915 1908 985; x_wconf 72' lang='lat' dir='ltr'><strong>loqueretur</strong></span> 
     </span>
    </p>
   </div>
   <div class='ocr_carea' id='block_1_11' title="bbox 316 1001 1907 1075">
    <p class='ocr_par' dir='ltr' id='par_1_11' title="bbox 316 1001 1907 1075">
     <span class='ocr_line' id='line_1_11' title="bbox 316 1001 1907 1075; baseline 0.002 -17"><span class='ocrx_word' id='word_1_65' title='bbox 316 1017 444 1059; x_wconf 81' lang='lat' dir='ltr'><strong>‘cum</strong></span> <span class='ocrx_word' id='word_1_66' title='bbox 469 1019 556 1059; x_wconf 93' lang='lat' dir='ltr'><strong>eo.</strong></span> <span class='ocrx_word' id='word_1_67' title='bbox 605 1002 711 1058; x_wconf 86' lang='lat' dir='ltr'><strong>Sed</strong></span> <span class='ocrx_word' id='word_1_68' title='bbox 745 1003 919 1058; x_wconf 81' lang='lat' dir='ltr'><strong>multo.</strong></span> <span class='ocrx_word' id='word_1_69' title='bbox 941 1001 1168 1071; x_wconf 72' lang='lat' dir='ltr'><strong>maioris</strong></span> <span class='ocrx_word' id='word_1_70' title='bbox 1189 1004 1446 1058; x_wconf 77' lang='lat' dir='ltr'><strong>miraculi.</strong></span> <span class='ocrx_word' id='word_1_71' title='bbox 1476 1013 1580 1067; x_wconf 79' lang='lat' dir='ltr'><strong>est,</strong></span> <span class='ocrx_word' id='word_1_72' title='bbox 1618 1004 1766 1075; x_wconf 80' lang='lat' dir='ltr'><strong>quod</strong></span> <span class='ocrx_word' id='word_1_73' title='bbox 1791 1006 1907 1075; x_wconf 88' lang='lat' dir='ltr'><strong>ipse</strong></span> 
     </span>
    </p>
   </div>
   <div class='ocr_carea' id='block_1_12' title="bbox 313 1089 1906 1164">
    <p class='ocr_par' dir='ltr' id='par_1_12' title="bbox 313 1089 1906 1164">
     <span class='ocr_line' id='line_1_12' title="bbox 313 1089 1906 1164; baseline 0.001 -17"><span class='ocrx_word' id='word_1_74' title='bbox 313 1089 554 1148; x_wconf 82' lang='lat' dir='ltr'><strong>Satanas</strong></span> <span class='ocrx_word' id='word_1_75' title='bbox 599 1093 851 1162; x_wconf 79' lang='lat' dir='ltr'><strong>princeps</strong></span> <span class='ocrx_word' id='word_1_76' title='bbox 897 1091 1294 1148; x_wconf 75' lang='lat' dir='ltr'><strong>immundorum</strong></span> <span class='ocrx_word' id='word_1_77' title='bbox 1342 1093 1586 1148; x_wconf 73' lang='lat' dir='ltr'><strong>Omnium</strong></span> <span class='ocrx_word' id='word_1_78' title='bbox 1615 1094 1906 1164; x_wconf 81' lang='lat' dir='ltr'><strong>Spirituum</strong></span> 
     </span>
    </p>
   </div>
   <div class='ocr_carea' id='block_1_13' title="bbox 319 1175 1900 1258">
    <p class='ocr_par' dir='ltr' id='par_1_13' title="bbox 319 1175 1900 1258">
     <span class='ocr_line' id='line_1_13' title="bbox 319 1175 1900 1258; baseline -0.002 -16"><span class='ocrx_word' id='word_1_79' title='bbox 319 1189 496 1258; x_wconf 90' lang='lat' dir='ltr'><strong>potuit</strong></span> <span class='ocrx_word' id='word_1_80' title='bbox 513 1187 665 1256; x_wconf 79' lang='lat' dir='ltr'><strong>loqui</strong></span> <span class='ocrx_word' id='word_1_81' title='bbox 689 1202 813 1241; x_wconf 90' lang='lat' dir='ltr'><strong>cum</strong></span> <span class='ocrx_word' id='word_1_82' title='bbox 841 1187 982 1252; x_wconf 76' lang='lat' dir='ltr'><strong>Deo,</strong></span> <span class='ocrx_word' id='word_1_83' title='bbox 1001 1195 1064 1242; x_wconf 86' lang='lat' dir='ltr'><strong>et.</strong></span> <span class='ocrx_word' id='word_1_84' title='bbox 1081 1195 1269 1255; x_wconf 80' lang='lat' dir='ltr'><strong>petere</strong></span> <span class='ocrx_word' id='word_1_85' title='bbox 1297 1187 1613 1241; x_wconf 81' lang='lat' dir='ltr'><strong>tentandum</strong></span> <span class='ocrx_word' id='word_1_86' title='bbox 1633 1175 1734 1242; x_wconf 68' lang='lat' dir='ltr'><strong>Iob</strong></span> <span class='ocrx_word' id='word_1_87' title='bbox 1757 1185 1814 1257; x_wconf 80' lang='grc' dir='ltr'><strong>(Ι</strong></span> <span class='ocrx_word' id='word_1_88' title='bbox 1817 1187 1900 1240; x_wconf 89' lang='lat' dir='ltr'><strong>ob.</strong></span> 
     </span>
    </p>
   </div>
   <div class='ocr_carea' id='block_1_14' title="bbox 314 1274 1903 1348">
    <p class='ocr_par' dir='ltr' id='par_1_14' title="bbox 314 1274 1903 1348">
     <span class='ocr_line' id='line_1_14' title="bbox 314 1274 1903 1348; baseline -0.001 -17"><span class='ocrx_word' id='word_1_89' title='bbox 314 1287 360 1341; x_wconf 80' lang='grc' dir='ltr'><strong>ἰ,</strong></span> <span class='ocrx_word' id='word_1_90' title='bbox 393 1276 485 1346; x_wconf 81' lang='lat' dir='ltr'><strong>ll)</strong></span> <span class='ocrx_word' id='word_1_91' title='bbox 521 1275 886 1344; x_wconf 79' lang='lat' dir='ltr'><strong>justissimum</strong></span> <span class='ocrx_word' id='word_1_92' title='bbox 904 1275 1102 1339; x_wconf 81' lang='lat' dir='ltr'><strong>virum,</strong></span> <span class='ocrx_word' id='word_1_93' title='bbox 1142 1274 1292 1344; x_wconf 85' lang='lat' dir='ltr'><strong>(an.</strong></span> <span class='ocrx_word' id='word_1_94' title='bbox 1343 1291 1439 1340; x_wconf 82' lang='lat' dir='ltr'><strong>xu,</strong></span> <span class='ocrx_word' id='word_1_95' title='bbox 1477 1275 1568 1348; x_wconf 80' lang='grc'><strong>51)</strong></span> <span class='ocrx_word' id='word_1_96' title='bbox 1614 1276 1705 1346; x_wconf 89' lang='lat' dir='ltr'><strong>qui</strong></span> <span class='ocrx_word' id='word_1_97' title='bbox 1739 1276 1903 1330; x_wconf 90' lang='lat' dir='ltr'><strong>etiam</strong></span> 
     </span>
    </p>
   </div>
   <div class='ocr_carea' id='block_1_15' title="bbox 319 1365 1902 1436">
    <p class='ocr_par' dir='ltr' id='par_1_15' title="bbox 319 1365 1902 1436">
     <span class='ocr_line' id='line_1_15' title="bbox 319 1365 1902 1436; baseline 0.001 -17"><span class='ocrx_word' id='word_1_98' title='bbox 319 1366 612 1436; x_wconf 85' lang='lat' dir='ltr'><strong>Apostolos</strong></span> <span class='ocrx_word' id='word_1_99' title='bbox 641 1365 929 1420; x_wconf 82' lang='lat' dir='ltr'><strong>tentandos</strong></span> <span class='ocrx_word' id='word_1_100' title='bbox 956 1366 1146 1435; x_wconf 79' lang='lat' dir='ltr'><strong>petiit;</strong></span> <span class='ocrx_word' id='word_1_101' title='bbox 1175 1374 1268 1419; x_wconf 88' lang='lat' dir='ltr'><strong>aut</strong></span> <span class='ocrx_word' id='word_1_102' title='bbox 1302 1365 1348 1418; x_wconf 89' lang='lat' dir='ltr'><strong>si</strong></span> <span class='ocrx_word' id='word_1_103' title='bbox 1376 1365 1478 1420; x_wconf 84' lang='lat' dir='ltr'><strong>hoc</strong></span> <span class='ocrx_word' id='word_1_104' title='bbox 1505 1366 1624 1420; x_wconf 86' lang='lat' dir='ltr'><strong>ideo</strong></span> <span class='ocrx_word' id='word_1_105' title='bbox 1654 1381 1765 1420; x_wconf 85' lang='lat' dir='ltr'><strong>non</strong></span> <span class='ocrx_word' id='word_1_106' title='bbox 1802 1367 1902 1420; x_wconf 86' lang='lat' dir='ltr'><strong>ha-</strong></span> 
     </span>
    </p>
   </div>
   <div class='ocr_carea' id='block_1_16' title="bbox 320 1458 1906 1532">
    <p class='ocr_par' dir='ltr' id='par_1_16' title="bbox 320 1458 1906 1532">
     <span class='ocr_line' id='line_1_16' title="bbox 320 1458 1906 1532; baseline -0.002 -16"><span class='ocrx_word' id='word_1_107' title='bbox 320 1461 410 1516; x_wconf 81' lang='lat' dir='ltr'><strong>bet</strong></span> <span class='ocrx_word' id='word_1_108' title='bbox 448 1458 720 1532; x_wconf 61' lang='lat' dir='ltr'><strong>diﬁcilem</strong></span> <span class='ocrx_word' id='word_1_109' title='bbox 745 1459 1115 1527; x_wconf 57' lang='lat' dir='ltr'><strong>(putationem,</strong></span> <span class='ocrx_word' id='word_1_110' title='bbox 1162 1458 1294 1528; x_wconf 79' lang='lat' dir='ltr'><strong>quia</strong></span> <span class='ocrx_word' id='word_1_111' title='bbox 1324 1473 1422 1527; x_wconf 87' lang='lat' dir='ltr'><strong>per</strong></span> <span class='ocrx_word' id='word_1_112' title='bbox 1467 1473 1630 1528; x_wconf 86' lang='lat' dir='ltr'><strong>quam</strong></span> <span class='ocrx_word' id='word_1_113' title='bbox 1673 1459 1906 1513; x_wconf 86' lang='lat' dir='ltr'><strong>voluerit</strong></span> 
     </span>
    </p>
   </div>
   <div class='ocr_carea' id='block_1_17' title="bbox 311 1549 1904 1619">
    <p class='ocr_par' dir='ltr' id='par_1_17' title="bbox 311 1549 1904 1619">
     <span class='ocr_line' id='line_1_17' title="bbox 311 1549 1904 1619; baseline -0.001 -13"><span class='ocrx_word' id='word_1_114' title='bbox 311 1560 650 1616; x_wconf 81' lang='lat' dir='ltr'><strong>creaturam,</strong></span> <span class='ocrx_word' id='word_1_115' title='bbox 699 1549 784 1606; x_wconf 89' lang='lat' dir='ltr'><strong>cui</strong></span> <span class='ocrx_word' id='word_1_116' title='bbox 815 1549 1048 1604; x_wconf 85' lang='lat' dir='ltr'><strong>voluerit</strong></span> <span class='ocrx_word' id='word_1_117' title='bbox 1087 1557 1372 1614; x_wconf 69' lang='lat' dir='ltr'><strong>creatum,</strong></span> <span class='ocrx_word' id='word_1_118' title='bbox 1421 1549 1620 1618; x_wconf 83' lang='lat' dir='ltr'><strong>ubique</strong></span> <span class='ocrx_word' id='word_1_119' title='bbox 1663 1564 1904 1619; x_wconf 73' lang='lat' dir='ltr'><strong>praesens</strong></span> 
     </span>
    </p>
   </div>
   <div class='ocr_carea' id='block_1_18' title="bbox 319 1641 1902 1713">
    <p class='ocr_par' dir='ltr' id='par_1_18' title="bbox 319 1641 1902 1713">
     <span class='ocr_line' id='line_1_18' title="bbox 319 1641 1902 1713; baseline -0.001 -17"><span class='ocrx_word' id='word_1_120' title='bbox 319 1644 523 1698; x_wconf 85' lang='lat' dir='ltr'><strong>veritas</strong></span> <span class='ocrx_word' id='word_1_121' title='bbox 547 1643 804 1712; x_wconf 77' lang='lat' dir='ltr'><strong>loquitur,</strong></span> <span class='ocrx_word' id='word_1_122' title='bbox 832 1657 932 1700; x_wconf 89' lang='lat' dir='ltr'><strong>nec</strong></span> <span class='ocrx_word' id='word_1_123' title='bbox 953 1650 1246 1713; x_wconf 83' lang='lat' dir='ltr'><strong>propterea</strong></span> <span class='ocrx_word' id='word_1_124' title='bbox 1267 1642 1452 1713; x_wconf 80' lang='lat' dir='ltr'><strong>magni</strong></span> <span class='ocrx_word' id='word_1_125' title='bbox 1482 1641 1659 1696; x_wconf 86' lang='lat' dir='ltr'><strong>meriti</strong></span> <span class='ocrx_word' id='word_1_126' title='bbox 1681 1647 1784 1703; x_wconf 91' lang='lat' dir='ltr'><strong>est,</strong></span> <span class='ocrx_word' id='word_1_127' title='bbox 1814 1641 1902 1695; x_wconf 87' lang='lat' dir='ltr'><strong>cui</strong></span> 
     </span>
    </p>
   </div>
   <div class='ocr_carea' id='block_1_19' title="bbox 2011 452 3583 522">
    <p class='ocr_par' dir='ltr' id='par_1_19' title="bbox 2011 452 3583 522">
     <span class='ocr_line' id='line_1_19' title="bbox 2011 452 3583 522; baseline -0.004 -9"><span class='ocrx_word' id='word_1_128' title='bbox 2011 468 2122 513; x_wconf 92' lang='lat' dir='ltr'><strong>tum</strong></span> <span class='ocrx_word' id='word_1_129' title='bbox 2153 458 2418 512; x_wconf 85' lang='lat' dir='ltr'><strong>Samuelis</strong></span> <span class='ocrx_word' id='word_1_130' title='bbox 2440 456 2734 512; x_wconf 76' lang='lat' dir='ltr'><strong>excitatum</strong></span> <span class='ocrx_word' id='word_1_131' title='bbox 2762 470 2791 508; x_wconf 92' lang='lat' dir='ltr'><strong>a</strong></span> <span class='ocrx_word' id='word_1_132' title='bbox 2825 455 3010 522; x_wconf 84' lang='lat' dir='ltr'><strong>requie</strong></span> <span class='ocrx_word' id='word_1_133' title='bbox 3030 469 3125 508; x_wconf 90' lang='lat' dir='ltr'><strong>sua</strong></span> <span class='ocrx_word' id='word_1_134' title='bbox 3157 452 3462 518; x_wconf 87' lang='lat' dir='ltr'><strong>credamus,</strong></span> <span class='ocrx_word' id='word_1_135' title='bbox 3489 453 3583 506; x_wconf 84' lang='lat' dir='ltr'><strong>sed</strong></span> 
     </span>
    </p>
   </div>
   <div class='ocr_carea' id='block_1_20' title="bbox 2007 544 3586 621">
    <p class='ocr_par' dir='ltr' id='par_1_20' title="bbox 2007 544 3586 621">
     <span class='ocr_line' id='line_1_20' title="bbox 2007 544 3586 621; baseline -0.005 -15"><span class='ocrx_word' id='word_1_136' title='bbox 2007 550 2221 621; x_wconf 86' lang='lat' dir='ltr'><strong>aliquod</strong></span> <span class='ocrx_word' id='word_1_137' title='bbox 2243 552 2653 620; x_wconf 81' lang='lat' dir='ltr'><strong>pbantasma,et</strong></span> <span class='ocrx_word' id='word_1_138' title='bbox 2671 547 3039 618; x_wconf 84' lang='lat' dir='ltr'><strong>imaginariam</strong></span> <span class='ocrx_word' id='word_1_139' title='bbox 3061 545 3364 600; x_wconf 88' lang='lat' dir='ltr'><strong>illusionem</strong></span> <span class='ocrx_word' id='word_1_140' title='bbox 3389 544 3586 600; x_wconf 87' lang='lat' dir='ltr'><strong>diaboli</strong></span> 
     </span>
    </p>
   </div>
   <div class='ocr_carea' id='block_1_21' title="bbox 2006 632 3587 707">
    <p class='ocr_par' dir='ltr' id='par_1_21' title="bbox 2006 632 3587 707">
     <span class='ocr_line' id='line_1_21' title="bbox 2006 632 3587 707; baseline -0.004 -14"><span class='ocrx_word' id='word_1_141' title='bbox 2006 638 2493 694; x_wconf 80' lang='lat' dir='ltr'><strong>machinationibus</strong></span> <span class='ocrx_word' id='word_1_142' title='bbox 2521 632 2741 702; x_wconf 83' lang='lat' dir='ltr'><strong>factam,</strong></span> <span class='ocrx_word' id='word_1_143' title='bbox 2789 653 2951 707; x_wconf 83' lang='lat' dir='ltr'><strong>quam</strong></span> <span class='ocrx_word' id='word_1_144' title='bbox 2987 643 3277 706; x_wconf 78' lang='lat' dir='ltr'><strong>propterea</strong></span> <span class='ocrx_word' id='word_1_145' title='bbox 3303 633 3587 704; x_wconf 83' lang='lat' dir='ltr'><strong>Scriptura</strong></span> 
     </span>
    </p>
   </div>
   <div class='ocr_carea' id='block_1_22' title="bbox 2001 725 3590 796">
    <p class='ocr_par' dir='ltr' id='par_1_22' title="bbox 2001 725 3590 796">
     <span class='ocr_line' id='line_1_22' title="bbox 2001 725 3590 796; baseline -0.003 -14"><span class='ocrx_word' id='word_1_146' title='bbox 2001 729 2224 784; x_wconf 83' lang='lat' dir='ltr'><strong>nomine</strong></span> <span class='ocrx_word' id='word_1_147' title='bbox 2285 725 2554 784; x_wconf 82' lang='lat' dir='ltr'><strong>Samuelis</strong></span> <span class='ocrx_word' id='word_1_148' title='bbox 2608 726 2863 796; x_wconf 85' lang='lat' dir='ltr'><strong>appellat,</strong></span> <span class='ocrx_word' id='word_1_149' title='bbox 2919 726 3046 796; x_wconf 80' lang='lat' dir='ltr'><strong>quia</strong></span> <span class='ocrx_word' id='word_1_150' title='bbox 3100 725 3275 786; x_wconf 78' lang='lat' dir='ltr'><strong>solent</strong></span> <span class='ocrx_word' id='word_1_151' title='bbox 3325 725 3590 795; x_wconf 74' lang='lat' dir='ltr'><strong>imagines</strong></span> 
     </span>
    </p>
   </div>
   <div class='ocr_carea' id='block_1_23' title="bbox 2005 816 3588 887">
    <p class='ocr_par' dir='ltr' id='par_1_23' title="bbox 2005 816 3588 887">
     <span class='ocr_line' id='line_1_23' title="bbox 2005 816 3588 887; baseline -0.003 -14"><span class='ocrx_word' id='word_1_152' title='bbox 2005 833 2192 874; x_wconf 85' lang='lat' dir='ltr'><strong>earum</strong></span> <span class='ocrx_word' id='word_1_153' title='bbox 2220 832 2400 872; x_wconf 73' lang='lat' dir='ltr'><strong>rerum</strong></span> <span class='ocrx_word' id='word_1_154' title='bbox 2429 817 2736 876; x_wconf 81' lang='lat' dir='ltr'><strong>nominibus</strong></span> <span class='ocrx_word' id='word_1_155' title='bbox 2763 817 3039 887; x_wconf 79' lang='lat' dir='ltr'><strong>appellari,</strong></span> <span class='ocrx_word' id='word_1_156' title='bbox 3073 832 3304 886; x_wconf 82' lang='lat' dir='ltr'><strong>quarum</strong></span> <span class='ocrx_word' id='word_1_157' title='bbox 3327 816 3588 887; x_wconf 77' lang='lat' dir='ltr'><strong>imagines</strong></span> 
     </span>
    </p>
   </div>
   <div class='ocr_carea' id='block_1_24' title="bbox 2007 908 3592 980">
    <p class='ocr_par' dir='ltr' id='par_1_24' title="bbox 2007 908 3592 980">
     <span class='ocr_line' id='line_1_24' title="bbox 2007 908 3592 980; baseline -0.001 -17"><span class='ocrx_word' id='word_1_158' title='bbox 2007 917 2154 974; x_wconf 91' lang='lat' dir='ltr'><strong>sunt,</strong></span> <span class='ocrx_word' id='word_1_159' title='bbox 2184 909 2328 964; x_wconf 86' lang='lat' dir='ltr'><strong>sicut</strong></span> <span class='ocrx_word' id='word_1_160' title='bbox 2368 909 2568 976; x_wconf 86' lang='lat' dir='ltr'><strong>omnia,</strong></span> <span class='ocrx_word' id='word_1_161' title='bbox 2599 924 2721 978; x_wconf 84' lang='lat' dir='ltr'><strong>quae</strong></span> <span class='ocrx_word' id='word_1_162' title='bbox 2765 909 3079 980; x_wconf 68' lang='lat' dir='ltr'><strong>pinguntur,</strong></span> <span class='ocrx_word' id='word_1_163' title='bbox 3111 917 3274 978; x_wconf 77' lang='lat' dir='ltr'><strong>atque</strong></span> <span class='ocrx_word' id='word_1_164' title='bbox 3318 908 3592 978; x_wconf 83' lang='lat' dir='ltr'><strong>ﬁnguntur</strong></span> 
     </span>
    </p>
   </div>
   <div class='ocr_carea' id='block_1_25' title="bbox 2007 998 3594 1070">
    <p class='ocr_par' dir='ltr' id='par_1_25' title="bbox 2007 998 3594 1070">
     <span class='ocr_line' id='line_1_25' title="bbox 2007 998 3594 1070; baseline -0.003 -14"><span class='ocrx_word' id='word_1_165' title='bbox 2007 1001 2037 1040; x_wconf 64' lang='grc' dir='ltr'>δ</span> <span class='ocrx_word' id='word_1_166' title='bbox 2067 1016 2133 1056; x_wconf 82' lang='lat' dir='ltr'><strong>ex</strong></span> <span class='ocrx_word' id='word_1_167' title='bbox 2160 1000 2340 1069; x_wconf 84' lang='lat' dir='ltr'><strong>aliqua</strong></span> <span class='ocrx_word' id='word_1_168' title='bbox 2363 1009 2523 1070; x_wconf 88' lang='lat' dir='ltr'><strong>parte</strong></span> <span class='ocrx_word' id='word_1_169' title='bbox 2550 1000 2793 1056; x_wconf 60' lang='lat' dir='ltr'><strong>materia</strong></span> <span class='ocrx_word' id='word_1_170' title='bbox 2814 999 3045 1066; x_wconf 84' lang='lat' dir='ltr'><strong>metalli,</strong></span> <span class='ocrx_word' id='word_1_171' title='bbox 3083 1007 3182 1054; x_wconf 89' lang='lat' dir='ltr'><strong>aut</strong></span> <span class='ocrx_word' id='word_1_172' title='bbox 3205 998 3353 1070; x_wconf 82' lang='lat' dir='ltr'><strong>ligni,</strong></span> <span class='ocrx_word' id='word_1_173' title='bbox 3386 998 3469 1058; x_wconf 86' lang='lat' dir='ltr'><strong>vel</strong></span> <span class='ocrx_word' id='word_1_174' title='bbox 3499 1014 3594 1053; x_wconf 86' lang='lat' dir='ltr'><strong>cu-</strong></span> 
     </span>
    </p>
   </div>
   <div class='ocr_carea' id='block_1_26' title="bbox 1999 1088 3592 1160">
    <p class='ocr_par' dir='ltr' id='par_1_26' title="bbox 1999 1088 3592 1160">
     <span class='ocr_line' id='line_1_26' title="bbox 1999 1088 3592 1160; baseline -0.003 -14"><span class='ocrx_word' id='word_1_175' title='bbox 1999 1090 2202 1160; x_wconf 85' lang='lat' dir='ltr'><strong>jusque</strong></span> <span class='ocrx_word' id='word_1_176' title='bbox 2232 1090 2312 1145; x_wconf 89' lang='lat' dir='ltr'><strong>rei</strong></span> <span class='ocrx_word' id='word_1_177' title='bbox 2334 1099 2491 1160; x_wconf 65' lang='lat' dir='ltr'><strong>aptae,</strong></span> <span class='ocrx_word' id='word_1_178' title='bbox 2531 1090 2599 1144; x_wconf 89' lang='lat' dir='ltr'><strong>ad</strong></span> <span class='ocrx_word' id='word_1_179' title='bbox 2624 1105 2786 1158; x_wconf 83' lang='lat' dir='ltr'><strong>opera</strong></span> <span class='ocrx_word' id='word_1_180' title='bbox 2815 1089 3142 1160; x_wconf 71' lang='lat' dir='ltr'><strong>huiusmodi,</strong></span> <span class='ocrx_word' id='word_1_181' title='bbox 3176 1103 3402 1160; x_wconf 79' lang='lat' dir='ltr'><strong>quaeque</strong></span> <span class='ocrx_word' id='word_1_182' title='bbox 3425 1088 3592 1143; x_wconf 89' lang='lat' dir='ltr'><strong>etiam</strong></span> 
     </span>
    </p>
   </div>
   <div class='ocr_carea' id='block_1_27' title="bbox 2004 1179 3590 1250">
    <p class='ocr_par' dir='ltr' id='par_1_27' title="bbox 2004 1179 3590 1250">
     <span class='ocr_line' id='line_1_27' title="bbox 2004 1179 3590 1250; baseline -0.002 -15"><span class='ocrx_word' id='word_1_183' title='bbox 2004 1182 2257 1240; x_wconf 86' lang='lat' dir='ltr'><strong>videntur</strong></span> <span class='ocrx_word' id='word_1_184' title='bbox 2286 1182 2342 1238; x_wconf 91' lang='lat' dir='ltr'><strong>in</strong></span> <span class='ocrx_word' id='word_1_185' title='bbox 2385 1181 2609 1244; x_wconf 86' lang='lat' dir='ltr'><strong>somnis,</strong></span> <span class='ocrx_word' id='word_1_186' title='bbox 2645 1189 2700 1235; x_wconf 89' lang='lat' dir='ltr'><strong>et</strong></span> <span class='ocrx_word' id='word_1_187' title='bbox 2745 1195 2932 1236; x_wconf 88' lang='lat' dir='ltr'><strong>omnes</strong></span> <span class='ocrx_word' id='word_1_188' title='bbox 2961 1179 3075 1240; x_wconf 79' lang='lat' dir='ltr'><strong>fere</strong></span> <span class='ocrx_word' id='word_1_189' title='bbox 3102 1179 3366 1250; x_wconf 78' lang='lat' dir='ltr'><strong>imagines</strong></span> <span class='ocrx_word' id='word_1_190' title='bbox 3400 1194 3590 1244; x_wconf 85' lang='lat' dir='ltr'><strong>earum</strong></span> 
     </span>
    </p>
   </div>
   <div class='ocr_carea' id='block_1_28' title="bbox 2006 1270 3589 1341">
    <p class='ocr_par' dir='ltr' id='par_1_28' title="bbox 2006 1270 3589 1341">
     <span class='ocr_line' id='line_1_28' title="bbox 2006 1270 3589 1341; baseline -0.003 -13"><span class='ocrx_word' id='word_1_191' title='bbox 2006 1287 2210 1336; x_wconf 82' lang='lat' dir='ltr'><strong>rerum,</strong></span> <span class='ocrx_word' id='word_1_192' title='bbox 2235 1283 2466 1341; x_wconf 86' lang='lat' dir='ltr'><strong>quarum</strong></span> <span class='ocrx_word' id='word_1_193' title='bbox 2497 1270 2762 1341; x_wconf 75' lang='lat' dir='ltr'><strong>imagines</strong></span> <span class='ocrx_word' id='word_1_194' title='bbox 2784 1279 2932 1336; x_wconf 87' lang='lat' dir='ltr'><strong>sunt,</strong></span> <span class='ocrx_word' id='word_1_195' title='bbox 2979 1270 3234 1340; x_wconf 83' lang='lat' dir='ltr'><strong>appellari</strong></span> <span class='ocrx_word' id='word_1_196' title='bbox 3283 1270 3589 1326; x_wconf 85' lang='lat' dir='ltr'><strong>nominibus</strong></span> 
     </span>
    </p>
   </div>
   <div class='ocr_carea' id='block_1_29' title="bbox 2004 1362 3589 1442">
    <p class='ocr_par' dir='ltr' id='par_1_29' title="bbox 2004 1362 3589 1442">
     <span class='ocr_line' id='line_1_29' title="bbox 2004 1362 3589 1442; baseline -0.001 -23"><span class='ocrx_word' id='word_1_197' title='bbox 2004 1362 2194 1420; x_wconf 87' lang='lat' dir='ltr'><strong>solent.</strong></span> <span class='ocrx_word' id='word_1_198' title='bbox 2219 1366 2350 1431; x_wconf 84' lang='lat' dir='ltr'><strong>Quis</strong></span> <span class='ocrx_word' id='word_1_199' title='bbox 2365 1364 2510 1420; x_wconf 90' lang='lat' dir='ltr'><strong>enim</strong></span> <span class='ocrx_word' id='word_1_200' title='bbox 2530 1372 2632 1427; x_wconf 84' lang='lat' dir='ltr'><strong>est,</strong></span> <span class='ocrx_word' id='word_1_201' title='bbox 2652 1364 2744 1433; x_wconf 91' lang='lat' dir='ltr'><strong>qui</strong></span> <span class='ocrx_word' id='word_1_202' title='bbox 2761 1363 3031 1422; x_wconf 79' lang='lat' dir='ltr'><strong>hominem</strong></span> <span class='ocrx_word' id='word_1_203' title='bbox 3046 1364 3254 1433; x_wconf 76' lang='lat' dir='ltr'><strong>pictum</strong></span> <span class='ocrx_word' id='word_1_204' title='bbox 3269 1363 3589 1442; x_wconf 75' lang='lat' dir='ltr'><strong>dubitatve-</strong></span> 
     </span>
    </p>
   </div>
   <div class='ocr_carea' id='block_1_30' title="bbox 2003 1455 3592 1527">
    <p class='ocr_par' dir='ltr' id='par_1_30' title="bbox 2003 1455 3592 1527">
     <span class='ocr_line' id='line_1_30' title="bbox 2003 1455 3592 1527; baseline -0.003 -15"><span class='ocrx_word' id='word_1_205' title='bbox 2003 1472 2126 1512; x_wconf 84' lang='lat' dir='ltr'><strong>care</strong></span> <span class='ocrx_word' id='word_1_206' title='bbox 2138 1456 2409 1512; x_wconf 80' lang='lat' dir='ltr'><strong>hominem</strong></span> <span class='ocrx_word' id='word_1_207' title='bbox 2421 1457 2444 1510; x_wconf 67' lang='grc' dir='ltr'><strong>ἶ)</strong></span> <span class='ocrx_word' id='word_1_208' title='bbox 2458 1455 2916 1527; x_wconf 88' lang='lat' dir='ltr'><strong>quandoquidem,</strong></span> <span class='ocrx_word' id='word_1_209' title='bbox 2932 1465 2988 1511; x_wconf 91' lang='lat' dir='ltr'><strong>et</strong></span> <span class='ocrx_word' id='word_1_210' title='bbox 3000 1455 3334 1526; x_wconf 84' lang='lat' dir='ltr'><strong>singulorum</strong></span> <span class='ocrx_word' id='word_1_211' title='bbox 3343 1468 3592 1524; x_wconf 82' lang='lat' dir='ltr'><strong>quemm-</strong></span> 
     </span>
    </p>
   </div>
   <div class='ocr_carea' id='block_1_31' title="bbox 2002 1544 3589 1616">
    <p class='ocr_par' dir='ltr' id='par_1_31' title="bbox 2002 1544 3589 1616">
     <span class='ocr_line' id='line_1_31' title="bbox 2002 1544 3589 1616; baseline -0.002 -17"><span class='ocrx_word' id='word_1_212' title='bbox 2002 1561 2106 1615; x_wconf 88' lang='lat' dir='ltr'><strong>que</strong></span> <span class='ocrx_word' id='word_1_213' title='bbox 2124 1547 2393 1615; x_wconf 75' lang='lat' dir='ltr'><strong>picturam</strong></span> <span class='ocrx_word' id='word_1_214' title='bbox 2407 1561 2532 1601; x_wconf 88' lang='lat' dir='ltr'><strong>cum</strong></span> <span class='ocrx_word' id='word_1_215' title='bbox 2552 1546 2866 1615; x_wconf 76' lang='lat' dir='ltr'><strong>aspicimus,</strong></span> <span class='ocrx_word' id='word_1_216' title='bbox 2884 1545 3100 1616; x_wconf 82' lang='lat' dir='ltr'><strong>propria</strong></span> <span class='ocrx_word' id='word_1_217' title='bbox 3122 1559 3347 1614; x_wconf 67' lang='lat' dir='ltr'><strong>quaaqm</strong></span> <span class='ocrx_word' id='word_1_218' title='bbox 3367 1544 3589 1599; x_wconf 87' lang='lat' dir='ltr'><strong>nomina</strong></span> 
     </span>
    </p>
   </div>
   <div class='ocr_carea' id='block_1_32' title="bbox 2004 1633 3593 1703">
    <p class='ocr_par' dir='ltr' id='par_1_32' title="bbox 2004 1633 3593 1703">
     <span class='ocr_line' id='line_1_32' title="bbox 2004 1633 3593 1703; baseline -0.001 -13"><span class='ocrx_word' id='word_1_219' title='bbox 2004 1637 2384 1693; x_wconf 84' lang='lat' dir='ltr'><strong>incunctanter</strong></span> <span class='ocrx_word' id='word_1_220' title='bbox 2408 1637 2760 1703; x_wconf 80' lang='lat' dir='ltr'><strong>adhibemus;</strong></span> <span class='ocrx_word' id='word_1_221' title='bbox 2791 1636 2942 1694; x_wconf 85' lang='lat' dir='ltr'><strong>velut</strong></span> <span class='ocrx_word' id='word_1_222' title='bbox 2978 1650 3100 1690; x_wconf 89' lang='lat' dir='ltr'><strong>cum</strong></span> <span class='ocrx_word' id='word_1_223' title='bbox 3129 1634 3402 1688; x_wconf 84' lang='lat' dir='ltr'><strong>intuentes</strong></span> <span class='ocrx_word' id='word_1_224' title='bbox 3439 1633 3593 1688; x_wconf 76' lang='lat' dir='ltr'><strong>tabu-</strong></span> 
     </span>
    </p>
   </div>
   <div class='ocr_carea' id='block_1_33' title="bbox 317 1723 3591 1805">
    <p class='ocr_par' dir='ltr' id='par_1_33' title="bbox 317 1723 3591 1805">
     <span class='ocr_line' id='line_1_33' title="bbox 317 1723 3591 1805; baseline -0.004 -17"><span class='ocrx_word' id='word_1_225' title='bbox 317 1735 566 1805; x_wconf 84' lang='lat' dir='ltr'><strong>loquitur</strong></span> <span class='ocrx_word' id='word_1_226' title='bbox 589 1735 770 1789; x_wconf 89' lang='lat' dir='ltr'><strong>Deus:</strong></span> <span class='ocrx_word' id='word_1_227' title='bbox 801 1735 1032 1789; x_wconf 80' lang='lat' dir='ltr'><strong>interest</strong></span> <span class='ocrx_word' id='word_1_228' title='bbox 1072 1735 1217 1788; x_wconf 86' lang='lat' dir='ltr'><strong>enim</strong></span> <span class='ocrx_word' id='word_1_229' title='bbox 1241 1735 1374 1803; x_wconf 86' lang='lat' dir='ltr'><strong>quid</strong></span> <span class='ocrx_word' id='word_1_230' title='bbox 1399 1734 1669 1803; x_wconf 78' lang='lat' dir='ltr'><strong>loquatur,</strong></span> <span class='ocrx_word' id='word_1_231' title='bbox 1701 1733 1826 1801; x_wconf 88' lang='lat' dir='ltr'><strong>quia</strong></span> <span class='ocrx_word' id='word_1_232' title='bbox 1845 1741 1901 1787; x_wconf 83' lang='lat' dir='ltr'><strong>et</strong></span> <span class='ocrx_word' id='word_1_233' title='bbox 1928 1730 1976 1788; x_wconf 89' lang='lat' dir='ltr'><strong>B</strong></span> <span class='ocrx_word' id='word_1_234' title='bbox 2004 1730 2130 1797; x_wconf 92' lang='lat' dir='ltr'><strong>lam,</strong></span> <span class='ocrx_word' id='word_1_235' title='bbox 2158 1739 2251 1785; x_wconf 90' lang='lat' dir='ltr'><strong>aut</strong></span> <span class='ocrx_word' id='word_1_236' title='bbox 2278 1731 2537 1800; x_wconf 83' lang='lat' dir='ltr'><strong>parietem</strong></span> <span class='ocrx_word' id='word_1_237' title='bbox 2561 1729 2789 1784; x_wconf 88' lang='lat' dir='ltr'><strong>dicimus</strong></span> <span class='ocrx_word' id='word_1_238' title='bbox 2819 1747 2831 1782; x_wconf 89' lang='lat'><strong>:</strong></span> <span class='ocrx_word' id='word_1_239' title='bbox 2863 1727 2954 1782; x_wconf 88' lang='lat' dir='ltr'><strong>Ille</strong></span> <span class='ocrx_word' id='word_1_240' title='bbox 2975 1723 3165 1782; x_wconf 84' lang='lat' dir='ltr'><strong>Cicero</strong></span> <span class='ocrx_word' id='word_1_241' title='bbox 3190 1734 3274 1780; x_wconf 89' lang='lat' dir='ltr'><strong>est</strong></span> <span class='ocrx_word' id='word_1_242' title='bbox 3297 1741 3314 1779; x_wconf 89' lang='lat'><strong>:</strong></span> <span class='ocrx_word' id='word_1_243' title='bbox 3351 1723 3441 1779; x_wconf 88' lang='lat' dir='ltr'><strong>ille</strong></span> <span class='ocrx_word' id='word_1_244' title='bbox 3470 1723 3591 1780; x_wconf 90' lang='lat' dir='ltr'><strong>Sal-</strong></span> 
     </span>
    </p>
   </div>
   <div class='ocr_carea' id='block_1_34' title="bbox 313 1822 1901 1896">
    <p class='ocr_par' dir='ltr' id='par_1_34' title="bbox 313 1822 1901 1896">
     <span class='ocr_line' id='line_1_34' title="bbox 313 1822 1901 1896; baseline -0.004 -16"><span class='ocrx_word' id='word_1_245' title='bbox 313 1827 618 1896; x_wconf 85' lang='lat' dir='ltr'><strong>imperator</strong></span> <span class='ocrx_word' id='word_1_246' title='bbox 657 1840 788 1880; x_wconf 86' lang='lat' dir='ltr'><strong>cum</strong></span> <span class='ocrx_word' id='word_1_247' title='bbox 828 1824 1016 1896; x_wconf 82' lang='lat' dir='ltr'><strong>multis</strong></span> <span class='ocrx_word' id='word_1_248' title='bbox 1051 1823 1436 1879; x_wconf 78' lang='lat' dir='ltr'><strong>innocentibus</strong></span> <span class='ocrx_word' id='word_1_249' title='bbox 1473 1835 1585 1877; x_wconf 87' lang='lat' dir='ltr'><strong>non</strong></span> <span class='ocrx_word' id='word_1_250' title='bbox 1641 1822 1901 1891; x_wconf 80' lang='lat' dir='ltr'><strong>loquitur,</strong></span> 
     </span>
    </p>
   </div>
   <div class='ocr_carea' id='block_1_35' title="bbox 312 1893 1904 1986">
    <p class='ocr_par' dir='ltr' id='par_1_35' title="bbox 312 1893 1904 1986">
     <span class='ocr_line' id='line_1_35' title="bbox 312 1893 1904 1986; baseline -0.003 -15"><span class='ocrx_word' id='word_1_251' title='bbox 312 1893 516 1986; x_wconf 80' lang='lat' dir='ltr'><strong>quibus</strong></span> <span class='ocrx_word' id='word_1_252' title='bbox 552 1893 1018 1986; x_wconf 57' lang='lat' dir='ltr'><strong>proridentiésime</strong></span> <span class='ocrx_word' id='word_1_253' title='bbox 1058 1914 1294 1970; x_wconf 82' lang='lat' dir='ltr'><strong>consulit</strong></span> <span class='ocrx_word' id='word_1_254' title='bbox 1315 1914 1382 1969; x_wconf 89' lang='lat' dir='ltr'><strong>ad</strong></span> <span class='ocrx_word' id='word_1_255' title='bbox 1422 1913 1674 1979; x_wconf 83' lang='lat' dir='ltr'><strong>salutem,</strong></span> <span class='ocrx_word' id='word_1_256' title='bbox 1699 1920 1904 1967; x_wconf 86' lang='lat' dir='ltr'><strong>etcum</strong></span> 
     </span>
    </p>
   </div>
   <div class='ocr_carea' id='block_1_36' title="bbox 318 2004 1902 2080">
    <p class='ocr_par' dir='ltr' id='par_1_36' title="bbox 318 2004 1902 2080">
     <span class='ocr_line' id='line_1_36' title="bbox 318 2004 1902 2080; baseline -0.003 -15"><span class='ocrx_word' id='word_1_257' title='bbox 318 2009 505 2065; x_wconf 82' lang='lat' dir='ltr'><strong>multis</strong></span> <span class='ocrx_word' id='word_1_258' title='bbox 533 2009 859 2065; x_wconf 60' lang='lat' dir='ltr'><strong>nocentibus;</strong></span> <span class='ocrx_word' id='word_1_259' title='bbox 888 2009 1146 2080; x_wconf 81' lang='lat' dir='ltr'><strong>loquitur,</strong></span> <span class='ocrx_word' id='word_1_260' title='bbox 1174 2023 1312 2080; x_wconf 87' lang='lat' dir='ltr'><strong>quos</strong></span> <span class='ocrx_word' id='word_1_261' title='bbox 1348 2004 1501 2080; x_wconf 85' lang='lat' dir='ltr'><strong>jubet</strong></span> <span class='ocrx_word' id='word_1_262' title='bbox 1539 2007 1791 2064; x_wconf 88' lang='lat' dir='ltr'><strong>interﬁci.</strong></span> <span class='ocrx_word' id='word_1_263' title='bbox 1843 2006 1902 2062; x_wconf 92' lang='lat' dir='ltr'><strong>Si</strong></span> 
     </span>
    </p>
   </div>
   <div class='ocr_carea' id='block_1_37' title="bbox 315 2101 1903 2173">
    <p class='ocr_par' dir='ltr' id='par_1_37' title="bbox 315 2101 1903 2173">
     <span class='ocr_line' id='line_1_37' title="bbox 315 2101 1903 2173; baseline -0.001 -16"><span class='ocrx_word' id='word_1_264' title='bbox 315 2117 449 2173; x_wconf 86' lang='lat' dir='ltr'><strong>ergo</strong></span> <span class='ocrx_word' id='word_1_265' title='bbox 475 2102 602 2157; x_wconf 80' lang='lat' dir='ltr'><strong>hinc</strong></span> <span class='ocrx_word' id='word_1_266' title='bbox 625 2110 906 2172; x_wconf 79' lang='lat' dir='ltr'><strong>propterea</strong></span> <span class='ocrx_word' id='word_1_267' title='bbox 929 2101 1075 2156; x_wconf 89' lang='lat' dir='ltr'><strong>nulla</strong></span> <span class='ocrx_word' id='word_1_268' title='bbox 1099 2103 1326 2171; x_wconf 71' lang='lat' dir='ltr'><strong>quaestio</strong></span> <span class='ocrx_word' id='word_1_269' title='bbox 1347 2110 1450 2168; x_wconf 90' lang='lat' dir='ltr'><strong>est,</strong></span> <span class='ocrx_word' id='word_1_270' title='bbox 1482 2101 1629 2156; x_wconf 89' lang='lat' dir='ltr'><strong>nulla</strong></span> <span class='ocrx_word' id='word_1_271' title='bbox 1666 2102 1738 2157; x_wconf 89' lang='lat' dir='ltr'><strong>sit</strong></span> <span class='ocrx_word' id='word_1_272' title='bbox 1758 2116 1903 2171; x_wconf 71' lang='lat' dir='ltr'><strong>qum-</strong></span> 
     </span>
    </p>
   </div>
   <div class='ocr_carea' id='block_1_38' title="bbox 317 2191 1906 2262">
    <p class='ocr_par' dir='ltr' id='par_1_38' title="bbox 317 2191 1906 2262">
     <span class='ocr_line' id='line_1_38' title="bbox 317 2191 1906 2262; baseline -0.003 -14"><span class='ocrx_word' id='word_1_273' title='bbox 317 2194 443 2257; x_wconf 87' lang='lat' dir='ltr'><strong>stio,</strong></span> <span class='ocrx_word' id='word_1_274' title='bbox 477 2192 750 2262; x_wconf 83' lang='lat' dir='ltr'><strong>quomodo</strong></span> <span class='ocrx_word' id='word_1_275' title='bbox 789 2192 954 2245; x_wconf 84' lang='lat' dir='ltr'><strong>etiam</strong></span> <span class='ocrx_word' id='word_1_276' title='bbox 990 2191 1299 2245; x_wconf 71' lang='lat' dir='ltr'><strong>immundus</strong></span> <span class='ocrx_word' id='word_1_277' title='bbox 1325 2191 1547 2259; x_wconf 87' lang='lat' dir='ltr'><strong>spiritus</strong></span> <span class='ocrx_word' id='word_1_278' title='bbox 1577 2205 1700 2245; x_wconf 91' lang='lat' dir='ltr'><strong>cum</strong></span> <span class='ocrx_word' id='word_1_279' title='bbox 1725 2191 1906 2244; x_wconf 87' lang='lat' dir='ltr'><strong>anima</strong></span> 
     </span>
    </p>
   </div>
   <div class='ocr_carea' id='block_1_39' title="bbox 319 2270 1907 2349">
    <p class='ocr_par' dir='ltr' id='par_1_39' title="bbox 319 2270 1907 2349">
     <span class='ocr_line' id='line_1_39' title="bbox 319 2270 1907 2349; baseline -0.003 -12"><span class='ocrx_word' id='word_1_280' title='bbox 319 2283 496 2337; x_wconf 86' lang='lat' dir='ltr'><strong>sancti</strong></span> <span class='ocrx_word' id='word_1_281' title='bbox 548 2283 648 2335; x_wconf 87' lang='lat' dir='ltr'><strong>viri</strong></span> <span class='ocrx_word' id='word_1_282' title='bbox 695 2278 842 2349; x_wconf 70' lang='lat' dir='ltr'><strong>loqui</strong></span> <span class='ocrx_word' id='word_1_283' title='bbox 889 2270 1144 2348; x_wconf 81' lang='lat' dir='ltr'><strong>potuerit.</strong></span> <span class='ocrx_word' id='word_1_284' title='bbox 1195 2273 1457 2333; x_wconf 80' lang='lat' dir='ltr'><strong>Omnibus</strong></span> <span class='ocrx_word' id='word_1_285' title='bbox 1507 2279 1648 2332; x_wconf 89' lang='lat' dir='ltr'><strong>enim</strong></span> <span class='ocrx_word' id='word_1_286' title='bbox 1701 2279 1907 2333; x_wconf 84' lang='lat' dir='ltr'><strong>sanctis</strong></span> 
     </span>
    </p>
   </div>
   <div class='ocr_carea' id='block_1_40' title="bbox 313 2366 1909 2437">
    <p class='ocr_par' dir='ltr' id='par_1_40' title="bbox 313 2366 1909 2437">
     <span class='ocr_line' id='line_1_40' title="bbox 313 2366 1909 2437; baseline -0.004 -11"><span class='ocrx_word' id='word_1_287' title='bbox 313 2367 468 2426; x_wconf 82' lang='lat' dir='ltr'><strong>Deus</strong></span> <span class='ocrx_word' id='word_1_288' title='bbox 516 2378 752 2433; x_wconf 83' lang='lat' dir='ltr'><strong>creator,</strong></span> <span class='ocrx_word' id='word_1_289' title='bbox 793 2371 849 2422; x_wconf 89' lang='lat' dir='ltr'><strong>et</strong></span> <span class='ocrx_word' id='word_1_290' title='bbox 901 2366 1270 2422; x_wconf 80' lang='lat' dir='ltr'><strong>sanctiﬁcator</strong></span> <span class='ocrx_word' id='word_1_291' title='bbox 1303 2366 1462 2437; x_wconf 84' lang='lat' dir='ltr'><strong>longe</strong></span> <span class='ocrx_word' id='word_1_292' title='bbox 1495 2368 1680 2436; x_wconf 88' lang='lat' dir='ltr'><strong>utique</strong></span> <span class='ocrx_word' id='word_1_293' title='bbox 1735 2367 1909 2436; x_wconf 86' lang='lat' dir='ltr'><strong>major</strong></span> 
     </span>
    </p>
   </div>
   <div class='ocr_carea' id='block_1_41' title="bbox 317 2451 1910 2527">
    <p class='ocr_par' dir='ltr' id='par_1_41' title="bbox 317 2451 1910 2527">
     <span class='ocr_line' id='line_1_41' title="bbox 317 2451 1910 2527; baseline -0.004 -11"><span class='ocrx_word' id='word_1_294' title='bbox 317 2472 427 2516; x_wconf 82' lang='lat' dir='ltr'><strong>est.</strong></span> <span class='ocrx_word' id='word_1_295' title='bbox 455 2461 607 2527; x_wconf 85' lang='lat' dir='ltr'><strong>Quod</strong></span> <span class='ocrx_word' id='word_1_296' title='bbox 642 2460 688 2513; x_wconf 91' lang='lat' dir='ltr'><strong>si</strong></span> <span class='ocrx_word' id='word_1_297' title='bbox 706 2460 813 2514; x_wconf 84' lang='lat' dir='ltr'><strong>hoc</strong></span> <span class='ocrx_word' id='word_1_298' title='bbox 842 2466 1045 2523; x_wconf 82' lang='lat' dir='ltr'><strong>movet,</strong></span> <span class='ocrx_word' id='word_1_299' title='bbox 1068 2457 1209 2526; x_wconf 85' lang='lat' dir='ltr'><strong>quod</strong></span> <span class='ocrx_word' id='word_1_300' title='bbox 1233 2457 1447 2512; x_wconf 87' lang='lat' dir='ltr'><strong>licuerit</strong></span> <span class='ocrx_word' id='word_1_301' title='bbox 1488 2451 1724 2527; x_wconf 83' lang='lat' dir='ltr'><strong>maligno</strong></span> <span class='ocrx_word' id='word_1_302' title='bbox 1750 2456 1910 2526; x_wconf 86' lang='lat' dir='ltr'><strong>spiri-</strong></span> 
     </span>
    </p>
   </div>
   <div class='ocr_carea' id='block_1_42' title="bbox 315 2545 1910 2616">
    <p class='ocr_par' dir='ltr' id='par_1_42' title="bbox 315 2545 1910 2616">
     <span class='ocr_line' id='line_1_42' title="bbox 315 2545 1910 2616; baseline -0.002 -13"><span class='ocrx_word' id='word_1_303' title='bbox 315 2552 402 2604; x_wconf 79' lang='lat' dir='ltr'><strong>‘tui</strong></span> <span class='ocrx_word' id='word_1_304' title='bbox 432 2550 670 2605; x_wconf 81' lang='lat' dir='ltr'><strong>excitare</strong></span> <span class='ocrx_word' id='word_1_305' title='bbox 717 2550 957 2604; x_wconf 83' lang='lat' dir='ltr'><strong>animam</strong></span> <span class='ocrx_word' id='word_1_306' title='bbox 991 2548 1148 2616; x_wconf 82' lang='lat' dir='ltr'><strong>justi,</strong></span> <span class='ocrx_word' id='word_1_307' title='bbox 1193 2556 1252 2602; x_wconf 89' lang='lat' dir='ltr'><strong>et</strong></span> <span class='ocrx_word' id='word_1_308' title='bbox 1294 2555 1548 2616; x_wconf 79' lang='lat' dir='ltr'><strong>tanquam</strong></span> <span class='ocrx_word' id='word_1_309' title='bbox 1599 2547 1666 2601; x_wconf 89' lang='lat' dir='ltr'><strong>de</strong></span> <span class='ocrx_word' id='word_1_310' title='bbox 1711 2545 1910 2601; x_wconf 88' lang='lat' dir='ltr'><strong>abditis</strong></span> 
     </span>
    </p>
   </div>
   <div class='ocr_carea' id='block_1_43' title="bbox 315 2635 1910 2708">
    <p class='ocr_par' dir='ltr' id='par_1_43' title="bbox 315 2635 1910 2708">
     <span class='ocr_line' id='line_1_43' title="bbox 315 2635 1910 2708; baseline -0.001 -16"><span class='ocrx_word' id='word_1_311' title='bbox 315 2647 662 2693; x_wconf 77' lang='lat' dir='ltr'><strong>mortuorum</strong></span> <span class='ocrx_word' id='word_1_312' title='bbox 702 2637 1058 2708; x_wconf 79' lang='lat' dir='ltr'><strong>receptaculis</strong></span> <span class='ocrx_word' id='word_1_313' title='bbox 1085 2651 1360 2699; x_wconf 83' lang='lat' dir='ltr'><strong>revocare,</strong></span> <span class='ocrx_word' id='word_1_314' title='bbox 1403 2650 1581 2691; x_wconf 85' lang='lat' dir='ltr'><strong>nonne</strong></span> <span class='ocrx_word' id='word_1_315' title='bbox 1608 2635 1782 2707; x_wconf 87' lang='lat' dir='ltr'><strong>magis</strong></span> <span class='ocrx_word' id='word_1_316' title='bbox 1809 2635 1910 2690; x_wconf 89' lang='lat' dir='ltr'><strong>mi-</strong></span> 
     </span>
    </p>
   </div>
   <div class='ocr_carea' id='block_1_44' title="bbox 316 2726 1910 2800">
    <p class='ocr_par' dir='ltr' id='par_1_44' title="bbox 316 2726 1910 2800">
     <span class='ocr_line' id='line_1_44' title="bbox 316 2726 1910 2800; baseline -0.001 -16"><span class='ocrx_word' id='word_1_317' title='bbox 316 2729 550 2785; x_wconf 84' lang='lat' dir='ltr'><strong>randum</strong></span> <span class='ocrx_word' id='word_1_318' title='bbox 586 2737 686 2794; x_wconf 90' lang='lat' dir='ltr'><strong>est,</strong></span> <span class='ocrx_word' id='word_1_319' title='bbox 719 2730 864 2800; x_wconf 87' lang='lat' dir='ltr'><strong>quod</strong></span> <span class='ocrx_word' id='word_1_320' title='bbox 906 2727 1134 2784; x_wconf 82' lang='lat' dir='ltr'><strong>Satanas</strong></span> <span class='ocrx_word' id='word_1_321' title='bbox 1181 2729 1355 2798; x_wconf 89' lang='lat' dir='ltr'><strong>ipsum</strong></span> <span class='ocrx_word' id='word_1_322' title='bbox 1385 2726 1673 2782; x_wconf 82' lang='lat' dir='ltr'><strong>Dominum</strong></span> <span class='ocrx_word' id='word_1_323' title='bbox 1697 2742 1910 2782; x_wconf 84' lang='lat' dir='ltr'><strong>assum-</strong></span> 
     </span>
    </p>
   </div>
   <div class='ocr_carea' id='block_1_45' title="bbox 311 2812 1911 2891">
    <p class='ocr_par' dir='ltr' id='par_1_45' title="bbox 311 2812 1911 2891">
     <span class='ocr_line' id='line_1_45' title="bbox 311 2812 1911 2891; baseline -0.002 -15"><span class='ocrx_word' id='word_1_324' title='bbox 311 2821 448 2891; x_wconf 86' lang='lat' dir='ltr'><strong>psit,</strong></span> <span class='ocrx_word' id='word_1_325' title='bbox 489 2829 546 2875; x_wconf 89' lang='lat' dir='ltr'><strong>et</strong></span> <span class='ocrx_word' id='word_1_326' title='bbox 579 2821 860 2875; x_wconf 84' lang='lat' dir='ltr'><strong>constituit</strong></span> <span class='ocrx_word' id='word_1_327' title='bbox 903 2835 1070 2890; x_wconf 78' lang='lat' dir='ltr'><strong>supra</strong></span> <span class='ocrx_word' id='word_1_328' title='bbox 1112 2812 1336 2890; x_wconf 73' lang='lat' dir='ltr'><strong>pinnam</strong></span> <span class='ocrx_word' id='word_1_329' title='bbox 1384 2817 1617 2890; x_wconf 86' lang='lat' dir='ltr'><strong>templi?</strong></span> <span class='ocrx_word' id='word_1_330' title='bbox 1654 2817 1911 2886; x_wconf 79' lang='lat' dir='ltr'><strong>Quolibet</strong></span> 
     </span>
    </p>
   </div>
   <div class='ocr_carea' id='block_1_46' title="bbox 308 2907 1908 2979">
    <p class='ocr_par' dir='ltr' id='par_1_46' title="bbox 308 2907 1908 2979">
     <span class='ocr_line' id='line_1_46' title="bbox 308 2907 1908 2979; baseline -0.003 -12"><span class='ocrx_word' id='word_1_331' title='bbox 308 2913 466 2968; x_wconf 82' lang='lat' dir='ltr'><strong>enim</strong></span> <span class='ocrx_word' id='word_1_332' title='bbox 495 2911 654 2965; x_wconf 81' lang='lat' dir='ltr'><strong>modo</strong></span> <span class='ocrx_word' id='word_1_333' title='bbox 681 2911 890 2976; x_wconf 81' lang='lat' dir='ltr'><strong>fecerit,</strong></span> <span class='ocrx_word' id='word_1_334' title='bbox 927 2910 1016 2965; x_wconf 84' lang='lat' dir='ltr'><strong>ille</strong></span> <span class='ocrx_word' id='word_1_335' title='bbox 1059 2911 1222 2975; x_wconf 78' lang='lat' dir='ltr'><strong>etiam</strong></span> <span class='ocrx_word' id='word_1_336' title='bbox 1255 2910 1472 2975; x_wconf 90' lang='lat' dir='ltr'><strong>modus,</strong></span> <span class='ocrx_word' id='word_1_337' title='bbox 1517 2924 1625 2979; x_wconf 80' lang='lat' dir='ltr'><strong>quo</strong></span> <span class='ocrx_word' id='word_1_338' title='bbox 1669 2907 1908 2965; x_wconf 89' lang='lat' dir='ltr'><strong>Samueli</strong></span> 
     </span>
    </p>
   </div>
   <div class='ocr_carea' id='block_1_47' title="bbox 2004 1811 3588 1875">
    <p class='ocr_par' dir='ltr' id='par_1_47' title="bbox 2004 1811 3588 1875">
     <span class='ocr_line' id='line_1_47' title="bbox 2004 1811 3588 1875; baseline -0.004 -3"><span class='ocrx_word' id='word_1_339' title='bbox 2004 1819 2224 1875; x_wconf 85' lang='lat' dir='ltr'><strong>lustius:</strong></span> <span class='ocrx_word' id='word_1_340' title='bbox 2250 1819 2341 1874; x_wconf 89' lang='lat' dir='ltr'><strong>ille</strong></span> <span class='ocrx_word' id='word_1_341' title='bbox 2353 1818 2590 1874; x_wconf 80' lang='lat' dir='ltr'><strong>Achilles</strong></span> <span class='ocrx_word' id='word_1_342' title='bbox 2610 1835 2622 1870; x_wconf 89' lang='lat'><strong>:</strong></span> <span class='ocrx_word' id='word_1_343' title='bbox 2657 1817 2747 1870; x_wconf 82' lang='lat' dir='ltr'><strong>ille</strong></span> <span class='ocrx_word' id='word_1_344' title='bbox 2767 1816 2993 1871; x_wconf 83' lang='lat' dir='ltr'><strong>Hector:</strong></span> <span class='ocrx_word' id='word_1_345' title='bbox 3017 1815 3120 1872; x_wconf 82' lang='lat' dir='ltr'><strong>hoc</strong></span> <span class='ocrx_word' id='word_1_346' title='bbox 3139 1813 3344 1870; x_wconf 79' lang='lat' dir='ltr'><strong>ﬂumen-</strong></span> <span class='ocrx_word' id='word_1_347' title='bbox 3359 1811 3588 1870; x_wconf 83' lang='lat' dir='ltr'><strong>Simois:</strong></span> 
     </span>
    </p>
   </div>
   <div class='ocr_carea' id='block_1_48' title="bbox 2005 1906 3586 1978">
    <p class='ocr_par' dir='ltr' id='par_1_48' title="bbox 2005 1906 3586 1978">
     <span class='ocr_line' id='line_1_48' title="bbox 2005 1906 3586 1978; baseline -0.004 -10"><span class='ocrx_word' id='word_1_348' title='bbox 2005 1914 2092 1968; x_wconf 85' lang='lat' dir='ltr'><strong>illa</strong></span> <span class='ocrx_word' id='word_1_349' title='bbox 2121 1914 2321 1978; x_wconf 84' lang='lat' dir='ltr'><strong>Roma;</strong></span> <span class='ocrx_word' id='word_1_350' title='bbox 2351 1927 2476 1967; x_wconf 89' lang='lat' dir='ltr'><strong>cum</strong></span> <span class='ocrx_word' id='word_1_351' title='bbox 2495 1910 2642 1966; x_wconf 85' lang='lat' dir='ltr'><strong>aliud</strong></span> <span class='ocrx_word' id='word_1_352' title='bbox 2677 1909 2812 1964; x_wconf 85' lang='lat' dir='ltr'><strong>nihil</strong></span> <span class='ocrx_word' id='word_1_353' title='bbox 2842 1909 3094 1978; x_wconf 82' lang='lat' dir='ltr'><strong>sitquam</strong></span> <span class='ocrx_word' id='word_1_354' title='bbox 3121 1907 3279 1977; x_wconf 63' lang='lat' dir='ltr'><strong>picta</strong></span> <span class='ocrx_word' id='word_1_355' title='bbox 3305 1906 3586 1977; x_wconf 82' lang='lat' dir='ltr'><strong>imagines.</strong></span> 
     </span>
    </p>
   </div>
   <div class='ocr_carea' id='block_1_49' title="bbox 2005 1998 3594 2077">
    <p class='ocr_par' dir='ltr' id='par_1_49' title="bbox 2005 1998 3594 2077">
     <span class='ocr_line' id='line_1_49' title="bbox 2005 1998 3594 2077; baseline -0.008 -13"><span class='ocrx_word' id='word_1_356' title='bbox 2005 2007 2156 2064; x_wconf 84' lang='lat' dir='ltr'><strong>Unde</strong></span> <span class='ocrx_word' id='word_1_357' title='bbox 2168 2005 2458 2063; x_wconf 81' lang='lat' dir='ltr'><strong>Cherubim</strong></span> <span class='ocrx_word' id='word_1_358' title='bbox 2473 2003 2634 2077; x_wconf 66' lang='lat' dir='ltr'><strong>(Eme.</strong></span> <span class='ocrx_word' id='word_1_359' title='bbox 2653 2018 2779 2068; x_wconf 72' lang='lat' dir='ltr'><strong>xxv,</strong></span> <span class='ocrx_word' id='word_1_360' title='bbox 2798 2001 2886 2066; x_wconf 72' lang='lat' dir='ltr'><strong>l8)</strong></span> <span class='ocrx_word' id='word_1_361' title='bbox 2909 2016 3036 2057; x_wconf 91' lang='lat' dir='ltr'><strong>cum</strong></span> <span class='ocrx_word' id='word_1_362' title='bbox 3048 2000 3158 2054; x_wconf 89' lang='lat' dir='ltr'><strong>sint</strong></span> <span class='ocrx_word' id='word_1_363' title='bbox 3173 1998 3428 2055; x_wconf 77' lang='lat' dir='ltr'><strong>emlestes</strong></span> <span class='ocrx_word' id='word_1_364' title='bbox 3441 2007 3594 2068; x_wconf 81' lang='lat' dir='ltr'><strong>pote-</strong></span> 
     </span>
    </p>
   </div>
   <div class='ocr_carea' id='block_1_50' title="bbox 2004 2087 3590 2162">
    <p class='ocr_par' dir='ltr' id='par_1_50' title="bbox 2004 2087 3590 2162">
     <span class='ocr_line' id='line_1_50' title="bbox 2004 2087 3590 2162; baseline -0.006 -9"><span class='ocrx_word' id='word_1_365' title='bbox 2004 2107 2194 2162; x_wconf 87' lang='lat' dir='ltr'><strong>states,</strong></span> <span class='ocrx_word' id='word_1_366' title='bbox 2219 2096 2357 2152; x_wconf 86' lang='lat' dir='ltr'><strong>ﬁctae</strong></span> <span class='ocrx_word' id='word_1_367' title='bbox 2383 2105 2564 2150; x_wconf 86' lang='lat' dir='ltr'><strong>tamen</strong></span> <span class='ocrx_word' id='word_1_368' title='bbox 2581 2110 2648 2150; x_wconf 85' lang='lat' dir='ltr'><strong>ex</strong></span> <span class='ocrx_word' id='word_1_369' title='bbox 2671 2093 2914 2159; x_wconf 85' lang='lat' dir='ltr'><strong>metallo,</strong></span> <span class='ocrx_word' id='word_1_370' title='bbox 2939 2091 3083 2162; x_wconf 84' lang='lat' dir='ltr'><strong>quod</strong></span> <span class='ocrx_word' id='word_1_371' title='bbox 3109 2090 3396 2160; x_wconf 82' lang='lat' dir='ltr'><strong>imperavit</strong></span> <span class='ocrx_word' id='word_1_372' title='bbox 3420 2087 3590 2153; x_wconf 89' lang='lat' dir='ltr'><strong>Deus,</strong></span> 
     </span>
    </p>
   </div>
   <div class='ocr_carea' id='block_1_51' title="bbox 2005 2181 3593 2258">
    <p class='ocr_par' dir='ltr' id='par_1_51' title="bbox 2005 2181 3593 2258">
     <span class='ocr_line' id='line_1_51' title="bbox 2005 2181 3593 2258; baseline -0.006 -12"><span class='ocrx_word' id='word_1_373' title='bbox 2005 2204 2167 2258; x_wconf 87' lang='lat' dir='ltr'><strong>super</strong></span> <span class='ocrx_word' id='word_1_374' title='bbox 2215 2203 2404 2244; x_wconf 81' lang='lat' dir='ltr'><strong>arcam</strong></span> <span class='ocrx_word' id='word_1_375' title='bbox 2461 2186 2770 2242; x_wconf 84' lang='lat' dir='ltr'><strong>testamenti</strong></span> <span class='ocrx_word' id='word_1_376' title='bbox 2829 2198 3038 2254; x_wconf 65' lang='lat' dir='ltr'><strong>magnai</strong></span> <span class='ocrx_word' id='word_1_377' title='bbox 3091 2182 3172 2238; x_wconf 87' lang='lat' dir='ltr'><strong>rei</strong></span> <span class='ocrx_word' id='word_1_378' title='bbox 3228 2181 3593 2252; x_wconf 75' lang='lat' dir='ltr'><strong>signiﬁcanda:</strong></span> 
     </span>
    </p>
   </div>
   <div class='ocr_carea' id='block_1_52' title="bbox 2005 2269 3594 2354">
    <p class='ocr_par' dir='ltr' id='par_1_52' title="bbox 2005 2269 3594 2354">
     <span class='ocr_line' id='line_1_52' title="bbox 2005 2269 3594 2354; baseline -0.006 -19"><span class='ocrx_word' id='word_1_379' title='bbox 2005 2283 2204 2354; x_wconf 81' lang='lat' dir='ltr'><strong>gratia,</strong></span> <span class='ocrx_word' id='word_1_380' title='bbox 2234 2296 2341 2336; x_wconf 90' lang='lat' dir='ltr'><strong>non</strong></span> <span class='ocrx_word' id='word_1_381' title='bbox 2370 2280 2518 2335; x_wconf 84' lang='lat' dir='ltr'><strong>aliud</strong></span> <span class='ocrx_word' id='word_1_382' title='bbox 2539 2292 2701 2348; x_wconf 84' lang='lat' dir='ltr'><strong>quam</strong></span> <span class='ocrx_word' id='word_1_383' title='bbox 2748 2277 3028 2333; x_wconf 70' lang='lat' dir='ltr'><strong>Cherubin:</strong></span> <span class='ocrx_word' id='word_1_384' title='bbox 3055 2287 3077 2314; x_wconf 77' lang='grc' dir='ltr'><strong>ο</strong></span> <span class='ocrx_word' id='word_1_385' title='bbox 3110 2275 3215 2330; x_wconf 87' lang='lat' dir='ltr'><strong>illae</strong></span> <span class='ocrx_word' id='word_1_386' title='bbox 3239 2287 3455 2344; x_wconf 89' lang='lat' dir='ltr'><strong>quoque</strong></span> <span class='ocrx_word' id='word_1_387' title='bbox 3479 2269 3594 2327; x_wconf 78' lang='lat' dir='ltr'><strong>etii-</strong></span> 
     </span>
    </p>
   </div>
   <div class='ocr_carea' id='block_1_53' title="bbox 2004 2365 3593 2442">
    <p class='ocr_par' dir='ltr' id='par_1_53' title="bbox 2004 2365 3593 2442">
     <span class='ocr_line' id='line_1_53' title="bbox 2004 2365 3593 2442; baseline -0.005 -18"><span class='ocrx_word' id='word_1_388' title='bbox 2004 2372 2121 2442; x_wconf 58' lang='lat' dir='ltr'><strong>‘gies</strong></span> <span class='ocrx_word' id='word_1_389' title='bbox 2147 2371 2475 2425; x_wconf 79' lang='lat' dir='ltr'><strong>vocitantur.</strong></span> <span class='ocrx_word' id='word_1_390' title='bbox 2507 2369 2644 2424; x_wconf 83' lang='lat' dir='ltr'><strong>Item</strong></span> <span class='ocrx_word' id='word_1_391' title='bbox 2671 2368 2916 2438; x_wconf 86' lang='lat' dir='ltr'><strong>quisquis</strong></span> <span class='ocrx_word' id='word_1_392' title='bbox 2955 2367 3105 2422; x_wconf 80' lang='lat' dir='ltr'><strong>videt</strong></span> <span class='ocrx_word' id='word_1_393' title='bbox 3144 2365 3436 2428; x_wconf 86' lang='lat' dir='ltr'><strong>somnium,</strong></span> <span class='ocrx_word' id='word_1_394' title='bbox 3483 2377 3593 2420; x_wconf 86' lang='lat' dir='ltr'><strong>non</strong></span> 
     </span>
    </p>
   </div>
   <div class='ocr_carea' id='block_1_54' title="bbox 2009 2453 3592 2532">
    <p class='ocr_par' dir='ltr' id='par_1_54' title="bbox 2009 2453 3592 2532">
     <span class='ocr_line' id='line_1_54' title="bbox 2009 2453 3592 2532; baseline -0.003 -17"><span class='ocrx_word' id='word_1_395' title='bbox 2009 2462 2179 2516; x_wconf 90' lang='lat' dir='ltr'><strong>dicet:</strong></span> <span class='ocrx_word' id='word_1_396' title='bbox 2197 2461 2318 2516; x_wconf 84' lang='lat' dir='ltr'><strong>Vidi</strong></span> <span class='ocrx_word' id='word_1_397' title='bbox 2350 2460 2635 2532; x_wconf 86' lang='lat' dir='ltr'><strong>imaginem</strong></span> <span class='ocrx_word' id='word_1_398' title='bbox 2656 2458 2965 2529; x_wconf 76' lang='lat' dir='ltr'><strong>Augustini,</strong></span> <span class='ocrx_word' id='word_1_399' title='bbox 2994 2465 3092 2513; x_wconf 83' lang='lat' dir='ltr'><strong>aut</strong></span> <span class='ocrx_word' id='word_1_400' title='bbox 3110 2454 3472 2526; x_wconf 84' lang='lat' dir='ltr'><strong>Simpliciani,</strong></span> <span class='ocrx_word' id='word_1_401' title='bbox 3497 2453 3592 2510; x_wconf 88' lang='lat' dir='ltr'><strong>sed</strong></span> 
     </span>
    </p>
   </div>
   <div class='ocr_carea' id='block_1_55' title="bbox 2008 2547 3597 2619">
    <p class='ocr_par' dir='ltr' id='par_1_55' title="bbox 2008 2547 3597 2619">
     <span class='ocr_line' id='line_1_55' title="bbox 2008 2547 3597 2619; baseline -0.002 -15"><span class='ocrx_word' id='word_1_402' title='bbox 2008 2551 2118 2606; x_wconf 89' lang='lat' dir='ltr'><strong>vidi</strong></span> <span class='ocrx_word' id='word_1_403' title='bbox 2146 2550 2520 2618; x_wconf 74' lang='lat' dir='ltr'><strong>Augustinum,</strong></span> <span class='ocrx_word' id='word_1_404' title='bbox 2569 2558 2664 2604; x_wconf 87' lang='lat' dir='ltr'><strong>aut</strong></span> <span class='ocrx_word' id='word_1_405' title='bbox 2706 2547 3157 2619; x_wconf 84' lang='lat' dir='ltr'><strong>Simplicianum:</strong></span> <span class='ocrx_word' id='word_1_406' title='bbox 3197 2561 3320 2602; x_wconf 83' lang='lat' dir='ltr'><strong>cum</strong></span> <span class='ocrx_word' id='word_1_407' title='bbox 3345 2559 3414 2601; x_wconf 86' lang='lat' dir='ltr'><strong>eo</strong></span> <span class='ocrx_word' id='word_1_408' title='bbox 3458 2552 3597 2602; x_wconf 81' lang='lat' dir='ltr'><strong>tem-</strong></span> 
     </span>
    </p>
   </div>
   <div class='ocr_carea' id='block_1_56' title="bbox 2005 2638 3595 2711">
    <p class='ocr_par' dir='ltr' id='par_1_56' title="bbox 2005 2638 3595 2711">
     <span class='ocr_line' id='line_1_56' title="bbox 2005 2638 3595 2711; baseline -0.003 -16"><span class='ocrx_word' id='word_1_409' title='bbox 2005 2655 2158 2711; x_wconf 82' lang='lat' dir='ltr'><strong>pore,</strong></span> <span class='ocrx_word' id='word_1_410' title='bbox 2201 2654 2309 2709; x_wconf 92' lang='lat' dir='ltr'><strong>quo</strong></span> <span class='ocrx_word' id='word_1_411' title='bbox 2339 2639 2446 2706; x_wconf 86' lang='lat' dir='ltr'><strong>tale</strong></span> <span class='ocrx_word' id='word_1_412' title='bbox 2474 2638 2679 2708; x_wconf 77' lang='lat' dir='ltr'><strong>aliquid</strong></span> <span class='ocrx_word' id='word_1_413' title='bbox 2706 2639 2872 2704; x_wconf 86' lang='lat' dir='ltr'><strong>videt,</strong></span> <span class='ocrx_word' id='word_1_414' title='bbox 2907 2653 3009 2694; x_wconf 85' lang='lat' dir='ltr'><strong>nos</strong></span> <span class='ocrx_word' id='word_1_415' title='bbox 3037 2638 3350 2708; x_wconf 84' lang='lat' dir='ltr'><strong>ignoremus</strong></span> <span class='ocrx_word' id='word_1_416' title='bbox 3375 2653 3392 2702; x_wconf 88' lang='lat'><strong>;</strong></span> <span class='ocrx_word' id='word_1_417' title='bbox 3419 2651 3595 2705; x_wconf 86' lang='lat' dir='ltr'><strong>usque</strong></span> 
     </span>
    </p>
   </div>
   <div class='ocr_carea' id='block_1_57' title="bbox 2009 2727 3596 2801">
    <p class='ocr_par' dir='ltr' id='par_1_57' title="bbox 2009 2727 3596 2801">
     <span class='ocr_line' id='line_1_57' title="bbox 2009 2727 3596 2801; baseline -0.003 -15"><span class='ocrx_word' id='word_1_418' title='bbox 2009 2733 2145 2787; x_wconf 90' lang='lat' dir='ltr'><strong>adeo</strong></span> <span class='ocrx_word' id='word_1_419' title='bbox 2174 2729 2524 2787; x_wconf 79' lang='lat' dir='ltr'><strong>manifest</strong></span> <span class='ocrx_word' id='word_1_420' title='bbox 2561 2738 2666 2798; x_wconf 88' lang='lat' dir='ltr'><strong>est,</strong></span> <span class='ocrx_word' id='word_1_421' title='bbox 2708 2745 2818 2786; x_wconf 89' lang='lat' dir='ltr'><strong>non</strong></span> <span class='ocrx_word' id='word_1_422' title='bbox 2842 2731 2990 2801; x_wconf 84' lang='lat' dir='ltr'><strong>ipsos</strong></span> <span class='ocrx_word' id='word_1_423' title='bbox 3025 2728 3294 2796; x_wconf 80' lang='lat' dir='ltr'><strong>homines,</strong></span> <span class='ocrx_word' id='word_1_424' title='bbox 3335 2727 3431 2786; x_wconf 89' lang='lat' dir='ltr'><strong>sed</strong></span> <span class='ocrx_word' id='word_1_425' title='bbox 3459 2728 3596 2783; x_wconf 89' lang='lat' dir='ltr'><strong>ima-</strong></span> 
     </span>
    </p>
   </div>
   <div class='ocr_carea' id='block_1_58' title="bbox 2009 2819 3598 2898">
    <p class='ocr_par' dir='ltr' id='par_1_58' title="bbox 2009 2819 3598 2898">
     <span class='ocr_line' id='line_1_58' title="bbox 2009 2819 3598 2898; baseline -0.004 -18"><span class='ocrx_word' id='word_1_426' title='bbox 2009 2826 2163 2898; x_wconf 87' lang='lat' dir='ltr'><strong>gines</strong></span> <span class='ocrx_word' id='word_1_427' title='bbox 2220 2823 2423 2890; x_wconf 75' lang='lat' dir='ltr'><strong>videri;</strong></span> <span class='ocrx_word' id='word_1_428' title='bbox 2475 2819 2629 2895; x_wconf 81' lang='lat' dir='ltr'><strong>(Gen.</strong></span> <span class='ocrx_word' id='word_1_429' title='bbox 2669 2838 2786 2889; x_wconf 77' lang='lat' dir='ltr'><strong>xu,</strong></span> <span class='ocrx_word' id='word_1_430' title='bbox 2820 2822 2910 2894; x_wconf 81' lang='grc'><strong>18)</strong></span> <span class='ocrx_word' id='word_1_431' title='bbox 2955 2830 3011 2878; x_wconf 88' lang='lat' dir='ltr'><strong>et</strong></span> <span class='ocrx_word' id='word_1_432' title='bbox 3051 2821 3264 2877; x_wconf 81' lang='lat' dir='ltr'><strong>Pharao</strong></span> <span class='ocrx_word' id='word_1_433' title='bbox 3309 2820 3489 2890; x_wconf 86' lang='lat' dir='ltr'><strong>spicas</strong></span> <span class='ocrx_word' id='word_1_434' title='bbox 3536 2834 3598 2875; x_wconf 86' lang='lat' dir='ltr'><strong>se</strong></span> 
     </span>
    </p>
   </div>
   <div class='ocr_carea' id='block_1_59' title="bbox 2010 2913 3599 2984">
    <p class='ocr_par' dir='ltr' id='par_1_59' title="bbox 2010 2913 3599 2984">
     <span class='ocr_line' id='line_1_59' title="bbox 2010 2913 3599 2984; baseline -0.004 -11"><span class='ocrx_word' id='word_1_435' title='bbox 2010 2919 2148 2974; x_wconf 84' lang='lat' dir='ltr'><strong>dixit</strong></span> <span class='ocrx_word' id='word_1_436' title='bbox 2173 2917 2374 2972; x_wconf 87' lang='lat' dir='ltr'><strong>vidisse</strong></span> <span class='ocrx_word' id='word_1_437' title='bbox 2401 2917 2457 2972; x_wconf 90' lang='lat' dir='ltr'><strong>in</strong></span> <span class='ocrx_word' id='word_1_438' title='bbox 2487 2916 2716 2983; x_wconf 85' lang='lat' dir='ltr'><strong>somnis,</strong></span> <span class='ocrx_word' id='word_1_439' title='bbox 2747 2923 2804 2970; x_wconf 88' lang='lat' dir='ltr'><strong>et</strong></span> <span class='ocrx_word' id='word_1_440' title='bbox 2828 2915 3016 2981; x_wconf 79' lang='lat' dir='ltr'><strong>boves,</strong></span> <span class='ocrx_word' id='word_1_441' title='bbox 3043 2929 3152 2970; x_wconf 83' lang='lat' dir='ltr'><strong>non</strong></span> <span class='ocrx_word' id='word_1_442' title='bbox 3183 2913 3478 2984; x_wconf 89' lang='lat' dir='ltr'><strong>spicarum,</strong></span> <span class='ocrx_word' id='word_1_443' title='bbox 3503 2921 3599 2967; x_wconf 89' lang='lat' dir='ltr'><strong>aut</strong></span> 
     </span>
    </p>
   </div>
   <div class='ocr_carea' id='block_1_60' title="bbox 313 3000 3598 3078">
    <p class='ocr_par' dir='ltr' id='par_1_60' title="bbox 313 3000 3598 3078">
     <span class='ocr_line' id='line_1_60' title="bbox 313 3000 3598 3078; baseline 0.001 -24"><span class='ocrx_word' id='word_1_444' title='bbox 313 3002 531 3060; x_wconf 67' lang='lat' dir='ltr'><strong>factum.</strong></span> <span class='ocrx_word' id='word_1_445' title='bbox 555 3010 660 3066; x_wconf 87' lang='lat' dir='ltr'><strong>est,</strong></span> <span class='ocrx_word' id='word_1_446' title='bbox 691 3007 748 3054; x_wconf 87' lang='lat' dir='ltr'><strong>ut</strong></span> <span class='ocrx_word' id='word_1_447' title='bbox 774 3001 1127 3065; x_wconf 72' lang='lat' dir='ltr'><strong>excitaretur,</strong></span> <span class='ocrx_word' id='word_1_448' title='bbox 1165 3001 1414 3056; x_wconf 84' lang='lat' dir='ltr'><strong>similiter</strong></span> <span class='ocrx_word' id='word_1_449' title='bbox 1448 3001 1595 3056; x_wconf 87' lang='lat' dir='ltr'><strong>latet.</strong></span> <span class='ocrx_word' id='word_1_450' title='bbox 1622 3000 1738 3056; x_wconf 86' lang='lat' dir='ltr'><strong>Nisi</strong></span> <span class='ocrx_word' id='word_1_451' title='bbox 1767 3000 1910 3063; x_wconf 71' lang='lat' dir='ltr'><strong>forte</strong></span> <span class='ocrx_word' id='word_1_452' title='bbox 1943 3069 1978 3078; x_wconf 39' lang='grc' dir='ltr'><strong>Α</strong></span> <span class='ocrx_word' id='word_1_453' title='bbox 2007 3009 2206 3064; x_wconf 80' lang='lat' dir='ltr'><strong>bovum</strong></span> <span class='ocrx_word' id='word_1_454' title='bbox 2228 3008 2512 3078; x_wconf 78' lang='lat' dir='ltr'><strong>imagines.</strong></span> <span class='ocrx_word' id='word_1_455' title='bbox 2544 3006 2603 3061; x_wconf 86' lang='lat' dir='ltr'><strong>Si</strong></span> <span class='ocrx_word' id='word_1_456' title='bbox 2625 3006 2791 3078; x_wconf 82' lang='lat' dir='ltr'><strong>igitur</strong></span> <span class='ocrx_word' id='word_1_457' title='bbox 2817 3003 3024 3076; x_wconf 85' lang='lat' dir='ltr'><strong>liquido</strong></span> <span class='ocrx_word' id='word_1_458' title='bbox 3049 3011 3260 3064; x_wconf 80' lang='lat' dir='ltr'><strong>constat</strong></span> <span class='ocrx_word' id='word_1_459' title='bbox 3286 3003 3598 3058; x_wconf 88' lang='lat' dir='ltr'><strong>hominibus</strong></span> 
     </span>
    </p>
   </div>
   <div class='ocr_carea' id='block_1_61' title="bbox 315 3069 3593 3167">
    <p class='ocr_par' dir='ltr' id='par_1_61' title="bbox 315 3069 3593 3167">
     <span class='ocr_line' id='line_1_61' title="bbox 315 3069 3593 3167; baseline -0.001 -20"><span class='ocrx_word' id='word_1_460' title='bbox 315 3094 444 3162; x_wconf 83' lang='lat' dir='ltr'><strong>quis</strong></span> <span class='ocrx_word' id='word_1_461' title='bbox 473 3094 674 3150; x_wconf 83' lang='lat' dir='ltr'><strong>dixerit</strong></span> <span class='ocrx_word' id='word_1_462' title='bbox 713 3092 1012 3149; x_wconf 84' lang='lat' dir='ltr'><strong>faciliorem</strong></span> <span class='ocrx_word' id='word_1_463' title='bbox 1057 3094 1272 3149; x_wconf 79' lang='lat' dir='ltr'><strong>diabolo</strong></span> <span class='ocrx_word' id='word_1_464' title='bbox 1322 3093 1490 3150; x_wconf 85' lang='lat' dir='ltr'><strong>fuisse</strong></span> <span class='ocrx_word' id='word_1_465' title='bbox 1533 3095 1806 3150; x_wconf 89' lang='lat' dir='ltr'><strong>licentiam</strong></span> <span class='ocrx_word' id='word_1_466' title='bbox 1838 3095 1908 3151; x_wconf 90' lang='lat' dir='ltr'><strong>ad</strong></span> <span class='ocrx_word' id='word_1_467' title='bbox 1935 3069 1980 3132; x_wconf 66' lang='grc' dir='ltr'><strong>θ</strong></span> <span class='ocrx_word' id='word_1_468' title='bbox 2011 3115 2198 3156; x_wconf 73' lang='lat' dir='ltr'><strong>earum</strong></span> <span class='ocrx_word' id='word_1_469' title='bbox 2237 3069 2438 3165; x_wconf 60' lang='lat' dir='ltr'><strong>rerum,</strong></span> <span class='ocrx_word' id='word_1_470' title='bbox 2485 3069 2714 3167; x_wconf 52' lang='lat' dir='ltr'><strong>quaru&#39;m</strong></span> <span class='ocrx_word' id='word_1_471' title='bbox 2741 3069 3010 3166; x_wconf 68' lang='lat' dir='ltr'><strong>imagines</strong></span> <span class='ocrx_word' id='word_1_472' title='bbox 3037 3100 3182 3159; x_wconf 85' lang='lat' dir='ltr'><strong>sunt,</strong></span> <span class='ocrx_word' id='word_1_473' title='bbox 3212 3093 3430 3148; x_wconf 89' lang='lat' dir='ltr'><strong>easdem</strong></span> <span class='ocrx_word' id='word_1_474' title='bbox 3455 3092 3593 3146; x_wconf 88' lang='lat' dir='ltr'><strong>ima-</strong></span> 
     </span>
    </p>
   </div>
   <div class='ocr_carea' id='block_1_62' title="bbox 313 3179 1912 3251">
    <p class='ocr_par' dir='ltr' id='par_1_62' title="bbox 313 3179 1912 3251">
     <span class='ocr_line' id='line_1_62' title="bbox 313 3179 1912 3251; baseline -0.001 -12"><span class='ocrx_word' id='word_1_475' title='bbox 313 3179 612 3239; x_wconf 68' lang='lat' dir='ltr'><strong>Dominum</strong></span> <span class='ocrx_word' id='word_1_476' title='bbox 635 3184 839 3251; x_wconf 65' lang='lat' dir='ltr'><strong>vivum,</strong></span> <span class='ocrx_word' id='word_1_477' title='bbox 871 3185 1014 3240; x_wconf 82' lang='lat' dir='ltr'><strong>unde</strong></span> <span class='ocrx_word' id='word_1_478' title='bbox 1049 3185 1220 3240; x_wconf 81' lang='lat' dir='ltr'><strong>voluit</strong></span> <span class='ocrx_word' id='word_1_479' title='bbox 1255 3186 1659 3250; x_wconf 87' lang='lat' dir='ltr'><strong>assumendum,</strong></span> <span class='ocrx_word' id='word_1_480' title='bbox 1709 3193 1784 3248; x_wconf 91' lang='lat' dir='ltr'><strong>et,</strong></span> <span class='ocrx_word' id='word_1_481' title='bbox 1817 3184 1912 3240; x_wconf 87' lang='lat' dir='ltr'><strong>ubi</strong></span> 
     </span>
    </p>
   </div>
   <div class='ocr_carea' id='block_1_63' title="bbox 313 3271 1906 3345">
    <p class='ocr_par' dir='ltr' id='par_1_63' title="bbox 313 3271 1906 3345">
     <span class='ocr_line' id='line_1_63' title="bbox 313 3271 1906 3345; baseline -0.001 -16"><span class='ocrx_word' id='word_1_482' title='bbox 313 3275 512 3342; x_wconf 90' lang='lat' dir='ltr'><strong>voluit,</strong></span> <span class='ocrx_word' id='word_1_483' title='bbox 543 3276 998 3342; x_wconf 80' lang='lat' dir='ltr'><strong>constituendum,</strong></span> <span class='ocrx_word' id='word_1_484' title='bbox 1039 3291 1202 3345; x_wconf 80' lang='lat' dir='ltr'><strong>quam</strong></span> <span class='ocrx_word' id='word_1_485' title='bbox 1249 3276 1323 3330; x_wconf 76' lang='lat' dir='ltr'><strong>ad</strong></span> <span class='ocrx_word' id='word_1_486' title='bbox 1368 3274 1638 3330; x_wconf 86' lang='lat' dir='ltr'><strong>Samuelis</strong></span> <span class='ocrx_word' id='word_1_487' title='bbox 1666 3271 1906 3329; x_wconf 78' lang='lat' dir='ltr'><strong>defuncti</strong></span> 
     </span>
    </p>
   </div>
   <div class='ocr_carea' id='block_1_64' title="bbox 312 3365 1910 3438">
    <p class='ocr_par' dir='ltr' id='par_1_64' title="bbox 312 3365 1910 3438">
     <span class='ocr_line' id='line_1_64' title="bbox 312 3365 1910 3438; baseline -0.001 -17"><span class='ocrx_word' id='word_1_488' title='bbox 312 3369 575 3438; x_wconf 79' lang='lat' dir='ltr'><strong>spiritum</strong></span> <span class='ocrx_word' id='word_1_489' title='bbox 613 3382 643 3420; x_wconf 91' lang='lat' dir='ltr'><strong>a</strong></span> <span class='ocrx_word' id='word_1_490' title='bbox 674 3367 789 3422; x_wconf 82' lang='lat' dir='ltr'><strong>suis</strong></span> <span class='ocrx_word' id='word_1_491' title='bbox 820 3365 1040 3423; x_wconf 84' lang='lat' dir='ltr'><strong>sedibus</strong></span> <span class='ocrx_word' id='word_1_492' title='bbox 1066 3367 1430 3423; x_wconf 75' lang='lat' dir='ltr'><strong>excitandum.</strong></span> <span class='ocrx_word' id='word_1_493' title='bbox 1475 3365 1628 3433; x_wconf 83' lang='lat' dir='ltr'><strong>Quod</strong></span> <span class='ocrx_word' id='word_1_494' title='bbox 1675 3366 1720 3421; x_wconf 90' lang='lat' dir='ltr'><strong>si</strong></span> <span class='ocrx_word' id='word_1_495' title='bbox 1772 3365 1910 3420; x_wconf 85' lang='lat' dir='ltr'><strong>illud</strong></span> 
     </span>
    </p>
   </div>
   <div class='ocr_carea' id='block_1_65' title="bbox 312 3459 1908 3530">
    <p class='ocr_par' dir='ltr' id='par_1_65' title="bbox 312 3459 1908 3530">
     <span class='ocr_line' id='line_1_65' title="bbox 312 3459 1908 3530; baseline -0.002 -16"><span class='ocrx_word' id='word_1_496' title='bbox 312 3460 370 3514; x_wconf 90' lang='lat' dir='ltr'><strong>in</strong></span> <span class='ocrx_word' id='word_1_497' title='bbox 401 3459 702 3530; x_wconf 86' lang='lat' dir='ltr'><strong>Evangelio</strong></span> <span class='ocrx_word' id='word_1_498' title='bbox 734 3474 836 3514; x_wconf 87' lang='lat' dir='ltr'><strong>nos</strong></span> <span class='ocrx_word' id='word_1_499' title='bbox 879 3460 1001 3515; x_wconf 80' lang='lat' dir='ltr'><strong>ideo</strong></span> <span class='ocrx_word' id='word_1_500' title='bbox 1028 3475 1133 3514; x_wconf 89' lang='lat' dir='ltr'><strong>non</strong></span> <span class='ocrx_word' id='word_1_501' title='bbox 1161 3459 1460 3530; x_wconf 83' lang='lat' dir='ltr'><strong>perturbat,</strong></span> <span class='ocrx_word' id='word_1_502' title='bbox 1491 3459 1616 3528; x_wconf 90' lang='lat' dir='ltr'><strong>quia</strong></span> <span class='ocrx_word' id='word_1_503' title='bbox 1647 3459 1908 3512; x_wconf 87' lang='lat' dir='ltr'><strong>Dominus</strong></span> 
     </span>
    </p>
   </div>
   <div class='ocr_carea' id='block_1_66' title="bbox 315 3549 1908 3619">
    <p class='ocr_par' dir='ltr' id='par_1_66' title="bbox 315 3549 1908 3619">
     <span class='ocr_line' id='line_1_66' title="bbox 315 3549 1908 3619; baseline 0 -17"><span class='ocrx_word' id='word_1_504' title='bbox 315 3551 491 3606; x_wconf 89' lang='lat' dir='ltr'><strong>voluit</strong></span> <span class='ocrx_word' id='word_1_505' title='bbox 547 3559 708 3618; x_wconf 87' lang='lat' dir='ltr'><strong>atque</strong></span> <span class='ocrx_word' id='word_1_506' title='bbox 741 3549 989 3619; x_wconf 81' lang='lat' dir='ltr'><strong>permisit</strong></span> <span class='ocrx_word' id='word_1_507' title='bbox 1038 3550 1183 3603; x_wconf 89' lang='lat' dir='ltr'><strong>nulla</strong></span> <span class='ocrx_word' id='word_1_508' title='bbox 1223 3550 1579 3610; x_wconf 84' lang='lat' dir='ltr'><strong>diminutione</strong></span> <span class='ocrx_word' id='word_1_509' title='bbox 1617 3561 1726 3602; x_wconf 62' lang='lat' dir='ltr'><strong>suae</strong></span> <span class='ocrx_word' id='word_1_510' title='bbox 1753 3556 1908 3618; x_wconf 85' lang='lat' dir='ltr'><strong>pote-</strong></span> 
     </span>
    </p>
   </div>
   <div class='ocr_carea' id='block_1_67' title="bbox 314 3637 1904 3707">
    <p class='ocr_par' dir='ltr' id='par_1_67' title="bbox 314 3637 1904 3707">
     <span class='ocr_line' id='line_1_67' title="bbox 314 3637 1904 3707; baseline -0.002 -12"><span class='ocrx_word' id='word_1_511' title='bbox 314 3642 476 3696; x_wconf 84' lang='lat' dir='ltr'><strong>statis</strong></span> <span class='ocrx_word' id='word_1_512' title='bbox 529 3649 584 3694; x_wconf 90' lang='lat' dir='ltr'><strong>et</strong></span> <span class='ocrx_word' id='word_1_513' title='bbox 613 3640 1004 3695; x_wconf 86' lang='lat' dir='ltr'><strong>divinitatis-id</strong></span> <span class='ocrx_word' id='word_1_514' title='bbox 1049 3640 1184 3704; x_wconf 84' lang='lat' dir='ltr'><strong>ﬁeri,</strong></span> <span class='ocrx_word' id='word_1_515' title='bbox 1233 3640 1372 3695; x_wconf 85' lang='lat' dir='ltr'><strong>sicut</strong></span> <span class='ocrx_word' id='word_1_516' title='bbox 1400 3638 1467 3692; x_wconf 84' lang='lat' dir='ltr'><strong>ab</strong></span> <span class='ocrx_word' id='word_1_517' title='bbox 1509 3639 1640 3707; x_wconf 85' lang='lat' dir='ltr'><strong>ipsis</strong></span> <span class='ocrx_word' id='word_1_518' title='bbox 1685 3637 1904 3701; x_wconf 72' lang='lat' dir='ltr'><strong>Judmis,</strong></span> 
     </span>
    </p>
   </div>
   <div class='ocr_carea' id='block_1_68' title="bbox 315 3727 1910 3802">
    <p class='ocr_par' dir='ltr' id='par_1_68' title="bbox 315 3727 1910 3802">
     <span class='ocr_line' id='line_1_68' title="bbox 315 3727 1910 3802; baseline -0.002 -18"><span class='ocrx_word' id='word_1_519' title='bbox 315 3747 651 3802; x_wconf 86' lang='lat' dir='ltr'><strong>quamquam</strong></span> <span class='ocrx_word' id='word_1_520' title='bbox 683 3731 954 3802; x_wconf 85' lang='lat' dir='ltr'><strong>perversis</strong></span> <span class='ocrx_word' id='word_1_521' title='bbox 981 3739 1144 3800; x_wconf 85' lang='lat' dir='ltr'><strong>atque</strong></span> <span class='ocrx_word' id='word_1_522' title='bbox 1189 3729 1502 3794; x_wconf 85' lang='lat' dir='ltr'><strong>immundis,</strong></span> <span class='ocrx_word' id='word_1_523' title='bbox 1541 3737 1596 3782; x_wconf 89' lang='lat' dir='ltr'><strong>et</strong></span> <span class='ocrx_word' id='word_1_524' title='bbox 1620 3727 1765 3783; x_wconf 84' lang='lat' dir='ltr'><strong>facta</strong></span> <span class='ocrx_word' id='word_1_525' title='bbox 1793 3728 1910 3782; x_wconf 86' lang='lat' dir='ltr'><strong>dia-</strong></span> 
     </span>
    </p>
   </div>
   <div class='ocr_carea' id='block_1_69' title="bbox 314 3817 1912 3887">
    <p class='ocr_par' dir='ltr' id='par_1_69' title="bbox 314 3817 1912 3887">
     <span class='ocr_line' id='line_1_69' title="bbox 314 3817 1912 3887; baseline -0.004 -9"><span class='ocrx_word' id='word_1_526' title='bbox 314 3823 422 3878; x_wconf 87' lang='lat' dir='ltr'><strong>boli</strong></span> <span class='ocrx_word' id='word_1_527' title='bbox 457 3823 807 3887; x_wconf 83' lang='lat' dir='ltr'><strong>facientibus,</strong></span> <span class='ocrx_word' id='word_1_528' title='bbox 833 3831 890 3876; x_wconf 89' lang='lat' dir='ltr'><strong>et</strong></span> <span class='ocrx_word' id='word_1_529' title='bbox 919 3821 1090 3876; x_wconf 85' lang='lat' dir='ltr'><strong>teneri</strong></span> <span class='ocrx_word' id='word_1_530' title='bbox 1115 3837 1194 3884; x_wconf 90' lang='lat' dir='ltr'><strong>se,</strong></span> <span class='ocrx_word' id='word_1_531' title='bbox 1241 3829 1296 3874; x_wconf 89' lang='lat' dir='ltr'><strong>ct</strong></span> <span class='ocrx_word' id='word_1_532' title='bbox 1328 3819 1541 3883; x_wconf 88' lang='lat' dir='ltr'><strong>vinciri,</strong></span> <span class='ocrx_word' id='word_1_533' title='bbox 1574 3825 1630 3872; x_wconf 89' lang='lat' dir='ltr'><strong>et</strong></span> <span class='ocrx_word' id='word_1_534' title='bbox 1655 3817 1824 3881; x_wconf 84' lang='lat' dir='ltr'><strong>illudi,</strong></span> <span class='ocrx_word' id='word_1_535' title='bbox 1856 3826 1912 3871; x_wconf 89' lang='lat' dir='ltr'><strong>et</strong></span> 
     </span>
    </p>
   </div>
   <div class='ocr_carea' id='block_1_70' title="bbox 313 3905 1911 3982">
    <p class='ocr_par' dir='ltr' id='par_1_70' title="bbox 313 3905 1911 3982">
     <span class='ocr_line' id='line_1_70' title="bbox 313 3905 1911 3982; baseline -0.005 -14"><span class='ocrx_word' id='word_1_536' title='bbox 313 3913 593 3982; x_wconf 86' lang='lat' dir='ltr'><strong>cruciﬁgi,</strong></span> <span class='ocrx_word' id='word_1_537' title='bbox 621 3919 782 3981; x_wconf 88' lang='lat' dir='ltr'><strong>atque</strong></span> <span class='ocrx_word' id='word_1_538' title='bbox 823 3910 1054 3966; x_wconf 86' lang='lat' dir='ltr'><strong>interﬁci</strong></span> <span class='ocrx_word' id='word_1_539' title='bbox 1081 3924 1274 3980; x_wconf 85' lang='lat' dir='ltr'><strong>passus</strong></span> <span class='ocrx_word' id='word_1_540' title='bbox 1316 3917 1436 3962; x_wconf 89' lang='lat' dir='ltr'><strong>est:</strong></span> <span class='ocrx_word' id='word_1_541' title='bbox 1469 3923 1577 3962; x_wconf 87' lang='lat' dir='ltr'><strong>non</strong></span> <span class='ocrx_word' id='word_1_542' title='bbox 1613 3914 1699 3962; x_wconf 90' lang='lat' dir='ltr'><strong>est</strong></span> <span class='ocrx_word' id='word_1_543' title='bbox 1721 3905 1911 3960; x_wconf 83' lang='lat' dir='ltr'><strong>absur-</strong></span> 
     </span>
    </p>
   </div>
   <div class='ocr_carea' id='block_1_71' title="bbox 316 3998 1908 4072">
    <p class='ocr_par' dir='ltr' id='par_1_71' title="bbox 316 3998 1908 4072">
     <span class='ocr_line' id='line_1_71' title="bbox 316 3998 1908 4072; baseline -0.004 -16"><span class='ocrx_word' id='word_1_544' title='bbox 316 4006 445 4060; x_wconf 86' lang='lat' dir='ltr'><strong>dum</strong></span> <span class='ocrx_word' id='word_1_545' title='bbox 485 4005 712 4060; x_wconf 89' lang='lat' dir='ltr'><strong>credere</strong></span> <span class='ocrx_word' id='word_1_546' title='bbox 736 4019 803 4058; x_wconf 83' lang='lat' dir='ltr'><strong>ex</strong></span> <span class='ocrx_word' id='word_1_547' title='bbox 831 4003 1010 4072; x_wconf 85' lang='lat' dir='ltr'><strong>aliqua</strong></span> <span class='ocrx_word' id='word_1_548' title='bbox 1051 4000 1452 4071; x_wconf 85' lang='lat' dir='ltr'><strong>dispensatione</strong></span> <span class='ocrx_word' id='word_1_549' title='bbox 1478 4000 1673 4055; x_wconf 87' lang='lat' dir='ltr'><strong>divinae</strong></span> <span class='ocrx_word' id='word_1_550' title='bbox 1716 3998 1908 4052; x_wconf 82' lang='lat' dir='ltr'><strong>volun-</strong></span> 
     </span>
    </p>
   </div>
   <div class='ocr_carea' id='block_1_72' title="bbox 315 4088 1911 4167">
    <p class='ocr_par' dir='ltr' id='par_1_72' title="bbox 315 4088 1911 4167">
     <span class='ocr_line' id='line_1_72' title="bbox 315 4088 1911 4167; baseline -0.006 -16"><span class='ocrx_word' id='word_1_551' title='bbox 315 4100 445 4153; x_wconf 83' lang='lat' dir='ltr'><strong>tatis</strong></span> <span class='ocrx_word' id='word_1_552' title='bbox 472 4097 808 4167; x_wconf 82' lang='lat' dir='ltr'><strong>permissum</strong></span> <span class='ocrx_word' id='word_1_553' title='bbox 855 4094 1043 4159; x_wconf 77' lang='lat' dir='ltr'><strong>fuisse,</strong></span> <span class='ocrx_word' id='word_1_554' title='bbox 1075 4103 1136 4148; x_wconf 91' lang='lat' dir='ltr'><strong>ut</strong></span> <span class='ocrx_word' id='word_1_555' title='bbox 1179 4107 1286 4146; x_wconf 85' lang='lat' dir='ltr'><strong>non</strong></span> <span class='ocrx_word' id='word_1_556' title='bbox 1327 4091 1551 4156; x_wconf 90' lang='lat' dir='ltr'><strong>invitus,</strong></span> <span class='ocrx_word' id='word_1_557' title='bbox 1592 4105 1690 4146; x_wconf 88' lang='lat' dir='ltr'><strong>nec</strong></span> <span class='ocrx_word' id='word_1_558' title='bbox 1739 4088 1911 4144; x_wconf 72' lang='lat' dir='ltr'><strong>(tomi-</strong></span> 
     </span>
    </p>
   </div>
   <div class='ocr_carea' id='block_1_73' title="bbox 318 4180 1907 4255">
    <p class='ocr_par' dir='ltr' id='par_1_73' title="bbox 318 4180 1907 4255">
     <span class='ocr_line' id='line_1_73' title="bbox 318 4180 1907 4255; baseline -0.004 -15"><span class='ocrx_word' id='word_1_559' title='bbox 318 4196 504 4249; x_wconf 87' lang='lat' dir='ltr'><strong>nante,</strong></span> <span class='ocrx_word' id='word_1_560' title='bbox 537 4193 697 4254; x_wconf 89' lang='lat' dir='ltr'><strong>atque</strong></span> <span class='ocrx_word' id='word_1_561' title='bbox 723 4185 1043 4255; x_wconf 84' lang='lat' dir='ltr'><strong>subjugantc</strong></span> <span class='ocrx_word' id='word_1_562' title='bbox 1071 4183 1276 4252; x_wconf 83' lang='lat' dir='ltr'><strong>magica</strong></span> <span class='ocrx_word' id='word_1_563' title='bbox 1298 4181 1563 4252; x_wconf 85' lang='lat' dir='ltr'><strong>potentia,</strong></span> <span class='ocrx_word' id='word_1_564' title='bbox 1584 4180 1677 4235; x_wconf 89' lang='lat' dir='ltr'><strong>sed</strong></span> <span class='ocrx_word' id='word_1_565' title='bbox 1701 4180 1907 4244; x_wconf 83' lang='lat' dir='ltr'><strong>volens,</strong></span> 
     </span>
    </p>
   </div>
   <div class='ocr_carea' id='block_1_74' title="bbox 319 4273 1912 4347">
    <p class='ocr_par' dir='ltr' id='par_1_74' title="bbox 319 4273 1912 4347">
     <span class='ocr_line' id='line_1_74' title="bbox 319 4273 1912 4347; baseline -0.001 -18"><span class='ocrx_word' id='word_1_566' title='bbox 319 4287 484 4347; x_wconf 89' lang='lat' dir='ltr'><strong>atque</strong></span> <span class='ocrx_word' id='word_1_567' title='bbox 527 4277 908 4346; x_wconf 83' lang='lat' dir='ltr'><strong>obtemperans</strong></span> <span class='ocrx_word' id='word_1_568' title='bbox 940 4275 1166 4332; x_wconf 64' lang='lat' dir='ltr'><strong>occulta:</strong></span> <span class='ocrx_word' id='word_1_569' title='bbox 1201 4273 1590 4345; x_wconf 82' lang='lat' dir='ltr'><strong>dispensationi</strong></span> <span class='ocrx_word' id='word_1_570' title='bbox 1634 4273 1751 4337; x_wconf 85' lang='lat' dir='ltr'><strong>Dei,</strong></span> <span class='ocrx_word' id='word_1_571' title='bbox 1792 4287 1912 4342; x_wconf 70' lang='lat' dir='ltr'><strong>qum</strong></span> 
     </span>
    </p>
   </div>
   <div class='ocr_carea' id='block_1_75' title="bbox 315 4362 1908 4436">
    <p class='ocr_par' dir='ltr' id='par_1_75' title="bbox 315 4362 1908 4436">
     <span class='ocr_line' id='line_1_75' title="bbox 315 4362 1908 4436; baseline -0.004 -16"><span class='ocrx_word' id='word_1_572' title='bbox 315 4365 700 4436; x_wconf 83' lang='lat' dir='ltr'><strong>pythonissa</strong></span> <span class='ocrx_word' id='word_1_573' title='bbox 733 4364 901 4430; x_wconf 84' lang='lat' dir='ltr'><strong>illam,</strong></span> <span class='ocrx_word' id='word_1_574' title='bbox 946 4372 1001 4420; x_wconf 87' lang='lat' dir='ltr'><strong>et</strong></span> <span class='ocrx_word' id='word_1_575' title='bbox 1037 4363 1344 4419; x_wconf 77' lang='lat' dir='ltr'><strong>Samuelem</strong></span> <span class='ocrx_word' id='word_1_576' title='bbox 1387 4362 1605 4427; x_wconf 85' lang='lat' dir='ltr'><strong>latebat,</strong></span> <span class='ocrx_word' id='word_1_577' title='bbox 1635 4362 1908 4420; x_wconf 86' lang='lat' dir='ltr'><strong>consenti-</strong></span> 
     </span>
    </p>
   </div>
   <div class='ocr_carea' id='block_1_76' title="bbox 318 4451 1908 4530">
    <p class='ocr_par' dir='ltr' id='par_1_76' title="bbox 318 4451 1908 4530">
     <span class='ocr_line' id='line_1_76' title="bbox 318 4451 1908 4530; baseline -0.004 -18"><span class='ocrx_word' id='word_1_578' title='bbox 318 4466 402 4513; x_wconf 89' lang='lat' dir='ltr'><strong>ret</strong></span> <span class='ocrx_word' id='word_1_579' title='bbox 424 4456 656 4530; x_wconf 85' lang='lat' dir='ltr'><strong>spiritus</strong></span> <span class='ocrx_word' id='word_1_580' title='bbox 704 4455 988 4526; x_wconf 82' lang='lat' dir='ltr'><strong>Prophetae</strong></span> <span class='ocrx_word' id='word_1_581' title='bbox 1021 4455 1215 4521; x_wconf 85' lang='lat' dir='ltr'><strong>sancti,</strong></span> <span class='ocrx_word' id='word_1_582' title='bbox 1263 4470 1322 4510; x_wconf 88' lang='lat' dir='ltr'><strong>se</strong></span> <span class='ocrx_word' id='word_1_583' title='bbox 1354 4453 1567 4509; x_wconf 89' lang='lat' dir='ltr'><strong>ostendi</strong></span> <span class='ocrx_word' id='word_1_584' title='bbox 1599 4451 1908 4522; x_wconf 80' lang='lat' dir='ltr'><strong>aspectibus</strong></span> 
     </span>
    </p>
   </div>
   <div class='ocr_carea' id='block_1_77' title="bbox 319 4540 1906 4616">
    <p class='ocr_par' dir='ltr' id='par_1_77' title="bbox 319 4540 1906 4616">
     <span class='ocr_line' id='line_1_77' title="bbox 319 4540 1906 4616; baseline -0.004 -15"><span class='ocrx_word' id='word_1_585' title='bbox 319 4549 484 4616; x_wconf 89' lang='lat' dir='ltr'><strong>regis,</strong></span> <span class='ocrx_word' id='word_1_586' title='bbox 511 4546 694 4601; x_wconf 85' lang='lat' dir='ltr'><strong>divina</strong></span> <span class='ocrx_word' id='word_1_587' title='bbox 721 4561 848 4602; x_wconf 87' lang='lat' dir='ltr'><strong>eum</strong></span> <span class='ocrx_word' id='word_1_588' title='bbox 890 4545 1157 4600; x_wconf 87' lang='lat' dir='ltr'><strong>sententia</strong></span> <span class='ocrx_word' id='word_1_589' title='bbox 1192 4558 1567 4614; x_wconf 83' lang='lat' dir='ltr'><strong>percussurus.</strong></span> <span class='ocrx_word' id='word_1_590' title='bbox 1613 4540 1722 4597; x_wconf 84' lang='lat' dir='ltr'><strong>Cur</strong></span> <span class='ocrx_word' id='word_1_591' title='bbox 1764 4541 1906 4596; x_wconf 84' lang='lat' dir='ltr'><strong>enim</strong></span> 
     </span>
    </p>
   </div>
   <div class='ocr_carea' id='block_1_78' title="bbox 317 4633 1911 4698">
    <p class='ocr_par' dir='ltr' id='par_1_78' title="bbox 317 4633 1911 4698">
     <span class='ocr_line' id='line_1_78' title="bbox 317 4633 1911 4698; baseline -0.004 -5"><span class='ocrx_word' id='word_1_592' title='bbox 317 4639 500 4693; x_wconf 87' lang='lat' dir='ltr'><strong>anima</strong></span> <span class='ocrx_word' id='word_1_593' title='bbox 538 4637 665 4692; x_wconf 88' lang='lat' dir='ltr'><strong>boni</strong></span> <span class='ocrx_word' id='word_1_594' title='bbox 695 4636 930 4691; x_wconf 84' lang='lat' dir='ltr'><strong>hominis</strong></span> <span class='ocrx_word' id='word_1_595' title='bbox 958 4652 988 4689; x_wconf 91' lang='lat' dir='ltr'><strong>a</strong></span> <span class='ocrx_word' id='word_1_596' title='bbox 1031 4635 1188 4689; x_wconf 87' lang='lat' dir='ltr'><strong>malis</strong></span> <span class='ocrx_word' id='word_1_597' title='bbox 1215 4635 1352 4688; x_wconf 91' lang='lat' dir='ltr'><strong>vivis</strong></span> <span class='ocrx_word' id='word_1_598' title='bbox 1398 4641 1640 4698; x_wconf 84' lang='lat' dir='ltr'><strong>evocata,</strong></span> <span class='ocrx_word' id='word_1_599' title='bbox 1673 4633 1719 4686; x_wconf 90' lang='lat' dir='ltr'><strong>si</strong></span> <span class='ocrx_word' id='word_1_600' title='bbox 1749 4646 1911 4686; x_wconf 83' lang='lat' dir='ltr'><strong>vene-</strong></span> 
     </span>
    </p>
   </div>
   <div class='ocr_carea' id='block_1_79' title="bbox 320 4722 1909 4796">
    <p class='ocr_par' dir='ltr' id='par_1_79' title="bbox 320 4722 1909 4796">
     <span class='ocr_line' id='line_1_79' title="bbox 320 4722 1909 4796; baseline -0.002 -17"><span class='ocrx_word' id='word_1_601' title='bbox 320 4729 413 4792; x_wconf 88' lang='lat' dir='ltr'><strong>rit,</strong></span> <span class='ocrx_word' id='word_1_602' title='bbox 441 4728 702 4785; x_wconf 80' lang='lat' dir='ltr'><strong>amittere</strong></span> <span class='ocrx_word' id='word_1_603' title='bbox 730 4727 978 4782; x_wconf 85' lang='lat' dir='ltr'><strong>videatur</strong></span> <span class='ocrx_word' id='word_1_604' title='bbox 1017 4725 1336 4796; x_wconf 84' lang='lat' dir='ltr'><strong>dignitatem</strong></span> <span class='ocrx_word' id='word_1_605' title='bbox 1363 4738 1534 4786; x_wconf 86' lang='lat' dir='ltr'><strong>suam,</strong></span> <span class='ocrx_word' id='word_1_606' title='bbox 1567 4738 1689 4778; x_wconf 86' lang='lat' dir='ltr'><strong>cum</strong></span> <span class='ocrx_word' id='word_1_607' title='bbox 1719 4730 1772 4777; x_wconf 86' lang='lat' dir='ltr'><strong>et</strong></span> <span class='ocrx_word' id='word_1_608' title='bbox 1801 4722 1909 4776; x_wconf 85' lang='lat' dir='ltr'><strong>vivi</strong></span> 
     </span>
    </p>
   </div>
   <div class='ocr_carea' id='block_1_80' title="bbox 322 4815 1909 4890">
    <p class='ocr_par' dir='ltr' id='par_1_80' title="bbox 322 4815 1909 4890">
     <span class='ocr_line' id='line_1_80' title="bbox 322 4815 1909 4890; baseline -0.004 -18"><span class='ocrx_word' id='word_1_609' title='bbox 322 4821 646 4890; x_wconf 84' lang='lat' dir='ltr'><strong>plerumque</strong></span> <span class='ocrx_word' id='word_1_610' title='bbox 675 4819 802 4875; x_wconf 87' lang='lat' dir='ltr'><strong>boni</strong></span> <span class='ocrx_word' id='word_1_611' title='bbox 840 4820 1020 4875; x_wconf 85' lang='lat' dir='ltr'><strong>vocati</strong></span> <span class='ocrx_word' id='word_1_612' title='bbox 1065 4819 1132 4873; x_wconf 92' lang='lat' dir='ltr'><strong>ad</strong></span> <span class='ocrx_word' id='word_1_613' title='bbox 1168 4817 1335 4872; x_wconf 86' lang='lat' dir='ltr'><strong>malos</strong></span> <span class='ocrx_word' id='word_1_614' title='bbox 1379 4815 1619 4878; x_wconf 82' lang='lat' dir='ltr'><strong>veniant,</strong></span> <span class='ocrx_word' id='word_1_615' title='bbox 1665 4823 1719 4869; x_wconf 82' lang='lat' dir='ltr'><strong>et</strong></span> <span class='ocrx_word' id='word_1_616' title='bbox 1749 4822 1909 4884; x_wconf 81' lang='lat' dir='ltr'><strong>agant</strong></span> 
     </span>
    </p>
   </div>
   <div class='ocr_carea' id='block_1_81' title="bbox 322 4905 1908 4983">
    <p class='ocr_par' dir='ltr' id='par_1_81' title="bbox 322 4905 1908 4983">
     <span class='ocr_line' id='line_1_81' title="bbox 322 4905 1908 4983; baseline -0.006 -18"><span class='ocrx_word' id='word_1_617' title='bbox 322 4928 445 4966; x_wconf 87' lang='lat' dir='ltr'><strong>cum</strong></span> <span class='ocrx_word' id='word_1_618' title='bbox 491 4913 597 4979; x_wconf 87' lang='lat' dir='ltr'><strong>eis,</strong></span> <span class='ocrx_word' id='word_1_619' title='bbox 625 4913 770 4983; x_wconf 83' lang='lat' dir='ltr'><strong>quod</strong></span> <span class='ocrx_word' id='word_1_620' title='bbox 813 4910 1046 4966; x_wconf 72' lang='lat' dir='ltr'><strong>officium</strong></span> <span class='ocrx_word' id='word_1_621' title='bbox 1087 4907 1326 4980; x_wconf 85' lang='lat' dir='ltr'><strong>postulat</strong></span> <span class='ocrx_word' id='word_1_622' title='bbox 1357 4905 1647 4977; x_wconf 67' lang='lat' dir='ltr'><strong>aequitatis,</strong></span> <span class='ocrx_word' id='word_1_623' title='bbox 1695 4912 1908 4958; x_wconf 86' lang='lat' dir='ltr'><strong>servato</strong></span> 
     </span>
    </p>
   </div>
   <div class='ocr_carea' id='block_1_82' title="bbox 323 4991 1913 5073">
    <p class='ocr_par' dir='ltr' id='par_1_82' title="bbox 323 4991 1913 5073">
     <span class='ocr_line' id='line_1_82' title="bbox 323 4991 1913 5073; baseline -0.008 -17"><span class='ocrx_word' id='word_1_624' title='bbox 323 5011 487 5073; x_wconf 83' lang='lat' dir='ltr'><strong>atque</strong></span> <span class='ocrx_word' id='word_1_625' title='bbox 517 5004 840 5058; x_wconf 85' lang='lat' dir='ltr'><strong>inconcusso</strong></span> <span class='ocrx_word' id='word_1_626' title='bbox 865 5002 1060 5058; x_wconf 86' lang='lat' dir='ltr'><strong>decore</strong></span> <span class='ocrx_word' id='word_1_627' title='bbox 1098 4999 1314 5057; x_wconf 85' lang='lat' dir='ltr'><strong>virtutis</strong></span> <span class='ocrx_word' id='word_1_628' title='bbox 1340 5011 1470 5061; x_wconf 71' lang='lat' dir='ltr'><strong>sum,</strong></span> <span class='ocrx_word' id='word_1_629' title='bbox 1501 5006 1552 5049; x_wconf 84' lang='lat' dir='ltr'><strong>et</strong></span> <span class='ocrx_word' id='word_1_630' title='bbox 1596 4994 1808 5053; x_wconf 84' lang='lat' dir='ltr'><strong>illorum</strong></span> <span class='ocrx_word' id='word_1_631' title='bbox 1834 4991 1913 5045; x_wconf 88' lang='lat' dir='ltr'><strong>vi-</strong></span> 
     </span>
    </p>
   </div>
   <div class='ocr_carea' id='block_1_83' title="bbox 326 5086 1912 5166">
    <p class='ocr_par' dir='ltr' id='par_1_83' title="bbox 326 5086 1912 5166">
     <span class='ocr_line' id='line_1_83' title="bbox 326 5086 1912 5166; baseline -0.005 -19"><span class='ocrx_word' id='word_1_632' title='bbox 326 5095 417 5150; x_wconf 86' lang='lat' dir='ltr'><strong>tiis</strong></span> <span class='ocrx_word' id='word_1_633' title='bbox 442 5111 549 5166; x_wconf 87' lang='lat' dir='ltr'><strong>pro</strong></span> <span class='ocrx_word' id='word_1_634' title='bbox 592 5111 773 5150; x_wconf 80' lang='lat' dir='ltr'><strong>rerum</strong></span> <span class='ocrx_word' id='word_1_635' title='bbox 815 5094 1162 5165; x_wconf 70' lang='lat' dir='ltr'><strong>praesentium</strong></span> <span class='ocrx_word' id='word_1_636' title='bbox 1191 5091 1276 5146; x_wconf 86' lang='lat' dir='ltr'><strong>vel</strong></span> <span class='ocrx_word' id='word_1_637' title='bbox 1305 5104 1424 5154; x_wconf 80' lang='lat' dir='ltr'><strong>usu,</strong></span> <span class='ocrx_word' id='word_1_638' title='bbox 1454 5088 1538 5142; x_wconf 87' lang='lat' dir='ltr'><strong>vel</strong></span> <span class='ocrx_word' id='word_1_639' title='bbox 1590 5086 1912 5141; x_wconf 86' lang='lat' dir='ltr'><strong>necessitate</strong></span> 
     </span>
    </p>
   </div>
   <div class='ocr_carea' id='block_1_84' title="bbox 328 5189 598 5242">
    <p class='ocr_par' dir='ltr' id='par_1_84' title="bbox 328 5189 598 5242">
     <span class='ocr_line' id='line_1_84' title="bbox 328 5189 598 5242; baseline -0.004 -1"><span class='ocrx_word' id='word_1_640' title='bbox 328 5189 598 5242; x_wconf 84' lang='lat' dir='ltr'><strong>tractatis.</strong></span> 
     </span>
    </p>
   </div>
   <div class='ocr_carea' id='block_1_85' title="bbox 404 5265 1918 5348">
    <p class='ocr_par' dir='ltr' id='par_1_85' title="bbox 404 5265 1918 5348">
     <span class='ocr_line' id='line_1_85' title="bbox 404 5265 1918 5348; baseline -0.007 -19"><span class='ocrx_word' id='word_1_641' title='bbox 404 5299 422 5329; x_wconf 77' lang='grc' dir='ltr'>ι</span> <span class='ocrx_word' id='word_1_642' title='bbox 455 5279 793 5348; x_wconf 89' lang='lat' dir='ltr'><strong>Quamquam</strong></span> <span class='ocrx_word' id='word_1_643' title='bbox 823 5277 878 5331; x_wconf 90' lang='lat' dir='ltr'><strong>in</strong></span> <span class='ocrx_word' id='word_1_644' title='bbox 898 5277 1002 5331; x_wconf 90' lang='lat' dir='ltr'><strong>hoc</strong></span> <span class='ocrx_word' id='word_1_645' title='bbox 1035 5273 1177 5329; x_wconf 90' lang='lat' dir='ltr'><strong>facto</strong></span> <span class='ocrx_word' id='word_1_646' title='bbox 1197 5282 1373 5343; x_wconf 88' lang='lat' dir='ltr'><strong>potest</strong></span> <span class='ocrx_word' id='word_1_647' title='bbox 1394 5285 1513 5327; x_wconf 88' lang='lat' dir='ltr'><strong>esse</strong></span> <span class='ocrx_word' id='word_1_648' title='bbox 1545 5270 1681 5324; x_wconf 90' lang='lat' dir='ltr'><strong>alius</strong></span> <span class='ocrx_word' id='word_1_649' title='bbox 1709 5265 1918 5322; x_wconf 78' lang='lat' dir='ltr'><strong>facilior</strong></span> 
     </span>
    </p>
   </div>
   <div class='ocr_carea' id='block_1_86' title="bbox 403 5421 1908 5501">
    <p class='ocr_par' dir='ltr' id='par_1_86' title="bbox 403 5421 1908 5501">
     <span class='ocr_line' id='line_1_86' title="bbox 403 5421 1908 5501; baseline -0.009 -15"><span class='ocrx_word' id='word_1_650' title='bbox 403 5446 428 5473; x_wconf 76' lang='grc' dir='ltr'><strong>ει</strong></span> <span class='ocrx_word' id='word_1_651' title='bbox 461 5431 580 5486; x_wconf 87' lang='lat' dir='ltr'><strong>Lib.</strong></span> <span class='ocrx_word' id='word_1_652' title='bbox 610 5433 648 5486; x_wconf 70' lang='grc' dir='ltr'><strong>Ξ</strong></span> <span class='ocrx_word' id='word_1_653' title='bbox 696 5431 1052 5501; x_wconf 68' lang='lat' dir='ltr'><strong>quaestionum</strong></span> <span class='ocrx_word' id='word_1_654' title='bbox 1095 5429 1164 5484; x_wconf 84' lang='lat' dir='ltr'><strong>ad</strong></span> <span class='ocrx_word' id='word_1_655' title='bbox 1204 5427 1598 5498; x_wconf 81' lang='lat' dir='ltr'><strong>Simplicianum</strong></span> <span class='ocrx_word' id='word_1_656' title='bbox 1629 5432 1820 5493; x_wconf 67' lang='lat' dir='ltr'><strong>quaest.</strong></span> <span class='ocrx_word' id='word_1_657' title='bbox 1855 5421 1908 5486; x_wconf 78' lang='grc'><strong>4,</strong></span> 
     </span>
    </p>
   </div>
   <div class='ocr_carea' id='block_1_87' title="bbox 332 5503 1253 5640">
    <p class='ocr_par' dir='ltr' id='par_1_87' title="bbox 332 5503 1253 5640">
     <span class='ocr_line' id='line_1_87' title="bbox 469 5503 576 5555; baseline -0.019 0"><span class='ocrx_word' id='word_1_658' title='bbox 469 5539 485 5555; x_wconf 94' lang='grc'><strong>.</strong></span> <span class='ocrx_word' id='word_1_659' title='bbox 527 5503 576 5554; x_wconf 87' lang='lat' dir='ltr'><strong>l.</strong></span> 
     </span>
     <span class='ocr_line' id='line_1_88' title="bbox 332 5518 1253 5640; baseline -0.011 -12"><span class='ocrx_word' id='word_1_660' title='bbox 332 5518 654 5626; x_wconf 60' lang='grc' dir='ltr'><strong>ιηιὲιῃιὲΑῘίιιιε</strong></span> <span class='ocrx_word' id='word_1_661' title='bbox 683 5590 694 5624; x_wconf 93' lang='lat'>:</span> <span class='ocrx_word' id='word_1_662' title='bbox 723 5587 786 5625; x_wconf 74' lang='lat' dir='ltr'><strong>ea:</strong></span> <span class='ocrx_word' id='word_1_663' title='bbox 811 5570 987 5640; x_wconf 86' lang='lat' dir='ltr'><strong>aliqua</strong></span> <span class='ocrx_word' id='word_1_664' title='bbox 1023 5568 1253 5622; x_wconf 79' lang='lat' dir='ltr'><strong>materie.</strong></span> 
     </span>
    </p>
   </div>
   <div class='ocr_carea' id='block_1_88' title="bbox 406 5640 1106 5708">
    <p class='ocr_par' dir='ltr' id='par_1_88' title="bbox 406 5640 1106 5708">
     <span class='ocr_line' id='line_1_89' title="bbox 406 5640 1106 5708; baseline -0.009 -12"><span class='ocrx_word' id='word_1_665' title='bbox 406 5652 431 5682; x_wconf 80' lang='grc' dir='ltr'><strong><em>ο</em></strong></span> <span class='ocrx_word' id='word_1_666' title='bbox 465 5640 694 5696; x_wconf 80' lang='lat' dir='ltr'><strong>Editus:</strong></span> <span class='ocrx_word' id='word_1_667' title='bbox 727 5640 818 5694; x_wconf 79' lang='lat' dir='ltr'><strong>illa</strong></span> <span class='ocrx_word' id='word_1_668' title='bbox 843 5642 1106 5708; x_wconf 70' lang='lat' dir='ltr'><strong>figmenta.</strong></span> 
     </span>
    </p>
   </div>
   <div class='ocr_carea' id='block_1_89' title="bbox 2011 3183 3600 3264">
    <p class='ocr_par' dir='ltr' id='par_1_89' title="bbox 2011 3183 3600 3264">
     <span class='ocr_line' id='line_1_90' title="bbox 2011 3183 3600 3264; baseline -0.006 -18"><span class='ocrx_word' id='word_1_669' title='bbox 2011 3193 2164 3264; x_wconf 89' lang='lat' dir='ltr'><strong>gines</strong></span> <span class='ocrx_word' id='word_1_670' title='bbox 2194 3190 2476 3262; x_wconf 87' lang='lat' dir='ltr'><strong>appellari,</strong></span> <span class='ocrx_word' id='word_1_671' title='bbox 2503 3189 2582 3244; x_wconf 91' lang='lat' dir='ltr'><strong>nil</strong></span> <span class='ocrx_word' id='word_1_672' title='bbox 2607 3189 2805 3243; x_wconf 88' lang='lat' dir='ltr'><strong>mirum</strong></span> <span class='ocrx_word' id='word_1_673' title='bbox 2837 3194 2940 3252; x_wconf 81' lang='lat' dir='ltr'><strong>est,</strong></span> <span class='ocrx_word' id='word_1_674' title='bbox 2972 3186 3117 3256; x_wconf 86' lang='lat' dir='ltr'><strong>quod</strong></span> <span class='ocrx_word' id='word_1_675' title='bbox 3142 3183 3423 3257; x_wconf 84' lang='lat' dir='ltr'><strong>Scriptura</strong></span> <span class='ocrx_word' id='word_1_676' title='bbox 3451 3184 3600 3238; x_wconf 87' lang='lat' dir='ltr'><strong>dicat</strong></span> 
     </span>
    </p>
   </div>
   <div class='ocr_carea' id='block_1_90' title="bbox 2009 3273 3623 3347">
    <p class='ocr_par' dir='ltr' id='par_1_90' title="bbox 2009 3273 3623 3347">
     <span class='ocr_line' id='line_1_91' title="bbox 2009 3273 3623 3347; baseline -0.006 -10"><span class='ocrx_word' id='word_1_677' title='bbox 2009 3281 2318 3337; x_wconf 81' lang='lat' dir='ltr'><strong>Samuelem</strong></span> <span class='ocrx_word' id='word_1_678' title='bbox 2345 3280 2544 3346; x_wconf 85' lang='lat' dir='ltr'><strong>visum,</strong></span> <span class='ocrx_word' id='word_1_679' title='bbox 2571 3278 2738 3335; x_wconf 81' lang='lat' dir='ltr'><strong>etiam</strong></span> <span class='ocrx_word' id='word_1_680' title='bbox 2762 3278 2807 3333; x_wconf 91' lang='lat' dir='ltr'><strong>si</strong></span> <span class='ocrx_word' id='word_1_681' title='bbox 2833 3275 2974 3332; x_wconf 83' lang='lat' dir='ltr'><strong>forte</strong></span> <span class='ocrx_word' id='word_1_682' title='bbox 3000 3277 3178 3347; x_wconf 77' lang='lat' dir='ltr'><strong>imago</strong></span> <span class='ocrx_word' id='word_1_683' title='bbox 3207 3273 3478 3330; x_wconf 88' lang='lat' dir='ltr'><strong>Samuelis</strong></span> <span class='ocrx_word' id='word_1_684' title='bbox 3502 3287 3623 3342; x_wconf 80' lang='lat' dir='ltr'><strong>ap-.</strong></span> 
     </span>
    </p>
   </div>
   <div class='ocr_carea' id='block_1_91' title="bbox 2009 3365 3602 3445">
    <p class='ocr_par' dir='ltr' id='par_1_91' title="bbox 2009 3365 3602 3445">
     <span class='ocr_line' id='line_1_92' title="bbox 2009 3365 3602 3445; baseline -0.006 -16"><span class='ocrx_word' id='word_1_685' title='bbox 2009 3374 2207 3445; x_wconf 89' lang='lat' dir='ltr'><strong>paruit,</strong></span> <span class='ocrx_word' id='word_1_686' title='bbox 2270 3373 2706 3429; x_wconf 85' lang='lat' dir='ltr'><strong>machinamento</strong></span> <span class='ocrx_word' id='word_1_687' title='bbox 2753 3370 2888 3441; x_wconf 88' lang='lat' dir='ltr'><strong>ejus,</strong></span> <span class='ocrx_word' id='word_1_688' title='bbox 2937 3370 3029 3440; x_wconf 87' lang='lat' dir='ltr'><strong>qui</strong></span> <span class='ocrx_word' id='word_1_689' title='bbox 3076 3367 3163 3441; x_wconf 86' lang='grc' dir='ltr'><strong>(ΙΙ</strong></span> <span class='ocrx_word' id='word_1_690' title='bbox 3209 3367 3334 3423; x_wconf 84' lang='lat' dir='ltr'><strong>Cor.</strong></span> <span class='ocrx_word' id='word_1_691' title='bbox 3385 3381 3464 3433; x_wconf 75' lang='lat' dir='ltr'><strong>xi,</strong></span> <span class='ocrx_word' id='word_1_692' title='bbox 3506 3365 3602 3437; x_wconf 28' lang='lat' dir='ltr'><strong>lt).</strong></span> 
     </span>
    </p>
   </div>
   <div class='ocr_carea' id='block_1_92' title="bbox 2009 3459 3594 3537">
    <p class='ocr_par' dir='ltr' id='par_1_92' title="bbox 2009 3459 3594 3537">
     <span class='ocr_line' id='line_1_93' title="bbox 2009 3459 3594 3537; baseline -0.006 -16"><span class='ocrx_word' id='word_1_693' title='bbox 2009 3465 2358 3537; x_wconf 88' lang='lat' dir='ltr'><strong>transﬁgurat</strong></span> <span class='ocrx_word' id='word_1_694' title='bbox 2405 3481 2464 3521; x_wconf 90' lang='lat' dir='ltr'><strong>se</strong></span> <span class='ocrx_word' id='word_1_695' title='bbox 2497 3464 2647 3521; x_wconf 85' lang='lat' dir='ltr'><strong>velut</strong></span> <span class='ocrx_word' id='word_1_696' title='bbox 2686 3463 2954 3536; x_wconf 83' lang='lat' dir='ltr'><strong>Angelum</strong></span> <span class='ocrx_word' id='word_1_697' title='bbox 3002 3461 3163 3525; x_wconf 87' lang='lat' dir='ltr'><strong>lucis,</strong></span> <span class='ocrx_word' id='word_1_698' title='bbox 3208 3468 3265 3514; x_wconf 88' lang='lat' dir='ltr'><strong>et</strong></span> <span class='ocrx_word' id='word_1_699' title='bbox 3313 3459 3594 3514; x_wconf 86' lang='lat' dir='ltr'><strong>ministros</strong></span> 
     </span>
    </p>
   </div>
   <div class='ocr_carea' id='block_1_93' title="bbox 2009 3552 2870 3622">
    <p class='ocr_par' dir='ltr' id='par_1_93' title="bbox 2009 3552 2870 3622">
     <span class='ocr_line' id='line_1_94' title="bbox 2009 3552 2870 3622; baseline -0.007 -11"><span class='ocrx_word' id='word_1_700' title='bbox 2009 3571 2135 3612; x_wconf 85' lang='lat' dir='ltr'><strong>suos</strong></span> <span class='ocrx_word' id='word_1_701' title='bbox 2155 3555 2303 3612; x_wconf 87' lang='lat' dir='ltr'><strong>velut</strong></span> <span class='ocrx_word' id='word_1_702' title='bbox 2325 3555 2606 3611; x_wconf 89' lang='lat' dir='ltr'><strong>ministros</strong></span> <span class='ocrx_word' id='word_1_703' title='bbox 2627 3552 2870 3622; x_wconf 73' lang='lat' dir='ltr'><strong>iustitiae.</strong></span> 
     </span>
    </p>
   </div>
   <div class='ocr_carea' id='block_1_94' title="bbox 2087 3686 3594 3760">
    <p class='ocr_par' dir='ltr' id='par_1_94' title="bbox 2087 3686 3594 3760">
     <span class='ocr_line' id='line_1_95' title="bbox 2087 3686 3594 3760; baseline -0.003 -13"><span class='ocrx_word' id='word_1_704' title='bbox 2087 3717 2105 3747; x_wconf 75' lang='grc' dir='ltr'>ι</span> <span class='ocrx_word' id='word_1_705' title='bbox 2133 3693 2253 3752; x_wconf 85' lang='lat' dir='ltr'><strong>Jam</strong></span> <span class='ocrx_word' id='word_1_706' title='bbox 2281 3710 2434 3759; x_wconf 89' lang='lat' dir='ltr'><strong>vero,</strong></span> <span class='ocrx_word' id='word_1_707' title='bbox 2465 3695 2512 3748; x_wconf 91' lang='lat' dir='ltr'><strong>si</strong></span> <span class='ocrx_word' id='word_1_708' title='bbox 2542 3693 2674 3746; x_wconf 89' lang='lat' dir='ltr'><strong>illud</strong></span> <span class='ocrx_word' id='word_1_709' title='bbox 2697 3699 2878 3746; x_wconf 85' lang='lat' dir='ltr'><strong>movet</strong></span> <span class='ocrx_word' id='word_1_710' title='bbox 2899 3688 3194 3760; x_wconf 86' lang='lat' dir='ltr'><strong>quomodo,</strong></span> <span class='ocrx_word' id='word_1_711' title='bbox 3226 3696 3281 3744; x_wconf 89' lang='lat' dir='ltr'><strong>et</strong></span> <span class='ocrx_word' id='word_1_712' title='bbox 3300 3701 3330 3742; x_wconf 90' lang='lat' dir='ltr'><strong>a</strong></span> <span class='ocrx_word' id='word_1_713' title='bbox 3359 3686 3594 3758; x_wconf 86' lang='lat' dir='ltr'><strong>maligno</strong></span> 
     </span>
    </p>
   </div>
   <div class='ocr_carea' id='block_1_95' title="bbox 2007 3777 3595 3854">
    <p class='ocr_par' dir='ltr' id='par_1_95' title="bbox 2007 3777 3595 3854">
     <span class='ocr_line' id='line_1_96' title="bbox 2007 3777 3595 3854; baseline -0.006 -15"><span class='ocrx_word' id='word_1_714' title='bbox 2007 3787 2202 3854; x_wconf 87' lang='lat' dir='ltr'><strong>spiritu</strong></span> <span class='ocrx_word' id='word_1_715' title='bbox 2233 3784 2380 3839; x_wconf 88' lang='lat' dir='ltr'><strong>Sauli</strong></span> <span class='ocrx_word' id='word_1_716' title='bbox 2406 3796 2533 3837; x_wconf 88' lang='lat' dir='ltr'><strong>vera</strong></span> <span class='ocrx_word' id='word_1_717' title='bbox 2575 3782 2832 3852; x_wconf 87' lang='lat' dir='ltr'><strong>praedicta</strong></span> <span class='ocrx_word' id='word_1_718' title='bbox 2872 3780 3006 3854; x_wconf 86' lang='lat' dir='ltr'><strong>sint,</strong></span> <span class='ocrx_word' id='word_1_719' title='bbox 3040 3784 3224 3847; x_wconf 88' lang='lat' dir='ltr'><strong>potest</strong></span> <span class='ocrx_word' id='word_1_720' title='bbox 3249 3787 3304 3832; x_wconf 89' lang='lat' dir='ltr'><strong>et</strong></span> <span class='ocrx_word' id='word_1_721' title='bbox 3331 3777 3459 3832; x_wconf 93' lang='lat' dir='ltr'><strong>illud</strong></span> <span class='ocrx_word' id='word_1_722' title='bbox 3495 3777 3595 3831; x_wconf 84' lang='lat' dir='ltr'><strong>mi-</strong></span> 
     </span>
    </p>
   </div>
   <div class='ocr_carea' id='block_1_96' title="bbox 2011 3859 3595 3944">
    <p class='ocr_par' dir='ltr' id='par_1_96' title="bbox 2011 3859 3595 3944">
     <span class='ocr_line' id='line_1_97' title="bbox 2011 3859 3595 3944; baseline -0.005 -16"><span class='ocrx_word' id='word_1_723' title='bbox 2011 3890 2130 3928; x_wconf 90' lang='lat' dir='ltr'><strong>rum</strong></span> <span class='ocrx_word' id='word_1_724' title='bbox 2151 3874 2340 3938; x_wconf 89' lang='lat' dir='ltr'><strong>videri,</strong></span> <span class='ocrx_word' id='word_1_725' title='bbox 2361 3871 2629 3944; x_wconf 88' lang='lat' dir='ltr'><strong>quomodo</strong></span> <span class='ocrx_word' id='word_1_726' title='bbox 2647 3871 2920 3924; x_wconf 81' lang='lat' dir='ltr'><strong>daemones</strong></span> <span class='ocrx_word' id='word_1_727' title='bbox 2957 3875 3292 3938; x_wconf 87' lang='lat' dir='ltr'><strong>agnoverunt</strong></span> <span class='ocrx_word' id='word_1_728' title='bbox 3320 3859 3595 3922; x_wconf 89' lang='lat' dir='ltr'><strong>Christum</strong></span> 
     </span>
    </p>
   </div>
   <div class='ocr_carea' id='block_1_97' title="bbox 2013 3957 3589 4036">
    <p class='ocr_par' dir='ltr' id='par_1_97' title="bbox 2013 3957 3589 4036">
     <span class='ocr_line' id='line_1_98' title="bbox 2013 3957 3589 4036; baseline -0.004 -18"><span class='ocrx_word' id='word_1_729' title='bbox 2013 3964 2226 4036; x_wconf 81' lang='lat' dir='ltr'><strong>(Matth.</strong></span> <span class='ocrx_word' id='word_1_730' title='bbox 2258 3981 2374 4028; x_wconf 82' lang='lat' dir='ltr'><strong>vm,</strong></span> <span class='ocrx_word' id='word_1_731' title='bbox 2399 3963 2514 4033; x_wconf 77' lang='lat'><strong>29),</strong></span> <span class='ocrx_word' id='word_1_732' title='bbox 2539 3976 2700 4030; x_wconf 87' lang='lat' dir='ltr'><strong>quem</strong></span> <span class='ocrx_word' id='word_1_733' title='bbox 2719 3957 2890 4015; x_wconf 70' lang='lat' dir='ltr'><strong>Judzei</strong></span> <span class='ocrx_word' id='word_1_734' title='bbox 2913 3972 3022 4013; x_wconf 91' lang='lat' dir='ltr'><strong>non</strong></span> <span class='ocrx_word' id='word_1_735' title='bbox 3043 3959 3428 4027; x_wconf 85' lang='lat' dir='ltr'><strong>agnoscebant.</strong></span> <span class='ocrx_word' id='word_1_736' title='bbox 3452 3957 3589 4014; x_wconf 85' lang='lat' dir='ltr'><strong>Cum</strong></span> 
     </span>
    </p>
   </div>
   <div class='ocr_carea' id='block_1_98' title="bbox 2008 4049 3597 4121">
    <p class='ocr_par' dir='ltr' id='par_1_98' title="bbox 2008 4049 3597 4121">
     <span class='ocr_line' id='line_1_99' title="bbox 2008 4049 3597 4121; baseline -0.001 -13"><span class='ocrx_word' id='word_1_737' title='bbox 2008 4057 2158 4114; x_wconf 86' lang='lat' dir='ltr'><strong>enim</strong></span> <span class='ocrx_word' id='word_1_738' title='bbox 2199 4055 2310 4110; x_wconf 86' lang='lat' dir='ltr'><strong>vult</strong></span> <span class='ocrx_word' id='word_1_739' title='bbox 2345 4057 2506 4116; x_wconf 88' lang='lat' dir='ltr'><strong>Deus,</strong></span> <span class='ocrx_word' id='word_1_740' title='bbox 2544 4053 2708 4108; x_wconf 89' lang='lat' dir='ltr'><strong>etiam</strong></span> <span class='ocrx_word' id='word_1_741' title='bbox 2757 4064 2855 4121; x_wconf 91' lang='lat' dir='ltr'><strong>per</strong></span> <span class='ocrx_word' id='word_1_742' title='bbox 2895 4049 2923 4090; x_wconf 74' lang='grc' dir='ltr'><strong><em>ἀ</em></strong></span> <span class='ocrx_word' id='word_1_743' title='bbox 2965 4049 3201 4117; x_wconf 88' lang='lat' dir='ltr'><strong>inﬁmos,</strong></span> <span class='ocrx_word' id='word_1_744' title='bbox 3247 4050 3597 4121; x_wconf 78' lang='lat' dir='ltr'><strong>infernosque</strong></span> 
     </span>
    </p>
   </div>
   <div class='ocr_carea' id='block_1_99' title="bbox 2011 4139 3595 4216">
    <p class='ocr_par' dir='ltr' id='par_1_99' title="bbox 2011 4139 3595 4216">
     <span class='ocr_line' id='line_1_100' title="bbox 2011 4139 3595 4216; baseline -0.002 -16"><span class='ocrx_word' id='word_1_745' title='bbox 2011 4143 2232 4216; x_wconf 84' lang='lat' dir='ltr'><strong>spiritus</strong></span> <span class='ocrx_word' id='word_1_746' title='bbox 2258 4143 2492 4213; x_wconf 88' lang='lat' dir='ltr'><strong>aliquem</strong></span> <span class='ocrx_word' id='word_1_747' title='bbox 2528 4155 2655 4195; x_wconf 87' lang='lat' dir='ltr'><strong>vera</strong></span> <span class='ocrx_word' id='word_1_748' title='bbox 2693 4153 3055 4214; x_wconf 82' lang='lat' dir='ltr'><strong>cognoscere,</strong></span> <span class='ocrx_word' id='word_1_749' title='bbox 3104 4140 3418 4212; x_wconf 87' lang='lat' dir='ltr'><strong>temporalia</strong></span> <span class='ocrx_word' id='word_1_750' title='bbox 3459 4139 3595 4198; x_wconf 88' lang='lat' dir='ltr'><strong>dun-</strong></span> 
     </span>
    </p>
   </div>
   <div class='ocr_carea' id='block_1_100' title="bbox 2013 4231 3596 4304">
    <p class='ocr_par' dir='ltr' id='par_1_100' title="bbox 2013 4231 3596 4304">
     <span class='ocr_line' id='line_1_101' title="bbox 2013 4231 3596 4304; baseline -0.001 -14"><span class='ocrx_word' id='word_1_751' title='bbox 2013 4243 2182 4301; x_wconf 81' lang='lat' dir='ltr'><strong>taxat,</strong></span> <span class='ocrx_word' id='word_1_752' title='bbox 2213 4243 2375 4304; x_wconf 86' lang='lat' dir='ltr'><strong>atque</strong></span> <span class='ocrx_word' id='word_1_753' title='bbox 2405 4233 2474 4288; x_wconf 90' lang='lat' dir='ltr'><strong>ad</strong></span> <span class='ocrx_word' id='word_1_754' title='bbox 2509 4231 2666 4288; x_wconf 90' lang='lat' dir='ltr'><strong>istam</strong></span> <span class='ocrx_word' id='word_1_755' title='bbox 2710 4231 3098 4290; x_wconf 87' lang='lat' dir='ltr'><strong>mortalitatem</strong></span> <span class='ocrx_word' id='word_1_756' title='bbox 3143 4233 3488 4303; x_wconf 87' lang='lat' dir='ltr'><strong>pertinentia,</strong></span> <span class='ocrx_word' id='word_1_757' title='bbox 3515 4233 3596 4288; x_wconf 86' lang='lat' dir='ltr'><strong>fa-</strong></span> 
     </span>
    </p>
   </div>
   <div class='ocr_carea' id='block_1_101' title="bbox 2012 4325 3592 4396">
    <p class='ocr_par' dir='ltr' id='par_1_101' title="bbox 2012 4325 3592 4396">
     <span class='ocr_line' id='line_1_102' title="bbox 2012 4325 3592 4396; baseline -0.004 -10"><span class='ocrx_word' id='word_1_758' title='bbox 2012 4329 2112 4386; x_wconf 90' lang='lat' dir='ltr'><strong>cile</strong></span> <span class='ocrx_word' id='word_1_759' title='bbox 2140 4336 2245 4393; x_wconf 89' lang='lat' dir='ltr'><strong>est,</strong></span> <span class='ocrx_word' id='word_1_760' title='bbox 2279 4337 2334 4383; x_wconf 89' lang='lat' dir='ltr'><strong>et</strong></span> <span class='ocrx_word' id='word_1_761' title='bbox 2385 4342 2490 4382; x_wconf 92' lang='lat' dir='ltr'><strong>non</strong></span> <span class='ocrx_word' id='word_1_762' title='bbox 2522 4326 2904 4396; x_wconf 87' lang='lat' dir='ltr'><strong>incongruum,</strong></span> <span class='ocrx_word' id='word_1_763' title='bbox 2932 4333 2994 4380; x_wconf 90' lang='lat' dir='ltr'><strong>ut</strong></span> <span class='ocrx_word' id='word_1_764' title='bbox 3040 4325 3382 4394; x_wconf 88' lang='lat' dir='ltr'><strong>omnipotens</strong></span> <span class='ocrx_word' id='word_1_765' title='bbox 3429 4326 3592 4392; x_wconf 90' lang='lat' dir='ltr'><strong>Deus,</strong></span> 
     </span>
    </p>
   </div>
   <div class='ocr_carea' id='block_1_102' title="bbox 1936 4411 3594 4490">
    <p class='ocr_par' dir='ltr' id='par_1_102' title="bbox 1936 4411 3594 4490">
     <span class='ocr_line' id='line_1_103' title="bbox 1936 4411 3594 4490; baseline -0.002 -19"><span class='ocrx_word' id='word_1_766' title='bbox 1936 4411 1988 4471; x_wconf 89' lang='lat' dir='ltr'><strong>D</strong></span> <span class='ocrx_word' id='word_1_767' title='bbox 2014 4431 2075 4478; x_wconf 86' lang='lat' dir='ltr'><strong>ut</strong></span> <span class='ocrx_word' id='word_1_768' title='bbox 2101 4434 2122 4461; x_wconf 73' lang='grc' dir='ltr'>θ</span> <span class='ocrx_word' id='word_1_769' title='bbox 2148 4420 2345 4490; x_wconf 88' lang='lat' dir='ltr'><strong>justus,</strong></span> <span class='ocrx_word' id='word_1_770' title='bbox 2375 4418 2440 4473; x_wconf 90' lang='lat' dir='ltr'><strong>ad</strong></span> <span class='ocrx_word' id='word_1_771' title='bbox 2469 4433 2654 4474; x_wconf 87' lang='lat' dir='ltr'><strong>eorum</strong></span> <span class='ocrx_word' id='word_1_772' title='bbox 2681 4432 2898 4487; x_wconf 80' lang='lat' dir='ltr'><strong>pmnam</strong></span> <span class='ocrx_word' id='word_1_773' title='bbox 2934 4415 3133 4486; x_wconf 89' lang='lat' dir='ltr'><strong>quibus</strong></span> <span class='ocrx_word' id='word_1_774' title='bbox 3167 4415 3270 4469; x_wconf 91' lang='lat' dir='ltr'><strong>ista</strong></span> <span class='ocrx_word' id='word_1_775' title='bbox 3295 4416 3594 4486; x_wconf 58' lang='lat' dir='ltr'><strong>praedicun-</strong></span> 
     </span>
    </p>
   </div>
   <div class='ocr_carea' id='block_1_103' title="bbox 2014 4504 3596 4578">
    <p class='ocr_par' dir='ltr' id='par_1_103' title="bbox 2014 4504 3596 4578">
     <span class='ocr_line' id='line_1_104' title="bbox 2014 4504 3596 4578; baseline -0.006 -10"><span class='ocrx_word' id='word_1_776' title='bbox 2014 4521 2124 4577; x_wconf 89' lang='lat' dir='ltr'><strong>tur,</strong></span> <span class='ocrx_word' id='word_1_777' title='bbox 2153 4520 2214 4566; x_wconf 91' lang='lat' dir='ltr'><strong>ut</strong></span> <span class='ocrx_word' id='word_1_778' title='bbox 2247 4510 2468 4576; x_wconf 90' lang='lat' dir='ltr'><strong>malum,</strong></span> <span class='ocrx_word' id='word_1_779' title='bbox 2503 4508 2645 4578; x_wconf 87' lang='lat' dir='ltr'><strong>quod</strong></span> <span class='ocrx_word' id='word_1_780' title='bbox 2671 4508 2750 4562; x_wconf 90' lang='lat' dir='ltr'><strong>eis</strong></span> <span class='ocrx_word' id='word_1_781' title='bbox 2775 4505 3072 4576; x_wconf 90' lang='lat' dir='ltr'><strong>impendet,</strong></span> <span class='ocrx_word' id='word_1_782' title='bbox 3101 4512 3392 4578; x_wconf 88' lang='lat' dir='ltr'><strong>antequam</strong></span> <span class='ocrx_word' id='word_1_783' title='bbox 3413 4504 3596 4560; x_wconf 87' lang='lat' dir='ltr'><strong>veniat</strong></span> 
     </span>
    </p>
   </div>
   <div class='ocr_carea' id='block_1_104' title="bbox 2010 4593 3596 4672">
    <p class='ocr_par' dir='ltr' id='par_1_104' title="bbox 2010 4593 3596 4672">
     <span class='ocr_line' id='line_1_105' title="bbox 2010 4593 3596 4672; baseline -0.004 -18"><span class='ocrx_word' id='word_1_784' title='bbox 2010 4599 2394 4672; x_wconf 73' lang='lat' dir='ltr'><strong>prmnoscendo</strong></span> <span class='ocrx_word' id='word_1_785' title='bbox 2424 4598 2719 4670; x_wconf 88' lang='lat' dir='ltr'><strong>patiantur,</strong></span> <span class='ocrx_word' id='word_1_786' title='bbox 2764 4593 2979 4652; x_wconf 83' lang='lat' dir='ltr'><strong>occulto</strong></span> <span class='ocrx_word' id='word_1_787' title='bbox 3018 4602 3278 4662; x_wconf 86' lang='lat' dir='ltr'><strong>apparatu</strong></span> <span class='ocrx_word' id='word_1_788' title='bbox 3309 4593 3596 4663; x_wconf 84' lang='lat' dir='ltr'><strong>mysterio-</strong></span> 
     </span>
    </p>
   </div>
   <div class='ocr_carea' id='block_1_105' title="bbox 2012 4683 3592 4758">
    <p class='ocr_par' dir='ltr' id='par_1_105' title="bbox 2012 4683 3592 4758">
     <span class='ocr_line' id='line_1_106' title="bbox 2012 4683 3592 4758; baseline -0.007 -9"><span class='ocrx_word' id='word_1_789' title='bbox 2012 4709 2131 4749; x_wconf 89' lang='lat' dir='ltr'><strong>rum</strong></span> <span class='ocrx_word' id='word_1_790' title='bbox 2157 4707 2400 4758; x_wconf 88' lang='lat' dir='ltr'><strong>suerum,</strong></span> <span class='ocrx_word' id='word_1_791' title='bbox 2431 4689 2596 4745; x_wconf 88' lang='lat' dir='ltr'><strong>etiam</strong></span> <span class='ocrx_word' id='word_1_792' title='bbox 2642 4687 2920 4758; x_wconf 89' lang='lat' dir='ltr'><strong>spiritibus</strong></span> <span class='ocrx_word' id='word_1_793' title='bbox 2960 4685 3161 4740; x_wconf 84' lang='lat' dir='ltr'><strong>talibus</strong></span> <span class='ocrx_word' id='word_1_794' title='bbox 3205 4683 3410 4754; x_wconf 88' lang='lat' dir='ltr'><strong>aliquid</strong></span> <span class='ocrx_word' id='word_1_795' title='bbox 3452 4683 3592 4738; x_wconf 86' lang='lat' dir='ltr'><strong>divi-</strong></span> 
     </span>
    </p>
   </div>
   <div class='ocr_carea' id='block_1_106' title="bbox 2010 4773 3593 4850">
    <p class='ocr_par' dir='ltr' id='par_1_106' title="bbox 2010 4773 3593 4850">
     <span class='ocr_line' id='line_1_107' title="bbox 2010 4773 3593 4850; baseline -0.006 -13"><span class='ocrx_word' id='word_1_796' title='bbox 2010 4782 2244 4837; x_wconf 85' lang='lat' dir='ltr'><strong>nationis</strong></span> <span class='ocrx_word' id='word_1_797' title='bbox 2270 4780 2543 4850; x_wconf 87' lang='lat' dir='ltr'><strong>impertiat</strong></span> <span class='ocrx_word' id='word_1_798' title='bbox 2568 4798 2580 4833; x_wconf 92' lang='lat'>:</span> <span class='ocrx_word' id='word_1_799' title='bbox 2616 4786 2675 4832; x_wconf 92' lang='lat' dir='ltr'><strong>ut</strong></span> <span class='ocrx_word' id='word_1_800' title='bbox 2699 4777 2843 4848; x_wconf 90' lang='lat' dir='ltr'><strong>quod</strong></span> <span class='ocrx_word' id='word_1_801' title='bbox 2863 4776 3088 4832; x_wconf 88' lang='lat' dir='ltr'><strong>audiunt</strong></span> <span class='ocrx_word' id='word_1_802' title='bbox 3109 4773 3178 4832; x_wconf 87' lang='lat' dir='ltr'><strong>ab</strong></span> <span class='ocrx_word' id='word_1_803' title='bbox 3198 4773 3434 4846; x_wconf 82' lang='lat' dir='ltr'><strong>Angelis,</strong></span> <span class='ocrx_word' id='word_1_804' title='bbox 3456 4789 3593 4842; x_wconf 85' lang='lat' dir='ltr'><strong>prae-</strong></span> 
     </span>
    </p>
   </div>
   <div class='ocr_carea' id='block_1_107' title="bbox 2012 4867 3593 4934">
    <p class='ocr_par' dir='ltr' id='par_1_107' title="bbox 2012 4867 3593 4934">
     <span class='ocr_line' id='line_1_108' title="bbox 2012 4867 3593 4934; baseline -0.008 -4"><span class='ocrx_word' id='word_1_805' title='bbox 2012 4875 2266 4934; x_wconf 84' lang='lat' dir='ltr'><strong>nuntient</strong></span> <span class='ocrx_word' id='word_1_806' title='bbox 2298 4873 2644 4928; x_wconf 89' lang='lat' dir='ltr'><strong>bominibus:</strong></span> <span class='ocrx_word' id='word_1_807' title='bbox 2686 4877 2893 4925; x_wconf 87' lang='lat' dir='ltr'><strong>tantum</strong></span> <span class='ocrx_word' id='word_1_808' title='bbox 2927 4877 3116 4934; x_wconf 83' lang='lat' dir='ltr'><strong>autem</strong></span> <span class='ocrx_word' id='word_1_809' title='bbox 3149 4867 3392 4931; x_wconf 88' lang='lat' dir='ltr'><strong>audiunt,</strong></span> <span class='ocrx_word' id='word_1_810' title='bbox 3421 4879 3593 4934; x_wconf 89' lang='lat' dir='ltr'><strong>quan-</strong></span> 
     </span>
    </p>
   </div>
   <div class='ocr_carea' id='block_1_108' title="bbox 2015 4954 3588 5031">
    <p class='ocr_par' dir='ltr' id='par_1_108' title="bbox 2015 4954 3588 5031">
     <span class='ocr_line' id='line_1_109' title="bbox 2015 4954 3588 5031; baseline -0.007 -12"><span class='ocrx_word' id='word_1_811' title='bbox 2015 4973 2129 5020; x_wconf 91' lang='lat' dir='ltr'><strong>tum</strong></span> <span class='ocrx_word' id='word_1_812' title='bbox 2167 4964 2408 5024; x_wconf 88' lang='lat' dir='ltr'><strong>omnium</strong></span> <span class='ocrx_word' id='word_1_813' title='bbox 2445 4962 2723 5026; x_wconf 87' lang='lat' dir='ltr'><strong>Dominus,</strong></span> <span class='ocrx_word' id='word_1_814' title='bbox 2756 4968 2918 5031; x_wconf 88' lang='lat' dir='ltr'><strong>atque</strong></span> <span class='ocrx_word' id='word_1_815' title='bbox 2955 4959 3266 5016; x_wconf 86' lang='lat' dir='ltr'><strong>moderator</strong></span> <span class='ocrx_word' id='word_1_816' title='bbox 3294 4955 3378 5013; x_wconf 90' lang='lat' dir='ltr'><strong>vel</strong></span> <span class='ocrx_word' id='word_1_817' title='bbox 3418 4954 3588 5026; x_wconf 85' lang='lat' dir='ltr'><strong>jubet,</strong></span> 
     </span>
    </p>
   </div>
   <div class='ocr_carea' id='block_1_109' title="bbox 2013 5045 3586 5122">
    <p class='ocr_par' dir='ltr' id='par_1_109' title="bbox 2013 5045 3586 5122">
     <span class='ocr_line' id='line_1_110' title="bbox 2013 5045 3586 5122; baseline -0.004 -16"><span class='ocrx_word' id='word_1_818' title='bbox 2013 5055 2098 5110; x_wconf 80' lang='lat' dir='ltr'><strong>vel</strong></span> <span class='ocrx_word' id='word_1_819' title='bbox 2126 5054 2271 5109; x_wconf 89' lang='lat' dir='ltr'><strong>sinit.</strong></span> <span class='ocrx_word' id='word_1_820' title='bbox 2313 5053 2468 5109; x_wconf 86' lang='lat' dir='ltr'><strong>Unde</strong></span> <span class='ocrx_word' id='word_1_821' title='bbox 2508 5053 2671 5108; x_wconf 87' lang='lat' dir='ltr'><strong>etiam</strong></span> <span class='ocrx_word' id='word_1_822' title='bbox 2703 5050 2926 5122; x_wconf 88' lang='lat' dir='ltr'><strong>spiritus</strong></span> <span class='ocrx_word' id='word_1_823' title='bbox 2951 5047 3277 5120; x_wconf 80' lang='lat' dir='ltr'><strong>pythonicus</strong></span> <span class='ocrx_word' id='word_1_824' title='bbox 3313 5045 3449 5120; x_wconf 78' lang='lat' dir='ltr'><strong>(Act.</strong></span> <span class='ocrx_word' id='word_1_825' title='bbox 3480 5061 3586 5110; x_wconf 70' lang='lat' dir='ltr'><strong>xvu,</strong></span> 
     </span>
    </p>
   </div>
   <div class='ocr_carea' id='block_1_110' title="bbox 2019 5135 3592 5218">
    <p class='ocr_par' dir='ltr' id='par_1_110' title="bbox 2019 5135 3592 5218">
     <span class='ocr_line' id='line_1_111' title="bbox 2019 5135 3592 5218; baseline -0.007 -17"><span class='ocrx_word' id='word_1_826' title='bbox 2019 5147 2108 5218; x_wconf 82' lang='lat' dir='ltr'><strong>l7)</strong></span> <span class='ocrx_word' id='word_1_827' title='bbox 2137 5147 2193 5200; x_wconf 89' lang='lat' dir='ltr'><strong>in</strong></span> <span class='ocrx_word' id='word_1_828' title='bbox 2239 5144 2464 5199; x_wconf 81' lang='lat' dir='ltr'><strong>Actibus</strong></span> <span class='ocrx_word' id='word_1_829' title='bbox 2507 5142 2889 5214; x_wconf 80' lang='lat' dir='ltr'><strong>Apostolorum</strong></span> <span class='ocrx_word' id='word_1_830' title='bbox 2931 5145 3219 5198; x_wconf 81' lang='lat' dir='ltr'><strong>attestatur</strong></span> <span class='ocrx_word' id='word_1_831' title='bbox 3263 5135 3428 5192; x_wconf 87' lang='lat' dir='ltr'><strong>Paulo</strong></span> <span class='ocrx_word' id='word_1_832' title='bbox 3451 5135 3592 5205; x_wconf 76' lang='lat' dir='ltr'><strong>Apo—</strong></span> 
     </span>
    </p>
   </div>
   <div class='ocr_carea' id='block_1_111' title="bbox 2017 5226 3591 5304">
    <p class='ocr_par' dir='ltr' id='par_1_111' title="bbox 2017 5226 3591 5304">
     <span class='ocr_line' id='line_1_112' title="bbox 2017 5226 3591 5304; baseline -0.008 -11"><span class='ocrx_word' id='word_1_833' title='bbox 2017 5238 2178 5301; x_wconf 89' lang='lat' dir='ltr'><strong>stolo,</strong></span> <span class='ocrx_word' id='word_1_834' title='bbox 2229 5245 2283 5290; x_wconf 89' lang='lat' dir='ltr'><strong>et</strong></span> <span class='ocrx_word' id='word_1_835' title='bbox 2325 5234 2662 5304; x_wconf 86' lang='lat' dir='ltr'><strong>Evangelista</strong></span> <span class='ocrx_word' id='word_1_836' title='bbox 2699 5247 2819 5287; x_wconf 89' lang='lat' dir='ltr'><strong>esse</strong></span> <span class='ocrx_word' id='word_1_837' title='bbox 2851 5237 3098 5284; x_wconf 89' lang='lat' dir='ltr'><strong>conatur.</strong></span> <span class='ocrx_word' id='word_1_838' title='bbox 3144 5226 3371 5283; x_wconf 81' lang='lat' dir='ltr'><strong>Miscent</strong></span> <span class='ocrx_word' id='word_1_839' title='bbox 3415 5235 3591 5281; x_wconf 87' lang='lat' dir='ltr'><strong>tamen</strong></span> 
     </span>
    </p>
   </div>
   <div class='ocr_carea' id='block_1_112' title="bbox 2090 5409 3591 5477">
    <p class='ocr_par' dir='ltr' id='par_1_112' title="bbox 2090 5409 3591 5477">
     <span class='ocr_line' id='line_1_113' title="bbox 2090 5409 3591 5477; baseline -0.007 -7"><span class='ocrx_word' id='word_1_840' title='bbox 2090 5414 2116 5454; x_wconf 75' lang='grc' dir='ltr'>ἀ</span> <span class='ocrx_word' id='word_1_841' title='bbox 2138 5415 2195 5468; x_wconf 85' lang='lat' dir='ltr'><strong>in</strong></span> <span class='ocrx_word' id='word_1_842' title='bbox 2225 5413 2411 5468; x_wconf 86' lang='lat' dir='ltr'><strong>codice</strong></span> <span class='ocrx_word' id='word_1_843' title='bbox 2439 5409 2694 5477; x_wconf 78' lang='lat' dir='ltr'><strong>inﬁrmos,</strong></span> <span class='ocrx_word' id='word_1_844' title='bbox 2712 5422 3039 5477; x_wconf 69' lang='lat' dir='ltr'><strong>summosque</strong></span> <span class='ocrx_word' id='word_1_845' title='bbox 3062 5420 3080 5458; x_wconf 92' lang='lat'><em>:</em></span> <span class='ocrx_word' id='word_1_846' title='bbox 3110 5420 3208 5477; x_wconf 80' lang='lat' dir='ltr'><strong>per</strong></span> <span class='ocrx_word' id='word_1_847' title='bbox 3226 5421 3465 5464; x_wconf 65' lang='lat' dir='ltr'><strong>errorem</strong></span> <span class='ocrx_word' id='word_1_848' title='bbox 3491 5410 3591 5464; x_wconf 84' lang='lat' dir='ltr'><strong>uti-</strong></span> 
     </span>
    </p>
   </div>
   <div class='ocr_carea' id='block_1_113' title="bbox 2023 5475 3592 5555">
    <p class='ocr_par' dir='ltr' id='par_1_113' title="bbox 2023 5475 3592 5555">
     <span class='ocr_line' id='line_1_114' title="bbox 2023 5475 3592 5555; baseline -0.006 -17"><span class='ocrx_word' id='word_1_849' title='bbox 2023 5499 2126 5555; x_wconf 88' lang='lat' dir='ltr'><strong>que</strong></span> <span class='ocrx_word' id='word_1_850' title='bbox 2155 5475 2574 5555; x_wconf 84' lang='lat' dir='ltr'><strong>repugnantibus</strong></span> <span class='ocrx_word' id='word_1_851' title='bbox 2613 5479 2755 5532; x_wconf 86' lang='lat' dir='ltr'><strong>edito</strong></span> <span class='ocrx_word' id='word_1_852' title='bbox 2795 5475 3078 5547; x_wconf 71' lang='lat' dir='ltr'><strong>AuguStini</strong></span> <span class='ocrx_word' id='word_1_853' title='bbox 3120 5476 3265 5542; x_wconf 87' lang='lat' dir='ltr'><strong>loco,</strong></span> <span class='ocrx_word' id='word_1_854' title='bbox 3308 5484 3366 5533; x_wconf 84' lang='lat' dir='ltr'><strong>et</strong></span> <span class='ocrx_word' id='word_1_855' title='bbox 3409 5479 3592 5536; x_wconf 53' lang='lat' dir='ltr'><strong>subeo.</strong></span> 
     </span>
    </p>
   </div>
   <div class='ocr_carea' id='block_1_114' title="bbox 2021 5554 2324 5623">
    <p class='ocr_par' dir='ltr' id='par_1_114' title="bbox 2021 5554 2324 5623">
     <span class='ocr_line' id='line_1_115' title="bbox 2021 5554 2324 5623; baseline -0.007 -17"><span class='ocrx_word' id='word_1_856' title='bbox 2021 5554 2324 5623; x_wconf 81' lang='lat' dir='ltr'><strong>quentibus.</strong></span> 
     </span>
    </p>
   </div>
   <div class='ocr_carea' id='block_1_115' title="bbox 2101 5621 2473 5676">
    <p class='ocr_par' dir='ltr' id='par_1_115' title="bbox 2101 5621 2473 5676">
     <span class='ocr_line' id='line_1_116' title="bbox 2101 5621 2473 5676; baseline -0.016 1"><span class='ocrx_word' id='word_1_857' title='bbox 2101 5635 2124 5662; x_wconf 68' lang='grc' dir='ltr'><strong>ε</strong></span> <span class='ocrx_word' id='word_1_858' title='bbox 2155 5621 2341 5676; x_wconf 85' lang='lat' dir='ltr'><strong>Editus</strong></span> <span class='ocrx_word' id='word_1_859' title='bbox 2367 5639 2376 5673; x_wconf 92' lang='lat'>:</span> <span class='ocrx_word' id='word_1_860' title='bbox 2405 5629 2473 5672; x_wconf 78' lang='lat' dir='ltr'><strong>et.</strong></span> 
     </span>
    </p>
   </div>
  </div>
