3904 6174
295 319 396 376 (Ξὃῖ

1349 295 1629 361 CLAUDII
1671 290 2137 351 TAURINENSIS
2173 287 2477 352 EPISCOPI

3452 288 3551 350 (ἰεῦ

296 435 385 488 isti
432 427 696 490 fallacias,
735 435 788 479 et
830 437 1012 476 verum
1050 420 1191 487 quod
1237 433 1394 472 nosse
1435 415 1731 486 potuerint,
1759 427 1864 467 non
1895 414 1945 472 Α
1969 423 2024 467 et
2047 413 2126 466 sui
2153 413 2430 467 militesad
2453 411 2803 464 revineendos
2825 426 2918 462 eos
2946 408 3234 461 discerent.
3256 405 3413 472 Quod
3435 423 3564 462 vero

295 521 522 577 docendi
553 517 743 584 magis,
786 527 946 581 quam
982 509 1281 578 decipiendi
1312 508 1418 562 ﬁne
1463 505 1823 574 pncnuntiant
1857 520 1868 553 :

295 626 348 668 et
377 615 513 667 forte
540 612 642 663 hoc
671 615 774 668 est,
807 602 948 673 quod
971 617 1092 656 cum
1122 600 1211 654 illa
1239 600 1418 668 imago
1449 595 1719 652 Samuelis
1743 593 1878 648 Sau—

298 707 400 758 lem
429 699 747 770 praediceret
778 692 1121 755 moriturum,
1162 689 1215 759 (Ι
1245 688 1374 758 Reg.
1407 702 1599 749 xxvnt,
1629 686 1716 755 l9)
1746 683 1881 737 dixit

295 797 457 848 etiam
484 805 668 845 secum
697 787 959 851 futurum,
995 785 1137 854 quod
1182 783 1367 851 utique
1397 781 1588 835 falsum
1615 787 1735 834 est:
1767 774 1872 831 mti-

294 899 398 954 gno
421 882 617 952 quippe
641 876 958 938 intervallo,
976 882 1096 944 post
1122 881 1352 927 mortem
1390 870 1628 940 separari
1653 870 1822 940 honos
1851 883 1881 920 a

297 973 454 1026 malis
481 972 534 1025 in
570 964 861 1038 Evangelia
887 964 1138 1035 legimus,
1172 962 1326 1033 (Luc.
1362 976 1476 1024 xw,
1502 958 1593 1027 26)
1622 972 1744 1012 eum
1781 956 1886 1010 Do-

298 1063 477 1118 minus
504 1062 648 1115 intcr
676 1058 965 1128 superbum
997 1055 1148 1109 illum
1191 1051 1432 1114 divitem,
1463 1065 1582 1104 cum
1607 1048 1718 1118 jam
1745 1049 1886 1117 apud

298 1154 502 1209 inferos
543 1159 811 1206 tormenta
842 1155 1138 1219 pateretur,
1195 1153 1252 1199 et
1298 1144 1471 1206 illum,
1518 1142 1609 1211 qui
1655 1141 1722 1194 ad
1769 1140 1886 1208 ejus

293 1246 519 1316 januam
543 1244 817 1299 ulcerosus
837 1240 1078 1310 jacebat,
1091 1237 1204 1306 jam
1227 1237 1280 1290 in
1307 1234 1493 1304 requie
1515 1233 1884 1294 constitutum,

303 1350 555 1408 magnum
602 1333 768 1389 chaos
825 1328 1168 1398 interiectum
1216 1341 1338 1381 esse
1386 1331 1653 1379 testatur:
1704 1330 1797 1376 aut
1838 1321 1888 1375 si

300 1435 584 1498 propterea
632 1422 851 1479 Samuel
883 1419 1033 1476 Sauli
1073 1418 1248 1472 dixit:
1277 1431 1474 1471 mecum
1515 1415 1636 1478 eris,
1685 1421 1746 1467 ut
1781 1427 1889 1466 non

303 1521 370 1575 ad
391 1518 754 1589 aequalitatem
786 1513 1077 1576 felicitatis,
1127 1510 1221 1565 sed
1263 1509 1330 1563 ad
1377 1522 1564 1576 parem
1613 1505 1883 1560 conditio-

305 1626 428 1664 nem
453 1607 646 1663 mortis
669 1605 958 1666 referatur,
989 1602 1131 1672 quod
1166 1608 1397 1668 uterque
1427 1599 1592 1652 homo
1624 1594 1807 1659 fuerit,
1838 1602 1894 1647 et

1978 506 2270 573 sequitur:
2323 505 2458 558 sicut
2514 502 2766 571 scriptum
2825 509 2900 552 est
2955 499 3010 551 in
3064 497 3197 550 libro
3247 499 3567 565 justorum;

1980 577 2152 665 ipsum
2190 594 2384 648 librum
2410 592 2572 647 hodie
2599 603 3092 659 nusquam,‘neque
3115 587 3258 656 apud
3288 588 3432 657 ipsos
3459 587 3570 642 lle-

1980 688 2155 741 braeos
2198 685 2430 738 inveniri
2474 697 2635 752 posse
2681 687 3016 742 asseverant,
3050 679 3191 733 sicut
3229 693 3330 732 nec
3371 677 3572 732 librum

1982 775 2234 828 bellorum
2262 774 2499 840 Domini,
2533 772 2688 842 cujus
2714 771 2881 842 (num.
2914 785 3028 834 xxx,
3068 768 3158 840 14)
3199 769 3254 822 in
3290 767 3430 822 libro
3455 767 3572 822 Nu-

1981 882 2256 921 merorum
2293 866 2496 920 mentio
2539 873 2642 929 est,
2691 861 2813 935 (111
2859 861 2989 932 Reg.
3039 861 3132 926 52,
3169 869 3226 915 et
3255 861 3346 932 55)
3391 875 3573 931 neque

1984 958 2223 1012 carmina
2247 956 2573 1019 Salomonis,
2602 967 2778 1024 neque
2802 952 3192 1022 disputationes
3213 950 3334 1021 ejus
3359 952 3572 1020 sapiena

1988 1047 2226 1102 tissimas
2250 1047 2315 1101 de
2346 1046 2614 1115 lignorum
2642 1053 2858 1110 natura,
2888 1042 3288 1111 herbarumque
3306 1041 3572 1106 omnium,

1988 1135 2225 1206 itemque
2265 1137 2657 1206 jumentorum,
2707 1134 3010 1199 volucrum,
3059 1131 3348 1201 reptilium,
3391 1141 3447 1186 et
3488 1134 3578 1202 pi-

1988 1229 2181 1292 scium,
2202 1228 2283 1282 vel
2309 1229 2454 1297 quod
2491 1228 2546 1282 in
2577 1228 2716 1282 libro
2751 1228 2961 1282 dierum
2991 1226 3190 1280 dicitur
3219 1243 3232 1278 :
3267 1225 3353 1296 (II
3385 1223 3575 1279 Paral.

1989 1335 2066 1382 lx,
2104 1317 2195 1388 29)
2247 1317 2444 1388 reliqua
2497 1333 2614 1371 vero
2654 1333 2810 1386 opera
2857 1314 3181 1379 Salomonis,
3230 1316 3487 1384 priorum,
3528 1326 3578 1368 et

1991 1407 2386 1460 nouissimorum
2405 1407 2601 1474 scripta
2622 1415 2744 1458 sunt
2764 1405 2819 1457 in
2840 1403 3007 1457 verbis
3029 1402 3249 1457 Nat/tan
3273 1402 3576 1473 Propheta’,

1991 1507 2047 1551 et
2075 1497 2128 1550 in
2155 1497 2310 1551 libris
2333 1496 2486 1550 Abite
2536 1493 2785 1552 Silonitis
2813 1513 2823 1547 :
2855 1495 2911 1548 in
2955 1495 3152 1548 visione
3191 1510 3396 1564 quoque
3425 1494 3581 1548 Addo

1993 1589 2209 1642 videntis
2240 1596 2422 1641 contra
2455 1585 2738 1640 Jeroboam
2765 1585 2938 1654 ﬁlium
2971 1584 3169 1650 Nubat,
3194 1594 3251 1639 et
3282 1584 3450 1638 multa
3481 1585 3584 1638 hu-

305 1707 537 1766 uterque
558 1696 697 1757 mori
726 1693 982 1766 potuerit,
1006 1692 1226 1762 jamque
1252 1695 1497 1742 mortuus
1519 1693 1748 1740 mortem
1770 1685 1893 1737 vivo
1927 1761 1961 1766 _
1990 1679 2225 1748 jusmodi
2256 1677 2547 1743 volumina,
2575 1691 2694 1745 quae
2723 1676 3002 1746 Scriptura
3029 1676 3248 1745 quidem
3269 1675 3437 1730 fuisse
3457 1691 3588 1745 pro-

304 1759 704 1857 przen-untiabat
727 1759 1051 1854 g‘perspicit,
1079 1759 1340 1850 quantum
1369 1776 1582 1846 opinor,
1609 1773 1892 1843 prudentia
1923 1761 1969 1818 Β
1998 1775 2110 1837 bat,
2137 1771 2230 1826 sed
2266 1771 2426 1826 hodie
2449 1777 2666 1825 constat
2693 1785 2802 1824 non
2845 1784 2986 1824 esse.
3023 1769 3245 1823 Vastata
3288 1781 3527 1836 namque
3554 1782 3585 1818 a

307 1890 417 1942 tua,
457 1875 750 1934 secundum
800 1883 1088 1941 utrumque
1135 1869 1489 1931 intellectum,
1534 1866 1736 1920 habere
1781 1865 1895 1918 exi-

310 1982 422 2024 tum
459 1982 483 2009 α
507 1968 620 2039 jam
649 1965 955 2026 lectionem,
987 1961 1078 2030 qui
1120 1973 1224 2014 non
1252 1959 1322 2013 sit
1351 1963 1538 2011 contra
1572 1955 1762 2008 ﬁdem:
1792 1953 1894 2008 nisi

309 2062 448 2116 forte
473 2056 845 2129 profundiore,
878 2062 932 2108 et
980 2050 1321 2122 perplexiore
1369 2046 1739 2115 inquisitione,
1770 2058 1891 2114 quae

307 2152 393 2206 vel
427 2151 626 2204 virium
659 2161 922 2210 mearum,
952 2145 1034 2198 vel
1065 2142 1321 2212 temporis
1349 2139 1561 2195 excedit
1599 2137 1895 2208 angustias,

312 2243 618 2298 inveniatur
645 2240 712 2294 ad
743 2238 1028 2309 liquidum,
1049 2234 1134 2289 vel
1154 2248 1332 2303 posse,
1357 2231 1440 2285 vel
1469 2245 1573 2284 non
1603 2244 1762 2299 posse
1777 2229 1900 2282 ani-

311 2352 452 2391 mam
480 2337 791 2396 humanam,
830 2346 954 2386 cum
979 2346 1046 2384 ex
1078 2330 1181 2383 hac
1207 2326 1314 2380 vita
1359 2323 1689 2394 migraverit,
1732 2320 1902 2391 magi-

309 2432 388 2483 cis
413 2427 742 2483 carminibus
786 2431 1067 2480 evocatam
1111 2423 1162 2486 ιι,
1205 2421 1450 2474 vivorum
1477 2431 1743 2487 apparere
1770 2430 1901 2470 con-

311 2516 605 2588 spectibus,
637 2515 799 2570 etiam
827 2512 1071 2582 corporis
1106 2511 1434 2565 lineamenta
1485 2513 1809 2577 gestantem,
1841 2512 1904 2560 ut

311 2622 416 2660 non
440 2605 614 2660 solum
641 2603 808 2657 videri
849 2601 1044 2666 valeat,
1077 2599 1173 2655 sed
1215 2597 1456 2668 agnosci.
1489 2597 1556 2650 Et
1598 2595 1645 2649 si
1675 2601 1894 2665 potest;

311 2707 488 2752 utrum
513 2695 678 2750 etiam
703 2693 836 2765 justi
865 2692 1066 2756 anima,
1094 2705 1202 2745 non
1224 2689 1443 2758 quidem
1482 2699 1706 2758 cogatur
1733 2686 1903 2756 magi-

311 2787 412 2850 cis,
459 2797 480 2824 ε
532 2785 628 2840 sed
679 2783 931 2853 dignetur
972 2779 1185 2836 ostendi
1233 2777 1615 2834 occultioribus
1663 2775 1905 2846 imperiis

314 2891 541 2930 summa:
585 2873 718 2944 legis
765 2872 1189 2939 obtemperans;
1236 2876 1297 2921 ut
1338 2865 1385 2922 si
1435 2864 1554 2920 ﬁeri
1590 2879 1697 2918 non
1745 2877 1905 2933 posse

313 2965 590 3029 claruerit,
641 2979 747 3019 non
793 2969 1020 3029 uterque
1066 2972 1258 3013 sensus
1300 2957 1353 3011 in
1400 2952 1558 3023 hujus
1608 2952 1903 3022 Scriptura:

313 3039 637 3111 tractatione
688 3062 852 3121 atque
896 3048 1235 3120 expositione
1279 3045 1616 3110 admittatur,
1656 3043 1752 3099 sed
1812 3042 1902 3098 illo

313 3148 556 3211 excluso,
607 3108 927 3214 imaginaria
968 3108 1258 3195 lsimulatio
1311 3135 1580 3191 Samuelis
1633 3134 1902 3190 diabolica
1930 3108 1974 3170 Ο

285 3238 433 3302 _ritn
464 3234 611 3290 facta
651 3231 999 3301 intelligatur.
1048 3227 1154 3282 Sed
1179 3227 1453 3296 quoniam,
1484 3225 1598 3281 sive
1626 3223 1755 3279 illud
1785 3223 1904 3278 ﬁeri

301 3325 510 3396 .possit,
559 3323 674 3378 sive
705 3336 813 3376 non
839 3319 1034 3390 possit,
1069 3325 1249 3372 tamen
1294 3314 1508 3371 fallacia
1543 3314 1761 3370 Satanae
1818 3321 1904 3369 at-

318 3429 424 3484 que
455 3411 748 3481 imaginum
769 3407 1215 3471 simulandarum,
1247 3405 1443 3462 callida
1479 3405 1724 3475 operatio
1758 3405 1904 3461 deci-

317 3502 530 3576 piendis
561 3499 814 3557 humanis
840 3498 1087 3552 sensibus
1128 3493 1474 3551 multiformis
1517 3493 1783 3564 invigilat,
1813 3509 1910 3564 pe;-

320 3596 580 3653 detentim
611 3593 850 3665 quidem,
886 3605 955 3644 ne
994 3587 1435 3658 inquisitionibus
1476 3585 1909 3656 diligentioribus

319 3684 753 3756 praescribamus,
803 3680 899 3735 sed
933 3688 1114 3733 tamen
1158 3677 1338 3748 potius
1383 3676 1757 3731 existimemus
1803 3675 1908 3730 tale

321 3775 523 3846 aliquid
552 3773 757 3828 factum
784 3769 1022 3840 maligno
1053 3768 1247 3838 spiritu
1276 3766 1605 3838 pythonissae
1641 3765 1784 3820 illius
1805 3766 1910 3820 mi-

323 3865 572 3930 nisterio,
604 3862 862 3933 quamdiu
891 3860 1049 3915 nobis
1089 3859 1294 3929 aliquid
1336 3856 1567 3928 amplius
1603 3856 1912 3927 excogitare

324 3967 486 4027 atque
517 3954 788 4025 explicare
826 3967 933 4006 non
963 3950 1140 4004 datur.

396 4047 533 4120 (51.)
568 4064 585 4097 ι
609 4045 778 4116 lgitur
811 4052 1002 4098 exorto
1036 4040 1221 4112 praelio
1243 4050 1628 4111 percusserunt
1652 4038 1914 4094 Pliilistmi

323 4137 492 4194 lsrael
538 4135 698 4205 plaga
727 4147 960 4204 magna:
995 4139 1049 4186 et
1082 4139 1328 4186 mortuus
1353 4137 1438 4185 est
1485 4128 1635 4194 Saul,
1673 4137 1727 4184 ct
1755 4127 1916 4183 Jona-

335 4230 468 4282 than
496 4225 638 4279 ﬁlius
661 4225 797 4294 ejus.
824 4242 842 4275 ι
873 4220 958 4292 (II
991 4219 1118 4289 Reg.
1144 4237 1185 4286 ι,
1215 4220 1270 4288 2)
1301 4220 1548 4274 Evadens
1575 4230 1757 4274 autem
1797 4221 1917 4290 qui-

333 4321 457 4374 dam
483 4316 633 4371 venit
666 4315 731 4369 ad
763 4311 932 4366 David
963 4311 1017 4364 in
1065 4310 1334 4375 Sicelech,
1363 4319 1418 4365 et
1447 4311 1714 4365 nuntiavit
1750 4309 1918 4364 David

331 4408 542 4480 plagam
568 4419 837 4473 magnam,
866 4416 986 4472 qua:
1015 4400 1158 4455 facta
1197 4409 1281 4457 est
1320 4401 1373 4454 in
1415 4401 1646 4472 populo:
1681 4399 1833 4471 (vers.
1861 4399 1916 4470 6)

332 4499 555 4566 insuper
581 4494 745 4548 etiam
767 4491 1072 4547 mentiendo
1093 4490 1313 4554 addidit,
1340 4489 1480 4560 quod
1508 4489 1597 4544 ille
1620 4489 1920 4559 percussis-

335 4597 418 4644 set
459 4586 589 4644 Saul
618 4594 674 4642 et
726 4584 892 4640 ﬁlium
933 4584 1069 4654 ejus.
1121 4582 1274 4656 (vers.
1310 4581 1396 4651 15)
1429 4581 1499 4635 At
1543 4580 1712 4635 David
1755 4580 1916 4635 Chri-

333 4693 480 4738 stum
526 4677 736 4733 Domini
775 4675 1055 4730 vindicans
1093 4672 1257 4742 jussit
1280 4688 1404 4728 eum
1445 4671 1731 4726 occidere:
1763 4669 1915 4739 (vers.

337 4786 436 4835 xu,
467 4770 552 4838 l7)
603 4767 809 4836 planxit
846 4765 1017 4819 David
1062 4761 1432 4831 hujuscemodi
1477 4773 1640 4830 super
1687 4759 1838 4824 Saul,
1871 4769 1918 4815 et

343 4876 499 4930 super
533 4857 802 4912 Jonathan
837 4853 1008 4923 ﬁlium
1039 4852 1170 4922 ejus.
1203 4849 1356 4923 (vers.
1388 4849 1474 4921 18)
1497 4869 1514 4900 ‹
1551 4849 1618 4903 Et
1655 4851 1918 4921 prter-epit,

347 4964 400 5005 ut
426 4952 667 5004 docerent
696 4945 835 5016 ﬁlios
875 4945 1018 4998 Juda
1067 4959 1274 5008 arcum,
1317 4943 1451 4996 sicut
1493 4943 1740 5012 scriptum
1765 4947 1839 4996 est
1869 4944 1924 4996 in

343 5039 777 5109 librojustorum.
822 5032 936 5089 Hoc
980 5033 1100 5088 ideo
1149 5033 1296 5098 fecit,
1330 5041 1388 5087 ut
1413 5035 1536 5103 quia
1565 5032 1591 5072 ἀ
1623 5033 1926 5089 Philistaeos

347 5132 647 5204 sagittariis
681 5128 954 5184 abundare
981 5125 1093 5195 jam
1123 5135 1370 5190 noverat,
1401 5126 1543 5180 unde
1572 5133 1627 5180 et
1661 5124 1788 5180 Saul
1815 5140 1928 5178 rna-

345 5226 483 5278 xime
509 5224 700 5278 horum
726 5219 923 5274 ictibus
942 5219 1196 5288 perierat,
1227 5217 1470 5272 eamdem
1494 5216 1726 5271 bellandi
1752 5224 1924 5270 artem

416 5413 440 5440 ι
465 5400 608 5454 Editi
631 5413 645 5452 :
669 5414 808 5463 eam,
831 5413 926 5453 seu
953 5397 1121 5452 illaut.

415 5471 442 5509 ι)
472 5469 615 5523 Editi
639 5483 654 5520 :
683 5469 932 5522 uiuorum.

417 5552 438 5578 ε
467 5538 684 5591 Addunt
712 5537 840 5591 editi
860 5551 876 5590 :
901 5538 1085 5591 sacris.

413 5607 442 5648 ἀ
473 5609 602 5674 Quae
629 5606 1028 5675 subsequuntur
1055 5605 1265 5662 lineolis
1306 5619 1406 5675 pro
1431 5619 1581 5675 more
1617 5611 1802 5675 notata
1829 5605 1925 5675 do-

349 5680 460 5734 cuit
490 5672 630 5730 Beda
659 5672 874 5746 [quaesL
904 5674 976 5745 7],
1009 5692 1170 5745 quem
1201 5672 1437 5730 consule.
1472 5672 1594 5730 llaec
1621 5674 1732 5744 ipsa
1765 5674 1928 5728 habet

1943 4453 1997 4512 D

1995 1861 2244 1918 Chaldeis
2287 1859 2489 1926 Judaaa,
2532 1860 2696 1914 etiam
2745 1859 3069 1914 bibliotheca
3123 1859 3424 1928 antiquitus
3453 1874 3587 1912 con-

1995 1961 2236 2024 gregata,
2272 1954 2414 2007 inter
2433 1953 2574 2006 alias
2613 1951 2904 2022 provinciae
2931 1965 3062 2022 opes
3087 1951 3270 2006 hostili
3301 1951 3426 2022 igne
3454 1965 3587 2005 con-

1997 2055 2210 2114 sumpta
2233 2053 2334 2107 est,
2364 2060 2432 2099 ex
2459 2060 2563 2114 qua
2609 2045 2788 2114 pauci,
2818 2045 2908 2113 qui
2956 2059 3101 2099 nunc
3131 2043 3184 2097 in
3211 2052 3398 2098 sancta
3435 2043 3592 2097 Serio

1997 2144 2154 2206 ptura
2187 2136 2539 2191 continentur
2565 2135 2707 2200 libri,
2740 2135 3081 2205 postmodum
3105 2134 3259 2188 Eme
3279 2133 3587 2197 Pontiﬁcis,

1999 2236 2055 2283 et
2085 2227 2368 2298 Propheta:
2397 2235 2524 2282 sunt
2573 2226 2837 2281 industria
2887 2227 3217 2281 rcstaurati:
3267 2227 3413 2281 unde
3449 2227 3592 2280 scri-

2000 2327 2151 2389 ptum
2179 2327 2262 2372 est
2311 2318 2378 2372 de
2427 2333 2527 2372 eo:
2575 2318 2729 2388 (Esd.
2768 2334 2808 2384 ι,
2835 2319 2891 2383 7,
2921 2318 2974 2389 6)
3023 2319 3267 2372 Ascendit
3315 2317 3492 2372 Ezras
3526 2319 3591 2371 de

2002 2408 2290 2477 Babylone,
2329 2417 2378 2462 et
2420 2408 2528 2477 ipse
2565 2408 2734 2461 scriba
2771 2407 2919 2462 velox
2951 2408 3005 2461 in
3043 2406 3152 2477 lege
3192 2407 3401 2478 Moysi:
3431 2408 3588 2462 velox

2002 2500 2270 2564 videlicet,
2292 2501 2434 2569 quod
2463 2500 2820 2569 promptiores
2842 2498 3148 2554 litterarum
3172 2499 3391 2569 ﬁguras,
3418 2515 3586 2568 quam

2003 2598 2228 2646 eatenus
2255 2591 2465 2645 Hebraei
2484 2591 2778 2656 habebant,
2803 2592 3022 2661 reperit,
3045 2597 3099 2646 et
3122 2592 3173 2645 in
3198 2591 3428 2661 epistola
3449 2591 3596 2660 regis

2004 2679 2293 2736 Persarum
2326 2678 2490 2752 (Ibid.
2521 2698 2568 2735 υ.
2599 2681 2687 2751 12)
2717 2680 3025 2735 Artaxerses
3056 2680 3169 2736 Rea:
3214 2697 3394 2751 regum
3437 2681 3594 2735 Ezrzr.

2005 2768 2276 2825 Sacerdoti
2298 2771 2482 2825 scribae
2507 2770 2633 2841 legis
2663 2771 2758 2824 Dei
2789 2771 2903 2825 caeli
2939 2771 3265 2837 doctissimo,
3285 2771 3532 2825 salutem.
3568 2791 3588 2823 ι

2075 2859 2164 2931 (II
2190 2859 2318 2930 Reg.
2355 2875 2392 2925 ι,
2425 2859 2540 2931 2-1.)
2580 2860 2784 2915 Montes
2827 2860 3038 2927 Gelboe,
3082 2878 3174 2916 nec
3213 2879 3322 2926 ras,
3358 2878 3452 2916 nec
3477 2862 3598 2932 plu-

2004 2950 2087 3004 via
2123 2951 2294 3004 veniat
2335 2967 2492 3020 super
2529 2968 2615 3006 vos
2647 2966 2666 3003 :
2709 2969 2872 3022 neque
2915 2953 3021 3006 sint
3069 2954 3183 3023 agri
3216 2953 3596 3024 primitiarum,

2006 3041 2129 3112 quia
2169 3041 2239 3095 ibi
2285 3041 2517 3111 abjectus
2544 3052 2620 3096 est
2664 3041 2874 3112 clypeus
2915 3043 3153 3112 fortium,
3185 3042 3398 3113 clypeus
3435 3042 3596 3106 Saul,

2004 3135 2157 3204 quasi
2184 3150 2284 3188 non
2324 3146 2455 3189 esset
2498 3144 2683 3189 unctus
2724 3135 2857 3189 oleo.
2893 3134 3035 3190 Sciri
3078 3131 3255 3201 debet,
3286 3137 3415 3205 quia
3440 3151 3602 3190 vera-

2005 3225 2143 3277 citer
2173 3222 2322 3288 Saul,
2355 3224 2446 3292 qui
2477 3233 2598 3294 post
2639 3224 2951 3279 unctionem
2996 3224 3170 3280 sancti
3199 3225 3537 3288 chrismatis,
3567 3239 3602 3277 a

2005 3328 2114 3382 quo
2139 3323 2192 3368 et
2229 3311 2467 3368 Christus
2493 3314 2709 3368 Domini
2733 3323 2958 3370 vocatus
2994 3323 3097 3381 est,
3133 3315 3200 3370 ab
3235 3316 3483 3370 hostibus
3508 3331 3606 3369 oc-

2007 3403 2111 3458 cidi
2151 3404 2374 3468 meruit,
2411 3413 2640 3459 mortem
2673 3405 2786 3460 veri
2831 3403 3058 3470 Christi,
3087 3420 3249 3475 quam
3294 3405 3414 3460 sine
3443 3406 3607 3475 culpa

2009 3495 2194 3549 subire
2217 3495 2464 3564 dignatus
2485 3504 2591 3560 est,
2620 3496 2878 3550 insinuat.
2906 3495 3114 3551 Montes
3133 3511 3348 3566 quoque
3371 3495 3606 3558 Gelboc,

2013 3584 2068 3638 in
2096 3585 2292 3653 quibus
2319 3586 2547 3651 interiit,
2575 3586 2836 3656 superbos
2863 3584 3102 3642 Iudaicae
3143 3587 3318 3656 plebis
3345 3597 3602 3650 conatus,

2010 3674 2204 3742 quibus
2227 3684 2416 3728 contra
2452 3675 2711 3730 victorem
2742 3677 2868 3732 vitae
2913 3677 3270 3743 rebellabant,
3299 3678 3610 3732 insinuant.

2017 3766 2170 3822 Unde
2218 3767 2357 3821 bene
2405 3765 2609 3822 Gelboe
2657 3767 2928 3832 volutatio,
2979 3768 3092 3822 sive
3139 3768 3390 3822 decursus
3435 3768 3615 3822 inter-

2016 3865 2297 3928 pretatur:
2347 3857 2731 3912 volutabantur
2773 3859 2917 3912 enim
2969 3875 3022 3912 tn
3069 3859 3229 3914 sorde
3256 3868 3616 3930 peccatorum

2008 3948 2164 4017 juxta
2200 3947 2331 4002 illud
2360 3947 2800 4017 proverbiorum:
2836 3960 2859 3986 ε
2885 3959 2934 4003 et
2979 3967 3070 4004 sus
3100 3949 3210 4004 lota
3236 3951 3290 4004 in
3333 3950 3616 4005 volutabra

2018 4039 2346 4107 luti;atque
2395 4053 2425 4091 a
2457 4038 2779 4093 rectitudine
2827 4039 2927 4093 vim
2957 4039 3211 4095 salutaris
3257 4041 3614 4107 aberrantes,

2010 4130 2124 4200 jam
2144 4128 2367 4198 jamque
2391 4129 2459 4184 ad
2489 4128 2766 4195 inferiora,
2800 4130 2902 4186 hoc
2935 4139 3020 4186 est
3061 4130 3220 4200 hujus
3243 4133 3422 4188 saeculi
3451 4134 3607 4188 desi-

2018 4221 2168 4275 deria
2193 4219 2336 4274 fceda
2363 4220 2744 4284 decurrebant,
2789 4221 2860 4276 ob
2887 4209 3473 4290 quorum‘desiderium
3523 4241 3623 4279 re-

2018 4327 2139 4384 gem
2181 4312 2303 4368 caeli
2341 4321 2398 4367 et
2427 4321 2586 4367 teme
2623 4312 2678 4366 in
2705 4323 2934 4368 mortem
2977 4314 3194 4371 tradere
3238 4330 3344 4370 non
3389 4316 3619 4371 dubita-

2022 4401 2172 4468 bant,
2205 4410 2427 4472 propter
2451 4401 2596 4470 quod
2623 4402 2705 4458 eis
2733 4404 2930 4458 merito
2956 4412 3196 4473 optatur,
3241 4421 3311 4461 ne
3336 4421 3518 4460 rorem
3545 4409 3627 4462 de

2024 4493 2181 4560 caelo,
2221 4493 2526 4563 pluviamve
2563 4495 2880 4565 suscipiant,
2921 4495 3064 4564 quod
3098 4497 3258 4551 hodie
3291 4497 3448 4551 rebus
3478 4499 3631 4566 ipsis

2023 4585 2267 4640 videmus
2293 4584 2564 4654 expletum
2589 4584 2645 4638 in
2683 4585 2783 4649 eis,
2810 4585 2955 4655 quod
3003 4585 3123 4640 illos
3167 4587 3340 4657 gratia
3370 4586 3630 4643 cmlestis

2025 4674 2284 4729 deserens
2322 4673 2389 4728 ad
2435 4673 2647 4744 plebem
2701 4677 2943 4744 gentium
2989 4675 3245 4731 translata
3291 4683 3411 4738 est;
3464 4679 3630 4746 quod

2034 4763 2198 4816 etiam
2226 4761 2394 4817 Isaias
2423 4763 2525 4818 sub
2556 4761 2728 4833 ﬁgura
2751 4763 2923 4818 vineae
2953 4761 3194 4819 futurum
3239 4764 3346 4819 illis
3379 4780 3442 4819 ex
3481 4781 3629 4834 per-

2029 4868 2162 4908 sona
2192 4852 2404 4907 Domini
2433 4853 2793 4907 comminatus
2839 4863 2944 4921 est,
2974 4853 3158 4910 dicens
3185 4874 3197 4908 :
3240 4854 3374 4926 (Ira.
3399 4871 3450 4920 γ,
3478 4855 3536 4928 6)
3569 4869 3630 4910 et

2032 4945 2252 4999 nubibus
2275 4945 2558 5007 mandabo,
2583 4961 2646 4998 ne
2661 4944 2845 5014 pluunt
2871 4963 3027 5015 super
3051 4964 3166 5002 eam
3191 4949 3424 5003 imbrem.
3457 4948 3631 5015 Quod

2031 5043 2117 5090 est
2143 5044 2330 5104 aperte
2357 5035 2540 5090 dicere
2578 5053 2590 5088 :
2632 5024 2904 5105 Apostolis
2940 5045 3104 5106 atque
3130 5037 3455 5108 Apostolicis
3485 5043 3632 5096 viris

2029 5130 2279 5184 omnibus
2320 5129 2607 5194 mandabo,
2651 5144 2720 5185 ne
2751 5129 2858 5185 illis
2884 5130 3026 5184 ultra
3060 5131 3284 5186 verbum
3315 5131 3434 5185 vita:
3479 5148 3633 5202 pne-

2030 5222 2230 5288 dicent,
2260 5221 2356 5276 sed
2384 5221 2698 5293 irrigatione
2724 5222 2874 5276 verbi
2921 5221 3180 5287 caelestis,
3211 5222 3354 5292 quod
3375 5235 3407 5276 a
3432 5237 3501 5277 se
3535 5240 3631 5279 re-

1957 5383 1968 5390 ’
2035 5403 2290 5458 Rabanns
2315 5401 2366 5454 in
2399 5400 2576 5454 locum
2602 5399 2765 5453 hunc.

2109 5485 2132 5511 ε
2163 5473 2205 5526 ll
2227 5471 2344 5524 Pet.
2379 5487 2439 5535 ιι,
2473 5469 2564 5524 22.
2595 5467 2832 5535 Contigit
2874 5469 3020 5524 enim
3062 5469 3145 5523 eis
3187 5467 3318 5522 illud
3346 5465 3464 5522 veri
3499 5483 3634 5535 pro-

2037 5543 2242 5597 verbii:
2276 5538 2434 5594 Canis
2452 5555 2684 5593 reversus
2709 5538 2776 5592 ad
2804 5554 2956 5592 suum
2991 5539 3261 5605 comitum,
3297 5546 3345 5593 et
3380 5553 3470 5592 sua
3512 5539 3632 5591 lota

2037 5614 2090 5666 in
2119 5610 2384 5667 volutabra
2406 5609 2521 5662 luti.
