3976 6170
325 264 430 322 689

1029 261 1491 330 QUASSTIONES
1531 261 1681 317 XXX
1717 261 1940 318 SUPER
1978 261 2226 320 LIBROS
2265 262 2526 319 REGUM.
2561 294 2630 303 —
2663 263 2863 318 LIBER
2901 264 2961 318 ll.

3478 262 3583 318 6'30

323 378 596 450 pulerunt,
627 372 874 443 indignos
900 373 954 428 in
977 389 1074 429 sua
1116 375 1403 432 sterilitate
1445 390 1664 440 vacuos,
1695 389 1759 429 ac
1778 387 1902 442 per—
1930 378 1981 436 Α
2003 375 2269 431 bonorum
2295 375 2437 450 mala
2476 375 2754 430 hominum
2778 383 2931 446 gesta
2957 374 3306 443 accipiantur.
3346 375 3588 443 Denique

322 476 488 539 petuo
515 464 626 536 igni
669 462 1062 519 comburendos
1102 466 1428 536 relinquant.
1452 459 1487 512 Α
1519 486 1536 516 ι
1583 468 1658 521 De
1685 466 1899 535 quibus,

323 568 378 615 et
393 559 534 614 bene
555 555 786 612 dicitur:
815 564 869 609 ut
889 556 1004 625 agri
1022 558 1374 627 primitiarum
1397 574 1516 614 esse
1538 574 1643 613 non
1664 557 1899 628 possint:

2007 464 2189 520 Uriam
2212 445 2589 523 ﬁdelissimum
2620 445 2798 522 David,
2837 467 2981 538 regis
3007 466 3232 520 militem
3257 465 3323 520 ad
3346 466 3589 535 piissima

2007 565 2168 627 atque
2200 559 2643 614 innocentissima
2677 557 2793 626 ejus
2824 573 3009 629 opera,
3044 557 3129 613 vel
3172 558 3314 613 dicta
3349 559 3402 612 in
3446 559 3590 613 mala

323 646 556 720 superbe
601 647 799 718 quippe
823 645 1170 702 Hebraeorum
1220 657 1428 703 mentes
1459 649 1760 719 primitivos
1795 647 1906 702 fru-
2006 646 2423 717 signiﬁcatione,
2452 656 2508 702 et
2529 655 2719 703 contra
2749 648 2928 717 ipsum
2955 647 3122 702 David
3153 649 3207 701 in
3232 647 3468 700 maximo
3492 661 3592 701 suo

323 748 443 794 ctus
470 751 578 793 non
619 735 838 801 ferunt;
881 737 1007 805 quia
1057 738 1109 790 in
1149 737 1525 808 Redemptoris
1557 738 1787 793 adventu
1839 753 1905 792 ex
2006 735 2212 791 scelere
2237 737 2291 789 in
2313 737 2454 791 bona
2475 737 2846 806 accipiendum
2866 738 3322 807 interpretantur:
3353 736 3592 806 alioquin

322 835 478 897 parte
526 825 761 888 maxima
813 826 865 880 in
920 826 1144 894 perﬁdia
1196 836 1558 894 remanentes,
1608 827 1905 898 primordia
2007 825 2054 878 si
2082 839 2188 879 non
2227 833 2282 880 et
2306 840 2406 895 per
2435 827 2576 879 mala
2607 827 2826 891 bonum,
2859 835 2914 880 et
2941 827 3139 880 malum
3170 825 3465 895 signiﬁcari
3498 841 3597 896 per

324 917 451 973 ﬁdei
497 916 650 985 sequi
693 916 1018 972 noluerunt:
1066 926 1253 973 sancta
1290 934 1524 988 namque
1567 918 1808 974 Ecclesia
1852 918 1908 972 in
2007 916 2149 969 bona
2194 923 2400 985 posset,
2444 931 2720 984 nunquam
2752 916 2940 971 liceret
2984 917 3138 985 nigro
3166 923 3470 968 atramento
3499 928 3596 967 nos

320 1006 579 1077 primitiis
625 1005 738 1060 suis
776 1006 1118 1062 multitudine
1151 1007 1393 1078 gentium
1442 1007 1728 1062 fecundata
1757 1047 1771 1072 ,
1820 1006 1907 1060 vix
2009 1022 2130 1061 men
2162 1008 2278 1072 Dei,
2311 1008 2403 1063 sed
2429 1022 2642 1077 semper
2667 1007 2846 1062 lucido
2871 1021 3006 1060 auro
3033 1006 3230 1060 debere
3259 1005 3444 1068 scribi,
3467 1003 3594 1072 quia

323 1097 376 1150 in
417 1095 525 1150 ﬁne
553 1095 762 1160 mundi,
787 1095 1024 1163 Iudaeos,
1060 1113 1196 1167 quos
1223 1098 1511 1162 invenerit,
1551 1098 1828 1166 suscipiet,
1855 1105 1911 1151 et
2010 1097 2152 1152 Deus
2179 1098 2269 1151 lux
2319 1107 2425 1164 est,
2457 1108 2514 1153 et
2542 1100 2777 1154 tenebrae
2809 1099 2862 1152 in
2903 1112 2969 1152 eo
3010 1111 3114 1152 non
3148 1104 3276 1151 sunt
3317 1095 3458 1160 ullae,
3486 1104 3612 1148 nee'

319 1195 566 1242 extrema
590 1186 863 1258 colligens,
895 1202 991 1244 eos
1018 1190 1172 1258 quasi
1199 1189 1459 1260 reliquias
1486 1188 1701 1260 frugum
1722 1196 1905 1258 ponet.

2011 1204 2225 1244 rursum
2282 1191 2334 1243 in
2391 1191 2562 1245 titulis
2607 1189 2942 1244 Psalmorum
2991 1203 3188 1244 nomen
3235 1187 3492 1250 Absalon,
3541 1192 3597 1238 et

322 1279 401 1334 De
427 1278 626 1347 quibus
644 1277 900 1334 nimirum
922 1279 1167 1350 reliquiis
1187 1281 1356 1336 Isaias
1376 1281 1506 1338 dicit
1534 1299 1546 1334 :
1579 1279 1714 1352 (Ira.
1739 1298 1794 1346 x,
1817 1279 1907 1345 22,
2011 1285 2193 1339 Doech
2245 1285 2522 1339 hominum
2576 1285 2926 1353 reproborum
2978 1281 3148 1336 minio
3195 1280 3451 1349 fulgente,
3503 1279 3596 1332 sed

324 1366 487 1421 Rom.
520 1382 598 1431 lx,
617 1365 709 1438 27)
760 1365 818 1421 Si
845 1367 1003 1437 fuerit
1027 1385 1273 1424 numerus
1290 1369 1520 1438 ﬁliorum
1545 1369 1734 1434 Israel,
1759 1368 1912 1438 quasi

2012 1375 2128 1431 solo
2166 1373 2456 1428 atramenti
2494 1374 2675 1429 colore
2725 1374 2942 1428 deceret
2985 1370 3254 1427 adscribi;
3285 1369 3438 1423 Sicut
3465 1382 3598 1436 ergo

322 1473 492 1511 arena
533 1457 721 1523 maria,
754 1457 988 1518 reliquiae
1015 1458 1174 1515 saltue
1203 1460 1348 1529 ﬁent.
1396 1460 1629 1516 Possunt
1656 1460 1802 1516 enim
1832 1460 1915 1515 id-
2013 1463 2069 1517 in
2089 1464 2299 1533 paginis
2321 1463 2579 1518 librorum
2600 1463 2795 1533 quovis
2819 1461 3020 1527 colore,
3042 1468 3098 1516 et
3125 1459 3264 1514 mala
3287 1471 3597 1527 possumus,

323 1547 478 1600 circo
507 1544 708 1601 Gelboe
735 1555 948 1603 montes
971 1563 1066 1604 ore
1099 1548 1379 1620 Propheta:
1406 1550 1675 1616 maledici,
1705 1559 1764 1604 ut
1783 1550 1912 1605 dum
2014 1562 2072 1610 et
2119 1555 2260 1610 bona
2320 1555 2524 1624 absque
2576 1553 2682 1608 ulla
2733 1552 3151 1623 reprehensione
3199 1550 3465 1618 ﬁgurare,
3524 1546 3599 1599 ita

324 1637 538 1693 fruetus
583 1653 651 1692 ex
689 1647 972 1696 arescente
1021 1650 1167 1695 terra
1199 1656 1304 1696 non
1332 1641 1524 1705 oritur,
1572 1655 1915 1712 possessores
2018 1646 2186 1701 etiam
2223 1645 2276 1700 in
2321 1621 2476 1715 parte
2506 1621 2982 1714 signiﬁcationum,
3012 1653 3110 1710 per
3135 1637 3390 1708 quaelibet
3414 1635 3596 1690 homi-
3643 1621 3656 1635 ’

325 1735 490 1780 terrae
517 1725 820 1782 sterilitatis
841 1728 1039 1784 damno
1065 1728 1352 1794 feriantur,
1382 1739 1650 1800 quatenus
1679 1732 1779 1802 ipsi
1800 1746 1914 1785 ma-
1943 1715 1990 1773 Β
2017 1752 2145 1792 num
2177 1744 2346 1807 gesta,
2375 1741 2428 1789 et
2465 1735 2602 1789 bona
2635 1733 2958 1794 rectissime,
2989 1737 3042 1784 et
3067 1727 3210 1782 maia
3250 1733 3475 1796 possunt
3507 1741 3601 1780 ex-

322 1816 630 1872 ieiictionis
659 1819 981 1880 sententiam
1020 1821 1310 1888 accipiant,
1349 1821 1442 1890 qui
1478 1821 1618 1890 apud
1647 1836 1723 1884 se,
1757 1836 1906 1877 mor-

323 1915 437 1960 tem
483 1907 626 1976 regis
673 1908 969 1978 suscipere,
1026 1909 1314 1978 iniquitate
1357 1924 1454 1964 sua
1499 1909 1770 1980 exigente,
1803 1925 1917 1964 me—

2015 1826 2176 1896 primi
2201 1843 2212 1878 :
2245 1824 2515 1895 quamvis,
2545 1832 2599 1877 et
2627 1822 2794 1876 multo
2824 1819 3019 1889 saepius
3040 1817 3338 1888 contingat,
3362 1822 3417 1869 et
3434 1813 3630 1869 multo

2017 1916 2226 1972 dulcius
2269 1915 2537 1978 audiatur,
2567 1913 2710 1968 bona
2753 1926 2852 1981 per
2894 1911 3058 1973 bona,
3107 1917 3164 1962 et
3205 1906 3344 1961 mala
3382 1904 3603 1976 ﬁgurari

323 1995 586 2049 ruissent.
614 2014 632 2047 ι
659 1995 688 2034 ιι
718 1995 829 2052 Nec
855 1997 950 2052 tibi
979 1999 1269 2053 absurdum
1296 1999 1467 2054 videri
1493 1999 1672 2065 debet,
1697 2008 1757 2054 ut
1775 2000 1916 2055 mala
2016 2024 2114 2078 per
2142 2007 2302 2061 mala.
2351 2005 2503 2059 Sicut
2544 2011 2724 2058 autem
2767 2001 2820 2056 in
2848 2000 3058 2070 pictura
3109 1998 3400 2067 parietum,
3431 2009 3604 2064 neque

260 2075 272 2095 ’
327 2088 686 2157 reprohorum
722 2099 868 2155 acta,
894 2091 1020 2145 boni
1049 2081 1252 2160 aliquid
1298 2090 1644 2160 signiﬁcent:
1684 2101 1777 2147 aut
1798 2108 1920 2147 rur-
2016 2075 2306 2154 ensem-um
2336 2097 2650 2166 Ethiopem
2681 2093 2932 2157 candido,
2962 2105 3136 2161 neque
3158 2089 3374 2145 candidi
3401 2102 3598 2156 corpo-

323 2193 452 2233 sum
478 2179 618 2234 bona
637 2179 907 2248 iustorum
936 2195 1102 2249 Opera
1145 2181 1198 2234 in
1224 2181 1499 2234 contraria
1522 2180 1920 2250 signiﬁcatione

323 2280 644 2339 ponantur;
688 2270 805 2340 lege
835 2271 980 2325 enim
1010 2270 1230 2324 Moralia
1270 2271 1443 2324 sancti
1468 2269 1626 2338 Papa:
1647 2270 1917 2340 Gregorii,

319 2359 422 2412 ubi
450 2361 723 2428 exposuit,
761 2358 1030 2428 quomodo
1052 2359 1244 2414 beatus
1263 2357 1364 2413 Job
1390 2359 1670 2414 maledixit
1700 2360 1802 2414 diei
1823 2376 1920 2415 suo

318 2446 552 2500 dicens:
584 2447 772 2502 Pereat
800 2449 932 2514 dies,
965 2450 1017 2502 in
1044 2465 1150 2518 qua
1176 2459 1330 2503 natus
1358 2465 1500 2514 sum,
1527 2458 1636 2504 etc.
1673 2461 1720 2514 ο,
1751 2458 1806 2505 et
1841 2451 1923 2504 vi-

321 2535 490 2589 debis
519 2538 645 2606 quia
674 2539 1088 2594 usitatissimum
1113 2540 1275 2596 estin
1305 2539 1622 2610 Scripturis,
1654 2549 1712 2595 ut
1742 2549 1798 2596 et
1821 2541 1918 2596 bo-

321 2635 401 2673 na
432 2621 486 2676 in
532 2625 794 2680 malorum
839 2626 1254 2696 signiﬁcatione,
1301 2639 1356 2683 et
1394 2629 1446 2684 in
1487 2629 1917 2686 sanctiﬁcatione

404 2766 434 2793 α
466 2752 861 2832 subsequentia
882 2759 1084 2832 allegat
1110 2761 1380 2825 Paterius,
1408 2763 1499 2832 qui
1526 2778 1590 2818 ea
1616 2762 1918 2832 desumpsit

314 2825 593 2895 eat-capite
616 2827 650 2880 4
686 2825 1020 2895 prml'ationis
1046 2831 1100 2885 in
1123 2832 1214 2886 lib.
1247 2848 1302 2885 Iv
1327 2825 1534 2887 Morali.

315 2965 333 3019 ι
398 2895 430 2934 δ
464 2895 731 3019 Ηυιξιεηυδ
759 2897 1073 2971 Gregorius,
1103 2910 1156 2956 et
1199 2917 1266 2958 ex
1296 2917 1360 2957 eo
1383 2903 1547 2958 etiam
1577 2902 1831 2957 Rabanus
1862 2901 1914 2955 in

337 2979 506 3019 ocum
569 2982 692 3019 unc.

337 2979 506 3020 OCIJIII
532 2979 692 3020 nunc.

393 3034 430 3073 ὀ
477 3035 612 3090 Vide
649 3035 706 3090 S.
741 3037 1005 3111 Gregorii
1047 3041 1342 3112 Epistolam
1387 3042 1456 3096 ad
1502 3040 1558 3097 S.
1611 3041 1919 3099 Leandrum
1947 3033 1992 3094 C

2022 2188 2119 2254 ris,
2151 2188 2267 2243 sive
2289 2187 2489 2257 capilli,
2518 2186 2788 2241 Saxonem
2819 2193 2939 2238 atro
2967 2183 3123 2237 decet
3149 2180 3332 2235 colore
3362 2177 3600 2247 depingi,

2021 2276 2098 2330 ita
2141 2277 2197 2330 in
2237 2276 2593 2332 retributione
2636 2275 2955 2330 meritorum
2991 2271 3146 2341 juxta
3186 2286 3342 2325 suum
3376 2271 3606 2338 quisque

2021 2382 2157 2436 opus
2182 2367 2429 2436 recipiet,
2459 2382 2525 2420 ac
2549 2365 2726 2435 qualis
2747 2364 2853 2418 erit
2881 2371 3026 2426 actu,
3057 2361 3182 2415 talis
3209 2361 3370 2416 etiam
3399 2359 3608 2428 parebit

2023 2455 2076 2509 in
2108 2453 2352 2522 judicio;
2385 2469 2562 2523 neque
2595 2453 2816 2507 omnino
2860 2451 2928 2506 ad
2971 2465 3086 2505 rem
3131 2450 3258 2519 quid
3289 2449 3517 2517 quisque
3545 2448 3607 2502 ﬁ-

2022 2546 2251 2617 gurarit,
2285 2547 2378 2602 sed
2406 2545 2537 2614 quid
2559 2545 2733 2615 egerit
2760 2543 3070 2614 pertinebit.

2025 2765 2374 2836 praepositam
2424 2763 2750 2836 expositioni
2799 2763 2920 2818 libri
2962 2761 3062 2836 Job
3113 2760 3263 2836 [_ca_p.
3298 2763 3369 2836 _."S,_
3403 2761 3609 2836 ilict

2025 2831 2242 2905 caputl
2299 2836 2422 2890 libri
2448 2831 2509 2888 w‘
2531 2831 2772 2905 eiusdem
2821 2831 3174 2905 expositionis
3201 2831 3410 2905 in_.lob.
3454 2831 3605 2905 Adde

2023 2901 2144 3031 2.1132
2171 2907 2429 3030 ileittceps
2466 2905 2532 2958 de
2564 2903 2825 2960 Betsahee
2851 2901 2917 2957 ei:
2945 2902 3207 2972 Gregorio
3232 2901 3420 2973 Magno
3447 2901 3610 2956 tradit

2088 2992 2297 3032 anuus.

3258 3174 3575 3194 ﬂ

1359 3271 1757 3333 INCIPIUNT
1802 3268 2192 3332 CAPITULA
2242 3269 2455 3328 LIBRI
2501 3268 2580 3327 ll.

386 3487 467 3538 De
493 3499 578 3548 eo,
605 3489 993 3552 qu_od_scriptum
1019 3498 1113 3550 est,
1143 3491 1273 3551 quod
1301 3497 1410 3552 post
1451 3499 1662 3541 mortem
1689 3493 1805 3541 Sani
1827 3505 1916 3543 ve-

314 3558 524 3613 nerunt
546 3551 634 3613 viri
655 3548 890 3613 Juda,_et
927 3548 1178 3600 unxerunt
1220 3548 1371 3601 David
1396 3566 1570 3613 regem
1599 3557 1649 3603 in
1670 3555 1872 3603 Hebron
1900 3589 1915 3612 ,

316 3617 370 3658 et
399 3610 471 3660 de
500 3611 672 3659 Abner
695 3609 791 3660 ﬁlio
810 3609 912 3660 Ner
934 3613 1016 3674 qui
1042 3609 1580 3664 eoustituitHisbosetb
1623 3614 1776 3664 tilium
1803 3609 1916 3664 Saul

317 3684 508 3720 reaem
531 3683 680 3720 super
705 3671 877 3720 Israel.

317 3684 508 3734 regem
531 3683 680 3732 super
705 3671 877 3721 Israel.
951 3671 963 3674 ⁷

388 3733 475 3796 De
503 3733 618 3783 (iliis
636 3733 826 3784 Bemon
853 3733 1120 3785 Berotbitze
1147 3771 1161 3795 ,
1204 3736 1288 3796 qui
1333 3733 1698 3787 interfecerunt
1739 3736 1920 3786 Hisbo-

315 3795 470 3919 “illis
498 3854 650 3919 laude
678 3854 833 3919 David
861 3894 876 3919 ,
923 3857 1008 3918 qui
1047 3859 1368 3919 congregavit
1413 3858 1616 3919 triginta
1662 3855 1822 3919 millia,
1850 3870 1914 3906 ex

315 3894 1293 3982 ριᾷἶίἑἳζῖᾂφὶζξιιὶᾜᾷυὲᾇέιῖἴῗτὶιξιῖῖ
1305 3894 1914 3982 ὒέί,’ἶῆιῖὲ“ηιόἓί’ὲ”ὸὶεἶ

381 3976 1021 4042 Ammouitio'DavidLubi
1047 3980 1350 4042 instruitura
1391 3976 1663 4042 propheta,
1709 3991 1772 4028 ne
1810 3983 1915 4041 ipse

316 4039 605 4103 aediﬁcaret
625 4039 860 4102 templum
885 4039 1078 4090 Domini
1105 4077 1119 4098 ,
1159 4039 1248 4088 sed
1272 4039 1404 4090 illius
1424 4039 1550 4103 ejus,
1579 4048 1632 4091 et
1652 4039 1779 4090 actio
1803 4039 1918 4102 gra-

315 4101 688 4273 :ibggﬁiiis
713 4162 880 4224 David,
914 4175 1038 4227 quos
1063 4163 1188 4214 misit
1213 4163 1269 4213 ad
1293 4163 1465 4215 Annon
1505 4177 1680 4227 regem
1721 4163 1922 4214 Ammo—

2089 3491 2161 3554 ρο
2182 3497 2382 3554 peccato
2403 3491 2558 3541 David
2581 3492 2627 3554 in
2647 3489 2919 3554 Bersabee,
2945 3496 2999 3539 et
3023 3496 3180 3554 morte
3205 3490 3369 3554 lirim;

2087 3550 2393 3603 Ubi‘Nathan
2413 3554 2550 3602 venit
2570 3553 2627 3601 ad
2641 3552 2813 3614 David,
2831 3558 2882 3601 et
2899 3553 3146 3612 prOposuit
3167 3553 3214 3600 ei
3235 3550 3602 3601 similitudinem

2021 3614 2084 3664 de
2107 3613 2257 3665 divite
2276 3622 2327 3664 et
2349 3627 2587 3674 paupere.

2091 3675 2161 3722 De
2184 3674 2298 3736 fuga
2323 3671 2476 3736 David
2501 3679 2702 3736 propter
2725 3671 2932 3736 Absalon
2958 3707 2990 3736 ,_
3011 3671 3203 3728 quando
3241 3671 3378 3719 nudis
3403 3673 3610 3734 pedibus

2025 3732 2262 3784 lneedens
2285 3735 2484 3795 reliquit
2499 3732 2746 3795 civitatem
2766 3732 3093 3782 Hierusalem.

2086 3795 2162 3863 De
2187 3795 2353 3863 praelio
2371 3793 2582 3863 A'bsaion
2601 3831 2617 3854 ,
2645 3799 2698 3863 et
2725 3795 3062 3863 percussione,
3083 3799 3230 3855 atque
3255 3799 3412 3843 morte
3437 3795 3561 3857 ejus.

2091 3809 2162 3845 ue
2187 3809 2353 3903 grano
2371 3809 2582 3844 Αοειιοη
2601 3831 2617 3854 ,
2645 3809 2698 3842 et
2725 3809 2837 3863 perc

2091 3855 2165 3926 De
2228 3855 2379 3926 saltue
2401 3853 2840 3926 septimodectmo.

2087 3916 2161 3966 De
2187 3917 2381 3966 nomine
2404 3913 2597 3966 fortium
2622 3913 2796 3964 Darid.

2087 3979 2164 4028 De
2203 3977 2373 4039 praelio
2407 3975 2554 4026 David
2596 3983 2771 4039 contra
2826 3973 3163 4039 Philistbaaos,
3203 3975 3391 4036 quando
3429 3979 3605 4029 sitiens

2029 4036 2613 4102 aquam'Bethlemiticam
2632 4036 2949 4102 desideravit.

2095 4102 2170 4152 De
2195 4108 2399 4163 peccato
2419 4097 2567 4149 David
2588 4137 2602 4160 ,
2649 4098 2845 4160 quando
2890 4097 3119 4161 populum
3163 4101 3464 4166 numerando
3486 4111 3604 4162 pec-

2027 4167 2166 4214 cavit.

1399 4355 1691 4420 INCIPIT
1737 4355 2164 4418 PRJEFATIO
2207 4355 2417 4416 LIBRI
2461 4353 2544 4413 Il.

392 4515 419 4541 ι
455 4519 475 4551 ι
511 4499 910 4554 Promissiones
934 4499 1048 4563 Dei,
1073 4515 1192 4568 quae
1215 4499 1367 4554 facta:
1387 4507 1510 4555 sunt
1533 4499 1600 4553 ad
1625 4497 1916 4560 Abraham,
1947 4501 1999 4560 D
2024 4506 2186 4568 atque
2218 4495 2340 4550 inde
2386 4496 2680 4550 secundum
2723 4495 2899 4550 sancti
2940 4494 3224 4549 Hieremiae
3251 4497 3604 4566 prophetiam,

314 4592 484 4662 cujus
518 4589 741 4654 semini,
764 4596 818 4644 et
846 4597 1060 4660 gentem
1090 4590 1439 4646 lsraeliticam
1471 4591 1764 4646 secundum
1805 4605 1931 4644 car-

314 4697 478 4747 nem,
503 4689 568 4737 et
595 4695 786 4736 omnes
827 4690 1014 4752 gentes
1042 4682 1224 4737 deberi
1269 4684 1561 4738 secundum
1607 4684 1786 4748 ﬁdem,
1817 4683 1928 4738 Deo

313 4775 629 4843 pollicente
677 4772 1000 4837 didicimus;
1041 4774 1491 4843 quemadmodum
1537 4774 1927 4843 compleantur,

314 4880 423 4935 per
450 4861 713 4918 ordinem
756 4871 1057 4933 temporum
1085 4878 1412 4933 procurrens
1450 4864 1546 4918 Dei
1576 4865 1764 4919 civitas
1791 4865 1929 4918 indi-

316 4954 499 5008 cavit.
530 4950 801 5018 Quoniam
827 4967 956 5024 ergo
977 4952 1270 5022 superioris
1285 4952 1406 5008 libri
1428 4967 1595 5021 usque
1615 4953 1681 5006 ad
1704 4967 1927 5022 regnum

318 5045 509 5100 David
545 5042 724 5098 factus
753 5052 838 5099 est
881 5044 1024 5109 linis,
1057 5059 1199 5100 nunc
1237 5045 1306 5099 ab
1335 5043 1523 5099 eodem
1549 5057 1737 5114 regno,
1763 5058 1929 5113 quan-

317 5148 376 5193 to
411 5144 682 5207 suscepto
710 5137 860 5207 operi
893 5134 1138 5192 sufﬁcere
1165 5137 1399 5202 videtur,
1431 5144 1645 5200 caetera,
1692 5150 1812 5203 qua:
1839 5149 1927 5190 se-

317 5238 604 5299 quuntur,
657 5227 994 5299 attingimus.
1047 5226 1163 5282 Hoc
1215 5227 1396 5296 itaque
1441 5235 1669 5296 tempus,
1718 5239 1783 5281 ex
1823 5240 1931 5294 quo

317 5329 573 5376 sanctus
614 5318 832 5375 Samuel
880 5319 1200 5390 prophetare
1226 5319 1408 5388 coepit,
1455 5325 1509 5373 et
1537 5318 1810 5387 deinceps,
1840 5317 1934 5371 do-

319 5428 432 5468 nec
464 5411 706 5482 populus
729 5411 890 5466 Israel
913 5411 1156 5482 captivus
1180 5414 1232 5468 in
1257 5409 1601 5483 Babyloniam
1621 5409 1931 5471 duceretur,

401 5561 432 5589 α
466 5544 734 5602 Przrl‘atio
763 5548 876 5602 hate
899 5555 1011 5602 tota
1033 5546 1312 5613 desumpta
1337 5551 1417 5598 est
1441 5559 1508 5596 ex
1534 5540 1781 5613 capitulis
1816 5540 1867 5603 l,
1891 5538 1933 5613 f2

324 5628 390 5684 ct
438 5619 477 5674 5
532 5615 656 5671 libri
690 5633 796 5672 xvii
826 5617 889 5672 de
941 5617 1186 5678 Ciuitate,
1227 5609 1544 5677 'uonnullis,
1601 5609 1696 5666 Sed
1747 5609 1936 5680 paucis

2033 4588 2169 4661 (Jer.
2208 4603 2334 4651 xxv,
2373 4585 2458 4657 ll)
2487 4595 2610 4655 post
2629 4585 2973 4657 septuaginta
2995 4600 3166 4640 annos
3189 4589 3420 4642 reversis
3442 4588 3609 4643 Israe-

2030 4682 2163 4747 litis,
2189 4673 2282 4735 Dei
2313 4680 2503 4734 domus
2533 4679 2948 4744 instauraretur,
2978 4687 3146 4733 totum
3191 4687 3273 4733 est
3310 4679 3609 4750 Propheta-

2034 4787 2154 4826 rum
2195 4780 2424 4840 tempus.
2456 4769 2715 4836 Quamvis
2756 4771 2902 4824 enim
2943 4777 2998 4825 et
3035 4770 3208 4839 ipsum
3239 4769 3350 4826 Noe
3373 4771 3613 4826 Patriar-

2035 4863 2217 4926 cham,
2249 4861 2302 4914 in
2333 4859 2486 4928 cujus
2530 4860 2716 4916 diebus
2762 4860 3012 4915 universa
3041 4859 3242 4915 diluvio
3269 4868 3412 4915 terra
3438 4861 3612 4916 deleta

2035 4960 2142 5018 est,
2172 4959 2225 5006 et
2265 4951 2399 5006 alios
2428 4965 2611 5019 supra,
2639 4958 2696 5005 et
2739 4949 2877 5004 infra
2925 4965 3096 5020 usque
3138 4951 3205 5005 ad
3252 4950 3355 5005 hoc
3383 4958 3612 5020 tempus,

2031 5061 2139 5115 quo
2165 5060 2319 5114 reges
2347 5044 2400 5098 in
2429 5043 2624 5113 populo
2654 5043 2750 5098 Dei
2771 5057 2890 5099 esse
2910 5050 3211 5112 coeperunt,
3232 5050 3450 5112 propter
3472 5059 3615 5112 qum-

2033 5136 2156 5189 dam
2183 5149 2280 5205 per
2307 5149 2402 5189 eos
2432 5133 2633 5198 futura,
2664 5131 2778 5186 sive
2825 5146 2930 5201 quo
2972 5128 3241 5199 quomodo
3284 5129 3609 5199 signiﬁcata,

2034 5223 2147 5279 sive
2168 5223 2447 5293 priedicta,
2475 5237 2594 5292 quae
2621 5221 2954 5291 pertinerent
2981 5217 3046 5272 ad
3077 5218 3351 5273 civitatem
3378 5219 3496 5283 Dei,
3529 5235 3613 5274 re-

2035 5327 2308 5383 gnumque
2334 5310 2616 5375 caelorum,
2649 5325 2755 5366 non
2803 5306 3071 5362 immerito
3118 5321 3400 5376 possumus
3428 5308 3611 5380 appel-

2038 5405 2148 5458 lare
2174 5403 2466 5473 prophetas
2492 5418 2506 5467 ;
2535 5399 2835 5470 prtesertim
2861 5397 2987 5468 quia
3020 5399 3303 5456 nonnullos
3345 5415 3531 5457 eorum
3560 5401 3616 5457 id

2039 5535 2490 5609 demptis._llane
2536 5536 2715 5602 itaque
2759 5531 3134 5609 praelationem
3183 5547 3304 5589 cum
3362 5538 3444 5601 iis,
3494 5555 3613 5609 qua:

2044 5602 2179 5673 dixi,
2205 5607 2492 5675 capitibus,
2522 5613 2816 5673 comparet.
2849 5604 3095 5669 obsecro,
3121 5602 3308 5661 lector.
