3976 6170
321 328 420 385 691

1391 324 1665 381 CLAUDII
1707 303 2172 379 radumnssrs
2207 323 2523 382 Episcorr

3493 325 3594 382 693

319 440 634 514 expressius
690 437 920 510 legimus
973 442 1313 506 nuncupatos
1344 476 1358 500 ,
1412 437 1555 490 sicut
1608 435 1906 514 Abraham,
1936 438 2074 496 Ara
2120 433 2406 500 Chanaan,
2443 435 2545 490 sub
2583 445 2605 474 ε
2652 433 2871 504 regibus
2918 446 3103 488 semen
3149 432 3384 490 Abraha:
3427 434 3603 490 fuerat

321 511 476 606 (Gen.
501 544 591 598 xx,
610 530 664 603 ’1)
688 527 1088 599 sicut‘iioysen,
1115 525 1390 595 (Deutero.
1415 511 1712 598 :xxrv,l0)
1734 534 1911 581 tamen

318 625 437 678 dies
474 621 881 690 Prophetarum
931 617 1226 689 praecipue,
1279 618 1625 688 maximeque
1662 617 1730 672 bi
1781 617 1894 672 dict

281 752 291 758 ε
317 722 466 776 sunt,
492 725 561 764 ex
590 723 698 780 quo
719 707 1228 780 cmpitprophetarc
1251 706 1493 773 Samuel,
1513 707 1606 778 qui
1629 714 1690 763 et
1711 706 1762 778 (ι
1784 705 1910 778 Reg.

316 817 374 865 ι,
408 800 460 874 l)
493 799 712 855 Saulem
738 799 912 870 prius,
941 807 1001 854 et
1025 813 1091 854 eo
1114 798 1423 868 reprobate,
1449 797 1497 869 (1
1520 798 1652 869 Reg.
1682 806 1792 862 'xvr,
1823 796 1910 870 15)

316 890 496 958 ipsum
527 888 716 952 David,
765 887 876 943 Deo
923 887 1271 958 prtecipiente
1313 888 1470 942 unxit
1514 888 1568 942 in
1614 902 1816 958 regem,
1844 887 1914 941 de

317 977 474 1048 cujus
501 979 673 1051 stirpe
701 978 887 1035 caeteri
926 977 1302 1042 succederent,
1332 993 1616 1048 quousque
1645 977 1766 1032 illos
1793 992 1914 1032 suc-

317 1071 513 1126 cedere
541 1071 622 1127 sic
663 1077 959 1140 oporteret.
1007 1068 1140 1136 Quae
1174 1069 1337 1140 igitur
1381 1085 1412 1122 a
1458 1068 1743 1137 PrOphetis
1787 1074 1916 1122 sunt

316 1161 574 1230 praedicta
603 1160 672 1216 de
713 1158 956 1224 Christo,
1002 1173 1126 1214 cum
1172 1158 1457 1214 moriendo
1500 1157 1910 1222 decedentibus,

321 1263 378 1307 ct
425 1251 698 1307 nascendo
744 1250 1166 1306 succedentibus
1219 1251 1332 1305 suis
1385 1249 1662 1313 membris,
1719 1249 1914 1304 civitas

321 1343 441 1410 Dei,
473 1359 570 1414 per
591 1343 697 1398 ista
723 1350 969 1398 curreret
1001 1351 1266 1411 tempora,
1301 1342 1349 1395 si
1376 1341 1556 1394 omnia
1586 1340 1743 1394 velim
1771 1355 1916 1394 com-

318 1450 646 1502 memorare,
696 1435 750 1491 in
796 1435 1122 1489 immensum
1171 1433 1432 1504 pcrgitur.
1483 1432 1744 1497 Primum,
1784 1433 1913 1502 quia

317 1530 437 1599 ipsa
467 1527 770 1600 Scriptura,
801 1541 924 1598 qua;
964 1543 1062 1597 per
1105 1528 1350 1583 ordinem
1399 1541 1576 1596 reges,
1616 1534 1912 1597 eorumque

317 1622 483 1690 facta,
511 1631 570 1678 et
599 1629 794 1678 eventa
813 1621 1089 1692 digerens,
1127 1620 1623 1690 videtur-tanquam
1652 1621 1910 1677 historim

318 1712 598 1784 diligentia
637 1712 801 1766 rebus
847 1711 1019 1782 gestis
1062 1719 1328 1781 occupata
1371 1726 1492 1766 esse
1521 1712 1832 1778 narrandis,
1863 1714 1910 1767 si

2015 524 2394 589 constitutum,
2423 534 2486 582 ut
2528 525 2664 581 nihil
2705 526 2828 580 inde
2875 535 3207 595 superesset,
3253 541 3361 596 quo
3388 537 3603 583 terrena

2015 613 2106 668 illa
2128 615 2228 670 Dei
2242 616 2538 686 promissio
2564 631 2674 671 non
2699 615 3082 685 compleretur,
3109 616 3214 670 nisi
3239 625 3300 670 ut
3327 617 3382 672 in
3413 618 3603 674 eadem

2015 712 2184 771 terra,
2208 714 2472 775 quantum
2495 707 2995 776 adrprosperitatem
3014 706 3207 762 attinet
3225 708 3602 778 temporalem,

2013 796 2393 866 prosperitatis
2429 797 2791 852 successione
2843 797 3166 852 inconcusso
3216 806 3388 864 statu,
3430 813 3609 868 usque

2015 889 2082 942 ad
2103 889 2349 944 mortalis
2376 889 2538 959 hujus
2575 888 2756 943 saeculi
2786 889 3077 943 terminum
3103 904 3234 959 gens
3262 899 3608 959 permaneret

2015 979 2251 1045 hebrtea,
2295 979 2345 1034 si
2394 978 2607 1034 Domini
2658 979 2753 1034 Dei
2799 980 2884 1033 sui
2919 979 3134 1050 legibus
3177 979 3443 1034 obediret.
3489 980 3608 1036 Sed

2014 1072 2268 1140 quoniam
2299 1070 2441 1126 Deus
2468 1072 2823 1127 noverat'hoc
2855 1084 2972 1125 eam
3010 1083 3118 1126 non
3161 1085 3283 1127 esse
3303 1071 3604 1139 facturam,

2015 1175 2144 1215 usus
2197 1168 2282 1215 est
2315 1161 2481 1215 etiam
2513 1159 2902 1230 temporalibus
2937 1162 3129 1230 apiariis
3175 1160 3241 1215 ad
3259 1165 3608 1218 exercendus

2013 1251 2068 1306 in
2096 1266 2159 1306 ea
2182 1267 2385 1323 paucos
2410 1252 2769 1318 ﬁdelessuos,
2795 1260 2850 1307 et
2886 1253 3274 1308 ammonendos
3298 1254 3393 1323 qui
3411 1263 3608 1323 postea

2013 1343 2182 1400 futuri
2213 1346 2453 1399 erantin
2491 1343 2744 1399 omnibus
2771 1343 3047 1416 gentibus,
3089 1345 3233 1413 quod
3260 1359 3366 1400 Eeos
3402 1361 3613 1399 ammo-

2013 1437 2131 1491 neri
2152 1436 2453 1506 oportebat.
2476 1435 2544 1490 'ln
2575 1435 2771 1504 quibus
2815 1435 3040 1490 alteram
3077 1435 3495 1504 promissionem
3523 1452 3610 1491 re-

2011 1529 2190 1585 velato
2211 1543 2351 1584 novo
2377 1536 2739 1594 testamento,
2781 1541 2881 1598 per
2907 1527 3351 1584 incarnationem
3391 1527 3609 1583 Christi

2013 1618 2189 1674 fuerat
2217 1619 2554 1689 impleturus.
2582 1618 2701 1686 Quo
2723 1618 2870 1674 circa
2889 1618 3280 1673 sieutoraeula
3303 1617 3395 1672 illa
3415 1615 3605 1673 divina

2013 1712 2081 1766 ad
2102 1711 2398 1776 Abraham,
2423 1710 2597 1784 lsaac,
2628 1719 2684 1765 et
2711 1709 2906 1776 'Jaco‘b,
2931 1717 2986 1764 ct
3009 1721 3367 1780 quaecumque
3409 1709 3516 1764 alia
3543 1711 3612 1764 si-

322 1804 612 1874 adjuvante
635 1803 741 1858 Dei
779 1801 983 1873 Spiritu
1008 1803 1350 1858 considerata
1379 1812 1664 1870 tractetur,
1690 1803 1775 1860 vel
1801 1821 1914 1860 ma-
1939 1803 1986 1864 B
2013 1819 2139 1875 gna,
2171 1801 2258 1858 vel
2286 1803 2428 1857 dicta
2453 1802 2766 1878 prophetica
2787 1801 2840 1854 in
2862 1801 3048 1855 =sacris
3071 1800 3268 1854 litteris
3294 1801 3607 1869 praeceden-

319 1897 422 1968 gis,
443 1895 698 1972 velcerte
719 1910 824 1950 non
841 1895 1034 1951 minus
1052 1896 1477 1966 praenuntiandis
1504 1896 1908 1968 ﬁnuris,'quam

321 1988 619 2060 praeteritis
663 1987 1015 2044 enuntiandis
1062 1988 1367 2044 invenietur
1414 1987 1666 2043 intenta:
1714 1997 1770 2043 et
1809 1989 1910 2045 hoc

317 2081 713 2152 perscrutanda
772 2081 1056 2152 indagare,
1113 2095 1174 2135 ac
1230 2078 1529 2136 differendo
1582 2089 1909 2150 monstrare,

319 2187 484 2243 quam
501 2173 586 2228 sit
611 2183 924 2242 operosum,
953 2179 1116 2240 atque
1140 2170 1432 2239 prolixum,
1458 2179 1514 2226 et
1535 2183 1696 2240 quam
1727 2171 1910 2227 multis

319 2266 602 2336 indignum
652 2263 1016 2318 voluminibus
1058 2262 1182 2332 quis
1239 2262 1472 2332 ignorat,
1518 2262 1613 2331 qui
1662 2262 1780 2317 haec
1826 2262 1911 2315 vel

321 2355 672 2411 mediocriter
697 2353 944 2424 cogitat?
989 2351 1191 2406 Deinde
1221 2351 1348 2421 quia
1396 2366 1461 2406 ea
1508 2353 1647 2421 ipsa,
1695 2365 1815 2422 qua:
1843 2353 1910 2408 ad

323 2445 663 2516 prophetiam
693 2459 804 2499 non
838 2443 1132 2513 ambigitur
1157 2443 1454 2511 pertinere,
1483 2444 1559 2497 ita
1586 2445 1911 2500 sunt-multa

321 2539 390 2590 de
416 2535 659 2602 Christo,
686 2548 963 2606 regnoque
1001 2533 1282 2599 calorum,
1313 2547 1434 2604 quae
1460 2535 1654 2591 civitas
1675 2537 1775 2591 Dei
1803 2547 1908 2601 est,

321 2634 381 2680 ut
417 2627 485 2680 ad
533 2627 638 2682 hoc
685 2627 1036 2696 aperiendum
1070 2625 1244 2695 major
1277 2628 1353 2684 sit
1377 2625 1912 2697 edisputationeces-

323 2717 490 2783 saria,
520 2733 684 2788 quam
714 2718 874 2789 hujus
899 2719 1080 2789 operis
1112 2719 1304 2773 modus
1329 2716 1553 2790 ﬂagitat.
1583 2719 1814 2775 Proinde
1837 2722 1910 2775 ita

321 2809 365 2864 si
398 2817 644 2879 potuero,
680 2807 821 2881 stylo
854 2809 1177 2863 moderabor
1204 2823 1363 2874 meo,
1411 2817 1470 2863 ut
1509 2809 1638 2864 huic
1673 2809 1824 2880 operi
1853 2809 1908 2864 in

327 2901 421 2955 Dei
465 2886 745 2956 voluntate
789 2901 1117 2971 peragendo,
1164 2914 1265 2956 nec
1309 2914 1394 2965 ea,
1445 2911 1565 2970 qua:
1613 2900 1908 2970 supersint,

324 2990 519 3055 dicam,
552 3003 655 3046 nec
679 3003 767 3057 ea,
788 3003 910 3060 quat
937 2989 1072 3045 satis
1099 2998 1245 3055 sunt,
1273 2991 1685 3061 praetermittam
1713 3003 1763 3044 α.

399 3082 529 3137 Erat
563 3097 692 3154 ergo
712 3081 826 3151 jam
852 3083 906 3137 in
951 3091 1096 3138 terra
1124 3082 1496 3152 promissionis
1523 3090 1710 3138 semen
1736 3081 1910 3137 Abra-

2013 1894 2328 1950 tibus‘facta
2375 1905 2527 1960 sunt,
2565 1895 2638 1948 ita
2673 1894 2839 1949 etiam
2879 1901 3092 1948 caeteras
3136 1894 3203 1949 ab
3247 1893 3354 1948 isto
3400 1893 3609 1963 Regum

2014 1989 2583 2060 tempore-prophetia
2609 1988 2808 2057 partim
2837 1987 3115 2057 pertinent
3153 1986 3218 2041 ad
3244 1995 3458 2058 gentem
3484 2001 3608 2040 car-

2013 2081 2098 2136 nis
2136 2079 2384 2144 ‘Abrahte,
2415 2079 2616 2150 partim
2637 2093 2768 2133 vero
2798 2077 2866 2132 ad
2883 2077 3024 2132 illud
3048 2091 3233 2132 semen
3259 2076 3394 2146 ejus,
3422 2076 3477 2130 in
3499 2092 3613 2145 quo

2014 2169 2407 2226 benedicuntur
2434 2183 2626 2225 omnes
2671 2176 2857 2241 gentes
2901 2167 3214 2223 cohmrcdes
3256 2167 3459 2222 Christi
3507 2182 3606 2236 per

2015 2267 2400 2316 teStamentum
2436 2273 2660 2324 novum,
2705 2257 2779 2312 a'd
2824 2257 3208 2327 possidendam
3237 2257 3406 2311 vitam
3449 2266 3609 2310 reter-

2014 2358 2163 2418 n‘am,
2179 2365 2524 2422 regnumque
2548 2348 2829 2404 caelorum.
2858 2346 3064 2402 Partim
3087 2361 3217 2418 ergo
3241 2347 3312 2402 ad
3329 2345 3604 2409 ancillam,

2014 2462 2134 2516 quae
2174 2445 2228 2499 in
2262 2444 2520 2499 servitute
2543 2449 2806 2514 generat,
2845 2441 2902 2496 id
2923 2447 3007 2495 est
3039 2447 3310 2494 terrenam
3333 2438 3606 2492 Hierusa-

2012 2539 2141 2603 lem,
2168 2551 2289 2607 qua:
2312 2535 2483 2590 servit
2508 2549 2630 2590 cum
2650 2531 2788 2588 'iiiiis
2816 2532 2949 2597 suis,
2988 2531 3187 2600 partim
3211 2543 3342 2583 vero
3375 2529 3442 2582 ad
3474 2528 3608 2581 libe—

2014 2645 2131 2685 ram
2155 2629 2431 2685 civitatem
2448 2627 2564 2692 Dei,
2596 2627 2651 2682 id
2674 2635 2758 2681 est
2776 2637 2960 2680 veram
2976 2623 3319 2679 Hierusalem
3342 2629 3612 2676 aeternam

2016 2724 2070 2777 in
2109 2722 2285 2787 cmlis,
2316 2719 2472 2789 cujus
2501 2719 2595 2774 lilii
2625 2719 2884 2775 homines
2907 2709 3402 2772 secundum'Deum'
3420 2713 3606 2766 viven-

2017 2825 2097 2872 tes
2125 2812 2544 2884 peregrinantur
2565 2811 2620 2866 in
2647 2810 2839 2875 terris;
2870 2806 2968 2864 sed
2991 2813 3123 2862 sunt
3151 2806 3206 2859 in
3234 2805 3314 2860 eis
3335 2802 3612 2873 quasdam,

2013 2921 2132 2978 quae
2170 2906 2238 2961 ad
2263 2913 2552 2974 utramque
2594 2902 2872 2973 per-linere
2920 2897 3316 2969 intelliguntur,
3347 2895 3415 2950 ad
3442 2893 3611 2948 ancil-

2013 3000 2120 3054 lam
2149 2998 2388 3069 proprie,
2438 2995 2504 3049 ad
2550 2994 2775 3048 liberam
2801 2991 3062 3062 ﬁgurate.
3096 2986 3390 3058 Trlpartita
3422 2987 3609 3055 itaque

2013 3089 2362 3161 reperiuntur
2388 3085 2601 3156 eloquia
2625 3083 3063 3153 Prophetarum:
3113 3079 3379 3150 siquidem
3424 3077 3605 3146 aliqua

322 3173 424 3236 hae,
465 3173 520 3228 id
540 3183 624 3228 est
649 3173 878 3244 populus
919 3173 1085 3229 lsracl
1131 3175 1424 3230 secundum
1470 3191 1713 3240 carnem,
1754 3183 1916 3245 atque
1943 3174 1988 3236 C
2020 3191 2147 3240 sunt
2173 3183 2242 3238 ad
2265 3190 2538 3236 terrenam
2577 3175 2916 3231 Hierusalem
2964 3171 3284 3242 spectantia,
3335 3168 3513 3240 aliqua
3539 3167 3607 3221 ad

323 3263 398 3317 ibi
445 3277 549 3317 non
581 3263 754 3317 solum
791 3263 820 3304 ιι
848 3264 1070 3328 utendo,
1107 3279 1172 3319 ac
1199 3267 1523 3334 possidendo
1545 3267 1792 3321 civitates
1822 3269 1916 3322 ad-

325 3355 721 3419 versariorum,
762 3369 948 3408 verum
977 3355 1140 3408 etiam
1189 3370 1345 3426 reges
1371 3357 1642 3423 habendo,
1686 3373 1915 3430 regnare

315 3445 430 3514 jam
461 3452 722 3516 coeperat,
753 3445 990 3515 impletis
1017 3447 1082 3501 de
1108 3447 1223 3516 ipso
1246 3447 1444 3518 populo
1462 3449 1915 3518 promissionibus

325 3537 420 3593 Dei
440 3533 554 3605 jam
584 3550 780 3606 magna
806 3550 874 3591 ex
902 3545 1054 3607 parte
1081 3551 1095 3590 :
1128 3552 1234 3592 non
1262 3537 1436 3592 solum
1463 3554 1584 3608 qum
1609 3537 1715 3595 illis
1742 3540 1915 3595 tribus

321 3632 598 3696 Patribus,
625 3631 925 3697 Abraham,
962 3631 1132 3696 Isaac,
1173 3640 1228 3687 et
1257 3630 1444 3698 Jacob,
1476 3641 1532 3686 et
1559 3642 1914 3702 qutecumque

323 3721 444 3798 alite
473 3720 804 3791 temporibus
827 3736 1040 3788 eorum,
1071 3737 1255 3778 verum
1277 3723 1438 3778 etiam
1467 3738 1588 3793 quae
1616 3738 1713 3794 per
1737 3722 1912 3794 ipsum

323 3814 563 3886 Moysen,
589 3829 687 3884 per
712 3829 874 3884 quem
900 3815 1129 3886 populus
1157 3816 1300 3872 idem
1345 3815 1412 3870 de
1453 3815 1716 3870 servitute
1744 3813 1911 3886 Egy-

325 3909 438 3980 ptia
465 3916 546 3963 cst
579 3907 857 3973 liberatus,
887 3915 940 3963 et
983 3923 1081 3978 per
1107 3923 1268 3979 quem
1297 3917 1495 3964 cuncta
1521 3907 1795 3978 prazterita
1827 3923 1914 3963 re-

325 4000 506 4054 velata
530 4006 656 4054 sunt
685 3999 1022 4070 temporibus
1049 3998 1187 4069 ejus,
1235 4015 1356 4055 cum
1380 3997 1636 4071 populum
1673 4012 1772 4068 per
1797 4013 1913 4054 ere-

324 4106 472 4145 mum
503 4091 743 4156 duceret,
773 4089 927 4145 iactae
955 4089 1189 4146 fuerant.
1222 4090 1406 4161 Neque
1434 4101 1615 4146 autem
1641 4107 1736 4162 per
1775 4093 1910 4148 insi-

326 4196 486 4250 gnem
513 4181 704 4236 ducem
731 4179 914 4236 Jesum
945 4180 1116 4246 Nave,
1147 4197 1248 4251 per
1271 4197 1430 4251 quem
1479 4182 1712 4253 populus
1739 4183 1828 4238 ille
1846 4185 1911 4238 in

323 4271 703 4340 promissionis
751 4271 1004 4329 inductus
1045 4280 1129 4327 est
1183 4281 1424 4339 terram,
1483 4276 1912 4347 expugnatisquc

295 4361 592 4432 .gcntibus,
631 4376 750 4416 eam
791 4361 1074 4417 duodecim
1124 4364 1393 4431 tribubus,
1441 4366 1637 4436 quibus
1673 4367 1912 4438 jusserat

328 4455 491 4519 Deus,
520 4453 701 4508 divisit
729 4463 785 4508 et
810 4461 1058 4510 mortuus
1081 4463 1164 4510 est
1193 4473 1207 4509 :
1254 4471 1426 4526 neque
1449 4467 1586 4527 -p03t
1616 4457 1767 4512 illum
1799 4467 1910 4515 toto

2019 3274 2319 3339 ccelestem,
2347 3268 2603 3326 nonnulla
2633 3267 2702 3322 ad
2721 3273 3027 3335 utramque.
3055 3283 3075 3315 ι

2090 3367 2177 3438 (ΙΙ
2209 3365 2340 3438 Reg.
2367 3364 2428 3430 2,
2451 3362 2507 3429 4,
2533 3363 2590 3428 5,
2613 3361 2693 3432 6.)
2722 3360 2852 3416 Post
2896 3367 3126 3413 mortem
3175 3353 3306 3409 Saul
3347 3361 3610 3407 venerunt

2017 3460 2119 3516 viri
2149 3457 2307 3523 Juda,
2331 3463 2387 3512 ct
2412 3461 2683 3512 unxerunt
2710 3452 2878 3508 David
2905 3452 2960 3505 in
2989 3449 3226 3512 Hebron,
3255 3454 3316 3500 ut
3357 3453 3610 3517 regnaret

2016 3565 2178 3619 super
2204 3549 2423 3604 domum
2447 3545 2584 3601 Juda
2611 3563 2624 3597 :
2670 3553 2728 3600 et
2761 3541 3070 3598 nuntiatum
3101 3535 3418 3601 estDavid,
3462 3535 3607 3605 quod

2016 3642 2118 3697 viri
2141 3639 2304 3696 Jabes
2329 3637 2534 3694 Galaad
2568 3634 2885 3705 sepelissent
2911 3630 3042 3688 Saul
3066 3647 3081 3697 ;
3103 3629 3258 3685 misit
3273 3643 3414 3700 ergo
3436 3626 3608 3680 David

2015 3735 2237 3789 nuntios
2261 3731 2329 3787 ad
2356 3731 2503 3786 viros
2532 3728 2694 3784 labes
2720 3725 2944 3790 Galaad,
2970 3716 3214 3792 dixitque
3249 3721 3319 3775 ad
3346 3734 3443 3775 eos
3467 3738 3478 3773 :
3507 3717 3609 3772 Be-

2017 3823 2208 3879 nedicti
2237 3839 2324 3878 vos
2351 3840 2381 3876 a
2411 3820 2661 3885 Domino,
2690 3812 3444 3889 qui‘fecistis'misericordiam
3469 3811 3606 3863 haue

2015 3931 2132 3970 cum
2170 3913 2398 3968 Domino
2427 3912 2536 3965 uiro
2570 3907 2724 3974 Saul,
2751 3917 2799 3962 st
2825 3905 3080 3978 sepeliuit
3100 3920 3238 3968 eum,
3278 3911 3327 3957 et
3360 3917 3499 3956 nunc
3523 3917 3604 3953 re-

2015 4005 2207 4060 tribuet
2257 4002 2465 4074 quidem
2520 4001 2662 4055 vobis
2705 3995 3159 4064 misericordium,
3211 4005 3260 4050 et
3316 3994 3602 4048 veritatem.

2022 4117 2041 4148 ι
2070 4097 2096 4136 ιι
2121 4097 2231 4153 Cur
2251 4111 2380 4168 ergo
2403 4094 2516 4160 isti,
2547 4093 2637 4163 qui
2667 4090 2906 4156 Snulcm,
2950 4097 3008 4145 et
3028 4090 3150 4161 ejus
3181 4087 3354 4146 lilium
3383 4086 3609 4156 sepelie—

2015 4198 2162 4255 runt,
2205 4187 2633 4244 misericordiam
2684 4183 2878 4239 fecisse
2921 4183 3191 4246 dicuntur,
3242 4188 3296 4237 et
3337 4180 3406 4234 ob
3450 4177 3604 4232 hoc:

2015 4297 2141 4354 rege
2169 4282 2258 4351 pio
2283 4279 2693 4343 benedicuntur,
2719 4277 2822 4333 nisi
2845 4276 2970 4344 quia
2992 4274 3131 4328 bene
3155 4271 3462 4326 afﬁciuntur
3489 4283 3608 4323 cur—

2015 4375 2081 4430 da
2131 4369 2528 4433 miserantium,
2573 4367 2788 4437 quando
2818 4381 2880 4419 ea
2927 4363 3112 4418 dolent
3158 4362 3212 4416 in
3264 4367 3603 4417 mortuorum

2015 4461 2333 4531 corporibus
2364 4458 2570 4520 alienis,
2609 4472 2730 4525 quae
2769 4455 2858 4510 illo
2907 4452 3122 4518 allectu,
3155 4467 3265 4521 quo
3309 4465 3470 4505 nemo
3503 4465 3603 4503 un-

326 4556 569 4616 tempore
607 4543 856 4606 Iudicum
885 4546 1104 4617 impleta
1156 4547 1332 4603 fuerat
1376 4550 1664 4622 promissio
1711 4550 1804 4606 Dei
1843 4527 2177 4624 (1ququ
2225 4566 2446 4606 carnem
2499 4563 2652 4606 suam
2691 4547 2817 4603 odio
2861 4546 3047 4611 habet,
3102 4543 3292 4598 nolunt
3337 4541 3452 4595 fieri
3483 4547 3606 4609 post

325 4652 470 4695 terra
505 4637 783 4704 Chanaan,
827 4655 859 4694 a
905 4640 1138 4718 quodam
1185 4640 1406 4696 ﬂumine
1453 4639 1698 4713 Egypti,
1740 4658 1912 4712 usque

325 4731 393 4784 ad
421 4729 618 4784 ﬂumen
649 4744 903 4798 magnum
929 4729 1207 4785 Eufraten.
1242 4729 1353 4786 Nec
1380 4739 1560 4785 tamen
1589 4731 1763 4788 adhuc
1780 4749 1908 4804 pro-

321 4805 648 4891 phetab'atur
689 4819 952 4885 futurum,
991 4820 1086 4876 sed
1128 4821 1516 4890 expectabatur
1557 4822 1906 4892 implendum.

323 4910 612 4982 impletum
642 4917 725 4965 est
751 4918 932 4965 autem
977 4925 1075 4982 per
1104 4911 1275 4970 David
1319 4918 1373 4968 et
1407 4910 1526 4981 ejus
1561 4913 1728 4968 lilium
1759 4914 1914 4971 Salo-

323 5019 583 5060 tnonem:
642 5001 795 5072 cujus
847 5018 1070 5075 regnum
1122 5012 1294 5072 tanto,
1343 5015 1546 5075 quanto
1584 5007 1910 5077 promissum

324 5092 504 5150 fuerat
532 5095 730 5167 spatio,
759 5094 1043 5150 dilatatum
1085 5103 1207 5163 est;
1249 5097 1531 5154 universos
1563 5099 1762 5170 quippe
1789 5099 1910 5156 illos

325 5185 700 5254 subdiderunt,
756 5187 1179 5260 tributariosque
1228 5187 1491 5246 fecerunt.
1545 5189 1636 5246 Sic
1681 5205 1810 5262 ergo
1855 5192 1908 5246 in

326 5286 473 5336 terra
494 5279 873 5350 promissionis
899 5280 1193 5337 secundum
1217 5296 1456 5347 carnem,
1481 5281 1582 5337 hoc
1611 5292 1694 5337 est
1724 5283 1777 5338 in
1804 5292 1910 5339 ter.

397 5475 424 5503 δ
452 5464 614 5548 Multa
651 5465 740 5521 hic
777 5465 1143 5548 pl‘ﬁtﬂl‘mlll‘ll
1189 5463 1464 5531 Claudius,
1513 5481 1634 5548 quae
1679 5467 1746 5520 ad
1770 5481 1908 5547 .rem

328 5544 653 5605 prmsentcm
683 5549 793 5589 non
840 5536 1132 5605 pertinent,
1181 5550 1408 5605 qumque
1445 5536 1725 5605 aptissime
1769 5537 1912 5590 inse-

329 5612 519 5686 ruerat
541 5604 898 5686 Augustinus,
926 5614 986 5660 ut
1011 5604 1292 5676 superiora
1317 5605 1420 5673 his,
1447 5604 1567 5676 quae
1591 5609 1774 5663 statim
1796 5620 1915 5676 per-

331 5680 548 5736 tractat,
570 5680 841 5742 jungeret.

405 5742 430 5780 ¹³
457 5742 646 5798 Editus
671 5759 683 5794 :
716 5744 952 5797 tenendo.

2012 4653 2245 4700 mortem
2280 4657 2434 4696 suam
2472 4639 2793 4710 corporibus
2821 4637 2952 4700 suis,
2984 4644 3039 4690 et
3059 4633 3204 4705 quod
3226 4633 3329 4688 sibi
3357 4630 3601 4686 exhiberi

2014 4736 2216 4800 volunt,
2251 4733 2468 4804 quando
2505 4732 2718 4791 sensuri
2744 4746 2852 4786 non
2894 4737 3038 4794 sunt,
3077 4728 3197 4783 aliis
3222 4742 3329 4782 non
3369 4723 3606 4781 sentien-

2012 4828 2156 4884 tibus
2183 4833 2376 4882 curant
2405 4824 2663 4879 exhibere
2692 4822 2818 4876 dum
2850 4820 3109 4877 sentiunt.
3135 4838 3155 4871 ι

2086 4917 2255 4972 David
2290 4925 2453 4970 uncto
2496 4929 2657 4984 super
2697 4913 2915 4968 domum
2943 4908 3136 4964 Iudam
3169 4922 3318 4978 rege,
3351 4906 3429 4976 (2,
3459 4906 3512 4969 8,
3545 4904 3600 4968 9,

2019 5009 2106 5074 10,
2127 5006 2248 5079 etc.)
2285 5007 2459 5062 Abner
2481 5005 2624 5074 ﬁlius
2647 5003 2759 5057 Ner
2782 5001 3055 5056 Hisboseth
3080 4998 3252 5069 ﬁlium
3272 4995 3404 5052 Saul
3434 5011 3603 5064 regem

2016 5099 2282 5154 constituit
2328 5113 2484 5165 super
2523 5095 2818 5148 universum
2862 5089 3032 5145 Israel
3071 5103 3088 5140 :
3143 5101 3479 5159 egressusque
3525 5091 3604 5136 est

2016 5191 2189 5245 Abner
2215 5187 2357 5258 ﬁlius
2385 5185 2497 5240 Ner
2517 5203 2636 5239 cum
2671 5183 2845 5254 pueris
2882 5179 3157 5236 Hisbosetlt
3187 5179 3253 5234 de
3278 5177 3464 5233 castris
3487 5172 3601 5228 Ga-

2018 5285 2172 5338 baou.
2225 5279 2394 5335 Porro
2436 5278 2571 5333 Joab
2612 5276 2755 5347 ﬁlius
2803 5274 3002 5330 Sat-vite
3045 5289 3163 5334 cum
3205 5271 3384 5343 pueris
3430 5264 3598 5322 Dauid

2092 5476 2110 5504 ε
2146 5462 2286 5518 Edit.
2319 5465 2504 5520 addit:
2537 5465 2638 5517 his.
3121 5493 3125 5496 -

2089 5533 2114 5572 ἀ
2149 5531 2802 5603 Subsequentia'tradidit
2845 5527 3175 5603 Augustinus
3214 5535 3334 5592 cap.
3358 5521 3412 5585 9,
3443 5531 3590 5603 num.

2025 5605 2083 5657 il
2113 5604 2235 5658 libri
2267 5597 2495 5660 De'cura
2534 5612 2882 5667 mortuorum,
2920 5597 3150 5655 alias'De
3175 5610 3302 5658 cura
3337 5605 3430 5663 pro
3457 5601 3596 5648 more

2023 5675 2126 5729 tuis
2146 5674 2390 5745 gerenda.
