3976 6170
307 274 408 335 095

943 267 1404 342 QUIESTIONES
1446 265 1595 324 XXX
1629 263 1859 322 SUPER
1895 260 2143 319 LIBROS
2179 258 2444 317 REGU'M.
2483 290 2557 303 -—
2590 259 2794 316 LIBER
2829 260 2892 317 ll.

3458 257 3566 317 691,

306 388 495 461 egressi
521 387 587 442 de
612 385 827 442 Nebron
868 389 1255 444 concitaverunt
1292 385 1483 441 bellum
1517 385 1678 455 juxta
1719 383 1880 455 pisci-
1906 376 1961 438 Α
1982 382 2088 441 est,
2124 374 2218 446 qui
2242 374 2467 432 custode
2501 374 2703 430 femina
2746 373 3033 430 hostilibus
3069 371 3260 444 gladiis
3288 372 3524 428 nudatur
3553 390 3567 425 :

305 497 424 537 nam
446 478 688 545 Gabaon,
712 487 760 534 et
781 478 1185 550 persequebatur
1204 475 1396 533 Δίαλεὶ
1415 476 1605 531 Abnsr.
1629 474 1886 531 Locutus-

304 588 399 642 que
443 579 517 626 est
565 569 742 624 Abner
781 570 851 625 ad
890 569 1066 635 Asael,
1104 570 1281 623 dicens
1311 583 1330 620 :
1373 567 1608 631 Recede;
1647 564 1755 620 noli
1804 582 1885 620 me

304 659 468 730 sequi,
498 674 562 713 ne
585 657 874 729 compellar
903 658 1183 729 confodere
1219 667 1269 712 te
1295 656 1352 712 in
1388 666 1606 711 terrent.
1637 653 1740 721 Qui
1761 671 1887 711 con-

304 748 502 820 tempsit
525 756 574 801 et
595 746 761 802 noluit
802 747 1087 803 declinare.
1119 747 1384 803 Percussit
1416 763 1539 818 ergo
1566 764 1686 803 eum
1713 747 1889 802 Abner

302 855 485 894 auersa
507 838 662 893 kasta
688 839 745 892 in
771 840 1005 909 inguine,
1028 848 1075 894 et
1102 839 1383 910 transfodit
1404 856 1545 905 eum,
1577 847 1627 894 ct
1649 847 1889 894 mortuus

302 940 397 987 est.
422 943 449 972 ι
482 949 501 982 ι
529 928 697 1000 Cujus
739 929 903 986 Asael
947 938 1131 1001 typum
1162 930 1356 997 tenuit,
1386 931 1494 987 nisi
1521 945 1714 987 eorum
1752 945 1890 1002 quos

303 1025 651 1080 vehementer
672 1022 940 1093 arripiens
979 1021 1133 1078 furor
1156 1023 1211 1078 in
1236 1037 1479 1093 prmceps
1506 1023 1689 1079 ducit?
1715 1022 1805 1093 qui
1834 1022 1890 1076 in

300 1117 493 1172 eodem
534 1114 739 1172 furoris
775 1116 978 1186 impetu
1022 1123 1171 1171 tanto
1209 1124 1366 1171 caute
1411 1114 1717 1173 declinandi
1742 1122 1886 1180 sunt,

301 1218 510 1281 quanto
537 1217 594 1265 et
616 1210 806 1264 insane
832 1208 1132 1278 rapiuntur.
1164 1207 1316 1264 Unde
1341 1216 1397 1264 et
1424 1208 1628 1272 Abner,
1657 1205 1748 1277 qui
1777 1220 1894 1261 ser-

304 1313 469 1371 mone
497 1306 684 1354 nostro
715 1299 883 1369 patris
922 1298 1139 1355 lucerna
1177 1298 1395 1363 dicitur,
1438 1296 1611 1367 fugit,
1647 1296 1773 1367 quia
1798 1295 1893 1350 do-

301 1398 515 1445 ctorum
548 1389 754 1459 lingua,
800 1404 921 1460 quas
969 1404 1262 1460 supernum
1302 1389 1398 1443 Dei
1435 1388 1616 1443 lumen
1666 1385 1891 1451 indicat,

301 1494 431 1536 eum
474 1493 576 1550 per
609 1480 838 1551 abrupta
884 1480 1086 1536 furoris
1135 1489 1370 1536 mentem
1411 1479 1713 1550 cuiuspiam
1761 1477 1892 1533 ferri

301 1569 588 1640 conspicit,
621 1585 851 1641 cumque
875 1579 1065 1627 contra
1096 1570 1421 1627 irascentem
1449 1571 1753 1628 dissimulat
1772 1586 1896 1627 ver-

301 1663 498 1718 borum
519 1660 699 1732 jacula
729 1663 975 1729 reddere,
1005 1664 1158 1734 quasi
1204 1671 1616 1735 persequentem
1650 1677 1757 1717 non
1779 1661 1895 1717 vult

301 1751 486 1819 fcrire,
513 1754 608 1809 sed
635 1768 758 1810 cum
802 1755 1043 1811 iracundi
1071 1755 1215 1811 nulla
1245 1755 1677 1812 consideratione
1704 1769 1762 1809 se
1788 1754 1890 1809 mi-

215 1895 219 1899 .
302 1844 494 1915 tigant,
520 1854 576 1902 et
611 1846 766 1916 quasi
792 1846 952 1903 Asael
990 1847 1241 1918 persequi
1282 1856 1339 1903 et
1368 1846 1607 1902 insanire
1635 1860 1741 1901 non
1771 1858 1890 1900 ces-

300 1944 699 2000 sant,1necessc
722 1948 807 1993 est
824 1949 887 1993 ut
904 1938 960 1993 hi
988 1939 1081 2008 qui
1105 1938 1345 1994 triremes
1372 1939 1670 2008 reprimere
1694 1950 1893 1993 conan-

302 2034 395 2080 tur
417 2040 756 2097 nequaquam
777 2042 837 2083 se
860 2029 913 2083 in
941 2028 1126 2085 furore
1144 2030 1373 2101 erigant,
1404 2029 1499 2085 sed
1527 2027 1785 2098 quidquid
1805 2034 1891 2083 est

300 2116 716 2187 tranquillitatis
762 2120 1049 2175 ostendant
1072 2159 1089 2185 ,
1141 2121 1389 2190 qntedam
1436 2134 1567 2175 vero
1621 2118 1893 2174 subtiliter

299 2204 605 2273 proferant,
639 2207 693 2261 in
741 2207 938 2276 quibus
984 2224 1051 2264 ex
1108 2209 1329 2278 obliquo
1380 2209 1611 2265 furentis
1651 2211 1891 2264 animum

298 2294 750 2364 pungant.'Unde
788 2304 848 2350 et
882 2297 1067 2351 Abner
1100 2308 1225 2351 cum
1265 2305 1455 2351 contra
1482 2306 1894 2366 persequentem

298 2384 576 2450 subsistit,
618 2399 726 2439 non
767 2398 889 2441 eum
926 2394 1097 2450 recta,
1142 2387 1238 2441 sed
1284 2400 1473 2441 aversa
1518 2386 1675 2440 hasta
1714 2394 1895 2441 trans-

301 2474 528 2530 foravit.
566 2475 646 2529 Ex
677 2490 932 2531 mucrone
980 2477 1177 2547 quippe
1207 2482 1526 2547 percutere,
1576 2484 1661 2532 est
1695 2476 1897 2546 impetu

303 2574 515 2635 aperta:
570 2565 955 2637 incmpationis
1000 2568 1223 2623 obviare
1266 2584 1279 2621 :
1332 2581 1522 2622 aversa
1569 2580 1700 2621 vero
1742 2568 1897 2622 hasta

301 2664 728 2726 persequentem
755 2655 1336 2723 ferire,-est.furensem
1371 2656 1655 2727 tranquille
1685 2673 1749 2713 ex
1778 2656 1900 2728 qui-

301 2747 539 2802 busdam
590 2755 816 2819 tangere
844 2758 900 2804 et
934 2750 1090 2820 quasi
1129 2750 1704 2820 parcendosuperare.
1738 2748 1898 2804 Asael

300 2846 491 2893 autem
526 2840 780 2909 protinus
825 2842 1115 2908 occubuit,
1171 2841 1299 2911 quia
1345 2850 1627 2897 commotae
1657 2848 1895 2905 mentes,

300 2930 438 2986 dum
464 2940 533 2987 -et
572 2934 723 3003 parci
753 2934 856 2989 sibi
888 2934 1150 3000 sentiunt,
1198 2941 1255 2989 et
1293 2942 1471 2989 tamen
1508 2948 1898 3004 responsorum

300 3022 523 3077 ratione
542 3022 596 3077 in
628 3024 839 3080 intimis
855 3027 967 3082 sub
983 3024 1374 3095 tranquillitate
1402 3032 1717 3094 tanguntur,
1743 3025 1813 3080 ab
1834 3040 1899 3082 eo
1924 3047 1972 3111 ρ

1987 463 2275 538 Hisboseth
2305 465 2503 535 quippe
2532 465 2609 519 vir
2635 462 2958 534 confusionis
3004 461 3220 518 dicitur.
3255 463 3351 520 Vir
3386 470 3570 518 autem

1986 555 2317 611 confusionis
2361 554 2564 626 estqui
2601 553 2758 610 fortis
2796 554 2994 610 mentis
3041 553 3286 609 custodia
3330 554 3577 613 munitus.

1988 659 2095 700 non
2121 654 2229 710 est,
2276 645 2370 715 qui
2400 644 2530 701 dum
2578 644 2806 699 virtutes
2831 657 2893 698 se
2917 657 3078 715 agere
3104 642 3357 709 aestimat,
3387 641 3577 698 subin-

1989 736 2188 790 trantia
2217 735 2347 792 vitia
2380 734 2713 790 nescientem
2746 740 2960 789 necant.
2991 733 3125 789 Tota
3166 733 3351 802 itaque
3377 732 3578 790 virtute

1989 826 2313 889 muniendus
2339 834 2425 882 est
2449 825 2629 880 aditus
2662 824 2880 890 mentis,
2931 837 3001 879 ne
3042 823 3259 893 quando
3295 838 3417 879 eam
3444 823 3579 880 insi-

1990 917 2201 973 diantes
2237 917 2421 973 hostes
2465 922 2750 988 penetrent
2776 914 3042 970 foramine
3076 913 3338 985 neglecta:
3368 914 3577 986 cogita-

1992 1007 2173 1063 tionis.
2210 1028 2228 1059 ι

2065 1117 2217 1189 (Cap.
2249 1118 2327 1189 6.)
2371 1117 2713 1188 Congregavit
2744 1125 2921 1171 autent
2962 1116 3133 1172 Dauid
3177 1132 3354 1173 omnes
3389 1116 3578 1173 electos

1966 1221 2057 1259 “ea:
2091 1204 2261 1260 Israel
2296 1205 2511 1274 triginta
2536 1202 2706 1259 millia
2731 1216 2750 1256 :
2778 1204 3111 1274 sumitque
3133 1213 3182 1259 et
3210 1204 3362 1271 abiit,
3388 1213 3437 1260 et
3458 1206 3581 1259 smi-

1918 1707 1967 1767 Β

1992 1312 2172 1350 versus
2200 1294 2425 1366 populus
2451 1295 2543 1366 qui
2578 1303 2692 1349 erat
2719 1309 2840 1349 cunt
2871 1310 2930 1349 eo
2960 1294 3025 1350 de
3050 1296 3174 1351 viris
3199 1296 3367 1362 Iuda,
3395 1306 3454 1352 ut
3483 1297 3584 1351 ad-

1992 1384 2238 1439 ducerent
2260 1400 2442 1439 arcant
2464 1384 2587 1450 Dei,
2610 1399 2768 1455 super
2787 1385 3269 1456 quantinuoeatunt
3292 1396 3368 1442 est
3390 1401 3582 1441 nomen

1992 1473 2206 1530 Domini
2245 1475 2569 1531 exercituum
2612 1474 2838 1530 sedentis
2859 1474 2919 1530 in
2961 1476 3227 1531 cherubim
3260 1492 3417 1546 super
3436 1493 3576 1532 cant.

1992 1560 2019 1601 ἀ
2048 1561 2408 1634 Congregavit
2456 1564 2626 1620 David
2672 1578 2864 1622 omnes
2899 1564 3099 1622 electos
3146 1582 3216 1625 ex
3270 1567 3435 1624 lsrael
3478 1567 3581 1622 tri-

1992 1655 2141 1725 ginta
2172 1654 2363 1723 millia,
2389 1656 2518 1728 quia
2548 1656 2813 1715 Dominus
2833 1656 3130 1715 Ecclesium
3156 1659 3484 1729 primitivam
3510 1675 3579 1716 ex

1993 1748 2158 1804 lsrael
2180 1748 2459 1806 instituit:
2488 1764 2597 1807 non
2624 1750 2841 1820 quidem
2881 1764 3098 1807 omnem
3125 1750 3313 1817 israel,
3342 1751 3434 1808 scd
3468 1753 3580 1808 cle-

1987 1847 2110 1896 ctos
2125 1854 2372 1911 quosque
2390 1840 2492 1897 sibi
2517 1841 2868 1898 comocians:
2889 1840 3013 1895 Non
3031 1841 3172 1897 enim
3188 1857 3389 1909 omnes,
3399 1845 3491 1915 qui
3515 1860 3582 1901 ea:

1992 1929 2182 2000 Israel,
2198 1933 2238 1987 ii
2267 1942 2391 1987 sunt
2412 1931 2673 1989 Israelita:
2693 1932 2871 2005 (Rom.
2900 1948 2978 2000 tv,
3004 1933 3098 2000 '12,
3119 1942 3179 1989 et
3193 1934 3249 2000 9,
3267 1935 3323 2004 4,
3340 1936 3432 2003 6,7
3457 1977 3473 2002 ,
3496 1937 3577 2009 8),

1989 2022 2082 2078 sed
2106 2021 2209 2093 [itii
2225 2022 2924 2094 promissionis‘dcputantur
2943 2023 2999 2079 in
3022 2024 3238 2080 semine.
3274 2041 3306 2076 ι.
3344 2024 3449 2092 Qui
3490 2026 3581 2082 tri-

1993 2114 2139 2184 ginta
2158 2112 2516 2183 miliia‘fuisse
2535 2112 2865 2179 referuntur,
2879 2113 2935 2170 id
2948 2122 3036 2171 est
3055 2114 3181 2171 fidei
3198 2115 3452 2186 eperiset
3463 2118 3582 2188 spei

1994 2205 2253 2262 ﬁrmitate
2279 2207 2507 2279 perfecti
2551 2225 2565 2262 :
2609 2206 2713 2262 tria
2741 2208 2888 2263 enim
2925 2216 3149 2280 propter
3183 2210 3581 2268 confessionem

1996 2306 2198 2353 sanetae
2221 2298 2504 2354 Trinitatis
2529 2300 2598 2354 ad
2626 2299 2786 2356 ﬁdem
2813 2301 3088 2370 pertinent
3112 2319 3128 2369 ;
3155 2303 3341 2359 decem
3360 2313 3583 2375 propter

1998 2387 2321 2457 Decalogum
2346 2388 2499 2459 legis,
2525 2390 2595 2444 ad
2635 2405 2846 2460 opera;
2899 2392 3045 2447 mille
3086 2403 3308 2465 propter
3342 2396 3425 2450 sui
3453 2411 3582 2467 per-

1999 2476 2285 2532 lectionem
2316 2476 2383 2531 ad
2409 2492 2561 2547 spem
2587 2479 2710 2533 vice
2753 2486 2999 2545 aeternae,
3041 2496 3149 2551 qua
3187 2484 3437 2553 superius
3475 2484 3579 2539 ali-

1998 2566 2127 2637 quid
2155 2581 2262 2622 non
2291 2575 2396 2633 est,
2427 2567 2567 2623 sicut
2597 2582 2857 2625 numerus
2880 2569 3187 2627 millenario
3208 2570 3382 2642 major
3403 2574 3583 2630 nullus

1998 2666 2101 2715 est.
2136 2658 2203 2714 Et
2237 2660 2284 2715 si
2323 2660 2471 2714 enim
2509 2659 2697 2715 decem
2726 2660 2914 2728 millia,
2958 2662 3007 2719 si
3050 2664 3271 2735 triginta
3298 2665 3486 2733 millia,
3535 2668 3595 2723 si

1999 2750 2162 2805 etiam
2190 2750 2339 2806 mille
2363 2750 2530 2807 millia
2567 2751 2800 2818 dixeris,
2848 2768 2957 2809 non
2998 2753 3176 2826 ipsum
3222 2755 3367 2813 mille
3393 2772 3585 2812 nume-

2000 2840 2170 2896 rando
2199 2842 2564 2907 transcendes,
2596 2843 2689 2897 sed
2739 2843 2824 2898 vel
2868 2858 2969 2915 per
3005 2860 3085 2916 se,
3110 2845 3196 2902 vel
3223 2862 3323 2918 per
3345 2848 3595 2904 minores

1999 2938 2256 2989 numeros
2280 2934 2479 3004 saepius
2504 2935 2748 2992 ducendo
2783 2936 3129 3008 multiplicas.
3166 2938 3291 2994 Tria
3319 2954 3449 3012 ergo
3485 2955 3590 3012 per.

2002 3022 2188 3079 decem
2222 3023 2542 3095 multiplica,
2566 3040 2636 3081 ne
2666 3024 2801 3082 fides
2824 3026 2942 3083 sine
2965 3028 3221 3099 operibus
3247 3038 3459 3086 mortua
3488 3031 3583 3087 sit.

296 3125 419 3180 quo
452 3122 837 3178 seerexerant,
871 3115 1055 3170 statim
1081 3117 1299 3172 cadunt.
1318 3115 1430 3184 .Qni
1459 3130 1589 3188 ergo
1611 3131 1642 3170 a
1668 3115 1898 3172 fervoris
2001 3112 2135 3170 item
2172 3115 2391 3188 triginta
2419 3131 2519 3188 per
2543 3116 2692 3173 mille
2721 3117 3040 3189 multiplica,
3073 3127 3137 3175 ut
3158 3119 3316 3188 fides,
3338 3136 3459 3191 qua
3485 3137 3586 3193 per

297 3203 388 3258 sui
417 3203 620 3273 impetu
659 3206 760 3262 sub
795 3207 1036 3264 lenitatis
1060 3209 1409 3280 percussione
1437 3209 1704 3277 resiliunt,
1744 3211 1900 3280 quasi
2001 3205 2340 3262 dilectionem
2362 3214 2638 3278 operatur,
2668 3223 2776 3264 non
2803 3208 2933 3265 alibi
2958 3226 3127 3283 quam
3151 3211 3202 3266 in
3233 3211 3386 3269 cmlis
3417 3214 3580 3269 retri-

298 3295 432 3351 sine
466 3294 612 3351 ferro
640 3299 963 3354 moriuntur.
1000 3321 1019 3353 ι

372 3384 464 3454 (4,
496 3384 530 3438 5
560 3394 628 3441 λεί
666 3386 747 3459 6.)
780 3387 953 3460 Igitur
991 3392 1250 3446 venientes
1295 3390 1394 3462 filii
1445 3391 1694 3449 Remmon
1735 3394 1901 3450 Bero-

296 3476 480 3540 tltitce,
511 3475 716 3533 Rechab
745 3489 793 3535 et
823 3479 1047 3535 Baltana
1078 3481 1301 3553 ingrcssi
1328 3493 1447 3537 sunt
1478 3483 1702 3552 fervente
1728 3484 1811 3539 die
1843 3486 1899 3540 in

293 3565 527 3620 domum
557 3565 854 3634 Hisboseth,
883 3572 973 3642 qui
1001 3572 1291 3628 dormiebat
1313 3588 1469 3643 super
1489 3584 1712 3629 stratum
1744 3592 1899 3629 suum

296 3658 552 3713 meridie.
570 3658 812 3732 'lugressi
837 3674 959 3719 sunt
982 3676 1157 3720 autem
1185 3667 1397 3720 domum
1418 3707 1433 3732 ,
1465 3677 1512 3722 et
1561 3670 1778 3724 ostiaria
1800 3669 1898 3724 do-

293 3764 426 3803 mus
446 3765 683 3820 purgans
711 3754 942 3808 triticum
985 3754 1293 3809 obdormivit
1311 3772 1332 3819 ;
1370 3766 1686 3812 assuntentes
1729 3760 1900 3828 spicas

292 3841 475 3895 tritici
520 3840 739 3898 latenter
778 3845 999 3916 ingressi
1028 3856 1147 3901 sunt
1187 3854 1236 3900 et
1278 3856 1641 3916 percusserunt
1684 3863 1801 3900 eum
1846 3849 1901 3903 in

294 3932 552 4003 inguine.
591 3933 619 3973 ιι
674 3953 693 3986 ι
728 3934 965 3991 Ostiaria
1000 3935 1249 3991 “triticum
1285 3945 1514 4008 purgat,
1542 3933 1666 3991 eum
1710 3938 1903 3993 mentis

296 4023 561 4079 enatodia
606 4024 1001 4093 discernenda,
1072 4026 1295 4083 virtutes
1346 4044 1377 4082 a
1422 4028 1569 4084 vitiis
1624 4036 1838 4098 separat
1882 4048 1895 4084 :

297 4128 460 4183 qum,
491 4114 538 4169 si
558 4116 911 4174 obdormierit
931 4118 985 4173 in
1017 4128 1246 4174 mortem
1271 4120 1474 4191 proprii
1515 4119 1749 4185 Domini,
1774 4118 1906 4174 insi-

301 4207 558 4264 diatores
597 4209 855 4278 admittit,
887 4211 1014 4282 quia
1044 4224 1165 4267 cum
1216 4211 1560 4268 discretionis
1603 4212 1905 4268 sollicitudo

300 4299 637 4365 cessaverit,
664 4302 733 4357 ad
758 4302 1190 4359 interﬁciendum
1227 4304 1467 4358 animum
1512 4302 1760 4375 malignis
1798 4304 1906 4375 spi—

1998 3297 2276 3354 hutionem
2310 3306 2509 3370 speret.
2533 3299 2701 3356 Electi
2735 3316 2867 3372 ergo
2895 3316 2962 3357 ex
2988 3301 3156 3359 Israel
3184 3304 3407 3375 pepulos
3436 3311 3589 3361 recte

1999 3388 2299 3454 credentes,
2322 3396 2628 3460 operantes,
2651 3398 2934 3459 sperantes
2958 3392 3255 3448 insinuant.
3272 3394 3385 3449 Viri
3401 3403 3583 3450 autem

1998 3474 2153 3542 Juda,
2186 3479 2278 3548 qui
2305 3487 2611 3536 erantcum
2645 3479 2837 3547 David,
2867 3482 3012 3551 ipsos
3049 3483 3274 3552 populos
3302 3492 3359 3540 et
3398 3485 3583 3540 docto-

2000 3583 2106 3635 res,
2137 3571 2231 3639 qui
2257 3569 2414 3626 lateri
2453 3570 2656 3626 Christi
2700 3572 2853 3641 quasi
2893 3570 3187 3628 familiares
3213 3573 3584 3638 adhaerebant,

2001 3656 2257 3724 indicant,
2289 3674 2398 3728 quo
2425 3668 2656 3728 utroque
2681 3660 2913 3730 stipatus
2958 3660 3226 3726 exercitu,
3254 3660 3469 3715 Domini
3497 3676 3587 3716 ar-

2001 3761 2124 3801 cam
2142 3746 2431 3813 adducere,
2452 3746 2614 3803 idest
2632 3747 2932 3803 Ecclesiam
2953 3746 3200 3814 dilatare,
3231 3756 3288 3803 et
3314 3749 3367 3803 in
3395 3763 3585 3805 eorum

2001 3835 2093 3904 qui
2131 3850 2239 3890 non
2267 3835 2639 3902 crediderunt,
2669 3835 2923 3891 cordibus
2960 3835 3198 3892 inserere
3225 3837 3442 3908 gaudet.
3477 3837 3585 3895 hn-

2001 3924 2220 3995 ponitur
2246 3933 2427 3980 autem
2461 3939 2587 3981 arca
2618 3924 2867 3995 plaustro
2890 3940 3080 3993 -novo,
3130 3935 3189 3985 ut
3220 3924 3353 3982 Novi
3394 3926 3585 3984 Testa-

2001 4016 2169 4071 menti
2196 4015 2370 4088 gratia
2400 4014 2672 4072 renovatis
2717 4015 2773 4070 in
2811 4014 3081 4087 baptismo
3109 4004 3380 4073 mentibus
3410 4016 3588 4073 infun-

2003 4105 2184 4172 datur,
2212 4106 2503 4176 vinumque
2520 4119 2721 4161 novum
2741 4105 2897 4161 novis
2917 4108 3127 4163 utribus
3157 4108 3586 4165 conservandum

2004 4198 2213 4253 mande:
2227 4212 2309 4251 ur.

2078 4296 2132 4367 (I
2155 4295 2281 4367 Reg.
2308 4312 2405 4361 vu,
2430 4296 2480 4361 1,
2502 4306 2551 4350 et
2571 4294 2635 4350 11
2651 4294 2781 4368 Reg.
2804 4312 2877 4364 γι,
2892 4297 2972 4372 4.)
2998 4315 3017 4350 t
3044 4299 3174 4355 Erat
3194 4299 3410 4369 quidem
3434 4301 3586 4372 prius

302 4393 518 4449 ritibus
544 4392 648 4448 iter
673 4395 892 4466 pandit:
940 4396 1033 4466 qui
1075 4396 1302 4468 ingressi
1332 4395 1511 4466 spicas
1540 4394 1752 4459 tollunt,
1780 4395 1896 4465 quia

2008 4402 2134 4441 arca
2164 4387 2232 4441 .in
2266 4387 2425 4443 domo
2449 4386 2771 4453 Aminadab,
2818 4387 2911 4458 qui
2943 4397 3062 4443 erat
3112 4389 3165 4442 in
3206 4387 3409 4456 Gabaa,
3461 4391 3585 4459 quia

303 4483 737 4541 utox‘bouarum
766 4486 1151 4558 cogitationum
1174 4487 1418 4559 germina
1437 4484 1711 4550 auferunt,
1740 4492 1903 4555 atque

303 4575 363 4631 in
400 4573 879 4646 inguinc‘feriunt,
908 4577 1035 4647 quia
1062 4576 1317 4631 virtutem
1344 4577 1525 4632 cordis
1548 4575 1903 4631 delectatione

301 4668 505 4724 carius
526 4667 817 4724 occidunt:
851 4669 903 4723 in
934 4668 1152 4740 inguine
1176 4669 1371 4740 quippe
1398 4666 1582 4733 ferire,
1620 4676 1704 4722 est
1735 4667 1901 4721 vitam

302 4759 521 4816 mentis
576 4760 755 4815 carnis
801 4759 1153 4815 delectatione
1208 4757 1505 4829 perforare.
1554 4757 1901 4828 Nequaquam

303 4866 452 4906 vero
486 4849 775 4907 llisboseth
803 4850 904 4906 iste
931 4862 953 4889 ο
981 4858 1155 4905 morte
1185 4848 1580 4914 succumberet,
1613 4848 1656 4903 si
1692 4865 1797 4903 non
1837 4850 1902 4904 ad

303 4944 625 5015 ingressum
662 4943 878 5009 domus,
922 4942 1225 5008 mulierem,
1267 4941 1319 4997 id
1345 4949 1430 4996 est
1460 4941 1529 4996 ad
1559 4941 1756 4996 mentis
1806 4941 1902 4996 ad-

305 5031 461 5087 itum
506 5031 727 5088 mollem
785 5033 1083 5088 custodiam
1136 5032 1467 5103 deputasset.
1521 5030 1700 5087 Fortis
1754 5048 1906 5087 nam-

303 5138 452 5193 que,
482 5122 766 5194 vigilisquc
794 5136 986 5178 sensus
1005 5121 1238 5194 praeponi
1274 5121 1452 5178 cordis
1492 5119 1700 5177 foribus
1727 5121 1901 5187 debet,

306 5226 486 5282 quem
515 5209 977 5283 uecnegligentia:
1018 5210 1240 5265 somniis
1283 5210 1576 5280 opprimat,
1624 5227 1725 5267 nec
1751 5212 1903 5284 igno-

308 5303 518 5358 rantiae
550 5319 707 5361 error
730 5303 897 5358 fallat.
930 5301 1080 5359 Unde
1101 5301 1235 5357 bene
1280 5300 1570 5358 llishoseth
1607 5303 1902 5375 appellatus

388 5463 845 5551 ‘ﬁlr'bscqueatia
864 5465 1157 5551 Gregorius
1183 5461 1406 5551 magnus
1430 5462 1606 5533 capite
1622 5459 1701 5515 -16
1726 5461 1900 5517 tertiae

303 5534 498 5605 Ρηίδ
522 5532 833 5601 Pastoralis,
863 5532 1225 5592 admonitione
1250 5532 1337 5586 l7.
1508 5532 1511 5533 ⁷

344 5674 359 5685 ,
394 5606 424 5642 δ
450 5601 579 5669 Qua!
599 5621 864 5685 promere
898 5609 1439 5685 ιιοῑειιελ-ξεδίῃειιῃιιιεζ
1462 5600 1679 5685 tradidit
1701 5600 1905 5685 gregn-

308 5674 442 5733 rius
469 5668 616 5732 num:
652 5676 720 5732 b9
748 5672 904 5750 [alias
932 5691 1048 5749 cap.
1079 5673 1169 5746 '56]
1198 5668 1319 5728 libri
1347 5689 1362 5727 ι
1392 5671 1670 5727 Moralium
1701 5671 1753 5727 in
1780 5668 1899 5728 Joh.

2004 4477 2192 4534 eadem
2220 4493 2339 4547 qua:
2379 4492 2523 4532 nunc
2541 4477 2882 4546 praedicatur
2908 4475 3163 4532 Ecclesia:
3193 4477 3344 4543 fides,
3374 4487 3431 4532 et
3462 4488 3588 4533 ante

2002 4567 2391 4623 lncarnationis
2420 4565 2714 4623 Dominica:
2743 4575 2952 4647 tempus
2996 4563 3223 4622 ﬂorebat
3264 4566 3319 4621 in
3367 4568 3452 4623 his
3492 4567 3587 4638 qui

2003 4660 2434 4730 patriarcharum
2499 4659 2994 4730 prophetarumque
3056 4667 3184 4715 sunt
3245 4659 3585 4717 devotionem

2004 4753 2193 4809 secuti.
2221 4751 2521 4809 Aminadab
2550 4751 2716 4817 enim,
2746 4751 2839 4822 qui
2868 4751 3253 4823 interpretatur
3278 4762 3429 4824 pater
3440 4768 3588 4807 meus

2008 4854 2346 4915 spontaneus,
2378 4842 2617 4916 (additur
2651 4842 2728 4917 et)
2771 4842 2855 4898 vcl
2889 4841 3165 4901 Abraham
3202 4853 3410 4915 patrem
3443 4845 3587 4909 ﬁdei,

2010 4935 2106 5008 (et)
2136 4935 2221 4990 vel
2266 4936 2484 5007 Moysen
2523 4935 2885 5017 legislatorcnt
2918 4937 3276 5009 signiﬁcabat,
3307 4938 3400 5007 qui
3429 4950 3452 4977 θ
3485 4939 3592 4997 uti-

2010 5042 2113 5096 que
2148 5027 2202 5081 in
2228 5024 2413 5081 Gabaa
2444 5025 2679 5083 custodit
2715 5043 2916 5095 arcam,
2960 5029 3086 5099 quia
3130 5029 3346 5084 sublimi
3376 5029 3591 5085 virtutis

2009 5120 2256 5191 exemplo
2282 5121 2617 5177 credentium
2652 5129 2871 5193 pectora
2904 5122 3097 5179 munit.
3132 5121 3280 5178 Unde
3317 5131 3372 5177 et
3406 5121 3588 5179 Gabaa

2011 5210 2159 5266 collis
2206 5211 2613 5282 interpretatur,
2642 5210 2733 5281 qui
2772 5218 2855 5266 est
2885 5210 3035 5267 locus
3074 5211 3127 5266 in
3159 5211 3375 5268 civitate
3414 5211 3591 5268 Caria«

2010 5305 2249 5359 thiarim.
2278 5302 2431 5359 Elata
2464 5308 2592 5375 ergo
2621 5302 2753 5358 foris
2781 5316 2904 5357 arca
2934 5301 3151 5357 ludebat
3176 5302 3361 5371 David,
3394 5311 3447 5360 ct
3475 5319 3563 5359 om

2074 5471 2099 5499 ε
2131 5461 2357 5516 Editus:
2387 5464 2485 5517 hac
2519 5465 2700 5519 morte.

2008 5530 2518 5671 “glisgllas'ecquentia
2536 5528 2715 5604 reperi
2738 5535 2903 5592 etiam
2923 5536 2979 5592 in
2996 5532 3227 5592 ﬂabello
3243 5531 3419 5590 locum
3447 5534 3590 5591 ltum

2086 5670 2108 5709 ξ’
2136 5670 2392 5742 Uterque.
