3904 6174
368 314 477 372 695

1424 311 1698 369 CLAUDII
1738 308 2201 367 TAURINENSIS
2240 312 2548 370 EPISCOPI

3519 320 3627 379 098

365 434 450 487 nis
476 429 641 486 Israel
666 442 848 484 coram
882 427 1108 483 Domino
1143 425 1371 482 diversis
1411 426 1745 482 musicorum
1782 440 1942 496 gene-
1969 429 2019 486 Α
2043 423 2134 477 vid
2184 424 2424 491 inducet,
2466 426 2593 495 quia
2642 426 2919 491 Dominus,
2966 426 3148 482 Enocb
3191 436 3246 483 et
3289 428 3405 484 Elia
3434 436 3633 501 pradi-

363 524 538 587 ribus,
578 521 703 591 quia
747 535 872 574 mox
910 519 1200 574 inchoante
1242 533 1396 601 nova;
1439 521 1628 590 gratia:
1671 520 1945 590 praeconio
2044 515 2292 572 cantibus
2314 557 2328 583 ,
2388 516 2537 589 (Luc.
2597 535 2647 621 ιχ,
2698 517 2754 582 v)
2799 526 3055 573 convertet
3111 520 3272 573 corda
3317 531 3532 590 patrum
3572 525 3635 580 iis

361 612 623 668 Dominus
641 610 708 665 ad
731 610 1060 666 exhibendas
1078 609 1189 666 Deo
1215 594 1574 667 Patri'laudes
1597 611 1938 676 humilitatis,

360 719 550 760 omnes
574 703 783 768 invitat,
812 703 997 759 dicens
1024 722 1038 757 :
1064 701 1244 777 (Joan.
1276 702 1375 773 xu)
1407 702 1513 769 Qui
1528 703 1659 757 mihi
1678 703 1943 759 ministrat

357 811 441 849 me
476 801 763 866 sequatur:
794 792 848 864 (I
869 791 992 847 Cor.
1016 809 1117 859 xu,
1149 794 1204 860 8,
1233 792 1363 866 etc.)
1397 792 1486 847 alii
1512 793 1686 848 dando
1711 808 1809 864 per
1832 793 1941 862 spi-

359 882 527 936 ritum
562 897 851 937 sermonem
886 881 1179 952 sapientia,
1227 883 1325 938 alii
1359 897 1646 938 sermonem
1684 882 1935 948 scientia,

358 973 455 1028 alii
473 988 664 1045 genera
700 971 1022 1043 linguarum,
1047 971 1143 1027 alii
1176 977 1401 1045 gratiam
1441 975 1797 1038 curationum,
1827 980 1933 1028 etc.

360 1062 470 1120 Sed
514 1063 601 1119 his
645 1071 808 1132 atque
860 1061 1160 1131 huiusmodi
1210 1063 1603 1119 charismatum
1649 1061 1938 1134 generibus

358 1154 737 1226 progrediente
758 1167 910 1220 arca,
938 1153 993 1208 id
1030 1161 1136 1218 est,
1183 1163 1466 1210 crescente
1490 1153 1734 1209 Ecclesia
1756 1153 1939 1223 primi-

357 1244 491 1309 tiva,
515 1249 736 1299 ventum
765 1251 850 1298 est
874 1241 942 1297 ad
983 1257 1164 1297 aream
1192 1242 1405 1299 Nacbor
1430 1241 1723 1316 (Nacbon),
1748 1243 1804 1299 id
1830 1252 1933 1310 est,

355 1350 538 1391 aream
579 1340 970 1406 praeparatam,
1020 1335 1261 1406 gentium
1314 1336 1564 1392 videlicet
1612 1337 1930 1402 Ecclesiam,

356 1426 481 1483 fidei
504 1427 736 1484 veritate
767 1428 1213 1505 consecrandam,
1260 1428 1329 1484 de
1372 1443 1477 1499 qua
1506 1429 1744 1485 Joannes
1791 1429 1868 1484 ait
1916 1447 1929 1484 :

356 1516 573 1587 (Matth.
609 1532 694 1585 ιιι,
726 1515 817 1588 ii)
848 1516 921 1571 Et
940 1517 1308 1589 permundabit
1339 1534 1519 1573 aream
1545 1535 1717 1574 suam.
1746 1519 1825 1575 ibi
1846 1535 1935 1576 sa-

354 1609 565 1676 cerdos,
593 1609 685 1679 qui
716 1624 902 1666 arcam
930 1609 1221 1677 incautius,
1249 1611 1404 1681 quasi
1447 1612 1768 1683 corrigendo
1808 1613 1934 1667 teti-

352 1699 455 1769 git,
476 1712 602 1754 mox
620 1713 653 1753 a
678 1698 909 1756 Domino
922 1714 1211 1771 percussus
1235 1701 1490 1758 occubuit
1518 1719 1532 1757 :
1567 1703 1694 1772 quia
1715 1701 1932 1759 Iudaeo.

2040 603 2201 672 ﬁlios.

2116 714 2137 747 ι
2158 695 2324 752 Boves
2343 706 2397 751 et
2417 698 2605 753 arietes
2626 698 2931 764 immolans,
2956 699 3061 755 hoc
3083 706 3189 765 est,
3209 714 3306 757 eos
3324 702 3419 773 qui
3439 718 3633 759 aream

2039 784 2253 840 Domini
2299 785 2575 853 trituram,
2621 794 2677 841 et
2722 786 2906 841 ovium
2952 787 3071 857 ejus
3111 788 3368 845 ducatum
3405 802 3624 863 gemat,

2038 874 2281 946 martyrii
2312 876 2575 947 sanguine
2607 891 2895 944 coronans,
2930 886 2987 934 et
3015 879 3132 949 ipse
3156 895 3373 951 quoque
3396 898 3511 938 sua:
3534 884 3629 937 in-

2037 964 2369 1020 carnationis
2399 974 2457 1020 et
2498 966 2767 1036 passionis
2805 967 3113 1038 exemplum
3158 977 3382 1027 eatenus
3423 971 3633 1029 Judteis

2036 1066 2144 1107 non
2173 1054 2435 1109 creditum
2455 1055 2637 1125 palam
2678 1056 3037 1114 manifestans
3063 1078 3076 1113 :
3106 1060 3209 1116 hoc
3237 1062 3381 1118 enim
3416 1064 3630 1135 signiti-

2036 1150 2125 1197 cat
2150 1144 2296 1213 quod
2326 1152 2383 1200 et
2409 1145 2528 1215 ipse
2555 1145 2729 1202 David
2758 1147 3039 1205 accinctus
3066 1158 3186 1204 erat
3222 1151 3399 1221 Ephot
3441 1153 3623 1221 lineo;

2036 1246 2162 1287 nam
2190 1232 2358 1292 linum
2392 1235 2536 1303 quod
2571 1235 2638 1290 de
2669 1243 2816 1291 terra
2845 1247 3191 1306 procreatum
3228 1242 3513 1312 multiplici
3544 1245 3627 1300 la-

2034 1321 2167 1377 bore
2202 1322 2270 1377 ad
2307 1323 2595 1379 candorem
2640 1326 2817 1384 vestis
2852 1330 3122 1397 pervenit,
3179 1332 3468 1388 veritatem
3520 1336 3627 1391 hu—

2034 1426 2210 1468 manm
2261 1413 2441 1469 carnis
2492 1413 2639 1471 inter
2687 1414 2896 1488 ﬂagella
2942 1420 3620 1491 triumphantis-ostendit.

2035 1501 2236 1558 Verum
2277 1504 2490 1560 cunctis
2532 1505 2926 1565 exsultantibus
2970 1516 3029 1566 et
3075 1510 3142 1567 ad
3193 1527 3336 1569 arcte
3380 1515 3628 1573 celestis

2033 1592 2315 1650 introitum
2370 1595 2603 1665 hymnos
2649 1598 3048 1666 resonantibus,
3095 1600 3210 1656 sola
3260 1601 3459 1659 Michol
3510 1605 3626 1662 filia

2035 1684 2160 1742 Sani
2187 1702 2371 1743 arcam
2406 1686 2728 1744 ducentibus
2756 1688 2930 1758 abest,
2967 1691 3100 1760 quin
3136 1693 3302 1748 etiam
3328 1709 3360 1750 e
3386 1698 3624 1765 speculis

355 1805 477 1844 rum
499 1789 728 1861 populus
760 1791 887 1846 dum
928 1791 1177 1864 gentibus
1205 1791 1428 1857 invidet,
1473 1791 1662 1849 salutis
1704 1808 1764 1850 se
1812 1810 1927 1850 mu-

2036 1776 2205 1833 David
2252 1776 2592 1833 humiliatum
2636 1778 2908 1849 despicit,
2966 1781 3098 1852 quia
3156 1784 3505 1844 credentibus
3569 1789 3625 1844 in

350 1895 484 1936 nere
502 1881 704 1951 privat,
741 1882 978 1952 dumque
1000 1882 1176 1954 legem
1212 1883 1328 1938 vult
1356 1882 1653 1956 Evangelia
1678 1885 1930 1953 miscere,

351 1972 636 2042 utriusque
666 1971 771 2028 sibi
800 1972 1030 2044 gratiam
1063 1972 1223 2028 tollit.

427 2080 447 2114 ι
484 2063 557 2117 Et
586 2062 771 2130 tenuit,
801 2063 995 2133 inquit,
1025 2080 1164 2130 eam,
1192 2066 1439 2136 quoniam
1465 2064 1805 2121 caloitrabant
1841 2066 1935 2121 bo-

350 2169 455 2209 eos.
484 2153 656 2210 Boves
675 2154 875 2224 quippe
900 2154 1203 2222 caicitrare,
1234 2162 1319 2210 est
1342 2156 1726 2233 praedicatores
1752 2155 1931 2211 Evan-

350 2242 476 2313 gelii
527 2242 751 2299 liberius
797 2242 944 2300 circa
1000 2242 1162 2299 ﬁdem
1196 2260 1379 2316 agere,
1420 2259 1595 2314 neque
1628 2245 1932 2309 secundum

348 2332 794 2390 consuetudinem
839 2331 974 2403 legis
1016 2332 1249 2404 ingredi,
1298 2333 1396 2388 sed
1423 2334 1668 2398 sabbata,
1707 2348 1928 2390 neome-

347 2422 490 2489 nias,
539 2422 1012 2482 circumcisionem
1056 2423 1414 2492 victimasque
1450 2423 1807 2493 spiritualiter
1849 2424 1932 2479 in—

344 2519 664 2589 terpretari,
691 2532 830 2589 quos
867 2517 1018 2573 velut
1044 2524 1291 2574 errantes
1319 2517 1594 2588 corrigere
1623 2517 1929 2583 tentabant,

346 2610 439 2680 qui
467 2609 859 2666 descendentes
883 2609 949 2664 de
971 2606 1156 2662 Iudaea
1196 2607 1464 2664 docebant
1491 2605 1687 2662 fratres
1727 2625 1741 2660 :
1789 2605 1926 2679 (Act.

345 2702 438 2776 xv)
461 2703 589 2774 (μία
609 2702 713 2757 nisi
733 2698 1183 2755 circuntcidantini
1209 2698 1495 2754 secundum
1512 2714 1709 2754 morem
1736 2697 1926 2769 Moysi,

348 2812 455 2851 non
480 2794 696 2866 potestis
717 2792 848 2848 salvi
871 2792 1012 2861 ﬁeri,
1039 2798 1095 2846 et
1119 2791 1187 2845 de
1218 2790 1417 2861 quibus
1433 2788 1669 2846 Jacobus
1696 2792 1763 2845 ad
1793 2789 1930 2844 Pau-

346 2887 497 2942 lum:
533 2885 672 2957 (Act.
716 2889 832 2956 ut)
883 2882 1061 2952 Vides,
1105 2883 1300 2952 inquit,
1349 2882 1534 2952 frater,
1580 2883 1719 2954 quod
1760 2882 1929 2940 millia

345 2986 469 3034 sunt
489 2978 545 3032 in
564 2975 770 3033 Iudicis
795 2975 884 3047 qui
906 2974 1259 3037 crediderunt,
1294 2981 1345 3027 et
1374 2982 1554 3028 omnes
1596 2972 1929 3029 aemulatores

298 3084 299 3087 ‘
345 3080 466 3125 sunt
497 3068 626 3139 legis

424 3199 444 3231 ‹
477 3178 558 3237 Oh
586 3193 806 3235 causam
833 3191 964 3248 ergo
999 3176 1295 3232 sacerdotis
1345 3175 1512 3232 occisi
1553 3172 1722 3230 David
1757 3174 1929 3231 noluit

347 3289 373 3318 ιι
398 3274 593 3331 diverti
620 3273 690 3329 ad
718 3287 777 3328 se
800 3287 982 3327 arcam
1008 3271 1219 3326 Domini
1248 3270 1303 3325 in
1329 3270 1599 3328 civitatem
1622 3273 1811 3339 David,
1832 3272 1926 3328 sed

346 3367 568 3422 divertit
605 3378 726 3419 eam
770 3362 826 3417 in
878 3361 1097 3417 domum
1146 3359 1481 3417 Obethedom
1526 3362 1754 3428 Gethsci,
1801 3363 1926 3432 quia

345 3454 725 3525 respuentibus
750 3451 976 3507 verbum
1005 3447 1219 3514 Judmis,
1266 3465 1336 3506 ne
1375 3452 1603 3522 amplius
1649 3451 1831 3508 audita
1871 3461 1926 3525 et

345 3563 453 3604 non
480 3551 727 3616 suscepta
766 3541 1079 3614 prmdicatio
1104 3549 1343 3607 noceret,
1372 3542 1601 3621 apostoli
1634 3543 1702 3618 ab
1728 3543 1807 3598 eis
1834 3543 1925 3597 ab-

342 3637 437 3693 lati
463 3645 519 3692 et
544 3637 613 3692 ad
634 3645 822 3709 gentes
847 3634 1166 3690 imbuendas
1202 3640 1330 3687 sunt
1357 3633 1527 3689 missi.
1559 3633 1711 3689 Unde
1750 3641 1804 3688 et
1848 3633 1926 3687 io-

343 3745 439 3786 cus
467 3743 609 3785 arete
633 3728 868 3795 Nachor,
897 3743 1016 3801 qua:
1042 3728 1278 3800 gentium
1311 3725 1471 3781 fidem
1498 3722 1710 3779 Domini
1739 3723 1927 3793 gratia:

341 3830 703 3895 praeparatam
724 3821 1080 3886 demonstrat,
1101 3817 1378 3888 percussio
1410 3814 1522 3872 Oza
1558 3821 1920 3883 nuncupatur,

341 3920 592 3979 videlicet
618 3919 745 3990 quia
768 3916 945 3995 (Rom.
969 3913 1069 3989 xu)
1094 3900 1305 3986 illorum
1330 3911 1519 3967 delicto
1543 3909 1687 3965 salus
1709 3908 1924 3979 contigit

339 4012 596 4085 gentibus.
626 3998 962 4068 Ohethedom
1000 4022 1235 4080 namque
1267 4006 1655 4087 interpretatur
1694 4001 1922 4057 serviens

340 4106 496 4159 homo
526 4117 546 4156 :
577 4103 666 4158 ille
691 4112 775 4159 est
800 4103 986 4172 utique
1011 4102 1078 4157 de
1103 4117 1210 4177 quo
1238 4100 1498 4179 Dominus
1545 4099 1614 4153 ad
1660 4097 1875 4151 Patrem
1904 4116 1917 4151 :

342 4192 517 4266 (Psal.
543 4192 675 4264 xvn)
705 4182 1029 4258 Constitues,
1071 4184 1264 4261 inquit,
1290 4208 1372 4245 me
1398 4191 1455 4245 in
1484 4184 1639 4260 caput
1667 4190 1921 4275 gentium,

340 4283 663 4356 populusque
702 4300 854 4356 quem
888 4299 991 4337 non
1027 4282 1240 4354 cognovi
1281 4284 1484 4338 servivit
1532 4282 1681 4337 mihi.
1722 4280 1824 4338 Ubi
1868 4290 1924 4337 et

340 4373 648 4429 Judaeorum
684 4362 1057 4443 abjeCtionem,
1090 4373 1400 4447 quasiOzae
1421 4381 1650 4437 mortem
1685 4373 1924 4444 pracmit-

2031 1868 2219 1931 mundi
2257 1866 2419 1923 finem
2452 1866 2675 1935 Iudicis,
2713 1878 2875 1926 erunt
2918 1873 3163 1929 nonnulli
3209 1874 3302 1944 qui
3343 1874 3625 1934 Christum

2030 1958 2391 2029 professione,
2417 1961 2511 2017 sed
2531 1974 2694 2032 opere
2716 1971 3016 2032 sequantur
3033 1964 3431 2022 Antichrist
3461 1983 3477 2021 :
3508 1970 3625 2038 qui-

2029 2051 2132 2106 bus
2158 2050 2351 2106 merito
2379 2052 2632 2123 congruit
2667 2053 2812 2123 quod
2848 2054 3038 2111 eadem
3073 2055 3268 2112 Michol
3292 2058 3364 2113 ob
3386 2056 3625 2129 ﬁguran-

2031 2144 2155 2207 dam
2185 2144 2588 2206 instabilitatem
2617 2145 2941 2212 carnalium,
2975 2164 3115 2219 aqua
3144 2149 3315 2203 omnis
3354 2150 3623 2220 interpre-

2031 2240 2197 2299 tatur,
2226 2248 2337 2288 non
2353 2248 2495 2289 uxor
2512 2233 2705 2300 David,
2734 2235 2830 2290 sed
2858 2234 2967 2297 ﬁlia
2995 2234 3122 2293 Sani
3145 2238 3469 2307 appellatur,
3492 2240 3622 2309 quia

2030 2324 2122 2394 qui
2148 2322 2254 2380 fide
2279 2331 2437 2379 tenus
2472 2322 2689 2380 Christo
2714 2326 2955 2385 serviunt
2984 2343 3096 2384 non
3136 2327 3281 2384 illius
3323 2344 3494 2400 regno
3531 2345 3625 2385 co-

2031 2412 2283 2479 ronandi,
2315 2413 2409 2469 sed
2442 2422 2850 2483 persecuturum
2893 2416 3040 2486 ejus,
3081 2433 3217 2487 quos
3246 2418 3624 2485 imitavernnt,

2030 2500 2374 2563 anathemate
2417 2501 2731 2559 damnandi.
2780 2503 2982 2560 Verum
3028 2507 3180 2575 pravi
3227 2520 3587 2566 succenseant
3602 2553 3623 2576 ,

2030 2591 2391 2648 humilitatem
2428 2592 2686 2650 Ecclesia:
2715 2603 3080 2663 contemnant,
3118 2598 3470 2658 nihilominus
3489 2617 3625 2659 arca

2028 2681 2243 2738 Domini
2281 2698 2438 2739 suum
2468 2683 2647 2743 locum
2676 2685 2997 2755 ingreditur.

2104 2790 2123 2822 ι
2157 2769 2386 2851 Ponitur
2412 2773 2467 2827 in
2499 2774 2670 2830 medio
2712 2774 3038 2833 tabernaculi
3065 2779 3205 2849 quod
3232 2782 3528 2838 tetenderat
3567 2788 3623 2839 ei

2028 2860 2231 2929 David,
2268 2861 2323 2918 id
2370 2872 2479 2929 est,
2526 2863 2663 2920 fides
2702 2864 2961 2925 Ecclesiae
2996 2870 3342 2938 praedicatur,
3376 2873 3621 2943 proﬁcit,

2030 2950 2289 3021 inseritur
2317 2953 2570 3011 cordibus
2595 2955 2857 3025 omnium,
2890 2971 3026 3027 quos
3055 2958 3316 3016 Dominus
3344 2963 3413 3018 ad
3452 2965 3623 3020 vitam

2030 3044 2492 3115 prmordiuaverat
2525 3055 2804 3103 aeternam.
2837 3047 2977 3121 (Act.
3008 3066 3124 3116 xm,
3151 3052 3265 3124 48.)
3309 3054 3481 3110 Oli‘ert
3516 3057 3624 3112 Da-

1954 3132 1999 3195 C
2030 3134 2118 3197 vid
2149 3133 2459 3191 holocausta
2502 3144 2558 3192 et
2603 3137 2830 3208 paciﬁca
2877 3154 3062 3195 coram
3114 3142 3364 3209 Domino,
3412 3147 3466 3201 id
3511 3158 3623 3213 est,

2026 3225 2186 3299 fidem
2241 3225 2688 3298 devotionemque
2739 3228 2996 3294 Ecclesiae
3061 3235 3406 3297 commendat
3464 3236 3619 3293 Patri

2026 3312 2273 3369 Christus
2304 3313 2484 3386 (Rom.
2518 3332 2633 3382 vm,
2662 3317 2776 3390 54),
2825 3319 2916 3390 qui
2949 3330 3026 3374 est
3067 3322 3137 3376 ad
3177 3322 3448 3380 dexteram
3495 3327 3624 3394 Dei,

2025 3405 2115 3476 qui
2144 3405 2303 3479 etiam
2322 3405 2618 3485 interpellat
2639 3426 2734 3480 pro
2758 3410 2926 3477 nobis.
2952 3411 3054 3479 Qui
3095 3413 3148 3468 in
3185 3416 3494 3485 exemplum
3521 3418 3624 3473 Da—

2024 3495 2112 3559 vid
2143 3493 2329 3550 fideles
2376 3495 2714 3568 humilesque
2757 3499 3089 3567 benedicens
3114 3502 3345 3559 salubris
3378 3509 3624 3576 mysterii

2026 3582 2197 3656 pascit
2233 3583 2525 3655 alimentis.
2568 3585 2810 3655 Partitur
2853 3590 3075 3666 singulis
3117 3591 3430 3664 collyridam
3462 3597 3624 3666 panis

2025 3689 2203 3739 unam,
2242 3672 2331 3749 (Il
2358 3673 2489 3761 Reg.
2519 3690 2596 3745 vi,
2638 3676 2692 3743 6,
2723 3676 2854 3751 etc.)
2882 3679 3026 3735 illius
3057 3681 3245 3757 utique
3274 3682 3367 3753 qui
3397 3683 3462 3748 de
3491 3685 3623 3740 caelo

2023 3763 2309 3829 descendit,
2348 3773 2405 3821 et
2441 3766 2534 3821 dat
2573 3768 2732 3824 vitam
2764 3768 2884 3845 huic
2931 3770 3147 3847 mundo.
3189 3771 3371 3842 (Joan.
3415 3790 3492 3839 vt,
3526 3775 3616 3839 '55,

2022 3851 2111 3919 48,
2140 3852 2270 3927 etc.)
2307 3854 2375 3909 Et
2412 3865 2710 3931 assaturant
2757 3858 2966 3915 bubula:
3014 3862 3191 3939 carnis
3239 3879 3422 3929 unam,
3473 3866 3621 3933 illius

2024 3944 2228 4021 scilicet
2248 3945 2400 4022 vituli
2428 3946 2682 4025 saginati,
2713 3948 2807 4020 qui
2835 3966 2936 4021 pro
2966 3961 3270 4030 revertente
3295 3956 3366 4014 ad
3397 3967 3619 4026 patrem

2023 4033 2132 4100 {ilio
2152 4034 2368 4108 iuniore
2409 4044 2678 4112 mactatus
2709 4045 2765 4095 et
2792 4040 2916 4122 igne
2954 4044 3227 4113 passionis
3258 4055 3475 4119 assatus
3511 4058 3620 4115 est,

2022 4125 2244 4181 dicens:
2275 4126 2504 4198 (Psalm.
2543 4144 2658 4195 xxx,
2696 4128 2784 4202 16)
2831 4129 3060 4186 Exaruit
3102 4132 3239 4189 velut
3271 4144 3406 4208 testa
3451 4138 3620 4203 virtus

2022 4232 2155 4293 mea.
2188 4214 2275 4288 (II
2306 4214 2435 4288 Reg.
2478 4232 2553 4282 Vt,
2586 4215 2677 4289 l9)
2722 4216 2793 4271 Et
2833 4217 3063 4275 similam
3098 4220 3295 4290 [rixam
3329 4208 3466 4287 oleo,
3499 4240 3605 4280 car-

2022 4318 2146 4358 nem
2183 4303 2435 4360 videlicet
2481 4320 2513 4359 a
2554 4304 2763 4376 peccati
2792 4305 2915 4363 labe
2942 4308 3380 4376 mundissimam,
3416 4313 3517 4367 sed
3545 4314 3617 4367 ob

2023 4397 2276 4451 humanae
2312 4394 2502 4453 salutis
2531 4396 2862 4453 uberrimam
2893 4397 3254 4478 dilectionem,
3280 4400 3460 4457 crucis
3498 4418 3603 4458 sar-

339 4474 485 4533 tens,
511 4466 588 4520 ait
612 4482 625 4519 :
659 4464 908 4537 (Ibidem,
934 4482 980 4520 υ.
1006 4463 1096 4532 44)
1125 4463 1329 4536 Eripies
1357 4480 1438 4518 me
1462 4464 1526 4518 de
1550 4463 1922 4518 contradictio-

2029 4487 2203 4558 lagine
2229 4494 2442 4541 testam.
2470 4487 2538 4542 Et
2568 4488 2764 4543 merito
2794 4504 2899 4543 una
2925 4471 3088 4563 panis.
3113 4478 3394 4562 collyri‘da,
3420 4501 3477 4547 et
3508 4510 3617 4548 una

339 4554 491 4609 nibus
531 4554 751 4627 populi;
796 4568 991 4623 nomen
1020 4567 1234 4624 quoque
1277 4552 1426 4608 urbis
1451 4551 1700 4623 congruit
1730 4569 1743 4605 :
1779 4549 1920 4629 Geth

337 4646 484 4702 enim
527 4645 916 4715 interpretatur
955 4634 1210 4710 torcular,
1257 4638 1571 4714 signiﬁcans
1604 4656 1830 4706 crucem,
1863 4640 1916 4695 in

337 4752 447 4809 qua
476 4736 605 4792 vitis
629 4751 758 4792 vera
796 4735 996 4806 calcari
1023 4744 1080 4790 et
1105 4734 1335 4804 exprimi
1361 4734 1580 4806 dignata
1609 4741 1724 4798 est;
1757 4748 1787 4787 a
1813 4747 1917 4801 qua

338 4834 567 4884 cunctus
603 4825 843 4897 gentium
891 4823 1119 4895 populus
1155 4823 1351 4877 merito
1385 4820 1628 4896 Getlueus
1662 4821 1917 4892 appellari

335 4927 535 4991 potest,
565 4918 652 4974 cui
679 4916 912 4973 dicitur:
950 4904 1085 4970 Mihi
1107 4924 1277 4970 autem
1309 4914 1442 4970 absit
1470 4905 1710 4987 gloriari,
1742 4916 1842 4971 nisi
1863 4916 1914 4973 in

335 5027 490 5066 cruce
514 5008 724 5064 Domini
752 5008 918 5062 nostri
946 5004 1074 5061 Iesu
1104 5005 1299 5061 Christi
1317 5007 1367 5060 ιι.
1474 4996 1483 5006 κ

413 5141 432 5174 ‹
467 5121 603 5177 Tres
624 5127 803 5176 autem
827 5134 1059 5191 menses,
1088 5120 1287 5192 quibus
1312 5119 1507 5192 ibidem
1530 5137 1655 5189 arca
1681 5123 1922 5200 demora-
1954 5142 1957 5143 ν

335 5221 445 5279 tur,
473 5211 627 5278 lides,
655 5226 779 5282 spes
798 5218 855 5266 et
877 5210 1117 5267 charitas
1141 5218 1244 5266 est.
1268 5209 1422 5274 Sicut
1448 5213 1592 5268 enim
1618 5214 1808 5270 diebus
1829 5215 1919 5279 ad-

336 5305 591 5378 impletur
636 5304 860 5370 mensis,
895 5305 969 5359 ita
1013 5302 1239 5377 singula:
1273 5302 1500 5358 virtutes
1533 5304 1646 5359 suis
1689 5319 1916 5374 qumque

333 5397 584 5468 passibus
629 5395 698 5451 ad
753 5394 1141 5467 perfectionem
1200 5394 1540 5466 perveniunt.
1592 5392 1659 5449 lli
1701 5409 1914 5451 menses

254 5544 257 5549 ,
336 5500 618 5555 quousque
641 5484 917 5555 plenitudo
940 5485 1178 5556 gentium
1210 5484 1393 5550 intret,
1416 5498 1636 5540 currere
1661 5500 1768 5553 non
1797 5498 1914 5540 ces-

337 5579 479 5629 sant.
509 5573 753 5628 Tandem
771 5575 987 5633 rediens
1018 5575 1189 5632 David
1216 5591 1398 5647 arcam
1422 5576 1479 5632 in
1503 5576 1782 5633 civitatem
1809 5575 1912 5631 Da-

408 5692 437 5721 ι
464 5680 761 5746 Divertere.

2024 4577 2206 4646 carnis
2243 4585 2486 4632 assatura
2515 4577 2694 4643 datur,
2727 4578 2851 4649 quia
2886 4566 3102 4651 (Ephes.
3134 4597 3207 4647 Iv,
3237 4579 3293 4655 5)
3337 4598 3476 4636 unus
3506 4582 3610 4652 Dos

2024 4671 2214 4732 minus,
2239 4687 2346 4724 una
2371 4670 2524 4740 ﬁdes,
2547 4687 2708 4724 unum
2736 4670 3011 4743 baptisma,
3042 4689 3177 4727 unus
3201 4660 3367 4738 Deus,
3389 4684 3439 4727 et
3462 4687 3609 4745 pater

2022 4763 2274 4816 omnium.
2297 4761 2470 4821 Aliter
2491 4762 2608 4817 hmo
2628 4776 2851 4816 munera
2874 4761 3061 4817 ﬁdeles
3085 4762 3378 4833 accipiunt,
3396 4764 3617 4833 quando

2025 4834 2076 4923 (I
2107 4851 2228 4905 Cor.
2260 4866 2315 4929 χ,
2346 4849 2433 4923 17)
2457 4867 2593 4906 unus
2627 4853 2781 4923 panis
2814 4861 2862 4907 et
2898 4868 3060 4908 unum
3105 4869 3290 4924 corpus
3327 4854 3487 4908 multi
3523 4872 3610 4926 δατ

2023 4928 2139 4995 ntus
2167 4942 2222 4995 in
2250 4941 2492 5005 Christo,
2521 4949 2577 4997 et
2605 4956 2715 4997 sua!
2758 4942 2941 4998 carnis
2973 4943 3169 5014 singuli
3197 4942 3479 4999 lasciviam
3524 4961 3613 5001 ca-

2021 5015 2281 5099 Stigantes
2328 5046 2394 5101 ac
2440 5030 2690 5108 servituti
2734 5030 3106 5100 subjicientes,
3153 5033 3327 5088 sancti
3373 5033 3612 5104 Spiritus

2019 5122 2143 5198 igne
2165 5121 2487 5195 decoquunt,
2514 5135 2614 5201 nec
2634 5136 2743 5177 non
2764 5131 2822 5197 et
2839 5120 3046 5180 fructus
3070 5136 3294 5193 operum
3316 5122 3605 5185 honorum,

2016 5206 2135 5285 oleo
2169 5210 2557 5266 misericordiae
2590 5212 2946 5284 pinguissimo
2971 5213 3342 5285 compassione
3372 5215 3607 5284 proximi

2015 5298 2225 5377 fervere
2256 5297 2481 5377 faciunt.
2518 5291 2609 5370 (II
2632 5299 2784 5374 Reg.,
2824 5318 2899 5369 γι,
2932 5321 2978 5358 υ.
3019 5302 3111 5376 25)
3144 5304 3216 5357 At
3258 5311 3451 5359 contra
3497 5301 3603 5357 lilia

2016 5387 2143 5444 Sani
2176 5388 2375 5445 frustra
2417 5378 2723 5446 cubiculum
2772 5380 2917 5465 regis
2944 5378 3219 5465 ingressa,
3268 5392 3443 5449 nullos
3480 5408 3608 5448 con-

2013 5484 2154 5556 cepti
2179 5483 2402 5551 seminis
2427 5482 2636 5559 fructus
2662 5486 2755 5545 dat
2782 5504 2795 5545 :
2824 5487 2952 5556 quia
2978 5486 3072 5557 qui
3099 5485 3325 5557 verbum
3349 5485 3448 5541 Dei
3467 5499 3606 5540 aure

2009 5578 2171 5627 tenus
2224 5573 2561 5643 percipiunt,
2612 5575 2816 5646 absque
2859 5560 2987 5631 boni
3032 5574 3214 5646 operis
3255 5573 3411 5644 prole
3456 5573 3605 5644 diem

2010 5682 2388 5823 psitpqdvequse
2410 5686 2570 5743 tradit
2586 5686 2915 5770 Augustinus
2936 5703 3085 5773 num.
3100 5686 3518 5777 5Enarrationis
3537 5683 3601 5766 in
