3976 6170
336 335 442 392 697

981 338 1444 407 QUESTIONES
1484 342 1631 398 XXX
1671 340 1898 397 SUPER
1939 337 2186 396 LIBROS
2223 341 2486 400 REGUM.
2525 373 2595 382 —
2634 341 2832 398 LIBER
2868 345 2929 398 ll.

3483 346 3586 404 693

330 459 603 521 perpetuzc
653 450 842 506 mortis
894 462 1223 522 exspectant.
1266 475 1284 508 ι
1345 468 1370 495 α
1415 455 1473 510 1η
1531 458 1634 511 hac
1666 455 1911 517 historia
1939 454 1989 511 A
2015 454 2174 510 nibus
2200 466 2475 527 appetunt,
2525 465 2684 526 atque
2712 471 2870 510 omne
2897 457 3036 525 quod
3064 466 3206 523 sunt,
3253 456 3489 527 deiectos
3530 473 3588 513 se

333 543 472 595 beati
511 539 652 611 regis
698 551 754 595 et
794 544 1070 612 prophetae
1113 545 1300 608 David,
1327 562 1430 615 qua
1476 561 1656 601 arcam
1685 547 1778 601 Dei
1822 548 1914 602 ad-

331 631 549 685 duxisse
605 643 892 698 narratur,
942 637 1218 692 moraliter
1256 639 1531 694 humilitas
1587 641 1912 708 approbata,

330 719 580 786 superbia
611 720 862 775 damnata
892 730 947 776 et
971 725 1246 780 temeritas
1267 725 1535 781 vindicata
1561 734 1910 791 monstratur,

257 863 260 868 ,
329 812 456 879 quia
489 820 546 866 et
587 813 702 881 ipse
751 815 921 870 David
956 832 1142 873 coram
1197 834 1322 874 arca
1379 821 1592 876 Domini
1640 822 1915 876 humiliter

328 903 530 958 saltare
556 920 664 958 non
686 907 904 960 erubuit
939 906 1010 978 (υ.
1043 908 1154 979 14),
1184 925 1310 964 mox
1339 911 1748 980 promissionem
1792 912 1912 965 Filii

328 993 532 1060 Dei,ex
556 1009 652 1047 sua
683 995 852 1064 stirpe
889 997 1146 1052 nascituri
1185 1001 1460 1070 suscipere
1502 1003 1834 1071 promeruit:
1860 1012 1914 1057 et

326 1081 549 1151 conjux,
597 1101 718 1154 quae
765 1088 1009 1142 eamdem
1056 1089 1200 1145 illius
1239 1091 1594 1146 humilitatem
1647 1094 1911 1162 despexit,

327 1176 448 1245 ejus
497 1177 704 1232 semine
743 1177 1023 1234 fecundari
1049 1196 1155 1236 non
1181 1183 1394 1248 merita,
1426 1195 1698 1254 perpetu:c
1719 1186 1916 1240 sterili-

327 1267 458 1322 tatis
490 1281 682 1336 paanas
712 1267 830 1322 luit.
858 1269 1060 1325 Intueri
1092 1273 1237 1327 enim
1264 1273 1392 1329 libet
1428 1285 1628 1344 quanta
1654 1277 1914 1330 virtutum

325 1372 555 1412 munera
585 1357 754 1412 David
779 1359 1061 1428 percipiat,
1090 1371 1254 1432 atque
1279 1363 1333 1416 in
1357 1363 1440 1418 his
1458 1366 1732 1430 omnibus,
1753 1380 1915 1434 quam

323 1445 543 1500 fortiter
567 1461 626 1501 se
653 1446 958 1502 humilitate
987 1450 1256 1504 servabat.
1285 1451 1314 1490 δ
1359 1471 1378 1503 ‹
1411 1451 1580 1518 Quem
1619 1454 1764 1508 enim
1807 1469 1915 1508 non

323 1535 613 1591 extolleret
658 1553 754 1591 ora
800 1537 1020 1593 leonum
1060 1538 1352 1609 frangere?
1395 1557 1645 1597 ursorum
1695 1544 1916 1599 brachia

323 1629 612 1698 dissipare,
649 1628 700 1699 (I
729 1629 853 1700 Reg.
899 1646 1030 1696 xvn,
1075 1631 1165 1701 58)
1210 1632 1476 1702 despectis
1502 1635 1776 1705 prioribus
1807 1637 1917 1690 fra-

2014 546 2334 610 exhibendo,
2360 555 2742 614 contemnunt;
2785 548 2877 602 sed
2909 555 3086 602 tamen
3125 549 3262 616 apud
3303 563 3361 604 se
3388 548 3590 602 intror~

2014 652 2127 700 sus,
2154 639 2308 705 quasi
2352 653 2416 692 ex
2447 639 2560 707 ipso
2601 639 2793 694 merito
2833 646 3065 693 ostensa:
3093 638 3316 692 vilitatis
3362 637 3590 692 intume-

2013 734 2192 790 scunt,
2222 735 2276 780 et
2315 736 2466 781 tanto
2508 728 2680 796 magis
2719 727 2774 780 in
2823 728 2988 782 corde
3029 727 3154 781 elati
3200 735 3344 792 sunt,
3390 735 3591 795 quanto

2013 815 2241 884 amplius
2285 815 2338 868 in
2387 817 2566 884 specie
2591 816 2876 871 elationem
2907 825 3175 885 premunt.
3207 817 3337 884 Qua:
3363 825 3594 886 utraque

2013 907 2173 960 unius
2201 906 2446 961 elationis
2483 907 2644 970 bella,
2675 923 2866 978 magna
2920 908 3085 961 David
3115 908 3596 977 circumspectione

2013 998 2387 1067 deprehendit,
2415 998 2552 1051 mira
2595 999 2795 1052 virtute
2826 999 3116 1067 superavit.
3163 997 3297 1063 Quia
3337 999 3480 1052 enim
3530 999 3596 1052 de

2014 1089 2304 1157 semetipso
2351 1089 2496 1141 intus
2527 1087 2748 1142 humilia
2779 1088 3038 1150 sentiens,
3069 1088 3331 1141 honorem
3359 1087 3598 1140 exterius

2015 1192 2120 1230 non
2135 1177 2350 1245 quaarit,
2368 1175 2626 1240 insinuat,
2646 1177 2830 1230 dicens
2856 1195 2868 1229 :
2887 1175 3040 1246 (vers.
3057 1175 3148 1247 22)
3164 1175 3369 1229 Ludam
3387 1185 3432 1228 et
3447 1174 3599 1247 vilior

2014 1268 2160 1336 ﬁam.
2200 1268 2265 1321 Et
2299 1268 2425 1338 quia
2453 1283 2551 1337 per
2592 1270 2694 1323 hoc
2722 1269 2866 1338 quod
2895 1269 3054 1323 vilem
3089 1284 3148 1324 se
3180 1270 3419 1324 exterius
3457 1283 3596 1338 pra:-

2013 1358 2150 1421 buit,
2175 1373 2515 1427 nequaquam
2545 1358 2771 1413 interius
2801 1359 3128 1423 intumescit,
3149 1357 3391 1426 adiungit
3418 1377 3430 1410 :
3462 1357 3599 1409 Ero-

2014 1465 2113 1519 que
2137 1449 2349 1502 Immitis
2390 1450 2444 1502 in
2486 1449 2652 1503 oculis
2689 1450 2853 1512 meis;
2884 1466 2949 1504 ac
2983 1450 3028 1504 si
3056 1451 3200 1505 dicat
3229 1469 3241 1502 :
3271 1449 3482 1518 qualem
3511 1463 3599 1501 me

2013 1540 2254 1594 exterius
2277 1539 2582 1609 despiciens
2620 1540 2870 1605 exhibeo,
2909 1540 3070 1595 talem
3117 1556 3204 1595 me
3246 1540 3470 1594 interius
3517 1544 3600 1591 at-

2018 1631 2197 1686 tendo.
2227 1629 2364 1697 Quid
2389 1643 2519 1702 ergo
2562 1631 2735 1686 acturi
2780 1639 2926 1696 sunt,
2954 1647 3089 1700 quos
3133 1632 3374 1685 doctrina
3399 1631 3595 1694 elevat,

324 1719 503 1773 tribus
529 1718 676 1789 eligi,
705 1717 836 1790 (xvi,
877 1719 965 1784 12,
993 1729 1040 1774 et
1072 1735 1224 1785 xvnt,
1254 1722 1346 1794 28)
1375 1725 1659 1794 reprobate
1689 1740 1814 1796 rege
1847 1726 1914 1779 ad
1947 1793 1978 1796 μ
2016 1724 2062 1777 si
2091 1723 2260 1780 David
2304 1739 2371 1778 ex
2416 1739 2582 1778 carne
2622 1740 2719 1779 sua
2750 1732 3034 1779 venturum
3066 1723 3478 1791 Redemptorem
3511 1737 3602 1775 no-

323 1809 477 1878 regni
505 1811 869 1880 gubernacula
896 1813 1022 1884 ungi
1047 1810 1344 1867 timendum
1365 1793 1576 1869 cunctis
1603 1831 1710 1869 uno
1737 1793 1911 1884 lapide
1944 1793 1988 1868 Β
2016 1823 2188 1878 verat,
2216 1813 2439 1883 ejusque
2463 1815 2657 1885 gaudia
2683 1814 3054 1884 prophetando
3080 1813 3381 1875 nuntiabat,
3427 1819 3482 1864 et
3517 1819 3598 1864 ta-

321 1900 536 1956 Goliam
577 1911 822 1958 sternere
851 1902 982 1974 (XVI,
1012 1905 1128 1976 50),
1171 1922 1199 1960 a
1235 1921 1361 1977 rege
1399 1907 1672 1976 proposita
1705 1906 1911 1961 exstin—
2013 1920 2135 1959 men
2158 1904 2210 1958 in
2241 1904 2529 1973 semetipso
2557 1904 2822 1959 cervicem
2851 1903 3032 1958 cordis
3057 1903 3233 1957 valida
3259 1903 3602 1958 discretionis

321 1991 429 2046 etis
453 1991 736 2062 allophylis
779 2008 1064 2050 numerosa
1090 1997 1352 2066 praeputia
1392 2005 1692 2066 reportare,
1725 1995 1906 2067 (xvm,
2010 1995 2158 2050 calce
2183 1994 2538 2064 deprimebat,
2568 1995 2754 2050 dicens
2797 2012 2808 2047 :
2859 1993 3069 2064 Eroque
3109 1993 3323 2048 humilis
3355 1993 3410 2046 in
3437 1994 3603 2048 oculis

321 2081 419 2151 27)
447 2083 769 2151 promissum
803 2086 1018 2141 tandem
1048 2102 1270 2157 regnum
1299 2090 1598 2159 percipere,
1629 2099 1909 2146 euuctum-
2011 2086 2160 2138 meis.

321 2189 430 2242 que
477 2173 833 2230 lsraeliticnm
876 2177 1131 2246 populum
1172 2180 1289 2234 sine
1333 2180 1438 2234 ulla
1484 2181 1911 2236 contradictione
2088 2195 2104 2226 ι
2140 2187 2162 2214 ο
2195 2174 2461 2244 Sacerdos
2486 2192 2722 2247 quoque.
2752 2177 2843 2247 qui
2872 2192 3055 2232 arcam
3087 2177 3488 2233 inconsiderata
3526 2186 3604 2233 te-

319 2262 634 2330 possidere?
661 2261 749 2331 (II
785 2263 910 2333 Reg.
941 2281 996 2330 v,
1031 2267 1082 2336 l)
1112 2267 1179 2320 Et
1205 2278 1382 2322 tamen
1423 2284 1544 2322 cum
1595 2285 1776 2324 arcam
1815 2271 1910 2324 Dei
2013 2267 2264 2321 meritate
2292 2268 2487 2338 tetigit,
2523 2284 2687 2323 ausus
2711 2270 2794 2323 sui
2838 2277 3050 2323 reatum
3090 2270 3383 2324 immatura
3428 2278 3604 2325 morte

322 2350 664 2406 Hierusalem
696 2361 930 2418 revocat,
967 2357 1122 2422 quasi
1169 2356 1368 2410 oblitus
1408 2358 1686 2426 pratlatum
1711 2373 1771 2412 se
1796 2373 1912 2411 om-

322 2442 519 2506 nibus,
557 2441 822 2496 admistus
868 2444 1078 2514 populis
1107 2454 1233 2500 ante
1275 2461 1456 2500 arcam
1487 2447 1667 2500 saltat.
1697 2447 1763 2500 Et
1787 2449 1911 2515 quia

322 2546 511 2584 coram
561 2546 689 2585 arca
733 2531 950 2598 saltare,
992 2542 1052 2588 ut
1095 2535 1356 2601 creditur,
1398 2537 1539 2605 vulgi
1562 2553 1690 2606 (mos
1715 2536 1910 2602 fuerat,

324 2633 424 2673 rex
455 2635 515 2675 se
554 2620 610 2675 in
655 2622 836 2677 divino
881 2625 1138 2695 obsequio
1183 2641 1282 2696 per
1321 2626 1514 2680 saltum
1545 2635 1705 2681 rotat.
1752 2627 1910 2690 Ecce,

321 2725 488 2780 quem
537 2712 797 2769 Dominus
838 2717 1052 2771 cunctis
1089 2717 1438 2788 singulariter
1482 2719 1754 2789 prmtulit,
1797 2733 1915 2774 sese

319 2804 427 2857 sub
481 2803 754 2868 Domino,
831 2813 888 2860 et
931 2808 1264 2876 exaequaudo
1323 2809 1560 2864 minimis
1604 2818 1660 2865 et
1706 2809 1914 2878 abjecta

319 2894 632 2951 exhibendo
659 2900 979 2952 contemnit.
1010 2898 1127 2955 Non
1155 2909 1397 2970 potestas
1424 2903 1573 2971 regni
1618 2903 1684 2956 ad
1713 2918 1917 2957 memo-

317 2986 460 3041 riam
515 2987 823 3054 reducitur,
867 3005 976 3045 non
1029 2991 1396 3061 subjectorum
1445 2993 1618 3047 oculis
1670 2992 1916 3047 saltando

318 3077 586 3133 vilescere
611 3079 846 3133 metuit:
875 3095 983 3134 non
1018 3095 1077 3135 se
1116 3083 1320 3136 honore
1361 3082 1639 3152 praelatum
1682 3084 1912 3149 caeteris,

319 3179 450 3226 ante
480 3170 596 3240 ejus
623 3186 830 3237 arcam,
871 3172 963 3242 qui
988 3174 1246 3228 honorem
1288 3174 1511 3228 dederat
1554 3175 1908 3244 recognoscit.

317 3263 524 3317 Corum
550 3263 778 3318 Domino
805 3264 917 3334 egit
945 3275 968 3303 ο
1004 3265 1201 3320 debilia
1229 3265 1313 3318 vel
1337 3274 1601 3330 extrema,
1644 3275 1705 3320 ut
1731 3266 1818 3320 illa
1846 3283 1913 3321 ex

317 3355 633 3410 humilitate
678 3355 934 3410 solidaret
961 3367 1081 3427 quze
1107 3373 1290 3414 coram
1329 3357 1636 3412 hominibus
1671 3367 1916 3428 gesserat

318 3446 508 3501 fortia.
535 3445 673 3512 Quid
699 3447 765 3502 de
790 3444 908 3514 ejus
931 3446 1089 3503 factis
1114 3447 1183 3501 ab
1213 3447 1333 3503 aliis
1363 3449 1646 3514 sentiatur,
1679 3449 1868 3519 ignoro
1895 3466 1908 3501 :

315 3551 426 3608 ego
453 3535 620 3589 David
643 3535 762 3605 plus
783 3536 1072 3592 saltantem
1101 3545 1311 3607 stupeo,
1345 3553 1506 3607 quam
1546 3547 1910 3609 pugnantem;

315 3627 613 3698 pugnando
647 3627 844 3696 quippe
891 3627 1101 3682 hostem
1139 3627 1395 3692 subdidit,
1441 3628 1689 3683 saltando
1733 3637 1914 3682 autem

315 3731 507 3772 coram
543 3715 768 3770 Domino
793 3717 1142 3785 semetipsum
1175 3716 1346 3771 vicit:
1380 3731 1539 3786 quem
1583 3719 1775 3774 Michol
1805 3719 1912 3772 filia

316 3808 456 3863 Saul
483 3807 662 3863 adhuc
689 3823 754 3863 ex
801 3817 1010 3863 tumore
1053 3807 1081 3848 δ
1129 3809 1292 3879 regiae
1323 3811 1498 3880 gentis
1542 3811 1752 3877 insana,
1790 3827 1914 3867 cum

315 3898 668 3954 humiliatum
692 3900 1010 3969 despiceret,
1043 3899 1230 3954 dicens
1255 3917 1268 3952 :
1300 3898 1455 3970 (vers.
1483 3899 1575 3972 20)
1602 3899 1772 3965 Quam
1799 3901 1914 3971 glo-

317 3990 498 4043 riosus
521 3987 620 4058 fuit
655 3988 808 4042 hodie
831 4003 922 4042 res:
949 3985 1140 4051 Israel,
1173 3987 1556 4058 discooperiens
1586 4005 1641 4043 se
1679 3999 1800 4043 ante
1821 4008 1918 4044 an-

318 4079 478 4133 cillas
504 4095 768 4132 servorum
797 4093 1036 4142 suorum,
1073 4084 1122 4131 et
1162 4076 1391 4131 nudatus
1431 4086 1529 4142 est,
1555 4079 1710 4148 quasi
1742 4079 1788 4132 si
1818 4095 1917 4131 nu-

317 4171 482 4222 detur
509 4184 643 4222 unus
677 4167 741 4220 de
776 4167 994 4231 scurris,
1023 4165 1272 4236 protinus
1313 4166 1519 4221 audivit
1562 4183 1577 4222 :
1623 4172 1776 4237 (vers.
1825 4167 1915 4238 22)

329 4259 473 4314 Vicit
498 4258 779 4322 Dominus,
807 4258 932 4329 quia
963 4257 1146 4312 ludam
1174 4269 1296 4313 ante
1329 4258 1613 4312 Dominum
1651 4262 1741 4329 qui
1767 4258 1917 4329 elegit

322 4367 406 4405 me
432 4350 605 4420 potius
643 4365 800 4420 quam
826 4357 1028 4418 patrem
1055 4358 1225 4404 tuum.
1259 4349 1326 4403 Et
1349 4348 1509 4419 paulo
1551 4357 1672 4419 post
1699 4350 1776 4404 ait
1807 4367 1818 4404 2
1850 4349 1917 4404 Et

2009 2357 2311 2426 purgavitt
2356 2359 2596 2414 minores
2641 2361 3046 2431 deterioresque
3092 2362 3460 2424 demonstrat,
3511 2361 3603 2431 qui

2013 2444 2314 2514 intelligere
2362 2461 2468 2500 non
2517 2447 2716 2512 valent,
2757 2457 2813 2502 et
2851 2449 3158 2518 despiciunt
3205 2450 3291 2503 vel
3325 2449 3474 2504 facta
3517 2451 3603 2504 vel

2013 2532 2157 2586 dicta
2188 2533 2493 2597 meliorum,
2522 2535 2616 2588 sed
2643 2549 2708 2588 eo
2739 2536 2808 2589 ab
2831 2535 2912 2589 eis
2941 2550 3047 2589 non
3085 2543 3288 2591 temere
3313 2539 3606 2605 reprehen-

2014 2623 2188 2677 denda
2237 2633 2382 2688 sunt,
2414 2639 2521 2693 quo
2563 2624 2893 2692 apprehendi
2946 2626 3215 2680 veraciter
3264 2641 3605 2696 nequaquam

2012 2722 2260 2782 possunt.
2317 2711 2472 2783 Smpe
2526 2713 2731 2782 aliquid
2781 2728 2812 2766 a
2870 2714 3166 2784 majoribus
3214 2715 3607 2784 dispensatorie

2015 2803 2212 2873 agitur,
2253 2804 2398 2873 quod
2421 2820 2449 2857 a
2480 2804 2782 2858 minoribus
2811 2819 2966 2859 error
2987 2814 3226 2874 putatur,
3256 2821 3397 2876 srepe
3437 2805 3606 2862 multa

2017 2911 2048 2948 a
2076 2896 2304 2951 fortibus
2338 2896 2611 2958 dicuntur,
2657 2911 2778 2964 qua:
2825 2897 3026 2951 idcirco
3054 2896 3255 2951 infirmi
3283 2896 3602 2965 dijudicant,

2016 2987 2142 3056 quia
2186 2987 2456 3057 ignorant.
2491 2986 2646 3053 Quod
2693 2988 2829 3042 bene
2868 2987 3040 3042 bobus
3086 2987 3496 3042 ealcitrantibus
3524 2988 3606 3041 in-

2019 3079 2216 3133 clinata
2262 3079 2351 3132 illa
2393 3079 2702 3134 testamenti
2750 3092 2878 3133 arca
2928 3079 3271 3149 significavit,
3304 3094 3464 3148 quam
3512 3080 3606 3149 qui

2020 3184 2268 3224 casuram
2293 3169 2520 3224 credens
2561 3167 2751 3223 levites
2789 3170 2998 3240 erigere
3022 3168 3212 3234 voluit,
3245 3175 3377 3222 mox‘
3394 3177 3609 3224 senten-

2021 3260 2149 3313 tiam
2188 3260 2380 3314 mortis
2421 3260 2649 3329 accepit.
2687 3259 2826 3326 Quid
2875 3268 2958 3314 est
3001 3275 3235 3329 namque
3267 3274 3420 3314 mens
3446 3257 3602 3326 justi,

2015 3353 2119 3408 nisi
2153 3369 2279 3408 arca
2327 3353 2659 3418 testamenti,
2693 3367 2815 3421 qua
2853 3360 3066 3423 gestata
3112 3353 3284 3407 bobus
3319 3351 3608 3406 calcitran-

2015 3446 2158 3500 tibus
2178 3443 2503 3498 inclinatur?
2531 3441 2667 3509 Quia
2696 3458 3081 3512 nonnunquam
3124 3443 3290 3497 etiam
3332 3442 3425 3512 qui
3468 3443 3608 3496 bene

2014 3545 2245 3608 przeest,
2309 3537 2436 3592 dum
2489 3535 2852 3604 subjectorum
2903 3534 3222 3604 pepulerum
3288 3533 3605 3588 confusione

2015 3627 2344 3691 concutitur,
2397 3626 2464 3680 ad
2511 3625 2928 3694 dispensationis
2976 3624 3488 3678 condescensionem
3535 3637 3604 3676 ex

2015 3718 2127 3772 sola
2149 3717 2437 3771 dilectione
2476 3725 2777 3784 promovet.
2822 3714 2929 3769 Sed
2967 3715 3021 3767 in
3071 3715 3173 3768 hoc
3215 3713 3356 3782 quod
3389 3713 3604 3781 dispen-

2017 3809 2223 3862 satione
2248 3807 2446 3876 agitur,
2488 3805 2763 3860 inclinatio
2789 3807 2902 3873 ipsa
2941 3804 3292 3872 fortitudinis,
3321 3819 3480 3858 casus
3508 3820 3604 3874 pu-

2018 3906 2164 3951 tatur
2214 3895 2500 3964 imperitis.
2544 3893 2696 3949 Unde
2741 3901 2796 3948 et
2834 3893 3076 3948 nonnulli
3147 3894 3346 3949 subditi
3411 3903 3602 3949 contra

2017 3987 2158 4041 hanc
2183 3999 2398 4040 manum
2418 3983 2853 4053 reprehensionis
2881 3984 3100 4037 mittunt
3124 4000 3138 4048 ;
3171 3985 3264 4038 sed
3287 3999 3316 4037 a
3345 3984 3454 4038 vita
3483 4001 3605 4054 pro-

2019 4079 2163 4132 tinus
2209 4079 2326 4148 ipsa
2384 4091 2480 4133 sua
2533 4079 2836 4134 temeritate
2882 4077 3157 4133 deﬁciunt.
3209 4079 3420 4133 Levites
3473 4094 3604 4149 ergo

2017 4170 2170 4239 quasi
2198 4168 2459 4238 adiuvans
2486 4185 2705 4224 manum
2750 4169 2976 4225 tetendit
3001 4187 3014 4224 :
3044 4171 3136 4226 sed
3182 4171 3498 4240 delinquens
3523 4171 3603 4226 vi-

2020 4268 2129 4315 tam
2159 4261 2412 4331 perdidit,
2437 4261 2562 4331 quia
2601 4262 2728 4317 dum
2767 4262 2965 4318 inﬁrmi
2989 4263 3188 4333 quique
3215 4262 3431 4318 fortium
3460 4262 3601 4318 facta

2019 4352 2340 4420 corripiunt,
2373 4353 2474 4423 ipsi
2505 4369 2536 4408 a
2566 4355 2861 4410 viventium
2891 4362 3034 4410 sorte
3080 4356 3460 4424 reprobantur.
3492 4354 3602 4408 Ali-

322 4441 545 4506 ludam,
575 4449 625 4494 et
655 4440 808 4494 vilior
848 4440 976 4508 ﬁam
1015 4439 1292 4511 plusquam
1337 4441 1508 4511 factus
1545 4459 1660 4496 sum
1682 4483 1696 4505 ,
1727 4459 1916 4513 eraque
1941 4478 1994 4540 Β
2018 4445 2234 4514 quando
2267 4445 2430 4500 etiam
2460 4447 2632 4501 sancti
2680 4447 2783 4502 viri
2826 4449 3070 4516 quaedam
3119 4449 3356 4503 minimis
3401 4447 3601 4501 conde—

323 4530 543 4586 ltumilis
569 4531 625 4584 in
651 4529 817 4584 oculis
855 4529 1004 4584 meis.
1036 4529 1114 4585 Ac
1139 4533 1184 4584 si
1212 4539 1399 4601 aperte
1428 4531 1572 4587 dicat
1602 4551 1613 4586 :
1643 4532 1912 4588 Vilescere

324 4637 518 4678 coram
569 4620 874 4676 hominibus
921 4628 1132 4690 appeto,
1173 4621 1298 4690 quia
1345 4637 1566 4677 servare
1609 4638 1696 4676 me
1728 4637 1912 4678 coram

325 4712 562 4770 Domino
612 4712 902 4783 ingenuum
952 4726 1052 4782 per
1106 4711 1465 4767 humilitatem
1518 4729 1720 4782 quaero.
1777 4715 1916 4769 Sunt

327 4821 462 4860 vero
512 4803 748 4858 nonnulli
793 4805 885 4873 qui
934 4803 1003 4859 de
1054 4804 1357 4872 semetipsis
1386 4805 1607 4858 humilia
1651 4807 1912 4872 sentiunt,

329 4899 459 4969 quia
481 4898 536 4952 iu
563 4897 859 4952 honoribus
887 4897 1047 4966 positi
1093 4896 1227 4951 nihil
1249 4912 1308 4952 se
1341 4912 1480 4962 esse,
1511 4899 1618 4956 nisi
1641 4899 1914 4967 pulverem

329 4988 701 5058 favillamque,
725 4988 1092 5058 perpeudunt;
1124 4988 1218 5042 sed
1261 4996 1438 5042 tamen
1469 5003 1650 5043 coram
1684 4991 1916 5045 homini-

330 5081 436 5134 bus
461 5080 594 5134 viles
619 5094 878 5150 apparere
910 5079 1198 5151 refugiunt,
1227 5089 1283 5135 et
1304 5088 1494 5134 contra
1524 5081 1647 5146 hoc,
1683 5081 1826 5152 quod
1851 5082 1918 5158 de

332 5187 392 5225 se
426 5173 654 5226 interius
673 5172 943 5242 cogitant,
971 5173 1124 5241 quasi
1157 5173 1327 5243 rigida
1376 5173 1616 5228 exterius
1641 5182 1920 5230 venustate

335 5262 647 5330 puniantur.
672 5262 740 5316 Et
763 5271 887 5317 sunt
914 5262 1154 5318 nonnulli
1177 5263 1269 5332 qui
1297 5262 1433 5318 viles
1456 5263 1625 5318 videri
1656 5264 1724 5319 ab
1748 5266 1921 5320 homi-

410 5403 437 5433 ι
471 5391 740 5447 Hactenus
774 5392 940 5446 etiam
975 5391 1244 5446 Rabanus.

413 5462 442 5500 ιι
485 5462 614 5529 Qua:
639 5463 1041 5534 subsequuntur
1075 5461 1648 5534 expressimﬂinvenies
1672 5479 1790 5534 cap.
1827 5465 1918 5531 46,

417 5478 442 5500 υ
485 5478 614 5529 una:
639 5478 1041 5584 sunseqlnuntur
1075 5478 1374 5530 expressum
1409 5478 1648 5518 invenies
1672 5479 1790 5534 cap.
1827 5478 1918 5531 eo,

340 5532 476 5588 alias
500 5549 646 5587 num.
665 5531 732 5584 77
749 5540 803 5588 et
856 5532 889 5586 8
910 5532 1029 5586 libri
1047 5547 1191 5586 xxvn
1221 5531 1501 5588 Moralium
1533 5533 1585 5588 in
1614 5531 1714 5588 Job
1737 5550 1768 5589 a
1797 5551 1920 5590 san-

339 5612 432 5658 cto
459 5601 718 5672 Gregorio
748 5603 1204 5658 elucubratorum.

417 5672 632 5744 {Edita
674 5672 819 5744 vilia;
863 5673 1338 5744 sediretinendum
1381 5682 1508 5744 puto
1557 5674 1764 5739 debilia,
1802 5690 1920 5744 qua:

339 5742 551 5818 scilicet
578 5743 878 5799 humilitate
908 5743 1179 5800 solidaret.

2019 4535 2341 4590 scendentes
2383 4535 2590 4602 dicunt,
2639 4537 2885 4606 quaedam
2933 4550 3062 4590 vero
3108 4553 3314 4590 summa
3361 4546 3599 4591 contem-

2015 4627 2226 4696 plantes
2247 4627 2562 4696 proferunt:
2594 4629 2830 4699 dumque
2857 4629 2967 4683 vim
3008 4629 3092 4683 vel
3131 4628 3600 4684 condescensionis

2016 4717 2098 4770 vel
2119 4717 2416 4772 altitudinis
2437 4719 2705 4784 nesciunt,
2728 4719 2986 4774 audacter
3007 4719 3123 4775 hmc
3143 4720 3290 4774 stulti
3314 4721 3600 4790 reprehen-

2016 4807 2172 4862 dunt.
2199 4809 2266 4862 Et
2289 4809 2416 4878 quid
2441 4807 2742 4876 estjustum
2771 4809 2838 4864 de
2862 4825 2957 4865 sua
2985 4811 3438 4866 condescensione
3464 4811 3602 4866 velle

2017 4900 2312 4970 corrigere,
2353 4901 2455 4955 nisi
2485 4901 2792 4957 inclinatam
2828 4917 3009 4957 arcam
3039 4903 3266 4973 superba
3311 4903 3602 4972 reprehen-

2019 4993 2186 5046 sionis
2215 5007 2376 5046 manu
2406 4992 2680 5048 relevare?
2724 4993 2863 5061 Quid
2887 5002 2970 5048 est
3003 4992 3208 5062 justum
3241 4995 3308 5049 de
3346 5003 3374 5041 ε
3416 4994 3600 5048 incon-

2020 5083 2131 5139 dita
2157 5082 2428 5139 locutione
2453 5084 2870 5153 reprehendere,
2915 5085 3017 5139 nisi
3052 5093 3254 5138 motum
3297 5083 3414 5154 ejus
3445 5082 3598 5138 forti-

2021 5173 2241 5238 tudinis,
2274 5174 2478 5228 erroris
2497 5173 2704 5244 lapsum
2732 5175 2959 5246 putare?
2985 5173 3080 5229 sed
3115 5174 3291 5242 perdit
3313 5175 3479 5228 vitam
3505 5175 3597 5243 qui

2020 5279 2204 5319 arcam
2245 5264 2342 5319 Dei
2387 5264 2588 5319 tumide
2632 5264 2898 5329 sublevat,
2933 5264 3059 5334 quia
3098 5278 3434 5335 nequaquam
3479 5266 3599 5334 quis

2094 5394 2119 5434 ἀ
2151 5394 2316 5465 Edit.,
2349 5395 2475 5465 regii
2506 5396 2727 5464 generis.

2099 5476 2123 5504 ι·
2149 5463 2630 5519 δειεθιιάοῐθιηὴιε
2657 5463 2910 5533 intellige.

2103 5534 2118 5572 ί
2147 5533 2270 5607 “fec
2289 5533 2546 5607 exscribit
2566 5531 3053 5607 ex_(_;_regori_i_libro
3070 5534 3392 5607 vMoralium
3421 5535 3593 5607 (inim.

2021 5605 2110 5667 24,
2141 5603 2276 5675 alias
2301 5617 2420 5672 cap.
2453 5602 2486 5658 9
2513 5602 2592 5658 vel
2622 5602 2708 5675 l0]
2731 5602 3000 5664 Claudius,
3025 5606 3115 5673 qui
3142 5615 3317 5660 tamen
3341 5602 3596 5662 nonnulla

2024 5674 2270 5729 mutavit.

2099 5746 2123 5784 ⁸
2149 5744 2318 5812 Edit.,
2353 5743 2634 5814 incognita.
