3924 6170
341 355 448 414 699

1409 349 1685 406 CLAUDII
1726 349 2188 408 TAURINENSIS
2225 350 2533 408 EPlSCOPl
2639 339 2649 369 '

3497 357 3596 414 70.0

339 473 651 529 sanctorum
693 467 960 536 corrigere
1002 471 1148 519 recta
1193 474 1566 533 praesumeret,
1612 465 1716 520 nisi
1758 465 1824 521 de
1857 480 1916 520 se
1942 469 1992 527 Α
2019 466 2071 520 in
2099 480 2164 520 eo
2193 466 2418 534 ﬁguram
2446 466 2680 520 delineat
2703 465 3026 522 futurorum.
3057 466 3194 522 Nam
3219 470 3600 538 praeterlibros

337 564 492 635 prius
519 561 735 616 meliora
763 557 1039 611 sensisset.
1076 557 1228 612 Unde
1269 566 1323 612 et
1365 559 1554 614 levites
1581 561 1744 624 idem,
1774 569 1920 615 recte

341 655 456 709 Oza
487 653 700 713 dicitur,
733 649 874 718 quod
911 649 1162 704 videlicet
1209 651 1450 705 robustus
1494 651 1708 706 Domini
1755 653 1918 706 inter-

337 751 614 814 pretatur:
665 739 791 810 quia
838 749 1258 810 prmsumptores
1305 743 1526 812 quique,
1577 743 1679 797 nisi
1729 741 1916 797 audaci

336 841 520 891 mente
563 832 812 886 robustos
867 846 926 886 se
977 832 1030 886 in
1088 833 1313 888 Domino
1373 837 1674 901 crederent,
1719 849 1921 905 nequa-

336 939 498 992 quam
535 923 818 978 meliorum
845 923 984 979 l‘acta
1014 925 1098 980 vel
1119 926 1257 980 dicta
1288 926 1436 981 velut
1463 927 1672 981 inﬁrma
1707 926 1920 997 judica-

337 1022 480 1068 rent.
513 1033 531 1066 ι

411 1101 563 1174 (Cap.
594 1102 674 1170 7.)
701 1103 830 1158 Post
875 1104 1012 1166 haec,
1050 1117 1171 1156 cum
1212 1102 1325 1171 regi
1370 1102 1536 1157 David
1589 1103 1752 1158 multa
1796 1119 1922 1173 pro-

339 1209 498 1263 spera
545 1194 951 1262 provenissent,
1001 1193 1258 1263 cogitavit
1301 1191 1478 1248 facere
1526 1193 1637 1248 Deo
1680 1195 1916 1259 domum,

341 1287 598 1354 templum
647 1284 774 1339 illud
827 1284 1033 1338 scilicet
1071 1283 1523 1339 excellentissime
1562 1282 1919 1350 diﬁ'amatum,

341 1377 481 1447 quod
526 1392 554 1430 a
600 1391 727 1447 rege
755 1373 1046 1429 Salomone
1078 1374 1188 1429 ﬁlio
1224 1373 1340 1444 ejus
1372 1382 1556 1445 postea
1597 1374 1921 1430 fabricatum

339 1476 441 1522 est.
465 1467 586 1522 Hoc
611 1481 676 1520 eo
708 1467 975 1537 cogitante
1009 1465 1206 1520 factum
1245 1475 1329 1520 est
1361 1467 1585 1520 verbum
1612 1465 1825 1521 Domini
1855 1470 1924 1522 ad

343 1556 555 1610 Natth
598 1557 939 1626 prophetam,
985 1556 1126 1625 quod
1161 1555 1429 1626 perferret
1457 1557 1525 1611 ad
1573 1572 1773 1628 regem.
1819 1556 1921 1613 Ubi

343 1663 465 1703 cum
498 1648 721 1703 dixisset
761 1648 1043 1711 Dominus,
1075 1649 1214 1717 quod
1252 1663 1356 1703 non
1386 1649 1452 1703 ab
1484 1650 1598 1718 ipso
1624 1648 1793 1704 David
1822 1649 1921 1704 sibi

342 1741 703 1797 :ediﬁcaretur
730 1741 942 1806 domus,
985 1754 1158 1809 neque
1208 1754 1306 1810 per
1350 1747 1562 1794 tantum
1603 1748 1816 1808 tempus
1864 1753 1924 1795 se

2017 559 2214 614 divina:
2233 559 2490 624 historiai,
2507 558 2597 612 ubi
2619 573 2871 628 regnasse
2891 567 3170 626 narratur,
3187 561 3429 631 psalmus
3442 565 3601 620 etiam

2019 651 2448 720 septuagesimus
2471 650 2678 718 primus
2705 649 2861 704 titulo
2887 650 3124 704 nominis
3155 649 3275 718 ejus
3313 653 3603 724 inscriptus

2019 750 2136 795 est:
2169 741 2221 794 in
2249 755 2356 810 quo
2378 749 2486 817 tam
2510 741 2677 795 multa
2704 741 2976 806 dicuntur,
2997 755 3121 811 qua:
3147 743 3372 797 omnino
3401 744 3452 798 ei
3480 761 3603 800 con-

2020 834 2206 887 venire
2229 849 2334 889 non
2356 840 2599 902 possunt,
2632 832 2860 887 Domino
2881 839 3062 886 autem
3081 831 3306 888 Christo
3328 836 3602 905 aptissima

2018 923 2406 992 perspicuitate
2463 922 2827 987 conveniunt,
2877 929 2938 976 ut
2994 921 3273 978 evidenter
3331 935 3602 994 appareat,

2019 1012 2164 1080 quod
2198 1011 2252 1064 in
2277 1011 2370 1066 illo
2399 1010 2569 1081 ﬁgura
2616 1010 3006 1080 qualiscunque
3040 1011 3361 1068 adumbrata
3401 1015 3501 1078 sit;
3551 1016 3602 1070 in

2020 1107 2126 1160 isto
2155 1108 2268 1178 ipsa
2291 1108 2494 1163 veritas
2536 1116 2879 1179 prmentata.
2908 1109 3105 1164 Notum
3131 1116 3214 1164 est
3242 1107 3387 1162 enim
3414 1108 3605 1177 quibus

2020 1196 2265 1251 terminis
2314 1212 2536 1267 regnum
2579 1197 2889 1253 conclusum
2940 1197 3103 1253 fuerit
3129 1197 3439 1252 Salomonis
3487 1213 3501 1248 :
3554 1205 3608 1250 et

2021 1291 2201 1338 tamen
2230 1284 2285 1338 in
2319 1300 2384 1340 eo
2425 1286 2637 1355 psalmo
2665 1287 2881 1357 legitur,
2908 1295 2972 1341 ut
3015 1285 3121 1341 alia
3151 1294 3361 1341 taceam
3389 1300 3404 1338 :
3437 1283 3599 1356 (Psal.

2020 1391 2168 1440 uxr,
2197 1376 2251 1447 8)
2284 1376 2653 1433 Dominabitur
2675 1397 2706 1433 a
2727 1381 2863 1434 mari
2891 1397 3053 1452 usque
3087 1381 3158 1440 ad
3195 1397 3361 1445 mare,
3384 1390 3433 1434 et
3460 1398 3491 1433 a
3510 1383 3606 1450 ﬂu-

2019 1466 2160 1519 mine
2186 1483 2349 1536 usque
2374 1468 2442 1521 ad
2466 1470 2716 1523 terminos
2751 1469 2889 1524 orbis
2913 1478 3069 1525 teme
3090 1487 3108 1523 :
3135 1470 3280 1540 quod
3310 1470 3364 1524 in
3396 1470 3606 1525 Christo

2021 1554 2266 1610 videmus
2291 1556 2523 1628 impleri.
2554 1558 2598 1611 A
2627 1557 2848 1614 ﬂumine
2893 1560 3091 1630 quippe
3127 1560 3441 1615 dominandi
3473 1577 3607 1615 sum-

2021 1645 2130 1713 psit
2150 1646 2452 1712 exordium,
2475 1647 2567 1702 ubi
2594 1648 2902 1719 baptizatus
2924 1665 2952 1703 a
2982 1648 3211 1716 Joanne,
3242 1653 3433 1706 eodem
3459 1667 3604 1706 mon-

2022 1741 2230 1788 strante
2263 1735 2427 1805 coepit
2451 1736 2673 1806 agnosci
2708 1753 2738 1792 a
2775 1737 3077 1808 discipulis,
3109 1739 3201 1808 qui
3235 1754 3359 1794 eum
3389 1755 3497 1794 non
3526 1755 3607 1794 so-

343 1833 631 1889 mandasse
665 1833 918 1902 cuiquam
946 1832 999 1885 in
1025 1832 1221 1901 popqu
1265 1847 1382 1897 suo,
1425 1840 1484 1886 ut
1516 1832 1618 1886 sibi
1650 1830 1806 1886 fieret
1831 1831 1922 1886 do-
1951 1854 1998 1913 B
2024 1825 2134 1880 lum
2165 1825 2505 1896 Magistrum,
2543 1843 2731 1883 verum
2770 1828 2934 1884 etiam
2977 1828 3263 1883 Dominum
3308 1830 3606 1900 appellave-

342 1939 464 1978 mus
486 1923 706 1976 cedrina
736 1939 748 1975 :
789 1921 940 1994 (vers.
970 1921 1027 1987 5,
1057 1921 1113 1986 6,
1139 1923 1192 1987 7,
1218 1921 1273 1992 8)
1305 1921 1375 1975 Et
1407 1938 1562 1984 nunc,
1598 1921 1795 1990 inquit,
1825 1921 1923 1974 hoc

341 2011 482 2064 dices
505 2027 649 2064 seruo
667 2026 781 2064 meo
802 2009 998 2063 ‘Dauid.
1025 2007 1157 2063 Ha'c
1177 2009 1305 2062 dicit
1331 2008 1624 2063 Dominus:
1655 2009 1810 2080 (vers.
1834 2007 1922 2081 12)

343 2101 475 2154 Cum
504 2099 700 2170 impleti
721 2100 914 2170 fuerint
943 2100 1052 2154 dies
1089 2101 1185 2164 tui,
1231 2108 1279 2152 et
1317 2100 1594 2153 dormieris
1619 2117 1736 2154 cum
1761 2102 1927 2172 patri-

345 2194 437 2245 bus
461 2194 587 2256 tuis,
613 2192 873 2246 suscitabo
913 2207 1084 2245 semen
1111 2200 1256 2244 tuum
1293 2199 1406 2260 post
1431 2199 1496 2254 te,
1528 2191 1667 2261 quod
1691 2192 1925 2261 egredie-

345 2291 434 2336 tur
452 2283 516 2336 de
538 2291 684 2335 utero
707 2291 816 2344 tuo,
839 2290 886 2334 et
907 2280 1367 2350 ﬁrmabo-regnum
1396 2280 1528 2350 ejus.
1558 2279 1676 2350 Ipse
1697 2281 1928 2348 redi/ica-

345 2373 415 2426 bit
455 2373 665 2424 domum
711 2370 905 2424 nomini
927 2387 1079 2435 meo;
1104 2378 1154 2423 et
1191 2370 1456 2424 stabiliam
1491 2371 1736 2425 thronum
1784 2373 1927 2440 regni

337 2461 639 2530 ejus-usque
664 2460 720 2513 in
759 2459 1150 2528 sempiternum.
1190 2457 1305 2527 Ego
1342 2474 1431 2512 ero
1467 2459 1518 2512 ei
1551 2459 1607 2512 in
1629 2468 1850 2528 patrem,
1877 2467 1925 2512 et

343 2554 452 2622 ipse
470 2552 568 2606 erit
595 2551 722 2605 mihi
749 2551 806 2604 in
825 2549 1015 2618 ﬁlium.
1042 2562 1068 2590 ι
1119 2567 1136 2600 ‹
1185 2548 1336 2606 Hanc
1361 2557 1473 2604 tam
1517 2549 1772 2620 grandem
1802 2565 1928 2620 pro-

341 2642 659 2698 missionem
690 2641 782 2710 qui
805 2639 1038 2710 putatin
1075 2639 1364 2695 Salomone
1391 2638 1557 2695 fuisse
1585 2639 1924 2709 completam,

333 2734 571 2788 multum
602 2740 766 2787 errat.
802 2730 1050 2785 Attendit
1093 2732 1238 2786 enim
1284 2731 1427 2801 quod
1457 2730 1660 2784 dictum
1687 2739 1773 2784 est
1805 2747 1817 2782 :
1846 2729 1930 2783 hic

342 2823 622 2892 mdiﬁcabit
650 2822 777 2876 mihi
806 2821 1044 2888 domum,
1086 2821 1342 2890 quoniam
1385 2818 1928 2887 Salomon-templum

343 2913 474 2968 illud
522 2911 703 2966 nobile
743 2911 960 2976 struxit,
1008 2918 1064 2966 et
1106 2926 1212 2966 non
1244 2909 1474 2964 attendit
1515 2925 1528 2961 :
1580 2907 1784 2962 Fidelis
1831 2909 1930 2962 erit

341 3003 528 3055 domus
576 3001 714 3071 ejus,
764 3009 812 3054 et
838 3015 1063 3070 regnum
1101 3000 1216 3069 ejus
1255 3015 1416 3069 usque
1449 2999 1505 3051 in
1547 3007 1800 3052 trternum
1844 3014 1929 3052 co-

346 3109 462 3146 ram
496 3109 598 3146 me.

2027 1924 2150 1970 runt
2183 1933 2195 1970 :
2232 1930 2330 1972 nec
2355 1917 2426 1972 ob
2453 1916 2616 1981 aliud,
2659 1918 2874 1974 vivente
2901 1919 3078 1974 adhuc
3103 1928 3259 1989 patre
3285 1935 3386 1974 suo
3422 1920 3601 1980 David,

2027 2020 2255 2078 regnare
2305 2005 2556 2062 Salomon
2599 2007 2786 2078 cmpit,
2833 2009 2976 2078 quod
3008 2008 3138 2062 nulli
3171 2024 3358 2079 regum
3399 2009 3605 2063 illorum

2025 2098 2271 2168 contigit,
2298 2097 2404 2152 nisi
2433 2106 2493 2152 ut
2530 2098 2658 2153 hinc
2681 2113 2894 2168 quoque
2923 2099 3057 2178 satis
3080 2099 3312 2163 eluceat,
3345 2114 3452 2153 non
3495 2115 3608 2154 esse

2027 2189 2204 2258 ipsum
2247 2203 2407 2258 quem
2437 2188 2717 2259 prophetia
2747 2188 2850 2243 ista
2890 2189 3199 2260 praesignat,
3229 2205 3350 2259 qua:
3395 2189 3462 2242 ad
3499 2187 3610 2256 ejus

2026 2287 2236 2350 patrem
2261 2278 2517 2348 loquitur,
2557 2279 2745 2334 dicens
2790 2293 2805 2333 :
2848 2277 2918 2331 Et
2955 2281 3051 2334 erit
3076 2296 3193 2333 cum
3222 2279 3464 2350 completi
3493 2279 3605 2348 fue-

2021 2371 2133 2423 rint
2176 2369 2286 2423 dies
2317 2370 2412 2432 tui,
2459 2377 2508 2423 et
2545 2368 2822 2423 dormieris
2854 2384 2969 2422 cum
3002 2369 3237 2439 patribus
3283 2369 3410 2432 tuis,
3457 2371 3616 2422 susci-

2027 2457 2147 2512 tabo
2175 2475 2349 2512 semen
2389 2467 2535 2512 tuum
2575 2467 2691 2528 post
2736 2467 2804 2522 te,
2837 2459 2926 2528 qui
2963 2457 3099 2511 exist
3127 2457 3192 2510 de
3219 2466 3393 2511 ventre
3419 2465 3532 2521 tuo,
3566 2467 3614 2511 et

2027 2549 2336 2619 prceparabo
2386 2563 2602 2619 regnum
2650 2547 2816 2602 illius.
2877 2548 3157 2616 Quomodo
3211 2562 3344 2618 ergo
3393 2557 3617 2618 propter

2029 2638 2174 2707 quod
2201 2637 2447 2708 sequitur
2474 2655 2486 2690 :
2516 2637 2798 2705 mdiﬁcabit
2818 2637 2947 2690 mihi
2969 2637 3205 2702 domum,
3235 2639 3339 2692 iste
3362 2637 3624 2695 Salomon

2029 2727 2308 2795 putabitur
2335 2728 2708 2799 prophetatus,
2732 2735 2788 2782 et
2813 2743 2921 2782 non
2949 2727 3448 2798 potius-propterid
3477 2728 3622 2797 quod

2027 2819 2274 2886 procedit
2300 2837 2312 2873 :
2345 2836 2464 2873 cum
2495 2819 2735 2890 completi
2758 2820 2956 2890 fuerint
2985 2821 3095 2875 dies
3137 2823 3236 2886 tui,
3263 2830 3314 2875 et
3341 2821 3620 2876 dormieris

2029 2922 2149 2960 cum
2167 2908 2400 2978 patribus
2425 2910 2545 2974 tuis,
2573 2909 3335 2980 suscitabo-semenrtuu'm-post
3362 2920 3414 2964 te
3426 2912 3451 2963 ?
3469 2911 3621 2966 Alius

2029 2995 2290 3066 paciﬁcus
2317 2997 2637 3067 intelligitur
2676 3014 2797 3054 esse
2833 3000 3151 3068 promissus,
3189 3001 3283 3069 qui
3322 3015 3429 3055 non
3471 3010 3618 3063 ante,

2031 3087 2173 3142 sicut
2195 3088 2318 3153 iste,
2349 3089 2444 3144 sed
2477 3096 2600 3159 post
2627 3098 2855 3145 mortem
2896 3090 3065 3144 David
3109 3093 3507 3161 praenuntiatus
3538 3101 3620 3146 est

418 3199 438 3232 ‹
467 3180 724 3236 Attendat
749 3195 878 3251 ergo
905 3187 963 3234 et
985 3180 1215 3251 aspiciat
1240 3179 1543 3234 Salomonis
1569 3178 1786 3234 domum
1816 3177 1929 3248 ple-
1955 3199 2000 3262 ρ
2031 3181 2395 3237 suseitandus.
2430 3181 2697 3248 'Quolibet
2732 3182 2897 3248 enim,
2932 3183 3102 3253 'longo
3131 3182 3452 3251 interposito
3491 3193 3622 3237 temo

342 3286 468 3326 nam
511 3270 830 3325 mulieribus
867 3270 1186 3340 alienigenis
1221 3269 1520 3324 colentibus
1555 3268 1695 3324 Deos
1737 3268 1926 3335 falsos,

333 3369 398 3416 et
441 3348 692 3431 ipsorum
735 3362 802 3415 ab
846 3361 926 3415 eis
969 3375 1154 3430 regem
1201 3359 1488 3429 aliquando
1522 3359 1836 3428 sapientem,
1875 3359 1930 3414 in

331 3451 587 3506 «eamdem
617 3450 974 3505 idololatriam
1022 3451 1301 3506 seductum
1342 3458 1504 3518 atque
1538 3449 1828 3518 deiectum,
1875 3459 1930 3504 et

343 3555 452 3594 non
495 3539 691 3594 audeat
739 3539 1054 3594 existimare
1106 3540 1294 3601 Deum,
1339 3539 1423 3594 vel
1475 3539 1578 3593 hoc
1615 3539 1929 3608 promisisse

343 3627 702 3694 mendaciter,
733 3629 820 3684 vel
850 3629 1014 3684 talem
1054 3629 1397 3685 Salomonem
1443 3628 1772 3699 domumque
1815 3630 1931 3700 ejus

341 3715 604 3784 futuram,
651 3733 758 3773 non
808 3718 1048 3789 potuisse
1102 3718 1374 3788 praseire.
1416 3717 1533 3772 Non
1579 3718 1707 3773 hinc
1749 3728 1930 3773 autem

342 3809 663 3864 deberemus
693 3809 986 3881 ambigere,
1028 3825 1128 3864 nec
1163 3809 1207 3864 si
1243 3824 1351 3864 non
1379 3809 1434 3863 in
1461 3808 1674 3865 Christo
1704 3810 1932 3866 Domino

341 3904 555 3963 nostro,
587 3898 680 3967 qui
707 3897 880 3955 factus
908 3898 1087 3971 (Rom.
1137 3915 1175 3965 ι,
1224 3899 1279 3970 5)
1309 3907 1395 3954 est
1432 3915 1499 3954 ex
1528 3900 1732 3955 semine
1762 3901 1930 3956 David

341 3990 641 4045 secundum
671 4005 912 4056 carnem,
941 3992 1049 4062 iam
1076 3991 1384 4046 videremus
1411 3992 1514 4046 ista
1538 3992 1818 4061 compleri,
1861 4008 1930 4047 ne

341 4093 479 4134 vane
524 4087 687 4150 atque
728 4081 963 4134 inaniter
995 4081 1084 4135 hic
1120 4080 1355 4149 aliquem
1390 4079 1751 4151 requiramus,
1789 4083 1930 4136 sicut

343 4171 589 4226 carnales
606 4171 795 4226 Judaei.
825 4171 960 4225 Nam
983 4179 1038 4226 et
1064 4172 1357 4242 ipsi-usque
1384 4172 1522 4227 adeo
1549 4171 1739 4237 ﬁlium,
1767 4187 1927 4242 quem

340 4261 464 4317 loco
514 4263 619 4318 isto
661 4263 772 4332 regi
808 4257 974 4317 David
1007 4263 1333 4332 promissum
1368 4262 1574 4334 legunt,
1628 4261 1929 4332 intelligunt

343 4364 452 4407 non
478 4349 644 4406 fuisse
665 4350 1034 4418 Salomonem,
1059 4360 1118 4406 ut
1136 4367 1202 4406 eo
1221 4353 1632 4422 qui-promissus
1651 4361 1752 4418 est,
1780 4361 1927 4408 tanta

337 4437 452 4509 jam
499 4439 936 4496 manifestatione
973 4442 1264 4509 declarato,
1294 4445 1470 4499 adhuc
1510 4443 1745 4500 mirabili
1774 4445 1929 4499 casei-

2033 3289 2184 3344 pore,
2212 3273 2369 3329 Jesus
2395 3273 2648 3330 Christus
2675 3275 2908 3339 veniret,
2933 3274 3121 3343 procul
3142 3273 3304 3328 dubio
3323 3282 3458 3343 post
3477 3291 3622 3329 mor-

2031 3373 2140 3420 tem
2168 3363 2338 3419 David
2367 3364 2534 3436 regis,
2562 3365 2650 3420 cui
2678 3364 2758 3420 sic
2785 3371 2872 3419 est
2916 3363 3236 3434 promissus,
3272 3379 3396 3417 eum
3434 3364 3619 3418 venire

2027 3457 2336 3527 oportebat,
2365 3457 2459 3526 qui
2485 3455 2777 3512 aediﬁcaret
2803 3455 3019 3511 domum
3055 3454 3191 3519 Deo,
3228 3469 3336 3508 non
3366 3455 3435 3508 de
3463 3454 3622 3526 lignis

2029 3558 2086 3605 et
2112 3549 2397 3618 lapidibus,
2428 3549 2524 3605 sed
2554 3549 2621 3604 de
2653 3547 2998 3613 hominibus,
3027 3546 3241 3617 qualem
3274 3545 3427 3601 illum
3451 3547 3620 3601 aediﬁ-

2030 3654 2156 3693 care
2199 3639 2494 3709 gaudemus
2532 3656 2544 3692 :
2587 3637 2716 3693 huic
2744 3638 2888 3692 enim
2918 3635 3102 3692 domui
3141 3637 3274 3691 dicit
3309 3636 3622 3705 Apostolus,

2033 3730 2136 3784 hoc
2176 3737 2260 3784 est
2305 3728 2555 3783 ﬁdelibus
2584 3727 2788 3782 Christi
2821 3746 2833 3780 :
2874 3727 2929 3800 (I
2955 3725 3090 3781 'Cor.
3121 3742 3203 3792 ιιι,
3231 3725 3320 3798 17)
3353 3725 3620 3796 Templum

2029 3820 2167 3872 enim
2196 3817 2293 3872 Dei
2329 3825 2566 3872 sanctum
2597 3825 2692 3880 est,
2721 3815 2862 3886 quod
2903 3816 3027 3870 estis
3070 3831 3177 3870 vos.
3216 3813 3457 3884 Propter
3479 3814 3620 3882 quod

2033 3910 2085 3964 in
2123 3907 2330 3980 psalmo
2376 3907 2746 3976 octuagesimo
2788 3914 3002 3971 octavo,
3050 3905 3203 3974 cuius
3254 3904 3445 3960 titulus
3500 3914 3616 3959 est:

2032 4002 2336 4056 Intellectus
2357 4001 2456 4071 ipsi
2471 3999 3479 4062 'Ethan-Israelitw,commemorantur
3500 4010 3618 4064 pro-

2033 4096 2316 4150 missiones
2344 4093 2441 4150 Dei
2469 4091 2625 4148 factm
2654 4091 2771 4162 regi
2803 4089 2992 4154 David,
3015 4089 3162 4144 sicut
3187 4088 3324 4142 etin
3353 4087 3459 4140 hoc
3484 4086 3617 4139 libro

2022 4184 2237 4254 Regum
2261 4183 2450 4252 posita:
2480 4188 2627 4247 sunt,
2655 4181 2728 4235 ita
2754 4187 2811 4235 et
2833 4179 2908 4234 ibi
2931 4178 3178 4249 quaedam
3200 4177 3400 4232 similia
3432 4177 3618 4231 dicun-

2031 4283 2137 4336 tur,
2173 4275 2311 4331 sicut
2333 4283 2417 4329 est
2441 4273 2575 4329 illud
2609 4291 2621 4326 :
2657 4271 2905 4344 (Ibidem,
2943 4271 3000 4324 id
3029 4280 3105 4324 est
3131 4267 3226 4323 Ps.
3273 4285 3542 4335 Lxxxvm,
3565 4268 3616 4339 5)

2029 4366 2218 4420 Juravi
2259 4365 2430 4420 Dauid
2475 4380 2623 4418 seruo
2663 4380 2802 4428 meo,
2851 4362 3098 4432 usqu-ein
3127 4370 3378 4414 sternunt
3405 4376 3615 4430 ιιι-ατρα-

2031 4455 2156 4508 rabo
2180 4471 2350 4508 semen
2377 4464 2543 4519 tuum,
2570 4461 2678 4509 etc.
2707 4453 2736 4492 δ
2753 4449 2898 4506 illud
2915 4465 3041 4505 vero
3066 4449 3207 4519 quod
3236 4447 3369 4503 dicit
3393 4464 3407 4502 :
3438 4460 3460 4488 ε
3491 4447 3614 4513 Qui,

342 4537 456 4586 tate
499 4530 663 4586 alium
690 4548 911 4603 sperare
937 4547 995 4588 se
1025 4533 1226 4589 dicant.
1253 4533 1416 4589 Facta
1441 4535 1764 4604 estquidem
1790 4551 1924 4590 non-
1949 4546 2002 4607 1)
2026 4545 2071 4598 si
2093 4545 2268 4614 inique
2298 4545 2498 4615 aliquid
2519 4545 2751 4615 gesserit,
2787 4557 3010 4613 arguam
3049 4557 3167 4595 eum
3206 4542 3264 4594 in
3300 4542 3447 4610 uirga
3482 4542 3620 4594 siro-

341 4620 487 4679 nulla
531 4622 708 4694 imago
747 4622 825 4678 rei
873 4622 1067 4678 futura:
1107 4623 1270 4678 etiam
1316 4624 1369 4678 in
1413 4622 1720 4689 Salomone,
1763 4624 1819 4679 in
1859 4640 1924 4680 eo

341 4712 484 4783 quod
532 4713 786 4783 templum
820 4713 1128 4779 aediﬁcavit,
1174 4721 1227 4768 et
1259 4729 1458 4781 pacem
1495 4714 1684 4768 habuit
1727 4729 1922 4769 secun-

343 4807 469 4862 dum
496 4821 692 4860 nomen
724 4821 879 4861 suum
904 4805 1181 4876 (Salomon
1217 4805 1414 4876 quippe
1441 4805 1697 4874 paciﬁcus
1717 4815 1802 4860 est
1827 4805 1925 4860 La—

342 4898 498 4968 tine),
534 4905 588 4953 et
625 4899 679 4952 in
708 4898 929 4953 exordio
971 4897 1123 4969 regni
1149 4896 1232 4952 sui
1277 4896 1597 4952 mirabiliter
1641 4897 1924 4956 laudabilis

339 4989 476 5043 fuit:
510 4990 604 5045 sed
651 4990 838 5046 eadem
878 5004 977 5044 sua
1021 5004 1249 5060 persona
1297 5004 1395 5060 per
1439 4991 1685 5045 umbram
1735 4990 1922 5058 futuri,

339 5079 737 5148 praenuntiabat
780 5081 943 5135 etiam
977 5081 1092 5151 ipse
1132 5079 1408 5136 Christum
1462 5080 1767 5147 Dominum,
1815 5098 1922 5138 non

339 5169 647 5224 exhibebat.
700 5169 852 5226 Unde
895 5171 1139 5241 quaedam
1176 5169 1243 5226 de
1287 5171 1376 5226 illo
1419 5171 1490 5226 ita
1527 5170 1730 5240 scripta
1773 5181 1922 5238 sunt,

341 5263 498 5331 quasi
545 5264 613 5319 de
663 5264 780 5334 ipso
830 5265 932 5320 ista
980 5265 1236 5336 praedicta
1280 5266 1405 5328 sint,
1458 5264 1585 5319 dum
1644 5263 1922 5335 Scriptura

339 5362 529 5408 sancta
555 5355 718 5411 etiam
759 5357 921 5412 rebus
946 5357 1111 5429 gestis
1133 5357 1479 5425 prophetatus,
1507 5355 1740 5425 quodam
1763 5358 1922 5412 modo

415 5496 442 5527 ι
491 5485 591 5554 Qui
641 5497 746 5542 tam
795 5488 958 5542 multa
1009 5504 1074 5542 ex
1112 5488 1409 5558 Augustino
1457 5488 1510 5541 in
1563 5489 1757 5558 prioris
1802 5489 1922 5544 libri

343 5554 549 5630 Regum
585 5558 940 5630 explicatione
973 5554 1354 5630 descripserat,
1399 5554 1593 5630 iterum
1631 5575 1696 5614 ex
1747 5559 1924 5630 Augu-

344 5626 488 5700 stino
514 5627 630 5700 haec
655 5628 927 5700 describit,
979 5643 1098 5700 qua:
1125 5626 1330 5684 scilicet
1376 5629 1642 5700 capitibus
1667 5631 1702 5684 8
1727 5639 1781 5684 et
1805 5626 1921 5685 9Ἰί-

346 5695 431 5756 bri
460 5712 572 5749 xvu
597 5697 658 5747 de
682 5695 902 5749 Civitate
925 5695 1107 5751 tradit.

419 5765 448 5804 ιι
477 5765 536 5821 In
559 5765 704 5820 edito
734 5764 1014 5834 Augustini
1041 5766 1156 5821 loco
1183 5767 1287 5823 alia
1317 5769 1483 5825 multa
1514 5769 1829 5836 recitantur,
1853 5785 1916 5824 cx

2029 4654 2148 4692 rum
2185 4645 2232 4690 et
2281 4635 2335 4690 in
2375 4635 2543 4706 plagis
2589 4636 2822 4705 ﬁliorum
2862 4634 3170 4696 hominum;
3202 4631 3616 4698 misericordiam

2028 4738 2204 4782 autem
2226 4741 2393 4780 meam
2423 4742 2527 4780 non
2546 4725 2786 4796 auferam
2807 4724 2872 4778 ab
2896 4740 2978 4789 eo,
3001 4725 3137 4778 sicut
3156 4721 3352 4776 abstuli
3371 4739 3404 4775 α
3432 4719 3615 4782 Sinite,

2026 4834 2178 4888 quem
2208 4817 2378 4871 amovi
2402 4834 2434 4870 a
2468 4816 2602 4885 facie
2639 4832 2757 4870 mea
2780 4829 2800 4866 :
2830 4829 2940 4869 non
2967 4813 3108 4868 dixit
3125 4811 3191 4866 ab
3225 4813 3322 4877 eis,
3365 4809 3460 4866 sed
3482 4809 3616 4866 dixit

2027 4909 2094 4962 ab
2137 4925 2217 4963 eo.
2259 4906 2374 4963 Non
2413 4907 2557 4962 enim
2583 4906 2785 4966 ChriSti
2811 4905 3004 4976 ipsius,
3033 4903 3177 4974 quod
3205 4911 3291 4959 est
3319 4911 3482 4971 caput
3516 4901 3614 4954 Ec—

2029 4999 2230 5063 clesiae,
2273 5006 2496 5069 possunt
2525 4997 2759 5054 inveniri
2787 4997 2894 5052 ulla
2923 5005 3169 5066 peccata,
3212 5011 3334 5066 qua“:
3359 5009 3494 5064 opus
3522 5009 3614 5047 cs-

2029 5097 2114 5140 set
2135 5087 2458 5141 immanibus
2500 5087 2951 5155 correptionibus,
2993 5092 3209 5141 servata
3237 5083 3612 5140 misericordia

2028 5177 2283 5232 divinitus
2313 5178 2572 5243 coerceri,
2607 5177 2700 5232 sed
2729 5178 2784 5232 in
2817 5175 2940 5246 ejus
2975 5191 3203 5250 corpore
3230 5191 3296 5230 ac
3321 5173 3611 5236 membris,

2028 5270 2170 5339 quod
2195 5269 2416 5339 populus
2445 5269 2558 5338 ejus
2592 5278 2684 5324 est.

2025 5488 2212 5542 eodem
2239 5484 2468 5554 psalmo,
2489 5500 2610 5554 quin
2634 5485 2887 5541 desinunt
2916 5484 2970 5539 in
2997 5483 3178 5540 verbis
3200 5481 3306 5537 illis
3334 5498 3348 5535 :
3380 5479 3447 5534 Et
3469 5479 3610 5532 thro-

2025 5555 2295 5637 num-ejus
2319 5554 2755 5637 sicut‘dieseaeli.’
2953 5632 2965 5637 _
3055 5623 3088 5637 υ
3260 5621 3270 5631 1

2098 5638 2118 5665 ο
2154 5616 2251 5680 llic
2278 5625 2530 5680 nonnulla
2561 5625 2845 5681 diversitas
2887 5632 2972 5678 est.
3005 5623 3208 5680 editum
3260 5621 3401 5693 int_e_r
3425 5616 3608 5693 Aug!!-

2023 5697 2148 5768 stini
2187 5695 2457 5768 locum_et
2502 5703 2766 5764 nostrum,
2794 5696 2883 5768 qui
2931 5693 3298 5762 cum-vulgato
3337 5688 3618 5745 Eucherio.

2022 5767 2134 5823 fere
2163 5765 2432 5821 convenit.
