3924 6170
316 296 410 350 701

954 296 1414 366 ΟῸᾹΞΞΤΙΟΝΕΞ
1448 299 1601 354 XXX
1639 297 1864 354 SUPER

1983 296 2149 354 BROS
2187 299 2450 357 REGUM.
2490 333 2558 343 -—
2593 301 2800 358 LIBER
2836 304 2899 358 ll.

3462 301 3571 362 709

384 423 410 451 ιι
456 430 475 462 ε
513 409 642 465 illud
671 424 799 465 vero
841 411 986 480 quod
1015 411 1224 467 locutus
1260 421 1343 468 est
1377 413 1519 467 Deus
1557 427 1652 483 per
1679 411 1892 467 Nathau
1921 421 1969 481 Α
1997 416 2192 482 oravit,
2216 418 2320 473 hoc
2354 427 2570 474 movet:
2611 434 2732 472 cum
2767 426 2822 474 et
2844 418 2870 458 ἀ
2902 420 3123 490 spiritus
3146 420 3314 478 Heliae
3354 423 3459 478 hoc
3487 419 3570 477 fe~

308 504 376 558 ad
406 503 598 567 David,
629 501 960 557 nullo-modo
986 506 1502 572 praetermittendum
1529 513 1628 570 est,
1655 505 1745 559 ubi
1773 504 1848 559 ait
1874 523 1887 558 :

308 592 396 664 (‘II
421 591 552 662 Reg.
590 607 684 656 vn,
728 591 817 657 £0,
870 593 954 661 11)
1001 592 1071 646 Et
1103 610 1294 664 ponam
1333 594 1503 648 locum
1540 611 1654 649 meo
1701 594 1892 665 populo

307 679 480 737 Israel
495 721 510 747 ,
539 689 587 735 et
613 680 870 751 ‘plantabo
898 681 1047 736 illum
1066 725 1080 749 ,
1129 695 1175 737 et
1206 685 1512 738 inliabitabit
1546 688 1777 738 seorsum
1796 725 1810 747 ,
1843 695 1890 738 et

307 788 411 826 non
431 771 694 826 sollicitus
729 773 828 825 erit
849 772 1014 837 ultra,
1043 783 1097 827 et
1147 791 1249 828 non
1277 785 1497 846 apponet
1521 774 1666 843 ﬁlius
1688 775 1882 846 iniqui-

303 865 428 919 tatis
459 862 740 918 humiliare
764 881 902 930 eum,
933 867 1065 920 sicut
1102 867 1166 920 ab
1196 867 1347 920 initio
1387 884 1419 920 a
1461 867 1664 931 diebus,
1702 867 1890 937 quibus

301 961 552 1015 constitui
589 960 798 1031 judices
834 978 990 1030 super
1037 961 1284 1031 populum
1324 977 1494 1014 meum
1541 960 1728 1014 Israel.
1776 959 1889 1015 Hoc

299 1058 415 1106 tam
464 1066 719 1122 magnum
753 1044 956 1106 bonum
995 1052 1240 1121 quisquis
1267 1052 1320 1106 in
1358 1052 1461 1107 hoc
1502 1051 1717 1114 smeulo,
1744 1059 1799 1104 et
1835 1052 1886 1104 iu

298 1140 407 1195 hac
431 1148 581 1195 terra
627 1148 828 1210 sperat,
857 1139 1186 1209 insipienter
1215 1140 1245 1180 ι)
1287 1141 1434 1195 facit.
1488 1141 1568 1194 Au
1617 1141 1885 1210 quispiam

295 1230 594 1299 putabit'in
617 1245 751 1299 pace
784 1229 928 1300 regis
955 1228 1258 1286 Salomonis
1288 1231 1339 1286 id
1365 1246 1486 1286 esse
1519 1229 1842 1299 completum
1869 1247 1882 1284 :

293 1334 490 1390 pacem
519 1320 717 1389 quippe
743 1318 891 1374 illam
939 1318 1216 1390 Scriptura
1248 1322 1300 1374 in
1340 1322 1532 1374 umbra
1583 1321 1745 1374 futuri
1793 1337 1887 1374 ex-

295 1412 513 1468 cellenti
559 1412 939 1482 praedicatione
999 1414 1377 1467 commendat?
1415 1413 1508 1467 sed
1554 1413 1678 1468 huic
1719 1413 1887 1482 suspi-

291 1504 442 1559 cioni
470 1503 758 1573 vigilanter
799 1519 1084 1560 occursum
1114 1513 1216 1571 est,
1264 1521 1387 1561 cum
1418 1514 1769 1575 posteaquam
1805 1505 1888 1560 di-

293 1605 446 1651 ctum
472 1601 554 1648 est
581 1611 594 1648 :
624 1591 692 1647 Et
727 1610 832 1648 non
860 1604 1081 1666 apponet
1123 1595 1266 1666 filius
1292 1596 1585 1667 iniquitatis
1607 1595 1887 1649 humiliore

291 1702 438 1750 eum,
483 1685 739 1741 continuo
783 1685 1125 1754 subjunctum
1176 1695 1258 1742 est
1289 1687 1471 1741 :rsicut
1519 1686 1584 1740 ab
1618 1686 1782 1738 initio
1827 1685 1883 1738 in

1997 506 2166 571 cerit,
2218 508 2432 576 quando
2473 509 2712 578 pluviam
2750 509 2955 564 orando
2986 511 3310 580 impetravit.
3364 511 3576 580 Quibus

1994 593 2348 650 admonemur
2369 598 2648 668 exemplis,
2696 614 2802 654 non
2842 614 2962 654 esse
3003 602 3399 671 praescriptum,
3430 619 3572 673 quo-

1993 686 2154 740 modo
2178 702 2375 756 corpus
2399 690 2759 744 constituatur
2783 692 2849 746 ad
2875 693 3135 747 orandum
3152 735 3166 758 ,
3203 693 3332 748 dum
3359 696 3572 752 animus

1992 779 2102 833 Deo
2151 795 2390 849 praesens
2432 791 2659 853 peragat
2705 784 3058 841 intentionem
3109 802 3282 841 suam.
3335 787 3470 843 Nam
3515 798 3572 844 et

1991 878 2197 927 stantes
2220 889 2468 937 oramus,
2501 875 2641 930 sicut
2665 876 2923 946 scriptum
2951 887 3069 933 est:
3101 878 3252 950 (Luc.
3280 895 3432 945 xvtu,
3471 882 3561 951 l5)

1963 961 2298 1030 publicanus
2328 975 2503 1018 autem
2550 966 2614 1019 de
2657 966 2807 1038 longe
2851 968 3056 1034 stabat,
3088 979 3143 1024 et
3169 968 3294 1024 ﬁxis
3321 970 3566 1040 genibus,

1990 1051 2128 1105 sicut
2151 1052 2204 1105 in
2231 1051 2458 1109 Actibus
2484 1057 2848 1124 apostolorum
2874 1059 3123 1128 legimus,
3163 1060 3301 1131 (Act.
3331 1076 3406 1114 vn
3426 1101 3441 1124 ,
3477 1060 3565 1125 59,

1989 1150 2036 1194 et
2067 1157 2160 1205 xx,
2193 1142 2280 1212 56)
2312 1152 2366 1198 et
2396 1145 2645 1202 sedentes
2685 1148 2852 1214 sicut,
2891 1163 3018 1204 ecce
3059 1149 3250 1216 David,
3282 1158 3338 1204 et
3363 1145 3565 1204 Helias.

1989 1231 2102 1287 Nisi
2128 1243 2306 1290 autem
2333 1237 2496 1292 etiam
2535 1239 2780 1309 jacentes
2806 1255 3116 1305 oraremus,
3157 1256 3264 1296 non
3308 1240 3569 1309 scriptum

1987 1334 2132 1382 esset
2156 1329 2211 1382 in
2241 1330 2492 1397 psalmis:
2541 1329 2710 1401 (Psal.
2749 1347 2833 1395 vr,
2871 1330 2924 1402 7)
2974 1330 3183 1385 Lavabo
3209 1347 3300 1401 per
3334 1330 3570 1400 singulas

1988 1428 2161 1472 noctes
2195 1419 2383 1474 lectum
2413 1436 2624 1475 meum:
2661 1421 2908 1492 lacrymis
2956 1425 3082 1476 meis
3128 1431 3348 1476 stratum
3395 1437 3569 1474 meum

1988 1508 2187 1577 rigabo.
2219 1507 2354 1564 Cum
2392 1511 2534 1564 enim
2575 1511 2803 1581 quisque
2848 1512 3147 1566 orationem
3187 1512 3404 1581 quaerit,
3456 1511 3569 1565 col-

1987 1596 2130 1652 locat
2159 1599 2423 1665 mcmbra,
2460 1600 2601 1655 sicut
2639 1601 2688 1655 ei
2717 1601 3018 1655 occurrerit
3039 1602 3440 1656 accommodata
3470 1616 3568 1670 pro

1989 1696 2233 1759 tempore
2254 1692 2450 1760 positio
2471 1693 2712 1761 corporis
2729 1693 2796 1746 ad
2811 1693 3131 1746 movendum
3153 1693 3412 1745 animum.
3432 1692 3569 1746 Cum

291 1781 477 1834 diebus
497 1779 683 1850 quibus
709 1780 953 1834 constitui
975 1779 1182 1850 judices
1220 1794 1377 1850 super
1413 1777 1662 1848 populum
1710 1791 1883 1830 meum
1913 1774 1960 1832 B
1987 1788 2166 1836 autem
2197 1797 2302 1835 non
2328 1783 2609 1851 quaeritur,
2655 1783 2750 1837 sed
2789 1782 3020 1836 infertur
3057 1785 3328 1851 appetitus
3353 1781 3566 1843 orandi,

290 1871 487 1927 Israel.
530 1871 746 1928 Iudices
797 1887 1053 1944 namque,
1100 1872 1417 1943 priusquam
1464 1883 1620 1940 reges
1647 1868 1718 1922 ibi
1761 1881 1881 1922 esse

290 1966 609 2036 coepissent,
658 1981 821 2036 super
863 1967 1011 2022 illum
1039 1966 1293 2037 populum
1339 1963 1555 2020 fuerant
1579 1960 1878 2024 constituti,

288 2071 358 2111 ex
386 2071 493 2126 quo
523 2065 725 2112 terram
752 2059 1126 2128 promissionis
1148 2057 1375 2128 accepit.
1404 2057 1471 2110 Et
1493 2057 1677 2125 utique
1704 2054 1883 2108 immi-

288 2144 460 2198 iiabat
484 2161 608 2200 eum
635 2146 777 2201 ﬁlius
802 2147 1121 2217 iniquitatis,
1153 2147 1255 2201 hoc
1281 2155 1364 2201 est
1389 2146 1560 2200 hostis
1581 2145 1880 2213 alienigena

286 2249 390 2303 per
419 2236 699 2291 intervalla
725 2245 1050 2304 temporum,
1082 2236 1278 2304 quibus
1305 2235 1555 2305 leguntur
1594 2249 1780 2302 pacem
1805 2232 1883 2284 al-

287 2332 538 2380 ternasse
567 2340 691 2381 cum
719 2325 877 2380 bellis
902 2345 914 2378 :
948 2334 1003 2380 et
1029 2325 1307 2378 inveniunt
1337 2325 1442 2378 illic
1467 2325 1616 2393 pacis
1639 2333 1879 2390 tempora

285 2415 615 2483 prolixiora,
650 2430 809 2483 quam
846 2415 1100 2469 Salomon
1138 2415 1346 2478 habuit,
1386 2413 1477 2482 qui
1525 2411 1881 2481 quadraginta

287 2507 542 2574 regnavit
567 2521 756 2561 annos.
785 2505 921 2559 Nam
943 2505 1043 2560 sub
1071 2521 1135 2560 co
1163 2504 1369 2575 judice,
1401 2504 1492 2572 qui
1527 2513 1610 2557 est
1647 2500 1882 2570 appella-

287 2601 385 2647 tus
423 2593 585 2660 Aoth,
626 2596 898 2666 octoginta
938 2595 1063 2649 anni
1096 2595 1246 2663 pacis
1288 2592 1524 2648 fuerunt.
1555 2591 1708 2646 Absit
1751 2605 1880 2660 ergo

282 2695 350 2739 ut
374 2683 682 2743 Salomonis
708 2697 955 2758 tempora
999 2689 1051 2741 in
1093 2687 1194 2742 hac
1237 2686 1594 2757 promissione
1624 2684 1878 2755 praedicta

281 2790 410 2831 esse
437 2775 766 2831 credantur:
801 2778 970 2834 multo
992 2779 1170 2832 minus
1195 2777 1382 2848 utique
1417 2775 1702 2845 cujuslibet
1735 2775 1878 2845 regis

279 2867 550 2922 alterius:
581 2884 685 2922 non
711 2869 854 2923 enim
877 2871 1159 2939 quisquam
1189 2883 1376 2922 eorum
1399 2867 1454 2921 in
1479 2874 1649 2931 tanta,
1674 2874 1876 2934 quanta

278 2960 399 3026 ille,
429 2975 564 3031 pace
587 2961 872 3030 regnavit:
905 2975 1006 3014 nec
1028 2972 1266 3028 unquam
1287 2958 1508 3014 omnino
1521 2972 1653 3029 gens
1684 2956 1770 3010 illa
1801 2956 1875 3010 ita

277 3069 511 3124 regnum
559 3052 751 3116 tenuit,
798 3059 862 3105 ut
907 3050 1136 3105 sollicita
1183 3065 1287 3105 non
1318 3049 1500 3116 fuerit,
1531 3063 1601 3103 ne
1627 3047 1876 3102 hostibus

278 3121 646 3201 subderetur:
680 3143 806 3212 quia
838 3141 892 3196 in
923 3149 1071 3195 tanta
1100 3134 1458 3195 mutabilitate
1478 3152 1656 3192 rerum
1690 3136 1874 3192 huma—
1899 3121 1944 3184 (ἶ

277 3250 482 3291 narum
508 3233 640 3288 nulli
666 3233 956 3302 aliquando
983 3233 1180 3304 populo
1207 3245 1463 3288 concessa
1497 3238 1582 3286 est
1615 3238 1762 3284 tanta
1790 3245 1876 3286 se-

275 3327 515 3390 curitas,
538 3333 597 3379 ut
617 3323 775 3393 hujus
796 3324 920 3378 vitae
953 3323 1174 3379 hostiles
1212 3337 1321 3377 non
1346 3321 1662 3377 formidaret
1692 3321 1873 3376 incur-

274 3434 400 3474 sus.
431 3416 605 3472 Locus
625 3432 755 3486 ergo
777 3417 898 3482 iste,
934 3417 1023 3486 qui
1053 3416 1390 3486 promittitur
1429 3421 1538 3467 tam
1566 3422 1772 3483 pacata:
1809 3428 1874 3468 ac

274 3522 493 3565 secura:
516 3506 891 3572 habitationis,
913 3514 1145 3560 aeternus
1166 3511 1270 3570 est,
1298 3503 1624 3572 aeternisque
1650 3502 1874 3557 debetur

273 3602 331 3656 in
360 3608 546 3656 matre
578 3597 914 3654 Hierusalem
946 3597 1136 3661 libera,
1167 3597 1259 3651 ubi
1287 3596 1394 3650 erit
1409 3595 1679 3649 veraciter
1702 3609 1874 3662 popu-

272 3690 358 3745 lus
408 3688 571 3743 Israel
620 3704 632 3741 :
685 3688 790 3742 hoc
829 3687 975 3742 enim
1017 3699 1212 3740 nomen
1252 3684 1656 3753 interpretatur
1692 3683 1873 3736 videns

273 3779 455 3833 Deum
480 3793 497 3831 :
521 3775 673 3846 cujus
703 3775 909 3848 praemii
934 3773 1205 3831 desiderio
1240 3773 1328 3842 pia
1357 3787 1457 3842 per
1495 3771 1654 3827 ﬁdem
1679 3771 1789 3825 vita
1819 3772 1874 3825 in

273 3871 386 3925 hac
415 3883 718 3923 :erumnosa
741 3865 1177 3938 peregrinatione
1203 3865 1446 3920 ducenda
1471 3872 1572 3919 est.

347 3959 652 4016 Nuntiante
677 3958 841 4015 verba
863 3959 980 4013 haec
1004 3955 1215 4011 Nathan
1242 3956 1311 4010 ad
1334 3955 1520 4019 David,
1543 3951 1628 4025 (11
1655 3969 1754 4018 vn,
1787 3953 1873 4022 18)

274 4053 550 4124 ingressus
598 4059 672 4104 est
728 4067 821 4104 rea:
872 4048 1064 4114 David,
1116 4059 1163 4102 et
1210 4047 1343 4101 sedit
1393 4061 1571 4099 coram
1625 4043 1870 4098 Domino.

276 4152 299 4180 ο
341 4161 360 4193 ‹
412 4139 550 4206 Quid
590 4140 736 4194 aliud
776 4140 830 4194 in
879 4140 980 4194 hac
1016 4138 1260 4194 sessione
1302 4136 1705 4206 intelligendum
1754 4142 1870 4201 est,

275 4231 390 4287 nisi
431 4230 557 4299 quia
597 4229 738 4285 sedit
783 4229 839 4283 in
880 4237 1174 4299 conspectu
1203 4225 1436 4290 Domini,
1476 4225 1590 4280 sive
1631 4223 1723 4280 ubi
1755 4232 1875 4279 erat

276 4337 414 4378 area
447 4321 776 4388 testamenti,
811 4336 910 4391 per
939 4335 1100 4390 quam
1129 4319 1393 4375 sacratior
1421 4325 1476 4372 et
1523 4318 1872 4373 commenda-

277 4417 392 4471 tior
415 4415 662 4485 quaedam
695 4415 985 4486 praesentia
1032 4414 1246 4469 Domini
1292 4413 1463 4484 accipi
1511 4420 1724 4482 potest,
1758 4413 1870 4468 sive

276 4511 413 4579 quia
437 4517 692 4563 oraturus
722 4508 861 4563 sedit
886 4525 897 4559 :
940 4507 1084 4576 quod
1111 4521 1217 4561 non
1245 4506 1307 4560 lit
1327 4513 1505 4571 recte,
1531 4504 1637 4560 nisi
1665 4504 1717 4558 in
1743 4520 1869 4558 con-

278 4609 476 4672 spectu
507 4599 627 4665 Dei,
657 4599 760 4654 hoc
788 4605 870 4654 est
895 4598 951 4652 in
975 4597 1184 4652 intimis
1208 4595 1407 4651 cordis.
1439 4596 1625 4651 Potest
1647 4595 1790 4649 enim
1815 4603 1872 4649 et

279 4695 356 4750 sic
389 4691 582 4762 accipi,
614 4691 759 4761 quod
786 4691 993 4746 dictum
1020 4698 1124 4754 est,
1151 4698 1271 4742 ante
1300 4687 1606 4754 Dominum,
1633 4687 1726 4742 ubi
1751 4687 1871 4742 nul-

280 4785 364 4840 lus
400 4793 546 4838 esset
569 4783 872 4847 hominum,
900 4781 992 4852 qui
1023 4780 1235 4836 audiret
1270 4786 1532 4835 orantem.
1584 4779 1709 4834 Sive
1739 4794 1869 4851 ergo

279 4883 506 4945 propter
531 4887 716 4928 arcam
745 4872 1074 4938 testamenti,
1105 4871 1220 4928 sive
1240 4879 1462 4942 propter
1497 4879 1764 4926 secretum
1791 4871 1870 4925 lo-

281 4980 435 5028 cum,
462 4972 520 5019 et
560 4971 826 5020 remotum
851 4964 921 5019 ab
946 4964 1186 5029 arbitris,
1231 4963 1344 5018 sive
1367 4968 1588 5032 propter
1620 4962 1871 5018 intimum

283 5057 492 5122 cordis,
517 5057 608 5112 ubi
627 5066 747 5112 erat
770 5059 979 5113 orantis
1005 5056 1248 5120 auectas,
1263 5055 1648 5111 convenienter
1665 5055 1870 5112 dictum

284 5157 410 5204 est:
451 5148 582 5203 sedit
627 5157 750 5203 ante
791 5148 1075 5203 Dominum
1097 5161 1115 5198 :
1165 5147 1269 5201 nisi
1310 5145 1450 5200 forte
1488 5145 1631 5214 quod
1677 5146 1871 5202 sedens

360 5320 384 5347 ι
418 5305 817 5376 Subsequentia
857 5304 1074 5376 require
1115 5303 1168 5358 in
1198 5301 1303 5358 line
1343 5301 1538 5373 capitis
1579 5300 1646 5355 12
1669 5308 1726 5357 et
1743 5301 1870 5357 sub-

287 5378 531 5487 sequenti
560 5374 758 5459 capite,
782 5376 834 5431 id
857 5385 939 5431 est
966 5374 1051 5429 15.

403 5447 538 5487 tam
616 5456 749 5487 mm:

403 5447 584 5512 'Edit.,
615 5448 770 5518 sapit.

363 5528 384 5555 ε
445 5512 803 5588 Augustinum
851 5514 1168 5588 Magistrum
1223 5514 1312 5569 hic
1364 5527 1579 5588 quoque
1625 5512 1870 5581 sequitur

289 5584 565 5652 Claudius,
595 5587 649 5642 in
674 5602 799 5641 rem
827 5584 979 5640 suam
1009 5586 1295 5645 deducens,
1324 5599 1441 5653 qua:
1468 5585 1623 5638 docet
1648 5591 1870 5637 sanctus

285 5653 479 5723 doctor
516 5657 812 5727 quaestione
849 5656 879 5710 4
919 5655 1039 5710 libri
1079 5671 1114 5708 ιι
1145 5655 1509 5720 Quaestionum
1551 5654 1617 5708 ad
1649 5653 1867 5724 Simpli-

283 5716 365 5786 cia
381 5744 525 5787 num.

1983 1871 2085 1926 hoc
2104 1879 2193 1943 est
2218 1887 2339 1927 cum
2379 1872 2580 1940 aliquid
2610 1879 2831 1941 repente
2859 1871 3006 1924 venit
3051 1871 3105 1924 in
3147 1879 3418 1934 mentem,
3458 1885 3567 1938 quo

1983 1961 2317 2032 supplicandi
2344 1969 2624 2015 moveatur
2650 1960 2874 2015 affectus
2912 1959 3202 2030 gemitibus
3232 1959 3569 2014 inenarrabi-

1982 2051 2143 2116 libus,
2172 2066 2493 2121 quocunque
2517 2052 2677 2106 modo
2704 2051 2971 2106 invenerit
3001 2051 3271 2104 hominem
3292 2090 3307 2113 ,
3348 2065 3455 2104 non
3484 2058 3570 2104 est

1980 2144 2166 2214 utique
2201 2144 2493 2212 differenda
2521 2144 2714 2210 oratio,
2747 2152 2805 2197 ut
2834 2157 3157 2213 quan-amns,
3203 2157 3310 2212 quo
3349 2141 3569 2197 seceda-

1981 2252 2122 2301 mus,
2153 2245 2248 2290 aut
2273 2236 2364 2290 ubi
2393 2245 2630 2300 stemus,
2663 2244 2754 2289 aut
2786 2236 2876 2290 uhi
2916 2242 3361 2306 prosternamur:
3400 2234 3570 2302 gignit

1980 2325 2123 2379 enim
2159 2325 2262 2379 sibi
2296 2326 2492 2380 mentis
2518 2325 2745 2379 intentio
2770 2325 3132 2387 solitudinem,
3162 2332 3216 2378 et
3238 2339 3379 2392 smpe
3402 2323 3568 2378 etiam

1980 2416 2315 2471 obliviscitur
2344 2433 2424 2480 se,
2449 2416 2534 2470 vel
2556 2432 2717 2486 quam
2741 2415 2864 2470 coeli
2888 2423 3122 2484 partem,
3148 2415 3231 2467 vel
3260 2415 3312 2466 in
3338 2429 3442 2482 qua
3471 2427 3567 2482 po-

1981 2507 2175 2562 sitione
2205 2507 2450 2575 corporis
2479 2507 2720 2561 membra
2751 2505 2878 2559 illud
2902 2515 3113 2574 tempus
3139 2503 3423 2556 invenerit.

2059 2615 2077 2647 (
2117 2595 2263 2650 Fecit
2291 2612 2496 2668 quoque
2523 2595 2692 2649 David
2717 2595 2816 2648 sibi
2839 2610 3046 2657 nomen,
3077 2611 3196 2648 cum
3223 2601 3568 2646 reverteretur

1980 2698 2134 2758 capta
2165 2688 2327 2758 Syria
2350 2689 2407 2741 in
2447 2685 2581 2741 valle
2608 2685 2925 2750 salinarum,
2956 2687 3103 2740 cwsis
3128 2684 3406 2738 duodecim
3448 2683 3568 2737 mil-

1979 2779 2134 2834 libus.
2173 2791 2195 2818 ε
2226 2779 2366 2846 Quid
2411 2779 2477 2832 de
2504 2791 2761 2847 percussa
2800 2776 3142 2830 multitudine
3185 2776 3254 2830 ad
3295 2775 3466 2829 David
3512 2775 3567 2829 in

1980 2871 2277 2926 salinarum
2303 2869 2441 2924 valle
2467 2870 2730 2939 signatur,
2762 2868 2863 2922 nisi
2888 2867 3014 2936 quia
3040 2867 3364 2935 Redemptor
3383 2872 3568 2920 noster

1979 2979 2090 3020 suae
2116 2963 2368 3018 videlicet
2391 2960 2748 3017 districtionis
2773 2959 3042 3024 examine,
3072 2958 3126 3012 in
3154 2958 3240 3012 his
3269 2957 3362 3028 qui
3387 2957 3454 3011 de
3475 2957 3566 3010 illo

1977 3072 2143 3128 prava
2185 3057 2459 3121 sentiunt,
2506 3054 2788 3110 stultitiam
2834 3051 3173 3106 immoderati
3215 3050 3426 3120 saporis
3469 3064 3564 3104 ex-

1979 3147 2191 3217 tinguit.
2222 3168 2240 3200 ι

2049 3241 2136 3314 (II
2165 3240 2291 3312 Reg.
2321 3257 2376 3305 ι,
2401 3241 2455 3305 l,
2483 3247 2530 3293 et
2557 3237 2689 3310 seq.)
2719 3235 2944 3290 Factum
2963 3243 3039 3289 est
3063 3245 3240 3289 autem
3268 3243 3382 3306 post
3426 3235 3562 3300 haec,

1975 3344 2032 3389 ut
2066 3342 2353 3390 moreretur
2373 3349 2465 3386 rea:
2493 3331 2726 3400 ﬁliorum
2755 3331 2996 3392 Ammon,
3025 3338 3073 3383 et
3106 3338 3343 3398 regnaret
3367 3325 3565 3381 Hauon

1973 3427 2116 3495 [ilius
2151 3426 2266 3496 ejus
2291 3442 2384 3497 pro
2413 3441 2473 3478 eo
2497 3439 2515 3478 :
2539 3424 2774 3494 dixitque
2796 3422 3006 3474 David:
3035 3420 3230 3490 faciam
3259 3419 3562 3472 misericor-

1973 3519 2118 3572 diam
2148 3533 2266 3571 cum
2297 3514 2493 3570 Hanon
2519 3513 2630 3582 ﬁlio
2659 3513 2830 3577 Naas,
2853 3513 2987 3565 sicut
3009 3509 3129 3579 fecit
3150 3519 3298 3578 pater
3317 3507 3430 3575 ejus
3451 3522 3560 3559 me-

1973 3625 2092 3662 cum
2124 3606 2560 3660 misericordiam.
2605 3603 2748 3656 Misit
2777 3617 2900 3670 ergo
2930 3598 3101 3652 David
3137 3595 3413 3650 consolans
3439 3610 3562 3647 eum

1973 3713 2066 3768 per
2107 3713 2280 3751 servos
2309 3712 2431 3749 suos
2475 3709 2632 3763 super
2668 3691 2833 3760 patris
2879 3687 3168 3740 interitum.
3211 3682 3344 3737 Cum
3387 3692 3564 3735 autem

1976 3785 2230 3840 venissent
2262 3782 2394 3836 servi
2425 3778 2594 3832 David
2622 3779 2674 3831 in
2703 3788 2844 3829 terra
2875 3773 3108 3842 ﬁliorum
3131 3769 3371 3831 Ammon,
3406 3769 3560 3822 dir-e-

1977 3886 2097 3930 runt
2134 3873 2392 3944 principes
2431 3869 2675 3938 ﬁliorum
2706 3867 2927 3920 Ammon
2962 3863 3032 3916 ad
3068 3861 3263 3916 Hanon
3289 3862 3560 3915 dominum

1974 3978 2170 4020 suum:
2204 3972 2359 4034 putas
2397 3959 2536 4032 quod
2564 3967 2774 4030 propter
2799 3958 3049 4010 honorem
3082 3954 3246 4025 patris
3285 3953 3362 4006 tui
3388 3952 3563 4006 David

1975 4057 2174 4111 miserit
2197 4055 2266 4109 ad
2293 4063 2341 4108 te
2362 4049 2735 4113 consolatores,
2761 4056 2809 4102 et
2839 4063 2944 4100 non
2968 4046 3105 4112 ideo,
3132 4052 3187 4098 ut
3229 4045 3559 4113 inrestigaret

1975 4157 2024 4202 et
2049 4145 2343 4217 exploraret
2374 4144 2654 4207 civitatem,
2685 4150 2732 4194 et
2760 4146 3005 4194 everteret
3033 4154 3172 4202 eam,
3206 4136 3348 4190 misit
3385 4134 3558 4188 David

1973 4250 2144 4289 servos
2175 4249 2296 4288 suos
2325 4232 2394 4285 ad
2429 4239 2475 4285 te
2499 4230 2524 4284 ἲ
2564 4227 2706 4282 Tulit
2734 4228 2908 4298 itaque
2931 4223 3126 4280 Hanon
3154 4241 3324 4278 servos
3364 4222 3555 4286 David,

1976 4327 2205 4395 rasitque
2233 4323 2507 4377 dimidiam
2541 4332 2741 4393 partem
2771 4319 2946 4375 barba:
2979 4337 3180 4384 eorum,
3225 4330 3271 4373 et
3315 4318 3556 4390 prwcidit

1975 4426 2134 4471 vestes
2161 4430 2340 4469 eorum
2363 4413 2561 4467 medias
2599 4429 2761 4483 usque
2791 4411 2860 4464 ad
2907 4421 3084 4473 nates,
3124 4420 3170 4463 et
3205 4411 3401 4463 dimisit
3445 4426 3558 4467 eos.

1975 4506 2129 4572 Quod
2159 4521 2277 4559 cum
2299 4504 2597 4558 nuntiatum
2625 4503 2809 4572 fuisset
2833 4501 3003 4553 David
3012 4501 3180 4563 ,misit
3205 4501 3258 4552 in
3283 4516 3556 4553 occursum

1973 4598 2350 4659 eor'um;erant
2378 4592 2515 4645 enim
2539 4591 2638 4645 viri
2663 4589 2868 4658 confusi
2891 4588 3111 4658 turpiter
3138 4587 3302 4651 valde,
3330 4595 3377 4640 et
3408 4602 3556 4639 man-

1973 4689 2113 4743 davit
2159 4688 2233 4742 eis
2273 4685 2483 4743 David:
2533 4694 2737 4737 manete
2784 4683 2842 4736 in
2890 4681 3099 4745 Jerico,
3149 4679 3313 4732 donec
3360 4688 3554 4733 crescat

1976 4778 2138 4833 barba
2173 4786 2343 4832 vestra
2365 4817 2380 4842 ,
2405 4785 2452 4831 et
2497 4785 2618 4829 tunc
2649 4773 2984 4828 revertimini.
3016 4770 3168 4826 Sicut
3191 4771 3333 4824 enim
3364 4769 3556 4824 Hauon

1977 4887 2072 4926 rex
2107 4869 2125 4909 ί
2156 4869 2586 4924 Ammouitarum
2630 4881 2817 4921 servos
2846 4863 3013 4918 David
3043 4862 3110 4917 ad
3147 4877 3204 4916 se
3234 4862 3427 4916 missos
3456 4863 3553 4916 de—

1976 4960 2226 5030 turpavit,
2258 4967 2419 5028 atque
2443 4957 2729 5013 ludibritcr
2753 4956 2964 5013 fedatos
3004 4955 3072 5010 ad
3105 4953 3352 5010 eumdem
3385 4954 3554 5008 David

1974 5052 2203 5116 remisit,
2236 5052 2307 5106 ita
2337 5059 2392 5107 et
2411 5051 2656 5107 diabolus
2680 5051 2930 5120 princeps
2954 5049 3113 5120 hujus
3139 5049 3324 5102 mundi
3349 5048 3554 5118 pleros-

1971 5160 2078 5216 que
2117 5143 2399 5214 religiosos
2425 5157 2524 5214 per
2551 5142 2909 5212 subripientia
2938 5141 3070 5196 vitia
3109 5139 3396 5209 deturpare
3423 5154 3552 5194 con-

2040 5302 2066 5342 ἀ
2098 5302 2266 5367 Edit.,
2295 5299 2522 5358 Sanctus
2544 5298 2714 5364 Elias,
2742 5295 2809 5353 Ill
2844 5296 2989 5367 Reg:
3013 5310 3170 5367 xvm,
3192 5293 3280 5348 ἃ.

2047 5385 2071 5414 ε
2105 5372 2147 5427 ll
2177 5363 2306 5442 Reg.
2347 5370 2620 5442 "11,15;
2655 5363 2916 5442 Deinceps
2936 5363 3547 5442 'GregoriumhMagnum

1971 5434 2538 5507 docentemvexscribit
2564 5439 2836 5494 Claudius.
2854 5434 2996 5491 'Htec
3027 5435 3232 5490 scilicet
3245 5434 3550 5507 _Gregorius

1972 5513 2137 5568 tradit
2177 5505 2336 5566 num.
2383 5508 2655 5580 45[alias
2709 5525 2827 5579 cap.
2879 5507 2973 5572 l4,
3027 5507 3108 5561 vel
3165 5505 3262 5580 18]
3307 5505 3427 5562 libri
3484 5522 3546 5561 ιιι

1972 5583 2270 5639 Moralium.
2880 5637 2884 5641 ι

2049 5654 2066 5692 ί
2098 5653 2276 5710 Codex
2304 5665 2583 5720 perperam
2607 5651 2771 5707 habet
2801 5648 2975 5710 Moab.
