3904 6174
369 332 474 387 705

1437 327 1711 384 CLAUDII
1752 323 2212 382 TAURINENSIS
2249 323 2557 380 EPlSCOPl

3532 317 3637 373 τίθει

370 446 565 511 suevit,
611 444 702 514 qui
729 446 854 498 dum
881 457 1066 496 eorum
1093 441 1314 495 latentia
1347 441 1482 494 mala
1503 481 1518 504 ,
1565 441 1616 494 in
1667 446 1854 509 aperta
1895 444 1949 489 et
1977 437 2026 496 Α
2052 446 2201 485 mum
2230 431 2308 485 ire
2345 431 2514 485 David
2552 429 2826 495 admonet,
2859 427 3024 498 pedes
3061 425 3269 493 lavare,
3300 421 3430 495 quia
3462 425 3644 480 incar-

368 535 652 607 flagitiosa,
681 539 1093 602 perpetrataque
1119 530 1330 585 luxuria
1354 531 1573 602 detegit,
1592 531 1744 599 quasi
1757 545 1945 584 eorum

370 624 696 680 indumentis
724 637 892 691 usque
924 623 991 676 ad
1023 630 1178 677 nates
1227 623 1482 677 abscissis
1509 623 1680 677 nudos
1707 639 1736 676 a
1767 623 1947 693 digni-

370 723 478 769 tate
504 712 767 767 castitatis
797 713 1122 782 dereiinquit
1148 732 1159 766 :
1204 721 1260 768 et
1292 715 1419 768 dum
1447 715 1732 782 pristinam
1760 729 1944 768 eorum

366 804 732 859 fortitudinem
762 806 940 874 eripit,
971 805 1118 858 velut
1145 805 1371 859 barbam
1397 807 1558 860 radit.
1593 805 1740 871 Quos
1767 814 1947 860 tamen

361 910 526 948 verus
573 895 774 959 David,
809 895 1070 950 Dominus
1112 895 1346 960 scilicet,
1377 905 1433 950 et
1467 895 1713 950 Salvator
1743 906 1944 962 noster,

364 983 617 1038 clementi
655 995 903 1053 respectu
933 1001 962 1038 a
993 986 1324 1054 paenitentia:
1351 985 1678 1055 indulgentia
1706 1002 1813 1040 non
1851 1001 1948 1040 ex-

363 1073 569 1128 cludit:
610 1089 744 1142 quos
774 1083 829 1129 et
856 1076 908 1128 in
945 1075 1124 1130 Jerico
1158 1075 1294 1142 (hoc
1337 1085 1420 1130 est
1462 1078 1562 1130 sub
1605 1079 1947 1132 anathemate

362 1163 728 1234 paenitentiae)
757 1164 992 1218 residere
1017 1165 1198 1234 jubet,
1239 1165 1411 1220 donec
1453 1177 1788 1221 sacramenta
1839 1169 1947 1236 spi-

365 1252 601 1314 ritualia,
629 1260 682 1306 et
705 1251 1072 1306 fortitudinem
1097 1254 1312 1319 mentis,
1336 1270 1456 1324 quae
1479 1256 1750 1324 peccando
1768 1256 1946 1324 perdi-

363 1340 588 1404 derunt,
633 1341 1011 1396 satisfaciendo
1056 1344 1356 1413 recipiant;
1412 1353 1468 1398 et
1514 1347 1593 1400 sic
1635 1348 1849 1402 demum
1889 1348 1944 1402 in

363 1441 656 1501 conspectu
683 1431 800 1500 ejus
831 1442 976 1487 stare
1006 1434 1238 1489 valeant.

434 1542 518 1613 (11
543 1543 668 1614 Reg.
701 1561 762 1608 ιι,
789 1545 866 1617 9..)
914 1545 1138 1600 Factum
1163 1556 1260 1613 est,
1290 1549 1414 1602 dum
1453 1561 1739 1620 resurgeret
1771 1551 1943 1605 David

362 1632 426 1686 de
451 1642 614 1686 strato
635 1650 730 1687 suo
759 1645 870 1704 post
893 1636 1182 1700 meridiem,
1212 1646 1260 1690 et
1287 1637 1641 1692 deambularet
1671 1639 1722 1692 in
1747 1639 1943 1694 salario

362 1723 548 1776 domus
579 1726 756 1793 regite,
784 1725 909 1778 vidit
934 1725 1202 1779 mulierem
1231 1744 1285 1781 se
1317 1727 1593 1793 lavantem,
1637 1730 1941 1802 mittcnsque

361 1813 480 1866 tulit
505 1831 642 1879 eam,
672 1826 720 1868 et
747 1817 988 1870 dormivit
1021 1834 1136 1870 cum
1162 1835 1222 1872 ea
1245 1860 1259 1884 ,
1288 1836 1405 1889 qum
1439 1823 1687 1892 concepit.
1713 1822 1944 1894 Cumque

361 1905 678 1971 cognovisset
703 1905 891 1970 David,
923 1908 1064 1960 misit
1092 1909 1160 1961 ad
1185 1907 1322 1962 Ιοαὸ
1357 1911 1532 1965 dicens
1551 1929 1569 1966 :
1601 1915 1743 1968 mitte
1768 1916 1836 1968 ad
1863 1933 1944 1971 me

363 1993 546 2050 Uriam
581 1997 872 2052 .Etlucum.
911 1999 1135 2055 Veniens
1167 1999 1322 2056 Urias
1351 2003 1420 2056 ad
1449 2003 1618 2058 David
1802 2009 1942 2062 misit

358 2085 631 2156 epistolam
659 2086 830 2140 David
853 2105 947 2158 per
969 2087 1010 2141 ι]
1021 2090 1152 2143 riam
1180 2091 1249 2144 ad
1275 2093 1504 2157 Jonb,ut
1523 2107 1736 2164 poneret
1759 2095 1804 2150 U
1809 2099 1942 2152 riam

360 2176 450 2227 ubi
493 2175 838 2244 fortissimum
876 2179 1115 2248 prrclium
1144 2191 1255 2235 erat
1277 2197 1296 2234 :
1331 2183 1553 2254 fecitque
1574 2187 1710 2240 loab
1740 2190 1814 2243 ita
1838 2207 1856 2244 :
1893 2205 1940 2245 et

359 2274 596 2318 mortuus
637 2274 713 2319 est
760 2264 918 2321 Urias
960 2268 1194 2323 Etltrcus.
1224 2283 1248 2311 ε
1283 2290 1301 2322 ι
1341 2271 1662 2344 Plerumque
1698 2279 1939 2346 quaedam

358 2367 446 2406 res
489 2367 588 2422 per
636 2355 915 2410 historiam
960 2358 1131 2414 virtus
1179 2368 1294 2426 est,
1345 2375 1441 2430 per
1490 2365 1939 2434 signiﬁcationem

358 2443 513 2513 culpa
539 2459 562 2518 :j
592 2445 732 2500 sicut
774 2448 1060 2517 aliquando
1102 2465 1190 2506 res
1238 2459 1388 2522 gesta
1418 2454 1446 2493 ι)
1483 2455 1536 2508 in
1578 2472 1741 2512 causa
1779 2459 1936 2526 facta,

357 2535 631 2590 damnatio
663 2547 764 2603 est,
799 2541 853 2592 in
896 2541 1098 2611 scripto
1141 2550 1323 2598 autem
1372 2547 1652 2614 prophetia
1683 2552 1935 2607 virtutis:

357 2625 500 2691 quod
531 2636 552 2662 ο
582 2633 868 2697 utrumque
888 2630 1050 2686 citius
1073 2634 1426 2699 ostendimus,
1446 2651 1569 2689 cum
1593 2637 1750 2706 hujus
1771 2657 1940 2698 sacrze

356 2715 648 2786 Scriptum
676 2722 1043 2776 testimonium
1074 2723 1139 2778 ad
1168 2733 1400 2795 utraque
1438 2729 1712 2797 probanda
1741 2731 1796 2786 in
1827 2749 1940 2788 me-

353 2809 501 2863 dium
531 2810 865 2868 deducimus.
913 2813 1044 2881 Quis
1081 2833 1313 2888 namque
1355 2821 1579 2877 audiens
1617 2838 1723 2877 non
1763 2825 1937 2881 solum

354 2901 611 2968 ﬁdelium,
640 2907 732 2960 scd
758 2908 921 2962 etiam
952 2910 1268 2978 infidelium,
1301 2930 1405 2969 non
1434 2918 1742 2973 omnimode
1774 2927 1939 2975 testa-

352 3001 460 3058 tur,
493 2997 636 3064 quod
681 2997 852 3053 David
899 3001 952 3054 in
994 3003 1192 3059 solario
1236 3006 1618 3074 deambulans,
1666 3009 1937 3067 Bersabee

355 3083 499 3139 Urbe
523 3088 830 3158 concupivit
865 3095 1132 3148 uxorem?
1167 3095 1335 3162 Quem
1368 3104 1546 3154 tamen
1585 3115 1613 3154 a
1639 3102 1824 3172 prtelio
1852 3117 1936 3158 re-

353 3184 652 3231 vertentem
683 3179 761 3234 ire
789 3182 855 3235 ad
883 3183 1100 3238 domum
1129 3186 1399 3252 admonet,
1432 3199 1486 3244 et
1521 3192 1687 3261 pedes
1716 3193 1898 3248 lavare
1923 3212 1936 3248 :

313 3269 324 3282 ’
353 3265 443 3333 qui
468 3268 712 3334 protinus
734 3275 1009 3340 respondit
1031 3275 1249 3331 dicens:
1275 3277 1428 3348 (vers.
1461 3281 1547 3348 Η)
1579 3300 1706 3337 arca
1726 3284 1940 3340 Domini

351 3356 448 3408 sub
467 3356 686 3426 pellibus
707 3371 798 3425 est,
817 3373 864 3416 et
887 3381 979 3433 ego
1001 3367 1054 3419 in
1077 3367 1232 3422 domo
1255 3387 1367 3424 mea
1393 3375 1751 3443 requiescant?
1770 3377 1939 3444 Quem

353 3447 525 3503 David
551 3451 617 3505 ad
642 3467 881 3508 mensam
909 3459 1183 3527 propriam
1208 3465 1465 3532 suscepit,
1484 3466 1642 3534 eique
1662 3469 1936 3536 epistolas,

351 3558 450 3613 per
472 3559 606 3612 quas
623 3547 760 3600 mori
782 3547 1031 3615 debebat,
1052 3551 1288 3606 tradidit.
1313 3553 1477 3624 Cujus
1501 3564 1680 3610 autem
1696 3557 1860 3613 David
1886 3561 1939 3615 in

352 3632 552 3686 solario
582 3634 932 3692 deambulans
977 3647 1161 3709 typum
1188 3648 1371 3707 tenet,
1412 3644 1514 3698 nisi
1556 3646 1706 3715 ejus,
1739 3647 1804 3701 de
1834 3663 1940 3717 quo

351 3724 611 3790 scriptum
658 3733 741 3779 est
780 3744 795 3780 :
845 3726 1028 3797 (Psal.
1074 3745 1236 3795 xvm,
1293 3732 1460 3802 6)-in
1501 3733 1609 3788 sole
1644 3738 1814 3806 posuit
1855 3747 1941 3792 ta-

351 3814 689 3869 bernaculum
717 3833 871 3872 suum
895 3819 920 3872 Σ)
957 3820 1022 3874 Et
1048 3821 1176 3890 quid
1203 3832 1285 3877 est
1313 3823 1580 3880 Bersabee
1610 3827 1675 3880 ad
1716 3843 1774 3882 se
1813 3843 1940 3897 per-

351 3903 568 3968 ducere,
603 3905 706 3960 nisi
732 3906 902 3978 legem
925 3907 1117 3965 littera:
1146 3912 1348 3966 carnali
1373 3914 1570 3983 populo
1592 3916 1939 3986 conjunctam

351 3993 616 4061 Spirituali
653 3995 755 4050 sibi
786 3997 1058 4054 intellectu
1101 4002 1347 4056 sociare?
1387 4003 1653 4060 Bersabee
1675 4007 1819 4060 enim
1843 4025 1939 4078 pu-

350 4093 464 4137 teus
485 4087 732 4154 septimus
754 4088 976 4142 dicitur:
1016 4091 1141 4159 quia
1169 4092 1421 4147 nimirum
1453 4111 1550 4164 per
1577 4098 1938 4167 cognitionem

351 4171 501 4242 legis,
532 4174 798 4230 iufusione
830 4177 1123 4246 spiritualis
1150 4182 1338 4250 gratize
1357 4223 1370 4247 ,
1400 4182 1640 4251 perfecta
1669 4185 1825 4240 nobis
1853 4203 1939 4240 sa-

350 4264 555 4332 pientia
593 4267 952 4322 ministratur.
997 4269 1165 4336 Quem
1195 4289 1322 4328 vero
1371 4275 1554 4339 Urias,
1610 4277 1712 4330 nisi
1754 4275 1940 4331 Judai-

353 4371 478 4409 cum
518 4357 773 4426 populum
823 4360 1043 4431 signat?
1090 4363 1243 4431 cujus
1288 4382 1482 4421 nomen
1527 4369 1937 4439 interpretatum

353 4445 594 4544 dicitur:
635 4447 727 4502 (ua:
769 4467 881 4504 utea
913 4450 940 4491 «ι
981 4452 1109 4518 Dei;
1148 4453 1403 4511 .ludaicus
1447 4468 1626 4513 autem
1673 4459 1931 4530 populus,
1960 4486 2013 4544 ι)

351 4537 478 4607 quia
508 4538 574 4593 de
596 4549 814 4610 accepta
843 4542 975 4608 legis
1002 4545 1224 4600 scientia
1253 4547 1546 4613 extollitur,
1571 4550 1723 4618 quasi
1751 4549 1817 4604 de
1838 4549 1932 4604 Dei

352 4629 471 4684 luce
512 4631 806 4702 gloriatur;
846 4635 940 4690 sed
979 4637 1104 4692 huic
1137 4650 1158 4676 ε
1203 4639 1375 4694 David
1414 4655 1640 4696 uxorem
1682 4639 1932 4706 abstulit,

351 4721 563 4790 sibique
587 4722 886 4791 conjunxit,
927 4726 1052 4794 quia
1089 4727 1336 4783 videlicet
1368 4746 1527 4782 manu
1567 4729 1742 4797 fortis,
1789 4731 1934 4799 quod

351 4811 518 4865 David
552 4811 770 4876 dicitur,
799 4813 850 4866 in
880 4829 1044 4868 carne
1082 4815 1408 4886 Redemptor
1433 4827 1619 4872 noster
1643 4833 1928 4888 apparens,

349 4903 479 4956 dum
504 4903 570 4957 de
601 4918 658 4958 se
682 4903 1034 4972 spiritualiter
1059 4905 1204 4975 loqui
1230 4907 1404 4978 legem
1437 4908 1691 4974 innotuit,
1715 4924 1812 4980 per
1831 4910 1932 4966 hoc

350 4994 491 5062 quod
504 4991 656 5061 juxta
684 4993 918 5048 litteram
942 4996 1248 5062 tenebatur,
1276 4999 1416 5053 hanc
1437 5014 1468 5052 a
1487 4997 1712 5055 Judaico
1736 5000 1933 5070 populo

349 5094 662 5140 extraneum
706 5086 1098 5140 demonstravit
1116 5128 1130 5151 ,
1159 5087 1368 5158 sibique
1393 5087 1691 5157 conjunxit,
1718 5090 1845 5160 quia
1871 5105 1930 5146 se

349 5190 445 5245 per
477 5176 620 5231 illam
648 5175 926 5246 praedicari
955 5176 1268 5232 declaravit.
1308 5178 1493 5233 Uriam
1530 5186 1712 5232 tamen
1736 5179 1802 5234 ad
1835 5180 1930 5235 do-

419 5389 446 5417 ιι
478 5376 602 5433 Haec
625 5377 877 5449 perquire
895 5391 1120 5449 numero
1140 5375 1210 5432 55
1233 5375 1390 5449 [alias
1418 5390 1534 5447 cap.
1573 5373 1664 5446 28]
1696 5373 1818 5430 libri
1861 5391 1920 5430 ιιι

348 5444 593 5503 Gregorii
627 5444 911 5502 Moralium
941 5449 996 5502 in
1019 5445 1140 5503 Job.

420 5517 447 5556 δ
475 5516 614 5571 Edit.
645 5519 700 5570 in
727 5516 864 5584 facto
889 5535 1050 5573 causa
1073 5517 1424 5572 damnationis
1449 5524 1541 5572 est.

421 5595 443 5623 ο
475 5585 616 5639 Edit.
641 5602 838 5639 verum.

419 5652 446 5692 ἀ
479 5651 758 5707 Ddtninus.

427 5735 448 5759 θ
478 5722 532 5777 In
563 5721 722 5777 editis
756 5723 967 5777 additur
997 5722 1159 5776 Uriw.

2049 530 2208 576 natus
2235 521 2495 576 Dominus
2522 521 2766 586 veniens,
2790 518 3016 573 Judaico
3039 516 3236 586 populo
3272 517 3556 586 praecepit,
3583 523 3646 571 ut

2049 614 2116 667 ad
2144 614 2536 669 conscientiam
2582 613 2801 676 redeat,
2835 618 2891 664 et
2919 609 3107 664 sordes
3156 623 3379 678 cperunt
3425 607 3644 663 ﬂetibus

2049 711 2256 771 tergat,
2307 709 2368 754 ut
2413 699 2766 770 spiritualiter
2791 697 3043 754 mandata
3079 696 3214 765 legis
3244 695 3546 764 intelligat,
3581 701 3647 749 ut

2047 799 2169 858 post
2204 798 2406 844 tantam
2448 789 2702 842 duritiem
2733 795 3157 857 praeceptorum,
3195 784 3400 838 fontem
3428 785 3640 854 baptis-

2049 879 2209 944 matis
2240 878 2552 942 inveniens,
2597 877 2666 931 ad
2715 891 2910 944 aquam
2947 883 3070 943 post
3096 873 3335 928 laborem
3368 885 3641 927 recurrat.

2050 972 2156 1026 Sed
2189 971 2367 1036 Urias,
2399 971 2491 1040 qui
2527 986 2708 1024 arcam
2739 969 2949 1023 Domini
2974 983 3094 1022 esse
3129 968 3228 1022 sub
3254 967 3488 1037 pellibus
3528 983 3647 1022 me-

2047 1062 2233 1126 minit,
2284 1062 2562 1132 respondit
2618 1060 2760 1130 quod
2797 1060 3014 1114 domum
3061 1074 3212 1112 suam
3257 1058 3466 1112 intrare
3532 1073 3646 1111 non

2045 1159 2264 1222 posset:
2306 1167 2370 1206 ac
2399 1154 2444 1207 si
2468 1151 2722 1207 Judaieus
2750 1151 2979 1220 populus
3013 1150 3196 1204 dicat:
3240 1165 3339 1220 ego
3381 1150 3641 1204 mandata

2047 1247 2142 1302 Dei
2170 1248 2223 1302 in
2252 1247 2537 1302 sacriﬁciis
2561 1245 2869 1302 carnalibus
2898 1245 3088 1310 videon
3129 1253 3183 1299 et
3211 1245 3388 1299 redire
3411 1245 3480 1298 ad
3508 1260 3644 1301 con-2

2046 1338 2330 1393 scientiam
2354 1353 2452 1408 per
2471 1337 2807 1408 Spiritualem
2832 1336 3241 1405 intelligentiam
3262 1351 3368 1389 non
3392 1336 3639 1405 requiro.

2045 1427 2212 1493 Quasi
2237 1428 2381 1482 enim
2407 1442 2591 1481 arcam
2615 1442 2737 1482 esse
2762 1427 2860 1480 sub
2891 1425 3118 1495 pellibus
3147 1426 3310 1489 dicit,
3339 1425 3465 1494 quia
3495 1440 3641 1494 pra:-

2045 1526 2200 1586 eepta
2224 1518 2317 1571 Dei
2343 1533 2448 1572 non
2479 1517 2583 1571 nisi
2606 1518 2673 1571 ad
2694 1515 3057 1571 exhibendum
3081 1515 3441 1568 ministerium
3468 1516 3647 1569 sacri-

2046 1607 2152 1662 ﬁcii
2183 1607 2416 1662 carnalis
2447 1607 2716 1678 intelligit.
2747 1607 2900 1660 Hunc
2927 1612 3106 1660 tamen
3139 1606 3302 1660 etiam
3347 1605 3528 1659 redire
3571 1606 3638 1659 ad

2045 1697 2266 1752 domum
2307 1698 2612 1762 nolentem,
2662 1697 2831 1751 David
2879 1697 2947 1750 ad
2993 1711 3235 1751 mensam
3273 1703 3468 1750 vocat:
3509 1696 3636 1766 quia

1971 1787 2018 1846 B
2046 1789 2294 1856 quamvis
2321 1786 2578 1842 Judaicus
2606 1787 2836 1858 populus
2878 1786 2945 1840 ad
2993 1786 3382 1842 conscientiam
3432 1788 3637 1840 reverti

2047 1887 2393 1943 contemnat,
2443 1879 2491 1932 ei
2539 1886 2716 1932 tamen
2748 1877 3076 1945 Redemptor
3119 1875 3341 1930 veniens
3378 1876 3637 1930 mandata

2046 1966 2342 2036 spiritualia
2357 1968 2632 2037 prtedicat,
2650 1967 2866 2022 dicens:
2885 1965 3068 2037 (Joan.
3092 1983 3146 2031 v,
3168 1965 3258 2038 46)
3277 1965 3336 2020 Si
3352 1967 3637 2020 crederetis

2048 2059 2240 2128 Moysi,
2289 2060 2566 2114 crederetis
2595 2060 2819 2129 forsitan
2860 2070 2907 2113 et
2954 2060 3124 2112 milii:
3164 2059 3227 2112 de
3267 2076 3348 2112 me
3366 2060 3516 2112 enim
3546 2060 3639 2113 ille

2045 2151 2272 2218 scripsit.
2301 2149 2496 2220 Legem
2541 2152 2722 2219 itaque
2759 2149 3012 2204 Judaicus
3041 2149 3268 2230 populus
3301 2158 3468 2213 tenet,
3511 2166 3639 2218 qua:

2044 2239 2160 2307 ejus
2185 2241 2520 2295 divinitatem
2567 2241 2825 2311 loquitur,
2860 2241 2947 2295 cui
2980 2241 3118 2295 idem
3155 2242 3381 2310 populus
3407 2241 3636 2294 credere

2044 2332 2385 2402 dedignatur.
2420 2333 2574 2388 Unde
2601 2343 2657 2388 et
2682 2333 2840 2389 Urias
2861 2336 2928 2388 ad
2956 2332 3092 2388 .loab
3123 2349 3245 2389 eum
3274 2333 3538 2402 epistolis,
3561 2349 3633 2387 ex

2043 2422 2238 2489 quibus
2267 2423 2439 2476 occidi
2469 2423 2679 2486 debeat,
2705 2424 2956 2488 mittitur,
2983 2425 3107 2493 quia
3137 2424 3275 2478 idem
3302 2423 3416 2493 ipse
3442 2422 3635 2477 Judai-

2044 2527 2140 2565 cus
2163 2512 2389 2582 populus
2411 2513 2579 2582 legem
2602 2523 2801 2584 portat,
2825 2530 2930 2584 qua
2961 2516 3316 2570 convincente
3341 2515 3632 2569 moriatur.

2046 2600 2180 2654 Dum
2219 2601 2360 2655 enim
2403 2603 2653 2656 mandata
2677 2603 2810 2673 legis
2844 2603 2857 2641 ί
2891 2604 3156 2669 detinens,
3187 2604 3412 2674 implere
3443 2605 3633 2659 reniti-

2045 2699 2152 2756 tur,
2185 2691 2299 2761 ipse
2334 2692 2591 2746 nimirum
2616 2693 2790 2748 defert
2817 2693 3080 2764 judicium
3101 2735 3115 2758 ,
3147 2695 3290 2749 unde
3317 2695 3635 2749 damnetur.

2044 2781 2182 2848 Quid
2204 2796 2333 2851 ergo
2362 2796 2458 2850 per
2498 2780 2700 2835 factum
2730 2783 2870 2836 istud
2899 2783 3092 2848 David,
3126 2783 3449 2838 scelestius?
3491 2784 3636 2850 Quid

2047 2869 2173 2926 Uria
2219 2871 2470 2924 mundius
2515 2871 2620 2925 diei
2655 2873 2874 2942 potest?
2924 2874 3018 2928 sed
3057 2887 3243 2928 rursus
3289 2889 3389 2943 per
3425 2885 3635 2945 myste-

2044 2961 2184 3016 rium
2225 2963 2353 3030 quid
2391 2962 2877 3019 Davidssacrius?
2914 2963 3052 3032 Quid
3089 2965 3215 3019 Uria
3245 2964 3520 3020 inﬁdelius
3543 2967 3636 3020 in-

2046 3055 2300 3109 venitur?
2333 3055 2546 3124 quando
2587 3064 2643 3108 et
2673 3054 2760 3109 ille
2788 3070 2886 3126 per
2914 3056 3035 3110 vitae
3072 3055 3284 3124 culpam
3333 3055 3638 3125 prophetia:

1967 3139 2012 3201 C
2044 3145 2224 3216 signat
2249 3145 2610 3199 innocentiam
2631 3185 2646 3210 ,
2675 3153 2729 3199 et
2759 3145 2858 3200 iste
2891 3161 2988 3216 per
3018 3145 3140 3198 vitae
3169 3145 3535 3200 innocentiam
3572 3147 3636 3201 in

2041 3236 2319 3305 prophetia
2345 3237 2598 3305 exprimit
2635 3219 2924 3306 culpam?.
2957 3275 2971 3289 .
3003 3277 3016 3290 .
3053 3277 3065 3290 .
3098 3274 3112 3288 .
3164 3236 3348 3289 Virtus
3395 3252 3640 3307 namque

2041 3327 2181 3382 sacri
2209 3327 2407 3396 eloquii
2437 3329 2515 3383 sic
2546 3335 2819 3384 transacta
2858 3338 3078 3393 narrat,
3107 3336 3165 3381 ut
3193 3337 3420 3382 ventura
3447 3329 3637 3398 expri-

2041 3427 2192 3483 mat;
2223 3419 2300 3473 sic
2325 3419 2376 3472 in
2410 3417 2555 3473 facto
2582 3434 2696 3474 rem
2725 3418 3018 3490 approbat,
3049 3429 3106 3472 ut
3135 3419 3186 3472 in
3218 3419 3478 3488 mysterio
3521 3433 3633 3472 non

2040 3509 2417 3575 contradicat;
2449 3509 2528 3564 sic
2569 3517 2722 3579 gesta
2750 3508 2990 3573 damnat,
3021 3517 3082 3565 ut
3123 3509 3237 3563 haec
3277 3509 3505 3579 mystice
3538 3523 3638 3581 ge-

2040 3600 2207 3654 renda
2229 3601 2571 3670 persuadeat.

2116 3735 2133 3767 ι
2171 3717 2197 3756 ιι
2231 3717 2311 3771 Ad
2343 3717 2447 3772 hoc
2475 3717 2622 3772 enim
2655 3717 2707 3771 in
2752 3714 3032 3786 Scriptura
3077 3730 3232 3771 sacra
3270 3715 3510 3770 virorum
3543 3724 3634 3770 ta-

2042 3808 2194 3872 lium,
2219 3808 2269 3862 id
2295 3816 2380 3863 est
2406 3809 2594 3874 David,
2627 3818 2681 3864 et
2701 3808 2870 3874 Petri,
2899 3817 3122 3878 peccata
3149 3817 3276 3863 sunt
3305 3809 3540 3862 indicata
3579 3810 3631 3873 ί,

2038 3910 2099 3954 ut
2125 3900 2330 3955 cautela
2355 3901 2626 3956 minorum
2648 3902 2719 3955 sit
2744 3901 2899 3955 ruina
2928 3900 3227 3970 majorum:
3261 3900 3330 3954 ad
3360 3900 3466 3954 hoc
3496 3915 3633 3954 vero

2039 3992 2388 4060 utrorumque
2413 3991 2540 4056 illic,
2568 3999 2624 4044 et
2648 3990 2965 4060 paenitentia
2997 3990 3330 4052 insinuatur,
3358 4001 3416 4042 et
3444 3989 3626 4052 venia,

2038 4092 2095 4136 ut
2127 4099 2249 4152 spes
2280 4084 2619 4153 pereuntium
2651 4084 2723 4138 sit
2754 4082 3094 4152 recuperatio
3141 4081 3499 4152 perditorum.
3550 4080 3629 4134 De

2038 4183 2182 4228 statu
2211 4189 2340 4245 ergo
2371 4190 2488 4238 suo,
2522 4174 2690 4228 David
2732 4173 2983 4236 cadente,
3014 4187 3172 4226 nemo
3206 4171 3520 4240 superbiat:
3557 4169 3631 4224 de

2038 4261 2192 4332 lapsu
2216 4263 2378 4316 etiam
2399 4277 2518 4328 suo,
2536 4262 2703 4316 David
2724 4270 3001 4331 surgente,
3020 4275 3178 4315 nemo
3197 4261 3468 4329 desperet.
3487 4259 3630 4314 Ecce

2038 4367 2198 4420 quam
2248 4352 2570 4407 mirabiliter
2613 4350 2892 4421 Scriptura
2937 4349 3124 4406 eodem
3156 4351 3322 4405 verbo
3362 4350 3627 4420 superbos

2037 4443 2256 4513 premit,
2284 4459 2392 4512 quo
2417 4445 2582 4499 verbo
2611 4443 2840 4503 humiles
2861 4443 3022 4498 levat.
3050 4442 3224 4498 Unam
3254 4456 3487 4512 namque
3509 4456 3624 4494 rem

2040 4543 2244 4604 gestam
2272 4535 2472 4598 retulit,
2507 4543 2559 4589 et
2585 4534 2799 4590 diverso
2832 4535 2990 4589 modo
3019 4535 3278 4604 superbos
3305 4533 3527 4602 quidem
3553 4532 3626 4586 ad

2039 4626 2356 4680 humilitatis
2403 4626 2767 4692 formidinem,
2815 4627 3044 4681 humiles
3074 4641 3204 4680 vero
3251 4627 3317 4680 ad
3363 4625 3622 4680 ﬁduciam

2039 4721 2327 4776 revocavit.
2365 4722 2410 4776 0
2431 4722 2807 4778 inaestimabile
2850 4723 2974 4777 novi
3012 4722 3230 4793 generis
3254 4721 3623 4777 medicamen-

2037 4823 2149 4870 tum
2177 4817 2189 4868 !
2228 4816 2370 4886 quod
2398 4808 2523 4880 uno,
2557 4817 2861 4887 eodemque
2890 4818 3079 4873 ordine
3106 4817 3372 4886 positum,
3403 4825 3460 4873 et
3499 4833 3624 4888 pne-

2037 4909 2232 4964 mcndo
2269 4909 2529 4964 tumentia
2559 4910 2799 4965 exsiccat
2818 4950 2831 4974 ,
2861 4919 2917 4964 et
2943 4909 3269 4966 sublevando
3301 4909 3514 4964 arentia
3542 4909 3625 4963 in-

2041 4999 2235 5053 fundit.
2282 4998 2358 5054 De
2387 4998 2649 5067 majorum
2679 5016 2778 5055 nos
2805 4999 2954 5068 lapsu
2992 4999 3200 5064 terruit,
3233 4999 3331 5054 sed
3370 4999 3436 5056 de
3465 5014 3620 5068 repa-

2040 5091 2250 5145 ratione
2275 5091 2566 5145 roboravit.
2597 5089 2689 5145 Sic
2714 5091 2910 5160 quippe
2937 5105 3170 5160 semper,
3192 5089 3272 5144 sic
3299 5103 3401 5143 nos
3424 5088 3619 5143 divinae

2037 5179 2456 5250 dispensationis
2478 5179 2848 5235 misericordia
2867 5189 2924 5236 et
2943 5180 3316 5251 superbientes
3348 5180 3614 5249 reprimit,

2109 5376 2127 5415 ῐ
2156 5376 2300 5431 Edit.
2333 5377 2578 5430 retinens.

2105 5450 2130 5486 ⁸
2160 5446 2429 5501 Sanctius.

2102 5519 2130 5557 ιι
2154 5515 2546 5586 Subsequcntia
2574 5515 2815 5586 invenies
2837 5529 2985 5570 num.
3007 5513 3115 5582 '23,
3140 5511 3273 5568 alias
3300 5526 3420 5582 cap.
3443 5511 3506 5566 12
3532 5513 3606 5566 vel

2037 5588 2100 5642 l3
2129 5587 2249 5642 libri
2283 5584 2456 5640 xxii"
2488 5584 2788 5639 Moralium.

2113 5661 2123 5698 ί
2164 5657 2324 5720 Grcg.
2359 5655 2500 5725 vulg.
2535 5654 2722 5714 indita.
