3924 6170
254 298 352 357 ius;

896 302 1359 371 QUzESTIONES
1397 296 1545 357 XXX
1584 294 1807 357 SUPER
1845 290 2095 354 LIBROS
2132 298 2395 359 REGUM.
2436 320 2508 342 -ι-
2544 303 2749 359 LIBER
2793 301 2859 359 Il.

3398 308 3500 365 706

248 427 392 473 etne
415 418 481 471 ad
509 416 940 486 desperationem
961 432 1296 481 corruamus,
1328 416 1499 471 fulcit.
1516 428 1541 457 α
1565 415 1672 469 Sed
1697 416 1823 484 quia
1851 408 1902 468 Α
1928 409 2181 478 diximus,
2215 415 2416 472 electos
2447 432 2575 473 suos
2604 416 2864 474 Dominus
2905 434 3047 490 saepe
3094 421 3347 478 teutatori
3385 426 3513 503 sub;

246 507 493 576 exigente
517 519 704 569 causa,
720 503 904 578 David
930 505 997 559 ad
1021 505 1257 559 medium
1283 505 1544 569 deducto,
1587 503 1723 557 tanti
1752 501 1831 556 fa-

246 596 451 653 cinoris
479 594 796 650 memoriam
824 594 1049 650 fecimus
1068 635 1083 660 ,
1111 596 1331 651 lectoris
1359 594 1589 650 fortasse
1615 594 1830 649 animus

247 695 517 747 movetur,
545 696 647 739 cur
675 685 1018 755 omnipotens
1041 684 1185 740 Deus
1211 700 1307 740 eos
1324 726 1340 750 ,
1385 700 1521 753 quos
1558 685 1614 738 in
1639 698 1831 753 perpe-

247 787 397 832 tuum
423 776 621 848 elegit,
650 791 788 845 quos
814 777 882 831 ad
923 777 1188 832 donorum
1217 791 1431 847 quoque
1462 776 1828 847 spiritualium

245 870 455 926 culmen
503 868 763 933 assumit,
808 868 1005 924 illaesos
1045 885 1075 923 a
1122 868 1493 939 corporalibus
1529 869 1677 924 vitiis
1720 884 1829 923 non

245 957 521 1014 custodit?
558 958 712 1013 Unde
737 958 861 1027 quia
891 948 1142 1013 satisﬁeri
1186 959 1347 1013 citius
1371 958 1641 1013 credimus
1660 997 1675 1022 ,
1706 959 1830 1013 bre-

242 1052 382 1105 viter
412 1053 802 1119 respondemus
822 1090 837 1116 ,
862 1050 1105 1105 nonnulli
1130 1051 1275 1105 enim
1302 1065 1401 1119 per
1428 1058 1650 1119 accepta
1688 1051 1829 1105 dona

242 1142 539 1201 virtutum,
572 1154 671 1208 per
713 1139 1011 1210 impensam
1042 1140 1272 1210 gratiam
1312 1140 1576 1195 bonorum
1605 1155 1830 1210 operum

240 1230 293 1283 in
322 1228 594 1297 superbia:
626 1227 817 1283 vitium
859 1229 1093 1293 cadunt;
1138 1229 1232 1283 sed
1278 1238 1458 1284 tamen
1500 1230 1529 1269 ιι
1564 1231 1832 1299 quomodo

242 1320 576 1384 ceciderunt,
605 1333 715 1373 non
737 1330 1056 1389 agnoscunt.
1079 1319 1315 1375 Proinde
1338 1330 1527 1376 contra
1549 1337 1643 1377 eos
1659 1322 1833 1378 hostis

241 1413 520 1482 antiquus,
546 1413 639 1482 qui
661 1412 774 1483 jam
803 1412 1034 1467 interius
1054 1413 1384 1478 dominatur,
1408 1414 1646 1468 exterius
1667 1415 1832 1469 etiam
1852 1408 1857 1423 ’

243 1505 440 1559 saevire
469 1504 833 1574 permittitur,
877 1511 937 1557 ut
965 1503 1057 1573 qui
1094 1504 1147 1557 in
1176 1504 1504 1574 cogitatione
1529 1504 1653 1559 elati
1684 1513 1830 1568 sunt,

1926 504 2046 573 jicit
2074 522 2087 570 ;
2124 507 2267 562 sicut
2299 516 2421 576 post
2462 510 2700 578 paradisi
2736 510 2969 565 claustra
2991 551 3005 576 ,
3047 521 3170 582 post
3205 516 3351 570 tertii
3385 516 3513 572 caeli

1933 605 2172 661 secreta,
2205 611 2275 651 ne
2303 598 2689 654 revelationum
2731 601 3099 671 magnitudine
3139 602 3339 660 Paulus
3382 621 3512 676 apo-

1932 688 2103 743 stolus
2132 688 2313 743 extolli
2359 691 2641 758 potuisset,
2681 688 2779 761 (II
2815 687 2939 745 Cor.
2976 707 3086 758 xu,
3116 692 3180 764 7)
3211 694 3260 748 ei
3297 693 3514 752 Satanas

1931 778 2155 847 angelus
2182 781 2339 835 datus
2366 790 2484 835 est:
2531 780 2626 835 sed
2671 789 2732 834 ut
2759 781 2970 850 praefati
3002 798 3207 848 sumus,
3254 784 3372 854 ipsa
3413 785 3518 840 hac

1932 867 2230 921 tentatione
2265 867 2589 936 disponitur,
2617 875 2679 922 ut
2706 869 2799 938 qui
2838 869 2969 924 elati
3012 871 3194 941 perire
3230 882 3514 942 poterant,

1932 956 2197 1010 humiliati
2220 972 2250 1010 a
2275 957 2580 1026 perditione
2601 968 2907 1014 serventur.
2926 958 3149 1016 Secreto
3164 976 3295 1032 ergo
3309 963 3520 1034 dispen-

1933 1043 2162 1099 sationis
2205 1045 2413 1109 ordine,
2463 1046 2608 1100 unde
2648 1048 2840 1102 saevire
2883 1049 3221 1118 permittitur
3260 1052 3518 1122 iniquitas

1933 1136 2147 1199 diaboli,
2166 1137 2290 1191 inde
2310 1138 2398 1207 pie
2422 1137 2704 1206 perficitur
2722 1140 3025 1210 benignitas
3049 1141 3168 1206 Dei,
3184 1142 3311 1211 quia
3333 1144 3519 1198 adver-

1933 1226 2113 1281 sarius
2139 1236 2321 1281 noster
2357 1226 2483 1282 inde
2505 1227 2842 1299 obtemperat
2866 1231 3087 1285 nutibus
3122 1247 3368 1302 superna:
3395 1247 3518 1301 gra-

1933 1318 2039 1381 tiae,
2068 1319 2210 1373 unde
2239 1330 2492 1373 exerceat
2525 1320 2660 1374 iram
2691 1322 3036 1389 nequissima:
3063 1322 3354 1380 voluntatis
3383 1339 3515 1382 suae.

2007 1408 2159 1482 (Cap.
2189 1409 2275 1474 12,
2305 1427 2436 1464 vers.
2482 1411 2557 1481 1.)
2602 1411 2699 1466 His
2726 1413 2798 1466 ita
2828 1414 3030 1483 gestis,
3080 1415 3229 1469 misit
3257 1416 3519 1473 Dominus

1935 1498 2146 1553 Nathan
2172 1498 2239 1552 ad
2266 1499 2454 1553 David.
2484 1498 2714 1555 Veniens
2736 1499 2944 1555 Nathan
2964 1506 3247 1572 proposuit
3271 1505 3521 1562 similitu-

240 1609 340 1662 pcr
384 1593 565 1648 carnis
592 1591 863 1646 luxuriam
900 1600 1334 1662 prosternantur.
1387 1594 1603 1649 Scimus
1648 1603 1832 1648 autem
1935 1590 2113 1645 dinem
2148 1591 2215 1646 de
2258 1591 2428 1646 divite
2471 1599 2525 1645 et
2568 1605 2806 1663 paupere
2851 1610 2864 1646 :
2906 1591 3052 1647 Unus
3082 1594 3277 1647 habens
3303 1611 3438 1660 oves,
3468 1606 3520 1650 et

242 1684 370 1752 quia
400 1681 688 1753 aliquando
729 1681 908 1738 minus
937 1691 1020 1737 est
1059 1684 1112 1737 in
1155 1685 1399 1753 corporis
1426 1687 1830 1754 corruptionem
1862 1751 1897 1754 _
1938 1681 2118 1745 boves,
2164 1680 2300 1735 alter
2328 1680 2695 1739 tantummodo
2739 1696 2883 1735 ovem
2933 1694 3135 1735 unam:
3182 1682 3317 1736 hanc
3357 1699 3519 1737 unam

242 1751 459 1839 cadere,
492 1751 656 1843 quam
683 1774 1012 1844 cogitatione
1044 1775 1208 1830 tacita
1228 1751 1267 1839 ,ί
1288 1783 1343 1829 et
1380 1751 1675 1832 deliberata
1719 1777 1832 1832 ela-
1861 1751 1907 1808 Β
1936 1788 2079 1825 ovem
2102 1773 2347 1842 pauperis
2374 1771 2493 1825 tulit
2512 1772 2673 1825 dives.
2696 1772 2893 1826 Audito
2923 1772 3093 1826 David
3115 1772 3417 1842 indignatus
3443 1774 3519 1828 ait

243 1866 390 1920 tione
414 1880 642 1934 peccare
665 1881 678 1919 :
706 1865 801 1920 sed
829 1881 952 1921 cum
980 1866 1157 1921 minus
1182 1867 1353 1936 turpis
1374 1868 1624 1935 superbia
1655 1868 1832 1924 credi-
1933 1863 2184 1916 adversus
2209 1864 2473 1916 hominem
2499 1862 2649 1916 illum
2674 1877 2694 1916 :
2723 1861 2856 1917 Vivit
2885 1863 3145 1917 Dominus
3173 1864 3420 1934 quoniam
3448 1865 3517 1926 fi-

243 1963 349 2019 tur,
380 1956 562 2010 minus
584 1955 809 2011 vitatur.
839 1955 1133 2010 Luxuriam
1156 1968 1287 2011 vero
1306 1971 1371 2012 eo
1397 1957 1569 2027 magis
1597 1960 1829 2014 ernbes-
1931 1954 2033 2008 lius
2060 1954 2242 2008 mortis
2268 1964 2342 2008 est
2368 1954 2447 2008 τὶν
2479 1956 2567 2025 qui
2597 1955 2719 2025 feeit
2756 1955 2872 2009 hoc.
2918 1954 3065 2009 Dixit
3095 1964 3269 2009 autem
3299 1954 3519 2011 Nathan

241 2053 373 2098 cunt
399 2045 678 2111 homines,
725 2061 834 2115 quo
859 2045 1018 2101 simul
1052 2061 1243 2101 omnes
1284 2055 1494 2115 turpem
1540 2030 1825 2102 noverunt.
1931 2046 2000 2100 ad
2032 2046 2201 2101 David
2220 2064 2238 2100 :
2268 2056 2326 2100 tu
2356 2063 2407 2101 es
2432 2046 2522 2100 ille
2547 2048 2645 2101 vir.
2675 2047 2745 2101 Et
2772 2047 2907 2102 dixit
2939 2046 3113 2101 David
3146 2047 3216 2101 ad
3254 2046 3475 2103 Nat/tan
3496 2065 3515 2103 :

243 2134 398 2191 Unde
424 2133 485 2189 fit
505 2136 855 2205 plerumque,
896 2146 954 2190 ut
982 2137 1220 2192 nonnulli
1257 2146 1380 2206 post
1422 2139 1730 2208 superbiam
1775 2140 1827 2194 in
1929 2140 2137 2209 peccavi
2164 2138 2429 2192 Domino:
2464 2138 2699 2209 dixitque
2731 2135 2950 2193 Nathan
2978 2137 3048 2191 ad
3073 2136 3245 2191 David
3268 2154 3287 2192 :
3330 2137 3516 2191 Domi-

239 2226 514 2281 luxuriam
539 2236 878 2290 corruentes,
927 2242 991 2282 ex
1039 2235 1225 2297 aperto
1270 2244 1396 2283 casu
1435 2231 1633 2284 malum
1661 2232 1831 2301 culpae
1932 2246 2029 2282 nus
2072 2245 2274 2300 quoque
2298 2227 2568 2282 transtulit
2599 2236 2871 2299 peccatum
2899 2238 3071 2293 tuum,
3119 2244 3222 2282 non
3257 2228 3516 2283 morieris.

238 2314 463 2371 latentis
491 2319 848 2372 erubescant:
878 2325 933 2371 et
961 2327 1089 2372 tunc
1114 2319 1277 2372 etiam
1301 2317 1506 2386 majora
1528 2323 1826 2392 corrigunt,

238 2424 366 2463 cum
388 2408 649 2479 prostrati
678 2408 733 2461 in
752 2407 994 2462 minimis
1013 2409 1233 2478 gravius
1252 2407 1684 2463 confunduntur:
1710 2426 1833 2466 reos

236 2501 390 2553 cnim
422 2514 484 2553 se
510 2499 652 2552 inter
679 2498 889 2553 minora
917 2498 1278 2567 conspiciunt,
1307 2499 1399 2569 qui
1427 2514 1485 2554 se
1512 2499 1713 2556 liberos
1752 2502 1832 2556 in-

240 2600 333 2644 ter
361 2589 609 2659 graviora
636 2590 999 2644 crediderant.
1032 2590 1127 2644 Pia
1154 2605 1285 2660 ergo
1310 2591 1522 2646 Domini
1553 2592 1836 2663 dispensa-

239 2681 397 2736 tione
444 2681 652 2736 laxatus
698 2694 1084 2750 nonnunquam
1126 2691 1149 2720 ο
1186 2682 1453 2752 malignus
1498 2682 1718 2752 spiritus
1767 2682 1835 2737 de

236 2768 402 2838 culpa
428 2770 495 2824 ad
523 2769 734 2839 culpam
774 2771 964 2835 trahit,
1008 2778 1062 2825 et
1091 2771 1219 2825 dum
1262 2771 1385 2841 plus
1411 2772 1667 2840 percutit,
1710 2772 1835 2828 inde

237 2875 389 2924 cum,
419 2874 578 2929 quem
602 2870 845 2930 ceperat,
870 2861 1069 2916 amittit
1100 2854 1306 2932 {atque
1326 2861 1469 2917 unde
1494 2863 1694 2918 vicisse
1715 2877 1833 2917 cer-

239 2951 412 3014 nitur,
445 2950 568 3005 inde
591 2960 897 3020 superatur.
930 2952 1291 3007 Considerare
1315 2952 1450 3008 libet
1486 2954 1627 3008 intra
1656 2956 1835 3009 muni-

1937 2320 1993 2369 «h
2011 2318 2067 2373 Si
2090 2330 2372 2388 peccatum
2390 2319 2557 2372 David
2582 2326 2689 2373 tam
2715 2317 3034 2373 detestabile
3062 2318 3323 2374 Dominus
3345 2327 3522 2375 trans-

1932 2407 2075 2471 tulit,
2107 2408 2237 2476 quid
2265 2415 2349 2462 est
2382 2409 2524 2476 quod
2561 2407 2743 2461 omnia
2787 2422 2906 2475 qua:
2950 2407 3018 2462 de
3063 2407 3255 2462 eodem
3297 2416 3522 2476 peccato

1931 2510 2030 2564 per
2052 2496 2379 2566 Prophetam
2408 2498 2622 2552 Domini
2651 2498 2794 2551 dicta
2824 2506 2969 2561 sunt,
3007 2497 3352 2565 postmodum
3384 2498 3520 2553 tole-

1933 2586 2116 2639 ravit?
2145 2578 2238 2640 Sed
2264 2587 2451 2655 procul
2474 2587 2639 2641 dubio
2675 2588 2690 2626 ί
2725 2586 2988 2641 Dominus
3008 2586 3263 2641 delictum
3288 2587 3406 2640 sine
3434 2586 3518 2640 ul-

1933 2681 2080 2735 tione
2108 2696 2217 2735 non
2246 2680 2481 2736 deserit:
2521 2689 2618 2735 aut
2655 2679 2801 2735 enim
2841 2680 2959 2749 ipse
3007 2680 3114 2735 hoc
3154 2679 3317 2735 homo
3363 2679 3420 2734 in
3461 2695 3522 2735 se

1931 2773 2203 2840 paenitens
2222 2772 2400 2843 punit,
2423 2779 2516 2827 aut
2542 2772 2648 2827 hoc
2672 2773 2815 2828 Deus
2843 2787 2967 2827 cum
2990 2772 3209 2827 homine
3232 2771 3519 2829 vindicans

1930 2863 2188 2933 percutit.
2220 2862 2568 2933 Nequaquam
2599 2862 2767 2933 igitur
2809 2869 3034 2933 peccato
3075 2862 3353 2932 parcitur:
3389 2864 3519 2933 quia

1932 2954 2239 3010 nullatenus
2268 2956 2386 3010 sine
2431 2956 2669 3011 vindicta
2699 2955 2932 3010 laxatur.
2986 2954 3077 3010 Sic
3116 2954 3287 3010 David
3332 2957 3523 3011 audire

239 3050 358 3094 tum
388 3040 577 3111 gratiae
599 3042 799 3108 sinum,
828 3050 1032 3112 quanto
1052 3042 1196 3098 Deus
1232 3044 1619 3099 misericordiae
1645 3044 1831 3101 favore
1861 3101 1900 3116 Α
1931 3054 2056 3116 post
2097 3044 2493 3101 confessionem
2532 3046 2765 3100 meruit:
2805 3044 3064 3098 Dominus
3099 3043 3365 3098 transtulit
3402 3061 3523 3115 pec-

239 3146 343 3186 nos
368 3101 629 3188 domina.
658 3133 801 3188 Ecce
823 3101 915 3204 qui
945 3135 1011 3189 de
1036 3135 1240 3190 virtute
1284 3148 1345 3190 se
1365 3135 1594 3200 extollit,
1628 3152 1725 3207 per
1746 3137 1831 3191 vi-
1856 3101 1901 3165 Ο
1932 3101 2128 3203 catum,
2162 3145 2216 3192 et
2240 3146 2420 3192 tamen
2446 3135 2633 3191 multis
2659 3144 2781 3205 post
2809 3135 3141 3190 cruciatibus
3174 3101 3426 3200 afﬂictus,
3455 3150 3520 3192 ac

240 3223 380 3277 tium
412 3224 480 3278 ad
510 3224 870 3279 humilitatem
901 3225 1060 3281 redit.
1098 3225 1200 3294 Qui
1224 3241 1354 3282 vero
1383 3228 1621 3297 acceptis
1659 3228 1832 3282 virtu-
1933 3228 2147 3300 fugiens
2171 3237 2381 3283 reatum
2410 3228 2582 3298 culpae
2623 3242 2785 3296 quam
2813 3234 3239 3295 perpetraverat,
3266 3227 3518 3283 exsolvit.

238 3312 394 3367 tibus
413 3313 706 3380 extollitur,
738 3330 844 3368 non
871 3315 1070 3386 gladio,
1095 3317 1209 3383 sed,
1239 3325 1300 3370 ut
1325 3316 1398 3372 ita
1424 3317 1652 3372 diserim
1670 3359 1684 3380 ,
1719 3333 1835 3374 me-
1935 3316 2027 3374 Sie
2050 3332 2149 3373 nos
2175 3317 2369 3373 salutis
2391 3317 2533 3371 unda
2563 3330 2594 3370 a
2621 3315 2778 3385 culpa
2812 3315 2974 3386 primi
2996 3317 3240 3386 parentis
3264 3316 3518 3384 absolvit,

240 3402 557 3459 dicamento
585 3404 918 3459 vulneratur.
950 3405 1091 3472 Quid
1127 3406 1273 3462 enim
1301 3407 1506 3473 virtus,
1534 3407 1637 3462 nisi
1667 3407 1836 3465 medi-
1933 3409 2029 3465 sed
2057 3404 2237 3463 tamen
2268 3414 2482 3463 reatum
2510 3406 2752 3477 ejusdem
2780 3405 2953 3476 eulpae
2988 3406 3245 3463 diluentis
3285 3408 3520 3464 absoluti

239 3497 606 3551 camentum?
633 3496 702 3551 Et
742 3497 872 3566 quid
916 3505 1001 3565 est
1025 3498 1213 3554 vitium
1235 3539 1251 3566 ,
1292 3499 1397 3554 nisi
1433 3499 1660 3556 vulnus?
1697 3500 1833 3567 Quia
1934 3514 2149 3570 quoque
2169 3498 2345 3553 adhuc
2363 3496 2659 3552 carnaliter
2675 3495 2910 3562 abimus,
2934 3496 3061 3566 quia
3091 3497 3287 3552 delicta
3310 3505 3520 3561 nostra,

239 3601 378 3656 ergo
408 3601 509 3641 nos
548 3587 616 3642 de
643 3588 1039 3645 medicamento
1066 3589 1260 3645 vulnus
1295 3590 1544 3655 facimus,
1590 3591 1722 3646 facit
1747 3591 1835 3645 ille
1936 3591 2050 3646 sive
2094 3603 2194 3658 per
2237 3604 2371 3655 nos,
2418 3604 2515 3643 seu
2547 3603 2646 3658 per
2675 3587 3026 3655 semetipsum
3064 3596 3307 3651 resecat,
3355 3589 3522 3642 etiam

241 3678 309 3732 de
336 3676 569 3731 vulnere
607 3677 1101 3742 medicamentum;
1140 3686 1202 3733 ut
1239 3679 1330 3748 qui
1355 3679 1556 3734 virtute
1598 3680 1836 3749 percuti-

243 3783 401 3834 mur,
428 3768 561 3825 vitio
589 3782 861 3824 curemur.
901 3769 1014 3825 Nos
1042 3784 1277 3838 namque
1295 3770 1553 3823 virtutum
1583 3769 1723 3823 dona
1752 3784 1839 3824 re-

244 3869 572 3931 torquemus
594 3862 649 3916 in
673 3877 828 3918 usum
849 3862 1138 3921 vitiorum:
1163 3862 1255 3919 ille
1280 3863 1534 3917 vitiorum
1557 3862 1837 3918 illecebras

244 3950 484 4007 assumit
506 3951 558 4004 in
584 3960 756 4007 artem
778 3954 1059 4020 virtutum,
1080 3961 1135 4008 et
1154 3953 1343 4008 salutis
1365 3959 1561 4007 statum
1580 3952 1835 4022 percutit,

244 4051 306 4098 ut
335 4050 565 4098 servet:
598 4050 657 4097 ut
692 4042 785 4112 qui
837 4042 1197 4097 humilitatem
1246 4051 1528 4097 currentes
1568 4042 1835 4113 fugimus,

243 4132 459 4188 dsaluti
482 4132 737 4188 cadentes
765 4133 1085 4188 haereamus.
1112 4131 1217 4187 Sed
1247 4133 1388 4187 inter
1416 4134 1531 4188 haec
1559 4132 1836 4188 sciendum

242 4232 349 4290 est,
383 4223 531 4292 quod
550 4221 792 4293 plerique
817 4223 1119 4289 hominum,
1141 4237 1249 4292 quo
1272 4222 1324 4277 in
1350 4222 1536 4278 multis
1555 4230 1835 4290 corruunt,

246 4314 461 4368 arctius
496 4312 764 4383 ligantur:
804 4329 1037 4383 cumque
1078 4328 1172 4369 eos
1202 4324 1225 4352 ο
1258 4314 1516 4383 antiquus
1557 4314 1730 4369 hostis
1771 4328 1839 4368 ex

1936 3695 2061 3736 cum
2090 3679 2326 3734 relaxat.
2354 3678 2438 3733 Ab
2470 3677 2658 3732 electis
2694 3677 2841 3731 enim
2869 3676 2985 3730 suis
3025 3675 3370 3744 iniquitatium
3409 3692 3524 3732 ma-

1936 3768 2087 3822 culas
2113 3769 2292 3822 studet
2312 3764 2595 3836 temporali
2625 3764 2913 3820 alllictione
2938 3772 3170 3834 tergere,
3200 3779 3336 3835 quas
3362 3766 3415 3820 in
3442 3767 3524 3822 eis

1938 3862 1991 3915 in
2022 3867 2343 3928 perpetuum
2370 3873 2479 3912 non
2506 3856 2620 3911 vult
2647 3856 2932 3911 vindicari.

2011 3951 2026 4004 i
2067 3952 2222 4020 Quod
2242 3966 2375 4006 vero
2410 3950 2577 4016 dicit,
2618 3949 2724 4003 duo
2767 3948 3002 4004 homines
3039 3958 3189 4003 erant
3226 3949 3283 4003 in
3316 3949 3523 4006 civitate

1938 4062 2045 4101 una
2066 4063 2085 4099 :
2126 4043 2307 4110 Urias,
2337 4051 2394 4099 et
2431 4042 2600 4098 David
2627 4041 2981 4112 intelligitur,
3012 4051 3038 4080 κ
3075 4048 3134 4097 et
3161 4042 3378 4099 addisce
3404 4057 3527 4112 per-

1940 4150 2119 4192 sonas.
2142 4134 2461 4205 Pauperculi
2486 4149 2641 4190 ovem
2665 4133 2939 4189 mulierem
2963 4134 3123 4191 dicit:
3149 4135 3254 4191 hoc
3283 4143 3367 4192 est
3393 4151 3527 4191 uxo-

1940 4241 2055 4283 rem
2085 4225 2223 4295 ejus,
2269 4240 2390 4296 qua:
2426 4224 2730 4280 adulterata
2762 4232 2869 4292 est,
2904 4239 3024 4295 quae
3067 4225 3134 4282 de
3177 4241 3368 4282 mensa
3410 4224 3527 4294 ejus

1939 4319 2382 4383 vescebatur,xet
2422 4316 2489 4371 de
2529 4315 2698 4371 calice
2722 4314 2839 4385 ejus
2864 4317 3109 4387 potabat,
3134 4325 3189 4374 et
3232 4317 3285 4371 in
3321 4316 3527 4386 gremio

247 4420 354 4459 uno
384 4404 521 4458 vitio
538 4406 792 4487 percutit,
816 4414 877 4459 ut
901 4406 1207 4469 concidant,
1230 4422 1293 4462 ex
1320 4406 1423 4459 alio
1443 4420 1660 4475 quoque
1686 4405 1835 4477 ligat,
1863 4442 1918 4501 Β
1941 4409 2056 4481 ejus
2090 4408 2342 4465 cubabat.
2364 4406 2658 4463 Considera
2686 4420 2998 4476 pauperem,
3020 4406 3288 4460 incentiva
3309 4405 3528 4474 pietatis

247 4509 314 4549 ne
346 4502 598 4565 surgant.
641 4480 958 4550 Consideret
997 4497 1178 4564 itaque
1215 4496 1375 4551 homo
1399 4511 1521 4550 cum
1549 4511 1655 4565 quo
1693 4495 1711 4534 ί
1744 4498 1838 4552 ad-

248 4587 503 4642 versario
524 4586 722 4642 bellum
748 4596 918 4659 gerat,
945 4597 999 4642 et
1021 4589 1066 4643 si
1091 4588 1201 4657 jam
1228 4589 1362 4659 (jam
1391 4605 1445 4642 se
1475 4590 1529 4643 in
1556 4589 1751 4660 aliqua)
1783 4590 1837 4644 in

245 4688 304 4731 se
341 4674 553 4745 aliquid
579 4676 865 4746 deliquisse
895 4678 1213 4748 perpendit,
1254 4678 1433 4733 saltim
1482 4679 1580 4749 per
1625 4680 1838 4749 culpam

247 4774 313 4827 ad
341 4772 564 4842 culpam
592 4775 830 4842 pertrahi
850 4776 1230 4844 pertimescat:
1255 4774 1580 4829 ut'studiose
1600 4775 1841 4828 vitentur

246 4865 511 4928 vulnera,
561 4865 757 4935 quibus
788 4865 1100 4935 frequenter
1138 4864 1493 4928 interﬁcitur,
1531 4855 1659 4934 quia
1684 4863 1840 4919 valde

248 4969 439 5008 rarum
479 4961 593 5020 est,
638 4952 782 5023 quod
825 4954 998 5009 hostis
1035 4962 1224 5008 noster
1266 4952 1563 5007 electorum
1608 4950 1839 5005 salutem

249 5045 421 5099 etiam
449 5043 762 5101 vulneribus
800 5054 998 5100 servet.
1034 5046 1060 5085 ε
1088 5043 1426 5099 Erudiendos
1472 5042 1616 5097 enim
1637 5082 1652 5107 ,
1701 5042 1842 5097 sicut

324 5212 351 5241 ι
379 5198 649 5255 Nonnulla
674 5199 921 5269 Gregorii
944 5199 1148 5269 monita
1178 5197 1418 5269 praeterit
1441 5194 1717 5269 Claudius,
1745 5195 1839 5265 qui

252 5269 643 5341 subsequentia
666 5276 737 5326 ex
762 5266 1024 5341 Gregorio
1052 5266 1225 5341 {nuit}.
1254 5267 1348 5339 25]
1374 5266 1656 5323 exscribit.

328 5338 357 5378 δ
387 5340 556 5405 Edit.,
581 5356 684 5406 quo
712 5338 991 5395 ceciderint
1014 5356 1033 5395 :
1052 5338 1213 5395 lectio
1239 5338 1424 5395 nostra
1452 5344 1689 5406 praestat.

331 5418 354 5447 ε
390 5407 559 5474 Edit.,
581 5407 849 5464 Bchemot.

327 5477 355 5515 ά
391 5477 534 5533 Edit.
553 5480 642 5543 ,ei.

334 5558 361 5586 ε
394 5546 658 5604 Behemot.

338 5614 630 5691 {Hoste-4
999 5680 1055 5691 _.
1165 5687 1176 5691 _
1320 5639 1333 5651 ‘

333 5688 360 5728 ⁶
394 5683 519 5744 ﬂzec
545 5689 716 5746 habes
738 5705 964 5747 numero
990 5682 1078 5755 ‘28,
1110 5687 1243 5744 alias
1263 5701 1381 5757 cap.
1414 5686 1499 5752 M,
1525 5684 1645 5758 [seu
1670 5682 1781 5755 l3].

1942 4505 2183 4560 habere:
2226 4501 2283 4557 in
2318 4500 2574 4555 divitibus
2602 4507 2784 4553 autem
2816 4496 3090 4550 fulcimina
3122 4496 3310 4560 multa,
3338 4511 3531 4564 super-

1941 4597 2088 4652 biam
2115 4613 2129 4649 :
2161 4595 2303 4666 apud
2346 4582 2611 4664 pauperes
2638 4602 2808 4652 uxor,
2846 4593 2904 4641 et
2929 4584 3155 4649 ancilla,
3186 4592 3241 4639 et
3278 4584 3527 4638 ministra

1942 4694 2026 4743 est
2050 4705 2062 4741 :
2103 4693 2160 4741 et
2184 4689 2437 4756 procreat
2462 4680 2621 4745 filios,
2652 4687 2708 4733 et
2734 4678 2854 4747 ipsa
2888 4684 3085 4741 mater,
3110 4680 3167 4729 et
3192 4671 3376 4727 nutrix
3404 4681 3525 4726 est:

1942 4777 2086 4849 apud
2111 4775 2308 4831 divites
2348 4780 2528 4828 autem
2555 4786 2665 4826 non
2694 4777 2778 4825 est
2820 4768 2917 4824 ita.
2970 4764 3075 4822 Sed
3105 4781 3229 4821 cum
3254 4764 3532 4835 generavit

1944 4870 2137 4933 tilium,
2163 4868 2344 4925 statim
2370 4880 2494 4922 eum
2532 4863 2701 4919 tradit
2741 4860 2917 4917 foris:
2954 4867 3010 4915 et
3039 4856 3256 4929 pietatis
3299 4854 3530 4925 insignia

1946 4958 2177 5015 abscidit
2217 4956 2487 5027 superbia.
2538 4951 2826 5010 Erubescit
2858 4950 2978 5006 fieri
3006 4948 3210 5012 nutrix,
3239 4959 3359 5016 qua:
3390 4942 3531 4997 facta

1945 5061 2031 5110 est
2053 5059 2247 5106 mater.
2279 5046 2561 5116 Quomodo
2596 5059 2725 5118 ergo
2760 5046 2817 5100 iu
2855 5042 3061 5117 gremio
3101 5038 3219 5110 ejus
3257 5036 3532 5094 cubabat?

2019 5210 2044 5249 h
2071 5207 2198 5263 Haec
2222 5207 2277 5262 in
2308 5205 2534 5260 Rabano
2559 5202 2832 5275 perquire.
2949 5268 2981 5275 η
3246 5261 3297 5275 __
3397 5261 3431 5275 η

2025 5281 2043 5320 ί
2074 5261 2206 5345 Quae
2227 5261 2628 5345 subsequuntur
2651 5261 2984 5345 e’xEregorii
3007 5266 3144 5322 libro
3168 5280 3230 5345 ηε
3246 5261 3527 5345 hioralium

1969 5333 2129 5430 num:
2149 5346 2242 5413 54,
2269 5361 2389 5408 cap.
2410 5333 2509 5409 ‘54,
2535 5342 2666 5398 olim
2685 5342 2778 5413 27]
2805 5333 3145 5408 efscripsere
3190 5333 3446 5389 Rabanus
3476 5342 3530 5387 et

1985 5418 2538 5566 liugh‘g:sequuntur,
2571 5482 2822 5562 videntur
2859 5493 2923 5566 ex
2954 5472 3265 5558 _Augustino
3305 5470 3526 5527 desum-

1943 5568 2055 5629 pta,
2088 5557 2181 5611 sed
2202 5555 2379 5610 locum
2412 5555 2656 5606 invenire
2692 5564 2797 5604 non
2821 5555 2994 5630 potui.

2018 5628 2045 5666 ιι
2073 5625 2249 5682 Locus
2284 5624 2385 5679 iste
2414 5623 2469 5678 in
2491 5620 2707 5690 vulgato
2733 5618 2999 5673 Eucherio
3026 5620 3316 5685 corruptus
3343 5618 3446 5670 est.
