3924 6170
386 268 497 333 ἾυῚ

1449 254 1728 324 ‘CLA'unu
1768 252 2231 321 TAURINENS‘IS
2267 254 2573 322 EPISCO’PI

3540 259 3665 324 708

395 394 560 449 Auxit
582 378 894 461 parabolam
923 385 1232 442 narratione
1267 382 1502 452 pictatis.
1536 380 1696 436 Venit
1722 393 1852 450 ergo
1876 392 1971 449 pe-
1997 380 2048 440 Α
2073 378 2333 434 strationc
2371 380 2775 451 compungitur,
2809 390 2996 438 sancto
3024 373 3292 440 desiderio
3333 384 3399 440 de
3430 382 3566 441 imis
3600 380 3675 443 ad

392 484 646 554 regrinus
672 482 832 535 homo
861 476 929 531 ad
958 489 1137 545 regem
1165 474 1336 529 illum.
1373 473 1506 540 Quis
1549 473 1727 541 itaque
1762 480 1847 526 est
1874 486 1968 540 pe-

396 576 642 645 regrinus
659 572 684 624 ?
713 568 1146 637 concupiscentia
1170 566 1440 621 videlicet.
1466 565 1540 621 Ut
1564 580 1694 634 ergo
1720 564 1861 618 illius
1885 577 1973 618 os-

395 664 637 720 tenderet
681 658 987 715 castitatem
1003 691 1027 724 -,
1080 656 1425 729 peregrinam
1474 654 1970 724 concupiscentiam

392 749 705 808 nominavit.
722 749 1010 820 Nunquam
1034 748 1178 803 enim
1200 746 1404 802 alienas
1425 747 1637 817 nuptias
1656 744 1965 814 dissipavit:

390 856 565 914 neque
590 841 791 911 iniquis
815 840 1099 908 conspexit
1121 838 1311 902 oculis,
1341 840 1437 893 sed
1474 850 1765 907 percussus
1795 835 1850 889 in
1878 833 1970 888 illa

390 933 614 989 muliere
639 930 873 1002 perdidit
918 930 1262 984 castitatem:
1302 927 1428 997 quia
1470 920 1747 996 paululum
1778 923 1969 979 remis-

390 1025 584 1080 siorem
614 1038 673 1078 se
695 1020 999 1077 reddiderat
1035 1017 1324 1074 securitate
1349 1016 1516 1086 pacis.
1548 1013 1709 1070 Venit
1731 1013 1969 1083 peregri-

388 1131 522 1179 nus;
554 1114 737 1183 iniqua
760 1151 775 1177 ,
821 1119 877 1165 et
919 1109 1150 1180 agrestis
1185 1104 1659 1177 concupiscentia:
1700 1104 1770 1159 ad
1816 1101 1966 1157 illum

387 1207 607 1262 divitem
636 1204 803 1259 venit.
834 1202 928 1258 Ille
973 1216 1079 1255 non
1108 1192 1320 1268 accepit
1347 1196 1413 1253 de
1438 1195 1713 1267 gregibus,
1742 1201 1836 1248 aut
1871 1207 1964 1246 ard-

386 1298 581 1354 mentis
618 1296 751 1359 suis,
781 1303 841 1349 ut
869 1290 1155 1363 peregrino
1199 1294 1416 1359 pararet
1442 1285 1660 1356 epulas,
1689 1285 1784 1340 sed
1818 1284 1969 1340 misit

384 1396 438 1443 et
457 1388 639 1457 rapuit
668 1398 823 1440 ovem
851 1384 1126 1453 pauperis,
1154 1394 1274 1449 qua:
1302 1378 1357 1433 in
1385 1377 1507 1433 sinu
1531 1376 1648 1445 ejus
1664 1376 1960 1439 cubitabat,

383 1487 438 1533 et
477 1479 544 1532 de
592 1489 783 1530 mensa
820 1473 1032 1529 edebat.
1077 1469 1210 1526 Cum
1239 1469 1358 1523 haec
1397 1467 1562 1538 igitur
1601 1466 1837 1521 audisset
1868 1480 1975 1521 rex.

383 1568 569 1633 David,
598 1566 770 1620 iratus
803 1571 888 1619 est
919 1560 1073 1615 valde
1101 1560 1361 1615 adversus
1400 1557 1672 1611 hominem
1703 1554 1882 1619 illum,
1908 1561 1967 1609 et

380 1660 517 1714 dixit
542 1656 615 1711 ad
636 1655 879 1709 Nathan:
921 1651 1055 1705 Vivit
1081 1649 1360 1714 Dominus,
1384 1648 1635 1719 quoniam
1658 1647 1801 1715 ﬁlius
1826 1662 1964 1702 mor.

380 1751 447 1803 tis
484 1757 559 1802 est
587 1747 667 1799 vir
687 1744 778 1799 ille
809 1743 899 1814 qui
929 1741 1049 1812 fecit
1084 1741 1202 1794 hoc.
1242 1739 1401 1793 Ovem
1437 1737 1615 1793 reddet
1647 1736 1701 1791 in
1724 1736 1962 1807 quadru-
1989 1719 2038 1778 Β

379 1839 547 1910 plum,
574 1848 622 1892 et
646 1839 758 1907 ipse
783 1833 962 1906 gladio
988 1833 1251 1903 punietur.
1291 1830 1337 1886 0
1351 1828 1541 1899 iudicii
1576 1826 1959 1897 supercilium-

380 1940 488 2001 tem
508 1928 814 2000 justitiam!
853 1939 961 1980 non
990 1931 1111 1979 erat
1150 1921 1355 1977 amoris
1397 1920 1552 1985 fibra,
1584 1926 1644 1974 ut
1664 1916 1811 1987 juste
1848 1931 1957 1973 non

377 2021 600 2075 diceret.
630 2015 792 2071 Jubet
819 2014 1039 2083 quidem
1069 2012 1123 2065 in
1153 2008 1512 2081 quadruplum
1557 2007 1852 2062 secundum
1886 2005 1962 2059 le-

376 2124 496 2181 gem
522 2128 535 2161 :
577 2107 661 2162 lex
691 2107 835 2162 enim
857 2103 1102 2175 praecipit
1130 2101 1400 2157 furantem
1429 2098 1710 2170 quadrupli
1741 2098 1961 2153 restitu-

378 2203 525 2255 tione
560 2197 782 2253 vinciri:
812 2195 1013 2268 (Exod.
1059 2210 1196 2257 nn,
1236 2194 1290 2263 l)
1323 2192 1427 2248 iste
1454 2200 1659 2258 autem,
1696 2199 1752 2248 et
1784 2190 1959 2262 legem

375 2302 460 2350 est
481 2299 929 2365 praetergressus;
947 2289 1102 2357 jubet
1124 2287 1388 2358 siquidem
1415 2294 1470 2341 et
1494 2287 1668 2355 ipsum
1694 2283 1959 2349 interimi,

374 2395 431 2442 et
458 2384 817 2456 quadruplum
846 2382 1139 2438 obnoxium
1178 2379 1425 2435 detineri.
1462 2378 1739 2449 Prompsit
1778 2377 1961 2446 itaque

374 2478 721 2543 sententiam,
746 2472 1082 2543 etjudicium
1109 2483 1135 2511 ι
1167 2470 1524 2526 eliminatum.
1563 2467 1701 2523 Cum
1728 2468 1831 2523 hoc
1860 2478 1957 2522 au-

373 2570 539 2625 disset
562 2567 830 2637 Propheta
851 2602 866 2631 ,
897 2563 1139 2633 iactabat
1165 2576 1381 2618 omnem
1410 2561 1659 2616 umbram
1685 2559 1959 2630 imaginis,

372 2668 429 2714 et
465 2660 518 2713 in
558 2657 795 2713 medium
822 2654 1031 2725 profert
1051 2653 1313 2725 gladium,
1334 2662 1538 2707 etcum
1568 2650 1764 2707 fiducia
1793 2649 1953 2705 dicit:

375 2751 449 2805 Tu
477 2748 698 2813 es,Re:c,
711 2748 802 2820 qui
834 2748 932 2801 hoc
960 2763 1090 2818 opus
1117 2745 1307 2815 fecisti.
1337 2743 1381 2799 Ο
1406 2758 1617 2809 secure,
1648 2758 1761 2798 nou
1781 2741 1959 2812 gladio

374 2856 566 2897 secans
594 2854 813 2895 sensum
843 2838 1067 2902 doloris,
1097 2836 1193 2891 sed
1220 2836 1273 2889 in
1304 2834 1624 2903 compendio
1650 2832 1955 2887 accusatio-

2074 486 2282 525 summa
2307 473 2485 538 evehi,
2512 488 2759 542 superna
2792 475 3261 546 contemplationis
3297 491 3471 546 penna
3502 477 3678 534 festi-

2070 570 2196 629 nat,
2237 564 2353 619 haec
2378 564 2525 619 beati
2572 565 2715 637 regis
2759 566 2961 633 David,
2993 577 3048 622 et
3084 567 3312 623 aliorum
3338 578 3677 625 sanctorum

2068 657 2486 724 prmoedentium
2508 656 2730 712 Patrum
2754 666 2931 730 gesta,
2957 660 3049 716 ubi
3078 660 3283 731 aliquid
3308 651 3509 731 injuste
3540 677 3680 732 per-

2068 745 2213 814 pessi
2239 753 2384 813 sunt,
2409 754 2537 802 ante
2560 748 2759 803 mentis
2780 750 2967 806 oculos
2992 757 3183 819 ponat,
3214 758 3377 821 atque
3402 752 3460 806 in
3487 753 3592 808 eis
3619 768 3681 807 se

2070 834 2370 893 imitatione
2391 840 2692 895 exercendo
2727 833 3006 911 proficiat,
3052 844 3108 896 et
3136 841 3281 909 quod
3312 842 3365 896 in
3392 844 3678 913 praesenti

2067 927 2253 984 titillat
2278 942 2347 985 ex
2377 929 2531 996 vitio,
2558 931 2644 986 vel
2664 913 3065 1001 praeteritorum
3092 931 3356 987 malorum
3385 934 3676 988 memoria

2070 1019 2361 1089 neprimat,
2393 1021 2481 1076 vel
2509 1023 2774 1078 donorum
2817 1022 3240 1093 praecedentium
3279 1025 3677 1081 consolatione

2068 1108 2377 1180 restringat,
2405 1110 2491 1165 vel
2532 1112 2695 1168 etiam
2722 1113 3048 1179 imitatione,
3079 1121 3139 1167 ut
3163 1114 3363 1170 dictum
3391 1115 3671 1179 esu/Pa-

2066 1204 2211 1253 trum
2238 1200 2658 1269 praecedentium
2680 1208 3008 1271 provocetur
3029 1204 3101 1258 ad
3128 1204 3340 1260 melius.
3367 1205 3529 1273 Quod
3565 1222 3673 1262 nea

2066 1301 2221 1343 cesse
2257 1298 2343 1345 est
2368 1296 2429 1343 ut
2448 1326 2464 1356 ,
2494 1291 2636 1346 sicut
2662 1294 3040 1363 proposuimus
3065 1295 3324 1364 exemplis
3348 1296 3671 1354 evidentio-

2065 1375 2238 1443 ribus,
2273 1380 2653 1448 approbemus.
2685 1393 2708 1421 ο
2740 1381 2812 1438 Ut
2853 1382 2999 1438 enim
3031 1398 3200 1439 unum
3229 1385 3297 1440 de
3338 1386 3532 1443 multis
3580 1389 3669 1443 lo-

2065 1481 2222 1536 quar,
2254 1478 2521 1538 quatenus
2542 1471 2813 1528 studiosus
2842 1471 3012 1528 lector
3034 1473 3205 1529 multa
3234 1475 3290 1529 in
3312 1480 3422 1531 uno
3449 1476 3669 1534 intelli-

2063 1565 2200 1627 gat:
2251 1559 2498 1629 quisquis
2542 1560 2828 1617 verborum
2868 1565 3215 1620 contumeliis
3256 1581 3477 1635 pressus
3523 1584 3664 1626 cum

2066 1648 2320 1703 virtutem
2340 1650 2617 1718 patientiae
2637 1666 2854 1708 servare
2875 1668 2982 1709 non
3008 1653 3225 1720 sulﬂcit,
3247 1656 3417 1711 David
3438 1657 3662 1715 factum

2065 1741 2132 1795 ad
2163 1755 2483 1796 memoriam
2511 1743 2770 1798 reducat:
2815 1744 2941 1814 quia
2986 1760 3111 1801 cum
3156 1745 3335 1804 Semei
3380 1752 3663 1809 conviciis

2059 1842 2375 1903 urgeretur,
2412 1842 2470 1889 et
2513 1836 2711 1890 armati
2735 1846 2990 1906 proceres
3009 1837 3197 1894 ulcisci
3232 1843 3655 1908 contenderent,

2058 1922 2176 1976 ait:
2211 1923 2362 1993 (vers.
2396 1924 2483 1997 l0)
2542 1925 2684 1992 Quid
2724 1926 2853 1981 mihi
2888 1938 2936 1982 et
2965 1928 3106 1982 mbis
3134 1939 3246 1996 est,
3270 1931 3370 2000 ﬁlii
3395 1931 3608 1990 Sacris:
3628 1937 3661 1991 .’

2061 2013 2319 2070 Dimittite
2340 2033 2479 2083 eain,
2510 2028 2567 2071 ut
2590 2018 2907 2075 maledica:
2932 2019 3187 2076 Dominus
3224 2024 3364 2078 enim
3397 2030 3653 2098 prerupit

2058 2106 2126 2170 ei,
2157 2116 2215 2160 ut
2250 2107 2581 2164 malediceret
2610 2110 2800 2166 David.
2842 2111 2915 2166 Et
2953 2115 3071 2184 quis
3098 2124 3175 2169 est
3201 2116 3292 2187 qui
3335 2118 3532 2173 adeat
3556 2121 3649 2173 di.

2060 2215 2197 2265 cere,
2225 2216 2386 2271 quare
2407 2202 2481 2254 sic
2512 2202 2635 2271 fecit
2659 2204 2685 2256 .9
2706 2204 2775 2258 Et
2803 2205 2965 2274 paulo
2991 2214 3115 2275 post
3140 2223 3154 2259 :
3186 2206 3402 2263 Dimitte
3421 2222 3565 2275 eum,
3588 2222 3650 2266 ut

2059 2288 2510 2360 maledicatjua'ta
2534 2304 2849 2363 pra'eeptum
2871 2293 3085 2350 Domini
3109 2310 3130 2349 :
3168 2298 3217 2351 si
3240 2298 3375 2367 forte
3397 2300 3651 2370 respiciat

2060 2378 2316 2435 Dominus
2355 2381 2686 2451 aﬂlictionem
2729 2399 2902 2438 nteant
2924 2398 2944 2436 :
2981 2394 3033 2439 et
3070 2386 3257 2441 reddat
3290 2389 3421 2442 mihi
3447 2388 3646 2443 bonum

2057 2483 2152 2536 pro
2168 2467 2536 2528 maledictione
2553 2470 2653 2525 hac
2672 2471 2947 2528 hodierna.
2972 2471 3182 2541 Quibus
3200 2475 3442 2546 profecto
3459 2478 3648 2534 verbis

2059 2559 2281 2626 indicat,
2302 2560 2426 2630 quia
2452 2569 2761 2632 perpetrato
2784 2563 3054 2621 Bersabee
3077 2566 3301 2632 scelere,
3330 2582 3635 2639 exsurgen-

2059 2657 2167 2705 tem
2207 2659 2397 2705 contra
2439 2666 2497 2707 se
2536 2651 2706 2707 filium
2736 2651 2981 2722 fugiens,
3007 2655 3222 2712 reduxit
3261 2657 3333 2713 ad
3372 2658 3640 2722 animum,

2057 2741 2282 2807 malum,
2308 2742 2451 2812 quod
2472 2744 2824 2812 perpetravit,
2839 2751 2895 2800 et
2913 2746 3301 2803 contumeliosa
3320 2748 3504 2812 verba,
3528 2763 3639 2804 non

2059 2840 2168 2889 tam
2204 2834 2476 2899 convicia,
2524 2848 2689 2903 quam
2729 2833 2998 2905 adjutoria
3035 2837 3299 2905 credidit,
3338 2840 3536 2910 quibus
3577 2853 3641 2896 se

375 2931 480 2984 nis.
504 2928 641 2985 Cum
666 2929 770 2984 hoc
793 2928 1055 2999 oportuit,
1082 2924 1373 2980 occultavit
1398 2922 1764 2978 narrationem
1788 2938 1802 2975 :
1832 2933 1957 2976 cum
2055 2928 2299 2999 purgari,
2331 2926 2543 2998 sibique
2568 2928 2816 2985 misereri
2840 2943 3000 2999 posse
3012 2927 3297 2999 judicavit.
3320 2932 3469 2989 Tunc
3490 2933 3635 2987 enim

376 3034 505 3075 vero
548 3028 760 3089 tempus
802 3018 1037 3082 invenit,
1083 3015 1277 3070 statim
1313 3013 1581 3085 percussit
1629 3020 1685 3068 et
1726 3011 1955 3093 abscidit
1978 3062 2026 3093 η
2058 3017 2209 3073 illata
2237 3017 2483 3074 convicia
2509 3018 2648 3074 bene
2677 3018 2995 3086 toleramus,
3018 3034 3143 3076 cum
3167 3020 3225 3076 in
3253 3031 3468 3078 secreto
3486 3037 3638 3077 men-

772 3062 942 3179 plaga:
966 3062 1216 3169 vulnere,
1249 3062 1346 3159 sed
1371 3104 1472 3158 hoc
1508 3103 1846 3159 solummodo
1872 3088 1955 3158 di-
1978 3062 2028 3128 α
2057 3109 2126 3163 tis
2149 3062 2218 3163 ad
2240 3062 2739 3179 vmalavp‘er'pvelrata
3161 3062 3635 3181 ῐθέξέιιῖνρρέῖίια

372 3212 540 3251 cens:
580 3206 639 3251 tu
680 3212 753 3266 es,
768 3196 909 3250 Rex:
946 3203 1002 3249 at
1046 3195 1134 3249 ille
1178 3193 1439 3249 velociter
1467 3192 1536 3248 ad
1564 3192 1955 3250 conscientiam
2056 3199 2292 3265 ἀρδίων,
2321 3198 2466 3269 quod
2511 3197 2707 3267 injuria
2733 3200 3106 3269 percutimur,
3156 3200 3286 3256 dum
3327 3201 3385 3257 in
3423 3202 3635 3258 actione

374 3287 606 3351 rediens,
640 3294 899 3355 tanquam
935 3285 1108 3341 ﬁdelis
1132 3293 1188 3341 et
1212 3286 1437 3340 idoneus
1475 3299 1697 3349 servus,
1741 3284 1952 3355 culpam
2055 3297 2239 3343 nostra
2263 3287 2645 3357 conspicimus,
2676 3289 2801 3358 quia
2829 3287 2985 3359 pejus
3002 3297 3102 3353 est,
3144 3290 3289 3359 quod
3314 3305 3587 3347 meremur
3610 3310 3627 3345 :

344 3377 693 3474 ~simpliciter
715 3376 1036 3437 confitetur,
1065 3384 1120 3431 et
1153 3376 1319 3431 dicit:
1356 3374 1572 3429 Peccavi
1616 3374 1871 3439 Domino,
1900 3383 1958 3430 et
2056 3377 2241 3449 sicque
2264 3379 2343 3444 iit,
2371 3388 2433 3436 ut
2456 3379 2797 3435 contumeliis
2816 3380 2991 3451 gratia
3018 3381 3191 3453 magis
3225 3395 3392 3452 quam
3423 3383 3506 3437 ira
3540 3384 3632 3439 de-

373 3470 642 3539 Propheta
686 3467 1001 3540 respondit:
1053 3466 1312 3521 Dominus
1370 3466 1639 3521 transtulit
1685 3476 1954 3537 peccatum

371 3573 540 3616 tuum.
590 3560 759 3616 Velox
807 3558 1115 3619 confessio:
1167 3556 1406 3613 velocior
1454 3556 1760 3615 medicina:
1813 3557 1957 3615 facto

370 3654 644 3724 peccavit:
676 3654 846 3709 verbo
870 3652 1157 3724 pmnituit:
1192 3652 1384 3706 annuit
1408 3652 1582 3708 Deus:
1607 3661 1664 3708 et
1684 3652 1955 3723 correptio

372 3745 515 3800 facta
540 3753 662 3810 est;
699 3743 898 3801 vulnus
947 3742 1161 3813 aperuit
1185 3749 1242 3798 et
1270 3741 1477 3800 sanitas
1514 3741 1690 3809 redit;
1724 3742 1819 3797 sed
1846 3756 1954 3796 non

370 3839 471 3894 fuit
494 3840 580 3895 his
601 3839 869 3910 PrOpheta
899 3846 1207 3903 contentus,
1236 3852 1361 3892 nam
1385 3844 1508 3907 post
1532 3836 1953 3906 correptione“,

372 3939 493 4001 post
515 3930 911 4001 paenitentiam,
957 3937 1082 3998 post
1115 3927 1578 3993 emendationem,
1606 3934 1729 3997 post
1757 3941 1950 3995 pecea-

371 4033 550 4077 torum
578 4020 993 4084 absolutionem,
1022 4019 1287 4089 psalmum
1310 4019 1380 4073 ub
1411 4018 1553 4073 hanc
1577 4032 1795 4075 causam
1824 4031 1954 4072 con-

370 4111 613 4181 scripsit,
644 4111 719 4164 ita
741 4118 801 4163 ut
830 4108 994 4164 etiam
1026 4117 1255 4178 postera:
1295 4108 1659 4178 generationis
1690 4107 1781 4162 fiat
1809 4107 1952 4163 illius

369 4201 572 4271 passio,
602 4199 901 4261 medicina;
941 4205 1003 4251 ut
1025 4197 1168 4251 illius
1205 4197 1540 4268 naufragium
1563 4198 1634 4251 sit
1665 4197 1786 4252 aliis
1820 4212 1949 4266 por-

372 4300 496 4344 tus:
531 4296 589 4343 et
627 4288 824 4358 quibus
865 4287 958 4342 ille
1004 4287 1353 4353 vulneratus,
1398 4286 1739 4352 emendavit,
1771 4287 1862 4342 alii
1890 4287 1947 4343 in

2053 3469 2269 3535 bentur,
2296 3483 2523 3538 quarum
2548 3468 2854 3525 interventu
2881 3469 3208 3539 Deojudice,
3229 3480 3392 3543 paena
3418 3474 3631 3542 gravior

2052 3558 2309 3615 declinari
2330 3575 2488 3629 posse
2510 3559 2815 3615 conliditur.
3430 3554 3441 3563 “

2124 3649 2153 3689 d
2192 3667 2210 3700 ι
2242 3649 2377 3707 illud
2406 3664 2537 3706 vero
2563 3649 2692 3719 quid
2716 3649 3003 3721 significet,
3028 3652 3172 3722 quod
3196 3652 3473 3722 parricida
3494 3652 3629 3708 illius

2051 3741 2288 3797 Absalon
2332 3750 2539 3811 patrem
2569 3742 2887 3811 insequens,
2934 3742 3111 3812 primo
3138 3751 3295 3813 pater
3322 3743 3445 3816 ejus
3470 3745 3628 3800 decli-

2054 3848 2190 3888 nans
2219 3832 2356 3903 fugit
2394 3839 2519 3888 ante
2546 3831 2738 3887 faciem
2766 3831 2883 3901 ejus
2906 3848 3131 3890 securus
3157 3835 3224 3889 de
3246 3834 3512 3901 victoria,
3540 3836 3623 3905 qui

2053 3921 2351 3991 aspiciebat
2381 3920 2667 3990 imperium
2698 3921 2878 3992 perire
2904 3940 2917 3975 :
2956 3937 3119 3992 quem
3145 3922 3311 3978 etiam
3341 3921 3491 3979 llevit
3518 3940 3626 3979 ma-

2051 4025 2156 4083 gno
2184 4010 2351 4076 luctu,
2383 4018 2441 4066 et
2464 4010 2762 4081 deploravit
2791 4012 2995 4067 exitum
3025 4013 3332 4082 parricidae.
3361 4012 3625 4071 Scribitur

2050 4100 2195 4157 enim
2239 4100 2441 4171 fugisse
2476 4100 2647 4156 David
2685 4116 2716 4155 a
2762 4100 2901 4157 facie
2944 4102 3195 4157 bellantis
3236 4104 3526 4160 adversum
3571 4119 3625 4159 se

2050 4190 2221 4262 (Edit.
2253 4190 2381 4261 sibi)
2409 4191 2526 4245 lilii.
2558 4191 2625 4246 Et
2653 4192 2911 4262 quoniam
2928 4193 3191 4263 scriptum
3218 4199 3307 4249 est
3337 4193 3406 4250 de
3435 4194 3623 4264 populo

2049 4279 2381 4338 Jerusalem:
2413 4280 2550 4354 (Isa.
2575 4298 2617 4348 ι,
2642 4282 2699 4354 2)
2722 4280 2890 4337 Filios
2915 4284 3130 4348 nutriri,
3155 4292 3205 4337 et
3224 4284 3507 4347 multari,
3530 4285 3624 4356 ipsi

372 4379 565 4435 iisdem
612 4377 947 4443 incidentes;
1004 4376 1118 4447 ipsa
1165 4377 1374 4447 possint
1417 4378 1494 4432 uti
1541 4377 1805 4433 medicina
1829 4417 1843 4441 ,
1888 4384 1945 4432 et
1969 4404 2024 4465 Β
2052 4381 2499 4443 verosprenerunt
2524 4388 2626 4437 me,
2658 4371 2803 4426 ﬁlius
2829 4386 2959 4465 ergo
2980 4372 3097 4443 ejus
3134 4373 3334 4444 impius
3360 4375 3623 4446 significa-

370 4469 746 4525 emendatione
765 4468 967 4523 sanari.

441 4559 594 4631 (Cap.
613 4558 722 4631 16.)
754 4558 987 4631 Fugiens
1010 4560 1177 4615 David
1200 4558 1432 4614 Absalon
1453 4558 1624 4628 ﬁlium
1647 4575 1824 4625 suum,
1854 4576 1948 4614 nu-

369 4657 552 4726 disque
596 4652 815 4724 pedibus
856 4652 1100 4708 incedens
1147 4666 1502 4721 transgressus
1546 4659 1621 4705 est
1666 4659 1945 4705 torrentem

371 4747 596 4811 Cedron,
627 4755 676 4800 et
718 4754 935 4798 cunctus
980 4742 1201 4814 populus
1228 4758 1347 4796 cum
1386 4758 1468 4805 eo,
1515 4750 1562 4796 et
1606 4751 1945 4811 pervenerunt

370 4853 531 4908 usque
560 4835 845 4890 Bahurim.
879 4832 1013 4886 Ecce
1038 4847 1272 4902 egressus
1302 4831 1472 4887 δεηιεὶ
1491 4870 1504 4893 ,
1534 4828 1675 4898 ﬁlius
1719 4826 1854 4884 Gera
1881 4832 1946 4885 de

369 4931 674 5003 cognatione
702 4928 888 4982 domus
918 4925 1071 4991 ‘Saul,
1112 4926 1319 4980 mittens
1341 4924 1542 4995 lapides
1563 4965 1579 4990 ,
1605 4923 1945 4979 maledicebat

373 5023 557 5094 Regem
591 5023 801 5077 dicens:
830 5018 1091 5090 egredere,
1126 5017 1388 5089 egredere,
1410 5018 1489 5072 vir
1525 5018 1862 5088 sanguinum,
1899 5026 1949 5071 et

369 5114 446 5169 vir
474 5113 662 5169 Belial.
693 5112 723 5153 ι)
756 5129 774 5161 ι
809 5109 1062 5179 Quisquis
1109 5107 1345 5163 fidelium
1376 5108 1567 5163 divinze
1610 5108 1798 5178 gratia:
1828 5107 1949 5161 illu-

442 5279 468 5304 ιι
491 5265 858 5321 lllimitatum:
905 5264 960 5319 id
996 5270 1082 5319 est
1124 5276 1386 5332 superans
1416 5262 1616 5316 limites
1642 5261 1795 5332 legis,
1826 5277 1945 5332 quae

374 5344 612 5390 mortem:
628 5335 764 5391 furis
793 5350 900 5390 non
922 5333 1286 5404 pracipiebat,

443 5404 471 5444 δ
504 5404 771 5459 Paterium
803 5405 891 5459 hic
919 5401 1179 5461 exscribit
1224 5401 1505 5468 tlaudius,
1555 5402 1784 5471 ideoque
1810 5417 1945 5456 non-

372 5472 515 5528 nulla
544 5475 804 5544 adiungit,
837 5489 958 5595 (Luae
984 5473 1388 5545 expressissime
1417 5472 1470 5527 in
1511 5472 1650 5528 libro
1680 5488 1787 5527 xxx
1833 5472 1943 5527 Mo-

374 5541 591 5595 ralium.
642 5558 803 5595 autem
892 5550 1093 5595 aterius
1131 5543 1358 5595 allegat.
1402 5556 1507 5595 non
1554 5543 1818 5595 invenies.
1861 5544 1942 5595 An

374 5541 562 5612 ralium
579 5583 591 5605 ,
609 5541 624 5544 ⁷
642 5541 803 5612 quem

373 5612 497 5681 quia
521 5611 765 5665 Paterius
790 5612 968 5681 aliqua
997 5615 1062 5667 de
1089 5628 1186 5667 suo
1222 5611 1432 5676 inserit,
1466 5613 1677 5666 tametsi
1698 5611 1944 5681 Gregorii

377 5680 555 5733 verbis
583 5680 1039 5749 conjunctissima,
1081 5690 1139 5733 ut
1183 5682 1387 5735 scilicet
1409 5681 1753 5749 explicationi
1784 5680 1943 5737 libro-

892 5543 1093 5598 aterius
1131 5543 1358 5613 allegat,
1402 5556 1507 5596 non
1554 5543 1818 5613 invenies.
1861 5544 1981 5613 An-

2057 4470 2144 4515 tur
2172 4461 2398 4529 tropice,
2427 4461 2481 4516 id
2511 4468 2596 4517 est
2615 4461 2849 4531 populus
2873 4460 3157 4527 Judaicus,
3184 4464 3277 4533 qui
3307 4479 3437 4520 eum
3463 4466 3624 4520 tradi-

2054 4553 2164 4608 dit:
2200 4551 2432 4608 Ahsalon
2462 4561 2662 4620 autem,
2692 4552 2832 4609 sicut
2856 4554 3076 4623 quidam
3101 4554 3513 4623 interpretatur,
3545 4557 3621 4610 in.

2053 4645 2311 4715 tclligitur
2332 4647 2499 4716 patris
2523 4662 2648 4717 pax.
2674 4644 2826 4713 Quod
2850 4647 3046 4701 mirum
3075 4648 3292 4702 videtur
3320 4649 3376 4703 in
3398 4649 3621 4704 historia

2051 4737 2504 4808 quemadmodum
2524 4738 2696 4808 patris
2713 4754 2818 4809 pax
2840 4739 3009 4809 possit
3032 4739 3275 4811 intelligi,
3300 4742 3394 4811 qui
3417 4751 3620 4812 patrem

2050 4828 2193 4885 bello
2214 4837 2531 4899 Persecutus
2548 4837 2650 4887 est.
2672 4828 2779 4885 Sed
2797 4829 2890 4900 qui
2912 4829 3197 4901 diligenter
3216 4830 3286 4886 ad
3311 4831 3621 4903 allegoriam

2052 4922 2356 4995 intendunt,
2390 4922 2684 4993 inspiciunt
2709 4922 2942 4979 Absalon
2977 4936 3101 4979 esse
3136 4921 3463 4990 Jerusalem,
3505 4941 3620 4995 quzc
3657 4925 3666 4935 ’

2049 5012 2213 5068 etiam
2240 5020 2297 5068 et
2326 5014 2442 5082 ipsa
2464 5029 2570 5084 pec
2596 5012 3003 5082 interpretatur,
3042 5027 3075 5069 a
3104 5012 3260 5083 cltjus
3287 5013 3433 5070 facie
3464 5015 3615 5070 Chri-

2050 5111 2166 5158 stus
2187 5101 2341 5175 fugit,
2358 5105 2575 5173 quando
2593 5118 2713 5159 eam
2733 5104 2986 5175 patiendo
3004 5104 3282 5172 deserens,
3299 5105 3355 5159 in
3376 5105 3612 5177 gentibus

2052 5276 2172 5316 rum
2194 5259 2397 5331 Regum
2424 5260 2838 5331 accommodet?
2865 5275 2935 5316 an
2974 5262 3165 5330 potins‘
3189 5263 3354 5316 etiam
3382 5262 3506 5331 quia
3532 5268 3612 5310 ve-

2050 5332 2181 5386 tusti
2207 5330 2423 5387 codices
2442 5347 2472 5385 a
2496 5330 2710 5387 Paterio
2731 5331 2853 5386 lecti
2879 5331 3123 5386 nonnihil
3143 5330 3464 5387 diﬁ‘erebant
3480 5345 3509 5384 a
3533 5342 3610 5380 no-

2049 5401 2221 5472 stris}
2248 5400 2490 5472 Priorem
2526 5401 2846 5472 sententiam
2872 5409 3161 5472 postrema}
3186 5402 3313 5472 huic
3342 5399 3581 5472 praefero;

2123 5482 2145 5510 ο
2177 5468 2583 5540 subsequentia
2602 5471 2861 5540 invenies
2875 5465 3047 5525 'num.
3081 5470 3180 5535 57,
3208 5465 3361 5526 allas'
3379 5484 3497 5540 cap.
3529 5465 3589 5519 ill

2049 5539 2290 5610 olimﬂl'l,
2317 5540 2410 5594 lib.
2438 5555 2543 5594 xxx
2569 5538 2753 5594 Mora].
2793 5542 2973 5610 sancti
2992 5541 3261 5610 Gregorii.

2086 5609 2617 5751 ldClilze3_exscripsit
2639 5625 2702 5664 ex
2723 5610 2928 5665 lsidoro
2959 5609 3035 5680 [in
3066 5609 3155 5664 lib.
3181 5626 3218 5665 ιι
3250 5610 3472 5681 Regum,
3496 5618 3586 5672 (⁸³1)

2198 5694 2267 5733 an
2309 5695 2408 5735 Ius.

2050 5680 2107 5735 ὅ]
2137 5680 2408 5735 Claudius.
