3924 6170
277 272 382 340 "709

917 272 1379 347 QUESTIONES
1419 266 1566 331 XXX
1607 263 1837 329 SUPER
1874 259 2118 326 LIBROS
2159 259 2420 335 REGUM.
2458 300 2527 308 —-
2564 259 2766 325 LIBER
2804 259 2866 323 ll.

3411 254 3514 322 ‘ilo

269 414 367 472 per
402 397 560 453 ﬁdem
588 397 865 452 successit.
895 408 920 436 ι
950 397 1052 450 Alii
1099 397 1352 461 Absalon,
1380 394 1572 449 ludam
1609 392 1833 447 tradito-
1864 389 1915 448 At
1939 390 2158 444 dextera
2191 397 2430 444 mentum
2472 389 2713 452 Amasaz,
2763 386 2916 456 quasi
2946 383 3197 441 osculans
3235 390 3390 453 eum,
3422 380 3513 456 qui

273 506 384 545 rem
413 487 703 557 accipiunt,
740 502 898 556 quem
927 496 1074 541 tanta
1113 495 1167 540 et
1210 496 1317 540 tam
1357 483 1708 557 (miseranda)
1745 483 1846 536 mi-

271 579 439 634 randa
466 577 726 649 patientia
763 576 1015 632 Christus
1054 577 1276 646 pertulit
1313 585 1567 646 tanquam
1609 577 1840 634 bonum,

270 685 391 724 eum
419 668 535 736 ejus
565 667 918 738 cogitationes
946 683 1052 723 non
1087 669 1358 738 ignoraret
1384 684 1396 721 :
1439 683 1561 722 cum
1601 666 1847 722 adhibuit

185 749 192 762 ’
271 759 335 813 ad
363 756 690 819 convivium,
719 756 772 811 in
803 771 910 826 quo
941 758 1181 826 corporis
1205 765 1260 811 et
1301 757 1580 826 sanguinis
1606 756 1686 810 sui
1714 755 1847 826 ﬁgu-

267 865 385 906 ram
415 847 702 917 discipulis»
738 848 1133 902 commendavit
1162 855 1216 902 et
1242 847 1482 911 tradidit,
1509 847 1542 886 ι»
1569 845 1723 912 Quod
1748 846 1844 901 de-

267 944 430 1011 nique
458 941 511 994 in
543 941 658 1009 ipsa
695 939 1012 1005 traditione,
1055 947 1111 995 et
1154 939 1396 995 osculum
1435 941 1675 1008 accepit,
1710 939 1846 992 bene

267 1029 583 1098 intelligitur
605 1027 877 1084 Christum
902 1043 1090 1098 pacem
1119 1027 1429 1083 exhibuisse
1453 1027 1701 1082 traditori
1725 1042 1842 1091 suo,

266 1120 516 1188 quamvis
551 1118 640 1173 ille
669 1127 776 1172 tam
807 1118 1080 1174 sceleratae
1099 1119 1439 1190 cogitationis
1465 1119 1682 1172 interno
1706 1118 1844 1172 bello

265 1220 576 1265 vastaretur
603 1230 614 1263 :
647 1217 702 1265 et
728 1209 849 1266 ideo
874 1210 1110 1268 Absalon
1133 1211 1306 1280 patris
1336 1226 1438 1280 pax
1468 1209 1686 1274 dicitur,
1720 1210 1844 1278 quia

265 1310 422 1368 pater
445 1299 632 1353 habuit
660 1313 870 1368 pacem,
895 1315 1056 1369 quam
1085 1297 1176 1354 ille
1200 1315 1307 1355 non
1333 1300 1539 1355 habuit.

337 1404 362 1431 ο
405 1410 424 1443 ι
471 1391 578 1448 Sed
619 1391 851 1449 fortasse
880 1393 1002 1463 quis
1036 1392 1209 1457 dicat,
1251 1393 1296 1447 si
1345 1392 1512 1448 David
1555 1391 1844 1463 imaginem

265 1484 468 1539 Christi
494 1483 748 1554 gerebat,
791 1484 1062 1553 quomodo
1094 1473 1290 1539 multas
1316 1499 1513 1539 uxores
1550 1489 1606 1540 et
1643 1499 1843 1539 concu‘

267 1577 424 1631 binas
469 1572 722 1628 habuisse
764 1573 1059 1628 scribitur:
1097 1586 1218 1629 cum
1259 1575 1358 1630 has
1389 1589 1478 1629 res
1507 1575 1754 1630 Christus
1789 1583 1845 1630 et

265 1664 568 1727 horrescat,
591 1671 647 1718 et
671 1663 928 1718 damnet?
960 1664 1064 1719 hoc
1087 1665 1231 1718 enim
1259 1664 1312 1717 in
1340 1665 1620 1734 prophetia
1659 1664 1838 1719 ﬁebat.

1945 481 2213 550 percussit
2239 496 2362 534 eum
2390 480 2444 533 in
2464 478 2656 543 latere,
2685 488 2741 531 et
2763 483 3006 531 mortuus
3025 485 3126 532 est.
3158 476 3184 516 ἀ
3219 494 3240 528 σ
3272 477 3411 543 Quid
3431 485 3519 533 est

1945 572 2085 641 quod
2114 569 2250 625 Ioab
2275 578 2513 624 mentum
2537 569 2750 623 Amasaa
2786 569 2972 623 dextra
3023 568 3221 633 tenuit,
3266 569 3360 624 sed
3389 570 3521 624 sini-

1946 670 2115 717 stram
2143 662 2209 716 ad
2238 660 2473 730 gladium
2508 660 2741 714 latenter
2762 659 3004 723 mittens,
3023 648 3140 728 ejus
3162 659 3368 714 viscera
3389 661 3522 715 eﬂ‘u-

1945 751 2064 807 dit?
2101 750 2204 805 nisi
2231 752 2356 816 hoc,
2391 750 2533 819 quod
2561 757 2810 820 patenter
2846 750 3004 804 datur
3030 749 3272 819 intelligi.
3320 749 3520 804 Dextra

1943 856 2177 911 namque
2215 849 2452 896 mentum
2498 850 2714 906 tenere,
2760 849 2845 896 est
2884 840 3038 910 quasi
3077 855 3144 895 ex
3190 840 3524 910 benignitate

1943 931 2176 987 blandiri
2201 949 2213 985 :
2247 933 2342 987 sed
2373 931 2650 986 sinistram
2677 931 2742 986 ad
2768 931 3003 1003 gladium
3023 933 3211 997 mittit,
3233 933 3323 1001 qui
3352 933 3523 989 laten-

1947 1036 2028 1085 ter
2058 1042 2124 1085 ‘ex
2153 1029 2354 1084 malitia
2380 1030 2630 1099 percutit.

2022 1138 2040 1170 ‹
2078 1131 2102 1158 θ
2132 1119 2390 1189 Sequitur
2412 1118 2651 1188 psalmus
2680 1119 2941 1188 septimus
2966 1119 3228 1184 decimus,
3253 1120 3306 1173 et
3329 1122 3523 1176 merito

1945 1211 2224 1278 quaeritur,
2258 1226 2355 1265 cur
2383 1210 2528 1264 solus
2550 1209 2651 1264 iste
2678 1210 2916 1278 psalmus
2939 1210 2993 1264 in
3017 1210 3170 1265 libris
3207 1211 3413 1280 Regum
3441 1226 3525 1266 re-

1942 1301 2186 1370 periatur
2213 1301 2554 1370 conscriptus
2578 1319 2589 1353 :
2623 1315 2722 1355 nec
2755 1301 3027 1355 immerito
3049 1301 3289 1370 psalmus
3315 1303 3416 1356 iste
3435 1319 3526 1357 re—

1945 1407 2174 1462 gnorum
2201 1391 2352 1447 libris
2378 1392 2523 1445 solus
2548 1391 2851 1458 invenitur,
2884 1392 3010 1461 quia
3042 1407 3265 1462 regnum
3291 1392 3417 1447 illud
3446 1394 3523 1447 si-

1943 1481 2264 1552 gniﬁcatur,
2317 1481 2409 1535 ubi
2453 1481 2818 1535 adversarium
2856 1497 2961 1536 non
2992 1482 3272 1538 habemus.
3315 1483 3530 1539 Titulus

1943 1573 2086 1626 enim
2110 1573 2228 1643 ejus
2253 1580 2372 1626 est:
2407 1574 2460 1626 in
2495 1572 2612 1638 die,
2642 1589 2746 1643 qua
2789 1573 2976 1644 eripuit
3017 1590 3136 1628 eum
3174 1574 3431 1628 Dominus
3459 1576 3526 1628 de

1943 1679 2103 1716 manu
2147 1665 2380 1718 omnium
2426 1665 2760 1718 inimicorum
2803 1665 2949 1735 ejus,
2994 1675 3042 1718 et
3080 1665 3142 1718 de
3178 1683 3336 1718 manu
3369 1664 3519 1720 Saul.

266 1757 447 1811 Multa:
496 1757 638 1810 enim
682 1767 881 1812 uxores
918 1755 1122 1822 David,
1171 1755 1464 1811 multarum
1508 1756 1742 1827 gentium
1791 1760 1844 1811 et
1873 1734 1920 1793 Β
1948 1752 2080 1819 Quis
2105 1755 2248 1809 enim
2278 1754 2544 1825 ﬁguratur
2570 1755 2622 1808 in
2658 1734 2852 1821 David,
2881 1756 2983 1810 nisi
3029 1755 3118 1810 ille
3152 1757 3242 1825 qui
3267 1757 3412 1811 venit
3439 1771 3524 1811 se-

266 1849 546 1903 nationum
578 1846 866 1918 imaginem
893 1847 1224 1912 indicabant,
1251 1861 1370 1916 quae
1395 1857 1493 1916 per
1513 1846 1672 1900 ﬁdem
1691 1844 1845 1899 Chri-

264 1940 331 1994 sti
362 1937 636 1993 consortio
676 1936 1009 2009 jungentur:
1041 1938 1357 1994 concubina:
1379 1952 1508 1992 vero
1535 1934 1652 2005 ejus
1680 1935 1846 2007 signi—

265 2030 434 2085 ficant
478 2030 856 2084 haereticorum
895 2029 1186 2096 ecclesias,
1234 2046 1354 2100 quae
1381 2030 1480 2085 sub
1510 2028 1711 2084 Christi
1749 2042 1846 2082 no-

264 2119 428 2173 minis
454 2118 608 2173 tltulo
633 2134 855 2174 manere
881 2131 940 2174 se
969 2120 1284 2191 gloriantur.
1319 2120 1426 2174 Sed
1455 2119 1581 2189 quia
1627 2128 1847 2190 propter

261 2210 504 2264 carnalia
528 2209 678 2265 lucra
703 2217 984 2265 sectantur
1001 2210 1296 2274 Christum,
1326 2226 1434 2266 non
1461 2209 1736 2279 conjuges,
1752 2210 1848 2264 sed

261 2298 580 2353 concubinae
611 2308 886 2353 vocantur.
922 2299 1168 2367 Denique
1197 2313 1341 2352 nunc
1381 2314 1536 2368 reges
1557 2339 1570 2361 ,
1599 2299 1642 2351 si
1667 2299 1848 2368 plures

262 2388 470 2443 habent
495 2404 711 2454 uxores,
747 2389 832 2443 vel
853 2389 1202 2452 concubinas,
1231 2389 1434 2443 crimen
1459 2399 1570 2443 est:
1597 2390 1847 2458 quiajam

263 2482 600 2534 transierunt
625 2480 826 2551 ﬁgurae,
859 2495 960 2550 pro
988 2481 1184 2550 quibus
1204 2495 1435 2534 uxorum
1462 2480 1545 2534 vel
1590 2480 1848 2535 concubi-

263 2588 467 2626 narum
509 2573 664 2627 venia
709 2573 1138 2628 concedebatur:
1191 2580 1245 2626 at
1289 2587 1450 2636 nunc,
1496 2571 1620 2641 quia
1667 2571 1850 2641 ﬁgura:

263 2662 628 2728 transierunt,
658 2663 814 2717 venia
842 2663 988 2718 nulla
1015 2665 1190 2718 datur.
1227 2685 1246 2715 ι

341 2747 498 2820 (Cap.
529 2750 618 2815 20,
644 2767 690 2804 υ.
719 2751 774 2814 Δ,
803 2761 850 2805 et
873 2751 1101 2822 subseq.)
1137 2751 1402 2807 Percussa
1427 2751 1661 2806 Absalon
1682 2792 1695 2817 ,
1725 2766 1846 2805 cum

261 2852 525 2894 reversus
552 2852 694 2896 esset
727 2842 892 2897 David
923 2843 976 2896 in
1001 2840 1315 2906 Jerusalem,
1348 2841 1482 2896 dixit
1519 2842 1759 2908 Amasis,
1788 2850 1849 2896 ut

259 2939 623 3001 congregaret
648 2946 838 2987 omnes
881 2933 1028 2986 viros
1054 2930 1190 2986 J'uda
1222 2931 1276 2985 in
1319 2931 1463 2985 diem
1503 2930 1719 2984 tertium
1740 2970 1754 2995 ,
1793 2939 1848 2985 et

260 3019 624 3075 constitueret
641 3036 763 3076 eum
785 3021 1080 3091 principem
1100 3035 1200 3090 pro
1221 3019 1375 3075 Joab.
1393 3019 1636 3074 Morante
1649 3019 1844 3073 Amasa

258 3119 417 3164 extra
454 3111 744 3180 placitum,
791 3113 1045 3182 praecepit
1088 3110 1254 3166 David
1279 3110 1431 3174 Joab,
1459 3119 1514 3166 et
1538 3110 1750 3175 Abisai,
1788 3119 1848 3164 ut

257 3200 408 3254 irent
441 3209 498 3256 et
539 3202 1008 3272 apprehenderent
1034 3200 1218 3255 Sibam
1245 3200 1412 3254 ﬁlium
1438 3199 1654 3255 Bochri.
1684 3199 1845 3256 Cum-

257 3306 367 3359 que
393 3292 690 3349 invenisset
712 3291 848 3348 Joa—b
892 3293 945 3346 in
989 3292 1241 3356 Cabaon,
1287 3292 1421 3348 Joab
1467 3294 1640 3348 tenuit
1685 3309 1846 3349 manu

328 3464 357 3531 ft
391 3449 534 3531 Xide
557 3465 677 3531 qua:
703 3447 865 3528 tradit
887 3446 1025 3531 Aug.
1042 3463 1098 3531 n.
1118 3448 1150 3501 ις
1171 3448 1547 3531 Euan-alienis
1570 3451 1623 3505 in
1646 3467 1728 3531 ps.
1756 3469 1838 3507 Ill.

329 3523 357 3561 b
391 3517 615 3574 Terruit
643 3518 792 3573 locus
835 3517 938 3571 iste
969 3517 1166 3572 multos
1211 3534 1277 3573 ex
1324 3520 1562 3582 nostris;
1603 3517 1738 3576 adeo
1783 3533 1842 3578 ut

254 3590 524 3661 suspicati
560 3589 670 3644 sint
693 3586 944 3661 nonnulli
960 3588 1278 3661 mendosum
1313 3603 1434 3643 esse
1459 3589 1644 3661 iocum
1676 3593 1840 3656 hunc,

253 3655 658 3732 legendumque
685 3657 791 3713 alio
824 3657 1001 3732 modo.
1035 3655 1139 3710 Sed
1161 3670 1349 3732 revera
1371 3659 1662 3732 retinenda
1678 3670 1761 3715 est
1779 3655 1842 3717 ea

256 3727 443 3793 lectio,
481 3727 643 3798 quam
684 3727 1090 3798 proposuimus;
1135 3742 1256 3780 nam
1294 3727 1444 3782 locus
1475 3728 1583 3792 hic,
1621 3730 1668 3783 si
1697 3741 1845 3786 recte

256 3797 620 3870 intelligatur,
646 3797 848 3870 nullum
875 3797 1031 3852 nobis
1059 3797 1315 3870 timorem
1334 3798 1544 3870 incutit.
1568 3799 1845 3854 Bellarmi—

255 3887 360 3925 nus
387 3867 526 3925 sane
553 3869 728 3922 locum
767 3869 938 3932 hunc,
976 3883 1135 3937 quem
1181 3883 1244 3921 ex
1290 3867 1589 3937 Augustino
1631 3870 1844 3924 desum-

255 3949 410 4010 ptum
445 3938 717 4010 diximus,
759 3937 1012 4010 expendit
1037 3939 1086 4010 ’,
1118 3945 1404 4005 monetque
1433 3937 1574 4006 loqui
1595 3956 1630 4010 At
1669 3937 1845 4010 Augu-

255 4007 468 4064 stinum
503 4008 570 4063 de
593 4007 760 4078 ﬁgura
787 4007 1032 4078 corporis
1071 4007 1124 4061 in
1159 4022 1321 4078 cruce
1357 4008 1645 4078 suspensi;
1682 4009 1735 4063 id
1761 4007 1849 4064 est

255 4082 322 4135 de
347 4077 1143 4150 reprzesentationgDominicge
1164 4077 1460 4150 passionis;
1485 4078 1674 4132 eodem
1694 4079 1844 4150 enim

255 4146 428 4204 modo
449 4147 786 4217 Augustinus
815 4147 1208 4217 Eucharistiam
1237 4146 1462 4217 ﬁguram
1493 4148 1736 4217 corporis
1756 4165 1848 4204 vo-

256 4220 426 4287 cavit,
458 4215 572 4287 quo
601 4226 813 4272 veteres
841 4217 1014 4287 Graeci
1031 4215 1322 4287 antitypa‘;
1347 4216 1414 4271 de
1433 4232 1539 4286 qua
1562 4215 1691 4273 voce
1712 4219 1848 4273 dixi-

253 4276 383 4343 mus
409 4276 834 4343 in'testimoniis
862 4286 1062 4341 Basilii.
1104 4306 1121 4338 ι
1152 4276 1422 4342 Hactenus
1450 4276 1841 4353 Dellarminus,

257 4359 349 4427 qui
377 4371 576 4414 revera
597 4365 774 4428 antea,
798 4358 852 4413 id
873 4365 1096 4428 estcap.
1122 4357 1324 4428 15,_lib.
1352 4373 1412 4428 ll,
1434 4371 1718 4428 postquam
1742 4360 1843 4415 sibi

257 4408 576 4499 saetiger
595 4408 852 4499 basiiqu
880 4408 1176 4499 ἰῇἰῖίίῖίεῖίί
1193 4408 1845 4499 ’[Βξιέίιίὸᾝιῇἱῖἷὶἔιῖείῐὶ
1868 4408 1922 4468 1)

260 4497 390 4553 mini
426 4509 674 4566 tempore
721 4497 1054 4568 tribuebatur
1086 4497 1502 4568 Liturgia,iqua:
1530 4497 1710 4552 Basilii
1747 4515 1844 4554 no-

256 4571 406 4639 mine
431 4566 774 4639 inscribitur]
802 4566 1194 4639 Eucharistiam
1222 4566 1574 4636 appellantem
1601 4571 1843 4639 antitypa

259 4636 574 4709 [ἀντίτυπα]
613 4636 902 4709 respondet
949 4651 1146 4709 corpus
1173 4645 1230 4690 et
1259 4639 1580 4709 sanguinem
1607 4636 1840 4709 Domini,

259 4706 319 4762 ut
347 4716 485 4764 sunt
510 4706 608 4761 sub
623 4706 917 4778 speciebus
940 4707 1118 4778 panis,
1142 4714 1197 4758 et
1218 4707 1352 4778 vini,
1371 4706 1533 4778 signa
1555 4723 1677 4764 esse
1704 4708 1846 4778 ejus-

259 4779 386 4832 dem
414 4773 684 4846 corporis,
713 4784 778 4847 et
789 4773 1090 4847 sanguinis,
1123 4782 1180 4828 ut
1210 4773 1502 4847 fuermitin
1532 4793 1692 4834 cruce
1711 4773 1846 4833 z're-

259 4845 566 4916 purseth
591 4847 736 4900 enim
763 4845 1116 4916 Eucliaristia
1133 4845 1437 4916 passionem
1461 4847 1680 4902 Christi.
1709 4849 1849 4903 Hinc

259 4915 726 4988 Chrysostomus,
762 4915 948 4988 homil.
979 4917 1076 4979 17,
1103 4915 1156 4968 in
1186 4915 1467 4988 epistolam
1499 4917 1565 4970 ad
1596 4917 1848 4973 Hebraeos

262 4985 431 5057 dicit,
475 4986 870 5041 Eucharistiam
910 4994 1261 5057 essertypum,
1298 5000 1390 5057 seu
1421 4985 1651 5057 ﬁguram
1676 4989 1848 5043 sacri-

264 5054 371 5110 ﬁcii
401 5057 616 5119 crucis,
659 5063 713 5109 et
740 5063 916 5109 tamen
945 5054 1140 5109 ibidem
1181 5054 1393 5120 asserit,
1420 5054 1560 5110 nunc
1600 5059 1848 5113 eumdem

261 5125 551 5198 Christum
573 5124 774 5190 offerri,
800 5126 889 5193 qui
909 5132 1037 5178 tunc
1060 5124 1270 5198 oblatus
1297 5122 1414 5178 fuit.
1439 5125 1850 5198 Copioseiporro

261 5195 368 5250 hoc
411 5197 468 5250 in
517 5196 635 5250 loco
663 5201 1040 5264 argumentum
1071 5195 1174 5264 hoc
1206 5195 1547 5264 persequitur
1577 5195 1851 5252 Bellarmi-

261 5280 389 5331 nus,
414 5265 512 5335 qui
533 5267 696 5321 etiam
721 5265 788 5318 de
823 5279 888 5318 eo
915 5263 1026 5334 agit
1060 5263 1159 5319 sub
1191 5263 1404 5319 initium
1429 5264 1543 5320 fere
1567 5267 1759 5337 capitis
1780 5265 1850 5320 24

287 5365 434 5372 .—_—.._

493 5413 723 5481 sacram.
742 5399 1105 5481 .Cuchar._l_ib.
1136 5415 1173 5453 ιι
1191 5437 1206 5464 ,
1230 5415 1348 5481 cap.
1377 5399 1468 5481 24.,
1495 5391 1588 5481 βδ,
1618 5419 1683 5481 ex
1706 5413 1852 5481 torno

262 5469 547 5537 septimo:
589 5470 682 5539 ubi
711 5470 814 5524 sibi
856 5469 1042 5536 objicit
1069 5469 1185 5524 haec
1227 5467 1509 5539 Augustini
1549 5476 1715 5528 verba
1760 5477 1854 5530 de-

261 5543 494 5624 sumpta
509 5552 582 5624 ert
610 5537 892 5624 Conamen.
922 5539 1138 5621 in.psal.
1167 5555 1247 5593 ιιι.
1280 5557 1298 5589 ε
1320 5537 1583 5624 Christus
1613 5544 1855 5624 andhibuit

261 5605 467 5660 Judam
501 5608 568 5662 ad
597 5609 930 5673 convivium,
982 5605 1036 5663 in
1077 5625 1184 5681 quo
1222 5611 1466 5680 corporis
1502 5613 1583 5666 sui
1629 5612 1851 5684 ﬁguram

262 5675 562 5746 discipulis
586 5679 998 5734 commendavit.
1037 5699 1054 5732 ι

1946 1845 2179 1900 cundum
2207 1861 2428 1900 carnem
2457 1861 2522 1899 ex
2552 1846 2758 1900 semine
2783 1845 2971 1910 David,
3003 1847 3093 1916 qui
3123 1847 3307 1915 utique
3328 1847 3380 1900 in
3404 1862 3525 1900 cor-

1945 1949 2076 2006 pore
2099 1950 2218 2000 suo,
2252 1935 2394 2005 quod
2417 1943 2499 1990 est
2523 1935 2787 2000 Ecclesia,
2818 1937 2992 1991 adhuc
3013 1936 3216 2005 patitur
3243 1937 3526 1992 inimicos?

1946 2026 2098 2083 Unde
2125 2027 2215 2082 ille
2261 2027 2630 2098 persecutori,
2682 2043 2842 2097 quem
2875 2043 3005 2083 voce
3050 2029 3326 2094 mactavit,
3375 2036 3430 2083 et
3471 2030 3525 2084 in

1945 2133 2100 2173 suum
2126 2133 2320 2189 corpus
2352 2119 2661 2189 trajiciens,
2706 2119 3099 2189 quodammodo
3135 2120 3519 2175 manducavit;

1946 2207 2183 2262 insonuit
2212 2210 2278 2262 de
2303 2209 2458 2264 caelo.
2493 2209 2628 2279 (Act.
2661 2225 2738 2273 rx,
2769 2209 2824 2280 4)
2852 2208 3035 2276 Saule,
3063 2209 3241 2275 Saule,
3283 2211 3408 2282 quid
3445 2228 3526 2266 me

1945 2299 2307 2368 persequeris?
2329 2299 2555 2366 Quando
2582 2308 2763 2353 autem
2787 2309 3027 2355 meretur
3051 2302 3259 2370 eripere
3284 2302 3385 2358 hoc
3403 2318 3526 2358 cor-

1946 2401 2046 2454 pus
2071 2387 2139 2441 de
2168 2403 2327 2441 manu
2355 2389 2700 2442 inimicorum
2727 2387 2881 2456 ejus?
2918 2390 3020 2443 nisi
3049 2406 3170 2444 cum
3213 2401 3269 2444 et
3307 2391 3394 2446 illa
3424 2409 3525 2446 ιιοά

1947 2477 2169 2530 vissima
2197 2477 2415 2532 inimica
2445 2478 2752 2532 destruetur
2776 2493 2922 2532 mors
2940 2518 2954 2544 ,
2982 2486 3042 2532 ut
3068 2481 3418 2547 perveniatur
3459 2483 3527 2537 ad

1951 2578 2174 2631 regnum
2205 2566 2321 2619 Dei.
2364 2587 2380 2617 ι

2025 2653 2046 2691 ί
2076 2653 2306 2724 Diligam
2332 2664 2382 2709 te
2403 2656 2565 2711 virtus
2588 2673 2722 2711 mea.
2755 2675 2774 2708 ι
2809 2657 3038 2730 Diligam
3058 2666 3134 2725 te,
3161 2659 3406 2728 Domine,
3430 2677 3530 2732 per

1951 2759 2110 2813 quem
2141 2745 2296 2801 fortis
2324 2762 2462 2800 sum.
2494 2767 2513 2799 ι

2020 2835 2264 2903 Domine,
2291 2837 2678 2906 ﬁrmamentum
2703 2845 2914 2907 meum,
2940 2851 2987 2896 et
3019 2843 3276 2914 refugium
3323 2858 3491 2900 meum
3509 2883 3524 2914 ,-

1949 2937 1996 2981 et
2027 2929 2277 2983 liberator
2320 2947 2482 2984 meus.
2522 2949 2540 2981 ι
2578 2931 2833 2998 Domine,
2865 2933 2956 3001 qui
3004 2950 3092 2991 me
3125 2934 3368 3004 ﬁrmasti,
3402 2939 3527 3009 quia

1951 3016 2122 3089 refugi
2149 3020 2218 3073 ad
2244 3027 2295 3074 te
2319 3037 2332 3072 :
2372 3017 2540 3090 refugi
2568 3028 2770 3086 autem,
2797 3021 2923 3091 quia
2952 3021 3196 3080 liberasti
3226 3042 3330 3084 me.
3366 3048 3387 3082 ι

1874 3086 1920 3148 C
2021 3086 2162 3162 Deus
2187 3086 2583 3180 meus,adjulor
2605 3086 2832 3176 meus,et
2851 3114 3069 3182 sperabo
3095 3118 3150 3170 in
3169 3135 3306 3171 eum.
3339 3137 3356 3170 ε
3386 3119 3528 3175 Deus

1949 3219 2122 3270 meus,
2148 3206 2238 3274 qui
2263 3207 2392 3261 mihi
2419 3207 2745 3278 adjutorium
2771 3210 2923 3279 prius
2944 3210 3243 3266 vocationis
3269 3219 3374 3268 tuae
3392 3227 3529 3283 prae-

1950 3294 2161 3361 stitisti,
2185 3306 2245 3351 ut
2271 3312 2491 3368 sperare
2514 3298 2566 3352 in
2596 3307 2649 3354 te
2672 3300 2895 3370 possim.
2935 3321 2954 3354 ι

1949 3454 2203 3533 ad___quod
2251 3455 2509 3533 lectorem
2553 3456 2811 3522 amando,
2861 3459 2978 3514 haec
3011 3466 3229 3533 tantum
3250 3463 3522 3533 seligens:

1955 3527 2250 3599 c__lllu_s_trat
2283 3526 2640 3599 Lanfrancus
2659 3542 2774 3599 rem
2820 3536 2989 3599 totan
3038 3529 3235 3599 insigni
3277 3526 3527 3587 similitu-

1949 3595 2307 3669 dine_[Luc.'er
2328 3596 2539 3669 ultimo]
2567 3614 2579 3669 ς
2618 3597 2877 3669 Dominus
2915 3598 3071 3651 ﬁnxit
3097 3595 3170 3652 se'
3183 3599 3396 3669 longius
3425 3603 3528 3666 ire,

1946 3666 2088 3786 quod
2107 3666 2338 3746 ‘erponit
2353 3666 2689 3786 Anglustinus
2711 3666 2803 3733 lib.
2827 3675 3015 3747 contra
3042 3666 3381 3747 mendacium
3406 3687 3524 3741 cap.

1982 3735 2045 3786 5.
2077 3735 2169 3786 ubi
2197 3735 2362 3786 dlClt.
2409 3734 2450 3786 C
2496 3745 2683 3786 nstum
2719 3750 2782 3786 ea
2821 3735 3037 3786 ﬁctione
3064 3736 3429 3786 ειρηιίῑοειςερ-
3469 3758 3524 3786 su.

1982 3735 2045 3800 5,
2077 3735 2169 3788 ubi
2197 3735 2362 3799 dicit,
2409 3734 2683 3789 Christum
2719 3750 2782 3789 ea
2821 3735 3037 3790 ﬁctione
3064 3736 3430 3805 signiﬁcasse,

1946 3819 2106 3874 supra
2133 3805 2516 3887 omneseaal’os
2539 3806 2988 3887 asce'nsurum.‘
3013 3805 3158 3886 Idem
3186 3807 3348 3887 igitur
3362 3807 3528 3863 Chri—

1947 3872 2073 3946 stus
2109 3872 2195 3926 sui
2228 3872 2412 3946 ipsius
2441 3874 2609 3946 ﬁgura
2652 3872 2779 3946 fuit,
2803 3881 2858 3927 et
2885 3873 2988 3930 dici
3019 3872 3318 3946 rectissime
3344 3889 3530 3946 posset

1946 3941 2197 3996 Christus
2219 3941 2427 4012 ﬁngens
2449 3941 2508 3997 se
2535 3942 2743 4012 longius
2766 3942 2865 4012 ire,
2889 3952 2943 3997 et
2966 3941 3362 4012 quodammodo
3379 3947 3532 4003 Chri-

1946 4019 2065 4065 stus
2094 4012 2150 4064 in
2181 4011 2377 4066 malum
2403 4011 2718 4067 ascendens.
2754 4031 2773 4063 ›
2801 4011 2998 4067 Notaré
3021 4014 3134 4070 haec
3159 4017 3325 4081 volui,
3348 4032 3415 4072 ne
3437 4031 3530 4075 aut

1946 4081 2241 4151 trepidaret
2270 4081 2464 4151 Lector
2487 4084 2701 4146 timore,
2735 4082 2824 4136 ubi
2853 4098 2960 4137 non
2993 4091 3076 4138 est
3106 4085 3268 4140 timor
3292 4105 3304 4140 :
3343 4096 3437 4141 aut
3463 4105 3526 4143 ea

1947 4152 2005 4228 in
2034 4150 2095 4228 re
2120 4150 2402 4228 Claudium
2430 4151 2880 4223 reprehenderet,
2915 4154 2969 4208 in
2999 4169 3106 4224 qua
3135 4156 3322 4227 utique
3345 4172 3530 4228 repre—

1948 4222 2267 4277 hendendus
2292 4221 2379 4277 ille
2406 4221 2512 4278 non
2544 4231 2647 4276 est.

2021 4301 2099 4365 6_i
2138 4292 2262 4346 Hmc
2289 4307 2502 4365 quoque
2537 4291 3070 4365 Isidorodesumpsit
3105 4296 3388 4365 Claudius,
3431 4301 3528 4355 sed

1946 4361 2123 4437 capite
2145 4363 2388 4437 proxime
2408 4363 2693 4437 superiori.
2710 4363 2762 4416 id
2789 4371 2872 4418 est
2899 4363 2935 4416 2
2958 4361 2977 4417 Ξ
3002 4380 3066 4437 ex
3099 4383 3204 4436 qua
3227 4361 3444 4437 quidem
3469 4386 3527 4425 re

1947 4431 2218 4502 suspicari
2248 4432 2402 4502 licet,
2446 4431 2611 4487 alium
2643 4431 2884 4502 fortasse
2921 4431 3158 4502 capitum
3193 4431 3434 4494 ordinem
3471 4441 3524 4494 in

1947 4501 2182 4569 antiquis
2203 4501 2390 4557 lsidori
2411 4503 2687 4557 codicibus
2713 4501 2882 4557 fuisse
2902 4501 3196 4558 servatum.

2017 4570 2043 4609 ἀ
2071 4573 2475 4644 subsequentia
2490 4573 2656 4644 habes
2678 4573 2839 4644 etiam
2869 4572 2921 4625 in
2948 4572 3186 4644 Paterio,
3215 4575 3306 4644 qui
3339 4591 3405 4630 ea
3433 4577 3525 4631 de-

1948 4640 2361 4718 sumgsitexjib.
2379 4659 2446 4697 xv
2459 4642 2737 4718 Moralium
2753 4640 3000 4718 Gregorii
3016 4642 3190 4718 Magni
3213 4640 3290 4716 [ᾖ.
3308 4645 3422 4718 25]ἶ

2023 4722 2046 4751 θ
2077 4712 2207 4782 Cap.
2238 4713 2327 4779 22,
2359 4729 2507 4768 num.
2539 4711 2591 4776 2,
2619 4721 2678 4783 et
2714 4711 2932 4783 subseq.
2961 4713 3026 4766 Et
3055 4711 3188 4783 psal.
3215 4711 3529 4783 'xvn.'Qu:e

1947 4781 2171 4853 lineolis
2208 4792 2494 4849 notantur,
2546 4798 2615 4838 ex
2657 4782 2865 4842 Isidoro
2895 4781 3210 4853 desumpsit
3249 4781 3526 4840 Claudius.

1949 4851 2346 4926 Qumreitaque
2373 4853 2467 4926 i_lla_
2489 4854 2542 4908 in
2567 4853 2743 4926 capite
2781 4853 2842 4919 6,
2886 4853 2943 4907 in
2979 4853 3072 4907 lib.
3101 4851 3145 4908 il
3190 4855 3416 4926 Regum.
3451 4859 3524 4910 Ea

1949 4922 2113 4975 etiam
2162 4922 2325 4995 habet
2373 4922 2890 4995 Babanueraurus
2924 4942 2937 4976 :
2977 4939 3044 4995 ex
3103 4939 3215 4995 qua
3272 4922 3332 4979 re
3378 4926 3529 4995 vides

1950 4999 2151 5061 quanto
2175 4992 2228 5045 in
2265 4993 2438 5062 pretio
2465 4992 2652 5047 lsidori
2681 4994 3068 5048 commentaria
3102 4993 3453 5048 haberentur.

2005 5060 2047 5134 ,ί
2081 5060 2206 5115 Haec
2221 5061 2604 5134 interpretatio
2645 5070 2756 5116 tota
2800 5064 3082 5134 desumpta
3127 5071 3212 5118 est
3251 5078 3320 5118 ex
3345 5064 3500 5134 Augu

1951 5129 2112 5206 stipo,
2149 5129 2744 5206 cujus‘Enarrationem
2787 5134 2841 5187 in
2870 5129 3136 5203 psalmum
3165 5134 3309 5188 hunc
3341 5133 3416 5206 [id
3437 5129 3532 5189 'est

1954 5198 2042 5271 l7]
2072 5201 2361 5271 exscripsit
2387 5199 2662 5256 Claudius.

2021 5337 2065 5358 “
2091 5337 2250 5392 Aliud
2279 5336 2435 5392 aliine
2453 5377 2468 5401 ,
2496 5353 2596 5393 nec
2629 5338 2808 5393 minus

2021 5342 2065 5358 "
2091 5342 2250 5392 Aliud
2279 5342 2435 5392 aliine
2453 5377 2468 5401 ,
2496 5353 2596 5393 nec
2629 5342 2808 5393 minus
2843 5343 3182 5462 perspicuum
3224 5342 3529 5411 exemplum

1952 5406 2156 5528 erbet
2180 5407 2497 5487 Ambrosius
2527 5407 2726 5487 in_cap.
2776 5409 2813 5461 2
2893 5425 3006 5490 uete
3032 5411 3136 5493 lib.
3161 5428 3231 5477 ιι,
3263 5427 3392 5467 num
3426 5411 3525 5473 65.

1991 5491 2038 5528 ts
2071 5477 2286 5528 verbis:
2326 5494 2345 5526 ι
2389 5485 2511 5528 post
2543 5476 2776 5528 triduum
2823 5487 3090 5528 tenentur
3123 5497 3177 5528 ιη
3208 5481 3440 5528 temnln-
3471 5491 3529 5528 ut

2893 5425 3006 5466 ηοω
3032 5411 3125 5466 lib.
3161 5428 3231 5477 ιι,
3263 5427 3392 5467 num
3426 5411 3525 5473 65,

1991 5477 2038 5530 is
2071 5476 2250 5552 verbis
2275 5494 2298 5552 :_
2326 5494 2345 5526 ι
2387 5485 2511 5552 post
2543 5475 2793 5552 triduum
2819 5480 3090 5552 reperitur
3122 5482 3177 5536 in
3208 5475 3440 5552 templo,
3471 5491 3530 5535 ut

1953 5552 2100 5620 esset
2139 5545 2356 5620 indicio,
2398 5546 2523 5620 quia
2571 5554 2695 5620 post
2729 5545 2965 5620 triduum
3000 5545 3340 5620 triumphalis
3385 5552 3529 5606 illius

1954 5613 2218 5682 passionis
2244 5615 2297 5668 in
2327 5613 2452 5669 sede
2490 5615 2698 5669 caelesti
2725 5623 2780 5669 et
2819 5617 3023 5674 honore
3051 5613 3235 5675 divino
3264 5622 3388 5676 ﬁdei
3434 5638 3530 5676 no-

1955 5693 2080 5738 strze
2106 5699 2163 5739 se
2185 5685 2474 5741 suscitatus
2497 5684 2737 5759 offerret,
2765 5687 2853 5755 qui
2883 5697 3127 5745 mortuus
3149 5691 3520 5746 credebatur.»
