3904 6174
316 244 419 305 τιι

1382 223 1656 290 CLAUDII
1695 222 2161 286 TAURINENSIS
2198 217 2507 278 EPISCOPI

3479 212 3577 267 719

394 360 666 416 Protector
693 372 858 420 meus,
883 362 929 408 et
955 367 1115 409 cornu
1144 350 1329 406 salutis
1352 366 1499 413 mea',
1527 358 1573 403 et
1603 345 1897 415 redemptor
1922 344 1977 402 Α
2071 336 2140 390 Ει
2163 333 2399 390 ascendit
2422 346 2581 402 super
2602 327 2971 420 Clterubim,“
3000 326 3213 420 volavit.
3235 345 3252 378 ι
3290 324 3589 420 (Cherubin

321 468 487 507 meus.
523 467 543 499 ι
576 447 856 502 Protector
875 458 1046 507 meus,
1075 441 1200 511 quia
1228 455 1336 495 non
1363 439 1430 495 de
1454 452 1541 493 me
1559 434 1897 508 prmsumpsi,

320 542 479 613 quasi
520 540 733 609 erigens
774 536 1060 591 adversum
1097 541 1149 587 te
1175 546 1344 587 cornu
1375 530 1672 599 superbiae,
1707 527 1805 582 sed
1848 533 1902 580 te

324 632 497 701 ipsum
521 643 707 691 cornu,
736 625 841 680 hoc
859 631 946 679 est
972 622 1184 677 ﬁrmam
1209 619 1587 676 celsitudinem
1608 617 1798 674 salutis
1826 615 1904 671 in-

322 719 480 776 veni:
513 716 659 787 quod
687 724 747 770 ut
776 713 1095 778 invenirem,
1122 709 1398 767 redemisti
1422 722 1530 763 me.
1566 727 1584 760 ι

395 807 646 862 Laudem
694 804 929 860 invocavi
968 803 1287 867 Dominum,
1320 810 1369 856 et
1412 799 1477 854 ab
1518 798 1744 854 inimicis
1777 797 1904 850 meis

324 898 497 954 salvus
523 914 633 952 ero.
670 914 689 947 ε
721 895 837 950 Non
863 908 1041 949 meam
1080 891 1339 964 gloriam,
1380 889 1475 946 sed
1504 887 1716 943 Domini
1760 900 1905 956 quaa-

324 1005 474 1055 rens,
506 987 767 1043 invocabo
796 985 1104 1049 Dominum,
1133 990 1188 1037 et
1212 997 1322 1036 non
1354 980 1461 1036 erit
1480 978 1621 1035 unde
1652 976 1787 1033 mihi
1812 991 1909 1032 no-

328 1091 487 1138 ceant
515 1078 809 1150 impietatis
838 1092 1072 1132 errores.
1115 1095 1134 1128 ι

336 1160 341 1165 ’
398 1167 866 1224 Circumdederunt
891 1185 971 1222 me
995 1166 1201 1221 dolores
1222 1165 1425 1220 mortis.
1455 1182 1473 1216 ι
1502 1160 1561 1220 Id
1580 1171 1663 1219 est
1681 1163 1911 1219 circum—

330 1261 596 1317 dederunt
627 1274 714 1314 me
747 1259 960 1315 dolores
989 1259 1190 1314 carnis.
1223 1257 1292 1312 Et
1323 1265 1580 1312 torrentes
1618 1255 1912 1327 iniquitatis

329 1352 769 1408 conturbauerunt
796 1338 895 1405 me.
951 1350 1146 1405 Turbae
1183 1350 1383 1420 iniqua:
1410 1349 1480 1404 ad
1510 1357 1726 1420 tempus
1766 1362 1914 1405 com-

329 1453 488 1500 mota:
512 1443 658 1499 velut
698 1442 918 1498 ﬁumina
958 1441 1210 1511 pluvialis
1239 1441 1351 1497 cito
1378 1440 1620 1497 desitum
1662 1447 1910 1510 egerunt,

330 1546 390 1591 ut
412 1536 799 1592 conturbarent
825 1549 932 1590 me.
976 1555 996 1586 ι

396 1626 623 1684 Dolores
668 1625 864 1694 inferni
906 1614 1361 1679 circumdederunt
1394 1640 1496 1678 me.
1542 1642 1561 1675 ι
1602 1623 1660 1678 ln
1696 1623 1782 1679 his
1820 1622 1915 1692 qui

2005 428 2204 498 quippe
2239 424 2293 480 id
2313 431 2400 480 est
2425 418 2697 494 plenitudo
2731 418 2967 472 scientite
2993 417 3305 472 ascendisse
3339 416 3570 487 perhihe

2005 527 2094 573 tur
2121 558 2136 585 ,
2163 526 2219 573 et
2266 515 2479 571 volasse
2509 554 2526 580 ,
2556 512 2685 583 quia
2715 508 3019 578 maiestatis
3043 507 3162 577 ejus
3208 508 3601 564 celsitudinem

2005 610 2235 673 scisntia
2280 607 2428 664 nulla
2473 602 2903 674 comprehendit.
2959 600 3179 656 Yolavit
3226 615 3360 672 ergo
3382 641 3398 665 ,
3438 602 3538 671 qui
3570 617 3603 655 a

2005 705 2163 775 longe
2188 704 2241 759 in
2281 702 2449 757 altum
2470 698 2540 754 ab
2563 696 2845 753 intellectu
2899 701 3089 748 nostro
3125 708 3185 747 se
3220 692 3448 765 rapuit),
3478 693 3509 732 δ
3541 703 3605 747 ut

2006 811 2167 851 nemo
2184 794 2254 850 ad
2264 793 2433 847 Deum
2448 788 2781 862 perveniret,
2795 786 2900 841 nisi
2917 800 3015 856 per
3028 786 3354 841 charitatem
3371 802 3387 851 ;
3415 784 3601 857 (Rom.

2010 888 2095 943 15.
2135 884 2224 958 10)
2287 881 2601 956 plenitudo.
2630 878 2775 935 enim
2824 876 2961 945 legis
3004 876 3249 931 charitas
3297 884 3383 931 est
3421 893 3436 929 :
3489 878 3606 931 cito

2008 978 2154 1033 enim
2182 992 2242 1032 se
2283 970 2892 1044 incomprehensibilem
2931 983 3054 1024 esse
3082 968 3413 1024 monstravit
3433 968 3605 1023 dilec-

2011 1068 2222 1124 toribus
2248 1066 2363 1123 suis
2387 1105 2402 1131 ,
2425 1078 2495 1120 ne
2521 1063 2672 1119 illum
2701 1058 2985 1131 corporeis
3022 1058 3507 1129 imaginationibus
3543 1072 3606 1112 se

2012 1157 2474 1231 comprehendere
2547 1154 2970 1210 arbitrarentur.
3041 1151 3116 1225 (ο
3167 1151 3341 1221 Super
3398 1148 3607 1205 Cheru-

2014 1250 2100 1304 bin
2124 1239 2381 1302 Dominus
2403 1245 2663 1312 ascendit,
2694 1253 2743 1298 et
2767 1243 2980 1299 volavit.
3012 1241 3152 1309 Quia
3176 1257 3339 1313 super
3366 1241 3606 1313 plenitu—

2014 1339 2195 1394 dinem
2223 1336 2461 1393 scientiae
2489 1373 2505 1403 ,
2546 1350 2667 1406 quae
2687 1349 2808 1391 esse
2850 1334 2906 1388 in
2936 1331 3249 1388 hominibus
3272 1331 3490 1401 potuit,
3516 1332 3607 1386 ln-

2015 1428 2355 1486 carnationis
2379 1442 2489 1483 suae
2502 1425 2730 1497 gloriam
2745 1424 3259 1494 exaltare’dignatus
3284 1432 3390 1489 est,
3417 1433 3477 1478 ut
3500 1423 3609 1478 hoc

2014 1521 2132 1592 ejus
2157 1520 2344 1577 volare
2358 1520 2431 1575 sit
2457 1518 2715 1589 potentiae
2738 1532 2853 1574 suae
2878 1515 3202 1587 mysterium
3223 1516 3294 1570 ab
3317 1514 3606 1570 intellectu

2016 1614 2254 1669 humano
2300 1610 2639 1667 subducere:
2674 1609 3015 1679 quantalibet
3065 1607 3210 1663 enim
3265 1607 3611 1678 plenitudine

335 1731 420 1770 me
442 1713 934 1779 circumdederunt,
955 1720 1016 1767 ut
1034 1713 1344 1783 perderent,
1367 1721 1526 1769 erant
1546 1713 1761 1769 dolores
1785 1712 1916 1766 invi-
1942 1714 1991 1774 Β
2018 1704 2259 1761 scientia:
2278 1703 2390 1758 vita
2414 1700 2772 1772 spiritualium
2800 1699 3032 1771 fulgeat,
3062 1699 3473 1769 apprehendere
3498 1714 3610 1755 non

335 1806 457 1869 dim,
486 1804 574 1873 qui
605 1810 836 1858 mortem
863 1811 1174 1873 operantur,
1213 1803 1623 1873 perducuntque
1648 1802 1719 1857 ad
1748 1800 1917 1857 inier-

338 1910 465 1949 num
495 1891 721 1964 peccati.
754 1889 1126 1946 Prtevenerunt
1154 1909 1233 1945 me
1263 1891 1436 1963 laquei
1474 1893 1677 1946 mortis.
1706 1891 1919 1946 Praeve-

338 1994 537 2043 nerunt
560 2000 664 2050 me,
690 1992 750 2038 ut
771 1984 983 2053 priores
1010 1997 1207 2037 nocere
1232 1982 1450 2047 vellent,
1472 1981 1616 2050 quod
1639 1980 1719 2036 eis
1736 1988 1919 2051 postea

341 2078 676 2132 redderetur.
718 2073 876 2129 Tales
920 2081 1101 2128 autem
1145 2073 1393 2128 homines
1420 2070 1638 2139 capiunt
1662 2069 1717 2124 in
1744 2069 1922 2139 perdi-

342 2167 565 2229 tionem,
608 2164 805 2234 quibus
845 2160 985 2217 mala
1024 2158 1727 2231 persuaseruntjactatione
1765 2155 1923 2227 justi-

341 2257 449 2310 tim.
487 2252 651 2322 Cujus
682 2268 787 2308 non
823 2265 904 2320 re,
929 2251 1023 2307 sed
1055 2250 1293 2316 nomine,
1325 2248 1585 2304 adversus
1608 2254 1797 2318 gentes
1818 2246 1925 2318 glo-

346 2346 577 2399 riantur.

416 2433 483 2488 Et
506 2435 561 2488 in
586 2449 830 2505 pressura
868 2447 985 2485 mea
1024 2430 1257 2484 invocavi
1283 2428 1588 2494 Dominum,
1605 2437 1652 2482 et
1665 2426 1736 2482 ad
1756 2426 1927 2483 Deum

341 2541 514 2580 meum
535 2522 756 2577 clamavi
780 2540 798 2577 :
823 2531 873 2577 et
893 2514 1162 2577 exaudivit
1192 2521 1257 2575 de
1290 2518 1483 2591 templo
1505 2528 1689 2574 sancto
1712 2536 1810 2574 suo
1837 2536 1928 2575 vo-

344 2631 454 2669 cem
480 2629 669 2667 meam.
695 2630 713 2664 ι
734 2611 1088 2667 Etexaudivit
1118 2610 1183 2665 de
1208 2608 1369 2665 corde
1389 2623 1529 2674 meo,
1554 2607 1609 2662 in
1638 2623 1747 2677 quo
1777 2608 1929 2663 habi-

346 2713 445 2769 tat,
470 2718 657 2758 vocem
691 2716 889 2756 meam.
908 2700 977 2754 Et
1006 2700 1209 2755 clamor
1232 2717 1376 2755 meus
1404 2701 1458 2754 in
1489 2710 1766 2770 conspectu
1791 2700 1925 2769 ejus.

346 2797 415 2851 Et
440 2795 643 2851 clamor
668 2808 844 2859 meus,
871 2808 1033 2864 quem
1057 2809 1163 2848 non
1187 2793 1239 2848 in
1258 2793 1482 2849 auribus
1511 2791 1810 2856 hominum,
1834 2792 1930 2848 sed

348 2898 531 2942 coram
553 2885 670 2954 ipso
696 2884 840 2938 intus
862 2883 1057 2948 habeo,
1081 2881 1316 2937 introivit
1338 2882 1394 2935 in
1420 2897 1575 2935 aures
1605 2878 1741 2950 ejus.
1775 2901 1794 2933 ι

421 2974 487 3031 Et
509 2958 766 3029 commota
798 2983 875 3029 est
904 3014 918 3038 ,
947 2983 995 3029 et
1035 2971 1344 3027 contremuit
1367 2980 1530 3026 terra.
1574 2987 1592 3023 t
1624 2970 1704 3026 ita
1732 2969 1933 3028 clariﬁ-

2018 1794 2163 1850 valet
2180 1832 2195 1860 ,
2226 1793 2494 1864 quomodo
2522 1789 2728 1846 factum
2755 1789 2850 1855 sit,
2878 1798 2939 1843 ut
2965 1788 3059 1858 qui
3082 1787 3313 1852 exstitit,
3354 1788 3613 1859 concipe.

2020 1891 2170 1939 retur
2196 1923 2212 1950 ,
2240 1890 2297 1938 et
2324 1889 2449 1936 ante
2497 1878 2697 1935 saecula
2735 1885 2926 1933 auctor
2950 1876 3231 1932 hominum
3284 1882 3615 1931 nasceretur

2020 1976 2184 2030 homo
2206 1974 2260 2028 in
2277 1971 2440 2027 ﬁnem
2492 1970 2881 2035 dsaeculorum,
2912 1969 3055 2024 Deus
3099 1983 3230 2024 caro
3253 1976 3442 2034 esset;
3472 1968 3609 2023 Ver-

2020 2067 2149 2121 bum
2179 2064 2358 2120 infans
2385 2063 2559 2120 ﬁeret.
2611 2061 2767 2119 Unde
2810 2069 2961 2117 recte
2987 2068 3044 2117 et
3068 2060 3181 2115 illic
3205 2059 3429 2114 additur
3457 2077 3473 2113 :
3512 2056 3619 2113 ινοδ

2022 2156 2146 2212 lavit
2175 2172 2332 2227 super
2351 2170 2548 2226 pennas
2574 2162 2847 2208 ventorum
2867 2165 2885 2204 :
2902 2152 3032 2222 quia
3050 2150 3304 2207 videlicet
3327 2158 3615 2204 transcen-

2023 2248 2103 2303 dit
2131 2261 2324 2304 omnes
2345 2245 2652 2302 intellectus
2672 2244 2998 2299 animarum.
3055 2242 3233 2298 Vento
3256 2243 3459 2313 quippe
3499 2243 3617 2297 ani-

2025 2352 2168 2391 mam
2194 2335 2413 2407 ﬁgurari
2447 2376 2462 2401 ,
2487 2350 2588 2406 pro
2614 2334 2903 2390 velocitate
2935 2349 3047 2390 suae
3075 2333 3425 2405 cogitationis
3456 2373 3472 2397 ,
3497 2347 3609 2387 non

2026 2426 2471 2483 inconvenienter
2495 2422 2838 2496 accipimus.)
2869 2423 2965 2479 Illa
2991 2431 3174 2479 autem
3201 2421 3481 2485 celeritas,
3503 2434 3615 2491 qua

2026 2533 2086 2573 se
2118 2516 2723 2588 incomprehensibilem
2745 2530 2866 2570 esse
2896 2515 3223 2571 monstravit
3248 2554 3264 2577 ,
3311 2529 3477 2583 super
3508 2513 3617 2567 vir-

2028 2616 2169 2663 tutes
2190 2608 2493 2662 animarum
2515 2614 2618 2672 est,
2636 2607 2834 2677 quibus
2859 2621 2919 2663 se
2949 2606 3118 2661 veluti
3141 2606 3336 2677 pennis
3360 2607 3432 2661 ab
3455 2614 3618 2660 atere

2029 2698 2114 2752 nis
2143 2697 2430 2753 timoribus
2451 2699 2506 2753 in
2538 2712 2700 2753 auras
2736 2697 3003 2753 libertatis
3036 2696 3321 2752 extollunt.
3369 2716 3390 2748 ι

2099 2780 2170 2844 Et
2210 2790 2386 2862 posuit
2433 2789 2671 2845 tenebras
2721 2788 3002 2843 latibulum
3050 2805 3227 2844 suum.
3275 2806 3295 2839 ε
3333 2788 3404 2843 Et
3430 2787 3615 2859 posuit

2031 2878 2418 2936 obscuritatem
2445 2888 2912 2937 sacramentorum
2938 2919 2955 2946 ,
2993 2888 3049 2935 et
3072 2877 3341 2935 occultam
3375 2893 3531 2948 spem
3559 2879 3617 2932 in

2033 2973 2196 3029 corde
2220 2974 2584 3039 credentium,
2608 2972 2698 3027 ubi
2727 2972 2921 3027 lateret
2942 2972 3054 3041 ipse
3075 2986 3182 3026 non
3208 2986 3303 3027 eos
3328 2971 3613 3026 deserens.

348 3074 472 3119 cato
501 3062 612 3118 ﬁlio
634 3062 871 3117 hominis
894 3102 910 3128 ,
937 3062 1345 3117 commotrsunt
1367 3102 1382 3126 ,
1406 3068 1462 3116 et
1487 3067 1933 3117 contremuerunt
1958 3066 2003 3129 C
2039 3075 2063 3103 ο
2094 3064 2255 3137 (Quia
2286 3064 2415 3120 dum
2452 3064 2682 3135 caligine
2723 3073 2923 3119 nostra;
2963 3061 3296 3118 inﬁrmitatis
3343 3062 3611 3118 obscurae

302 3210 311 3213 ν
351 3160 684 3220 peccatores.
714 3150 781 3204 Et
803 3150 1145 3219 fundamenta
1174 3150 1431 3203 montium
1455 3149 1766 3206 conturbata
1786 3160 1929 3205 sunt.

355 3241 422 3294 Et
469 3241 823 3310 superborum
872 3255 1031 3309 spes,
1073 3255 1193 3308 qum
1222 3240 1276 3294 in
1319 3241 1425 3295 hoc
1466 3239 1663 3295 saeculo
1691 3238 1931 3305 fuerunt,

354 3331 691 3386 conturbata:
718 3337 859 3383 sunt.
890 3329 961 3382 Et
1006 3339 1263 3383 commota
1298 3340 1421 3384 sunt
1452 3369 1467 3394 ,
1494 3330 1745 3400 quoniam
1766 3330 1935 3384 iratus

356 3430 431 3475 est
458 3421 531 3474 eis
559 3419 719 3474 Deus.
754 3419 825 3476 Ut
846 3419 1175 3491 scilicetjam
1208 3421 1608 3477 ﬁrmamentum
1634 3436 1745 3476 non
1772 3421 1936 3477 habe-

360 3518 445 3565 ret
469 3509 523 3564 in
573 3509 828 3565 cordibus
856 3509 1138 3564 homirnam
1165 3524 1290 3579 spes
1340 3510 1718 3580 temporalium
1762 3512 1936 3567 bono-

361 3614 503 3655 rum.
545 3619 565 3652 ι

432 3690 678 3745 Ascendit
704 3690 882 3761 fumus
921 3691 977 3745 in
1015 3690 1097 3745 ira
1125 3690 1261 3762 ejus.
1293 3709 1311 3743 ι
1347 3691 1609 3747 Ascendit
1635 3691 1940 3765 lacrymosa

360 3782 671 3855 deprecatio
690 3782 1091 3853 paenitentiam,
1123 3797 1247 3838 cum
1268 3785 1656 3855 cognovissent
1678 3785 1810 3854 quid
1836 3787 1942 3841 mi-

362 3888 525 3936 netur
554 3880 699 3935 Deus
725 3879 923 3950 impiis.
952 3878 1022 3933 Et
1059 3879 1196 3949 ignis
1235 3895 1268 3932 a
1299 3879 1435 3948 facie
1470 3879 1584 3948 ejus
1615 3879 1943 3934 exardescit:

2036 3169 2159 3210 mur
2185 3170 2282 3226 per
2323 3155 2686 3227 ignorantiam
2718 3162 2956 3212 nostram
2981 3188 2998 3220 ο
3032 3154 3189 3210 nobis
3240 3154 3616 3216 absconditur,

2036 3262 2106 3303 ne
2129 3262 2162 3302 a
2190 3247 2344 3304 nobis
2367 3246 2526 3303 modo
2549 3248 2602 3302 in
2624 3255 2827 3303 aeterna
2863 3255 2921 3303 et
2948 3247 3106 3301 ﬁrma
3131 3246 3400 3303 charitate
3436 3247 3619 3301 videad

2038 3337 2169 3411 tur.)
2198 3336 2219 3377 τ
2251 3337 2309 3392 1n
2356 3338 2441 3393 his
2466 3338 2631 3393 etiam
2661 3338 2903 3394 tenebris
2930 3379 2945 3403 ,
2973 3338 3065 3393 ubi
3111 3353 3209 3408 per
3247 3337 3410 3394 ﬁdem
3439 3339 3621 3393 adhuc

2038 3428 2394 3493 ambulamus,
2427 3444 2533 3484 non
2555 3443 2654 3499 per
2680 3430 2913 3500 speciem
2935 3470 2953 3495 ,
2981 3428 3219 3499 quandiu
3243 3429 3388 3499 quod
3409 3445 3519 3485 non
3544 3431 3621 3484 vi-

2040 3520 2229 3575 demus
2261 3559 2276 3584 ,
2324 3533 2606 3589 speramus
2634 3525 2689 3574 et
2722 3533 2819 3590 per
2855 3517 3174 3590 patientiam
3217 3527 3620 3591 exspectamus.

2043 3611 2094 3684 (8
2133 3610 2268 3679 Quia
2295 3625 2423 3667 vero
2444 3619 2637 3666 auctor
2666 3618 2852 3667 noster
2876 3651 2892 3675 ,
2916 3610 3077 3666 nobis
3112 3611 3166 3666 in
3195 3611 3301 3667 hoc
3319 3611 3489 3667 exilio
3534 3612 3627 3667 de-

2037 3703 2217 3775 jectis,
2242 3702 2417 3758 lucem
2448 3717 2559 3758 sua:
2586 3702 2811 3758 visionis
2834 3701 3079 3769 abstulit,
3109 3703 3156 3757 si
3187 3717 3246 3757 se
3272 3703 3480 3758 nostris
3496 3714 3626 3759 ocu—

2046 3795 2129 3859 lis,
2179 3793 2331 3863 quasi
2382 3793 2436 3847 in
2468 3794 2815 3848 tenebrarum
2859 3792 3084 3850 latibulo
3115 3793 3422 3849 abscondit.
3478 3792 3626 3862 Quas

2044 3885 2300 3941 nimirum
2346 3885 2609 3942 caecitatis
2662 3893 2864 3940 nostrae
2914 3886 3169 3941 tenebras
3210 3899 3333 3939 cum
3380 3884 3624 3940 studiose

365 3973 722 4046 Etﬁagrantia
736 3971 1535 4043 charttatispostpmnitentiam
1548 3971 1613 4027 de
1626 3971 1817 4027 notitia
1830 3971 1948 4040 ejus
2048 3978 2409 4047 conspicimus
2438 4016 2454 4042 ,
2489 3986 2728 4032 mentem
2762 3976 2831 4030 ad
2862 3975 3096 4030 lamenta
3126 3988 3468 4030 revocamus.
3513 3973 3629 4028 Flet

365 4064 692 4120 exardescit.
736 4061 999 4119 Carbones
1027 4064 1263 4117 succensi
1308 4072 1429 4117 sunt
1471 4062 1538 4117 ab
1572 4078 1651 4117 eo.
1706 4061 1810 4129 Qui
1833 4062 1948 4133 jam
2047 4068 2192 4123 enim
2224 4068 2520 4123 caecitatem
2547 4106 2563 4131 ,
2607 4081 2768 4136 quam
2809 4065 2943 4121 foris
2979 4066 3182 4136 patitur
3206 4104 3221 4130 ,
3270 4064 3317 4119 si
3347 4063 3630 4119 humiliter

368 4154 567 4211 mortui
596 4161 777 4217 erant,
807 4153 1010 4208 deserti
1036 4153 1104 4208 ab
1130 4153 1253 4224 igne
1273 4153 1400 4207 boni
1435 4151 1714 4217 desiderii,
1742 4167 1807 4207 ac
1828 4152 1949 4208 luce
2052 4157 2331 4223 meminit,
2363 4157 2507 4228 quod
2552 4157 2797 4213 interiori
2843 4156 3049 4211 lumine
3086 4154 3353 4227 privatur.
3386 4153 3636 4226 Cumque

364 4245 592 4315 justitise
618 4284 633 4307 ,
666 4254 721 4298 et
741 4243 963 4312 frigidi,
989 4242 1370 4313 tenebrosique
1402 4253 1797 4307 remanserant,
1828 4257 1952 4297 rur—
2052 4250 2304 4304 tenebras
2326 4289 2342 4315 ,
2375 4248 2570 4318 quibus
2595 4247 2964 4303 circumdatur
2990 4285 3003 4311 ,
3040 4246 3285 4316 respicit,
3326 4244 3637 4315 splendoris

372 4354 465 4391 sus
493 4336 705 4390 accensi
730 4344 784 4391 et
811 4335 1096 4390 illuminati
1126 4336 1462 4391 revixerunt.
1513 4357 1530 4390 ι
2056 4326 2231 4393 intimi
2253 4336 2464 4392 ardenti
2496 4350 2557 4391 se
2585 4336 2855 4392 desiderio
2883 4334 3071 4405 aﬂligit
3094 4375 3109 4400 ,
3153 4334 3410 4404 omnique
3450 4335 3634 4389 inten-

445 4427 516 4481 Et
541 4425 806 4481 inclinavit
845 4424 1055 4489 emtum,
1093 4435 1141 4479 et
1173 4426 1460 4481 descendit.
1506 4446 1524 4478 ι
1557 4428 1623 4483 Et
1641 4426 1950 4482 humiliavit
1974 4412 2025 4472 D
2054 4427 2217 4480 tionis
2240 4426 2360 4481 nisu
2385 4425 2674 4495 semetipsa
2700 4425 2944 4480 concutit
2974 4465 2988 4489 ,
3021 4432 3077 4478 et
3115 4438 3407 4493 supernam
3436 4421 3638 4487 lucem,

262 4582 272 4595 ο
370 4519 597 4591 justum,
628 4524 684 4571 ut
711 4515 1064 4572 descenderet
1079 4516 1145 4570 ad
1163 4516 1439 4570 hominum
1462 4517 1857 4572 inﬁrmitatem.
1882 4514 1952 4570 Et

324 4635 333 4643 ε
374 4608 547 4679 caligo
588 4606 683 4662 sub
710 4607 926 4679 pedibus
956 4606 1093 4677 ejus.
1124 4619 1149 4647 ιι
1179 4606 1387 4678 (Caligo
1431 4606 1549 4677 ejus
1572 4607 1672 4663 sub
1701 4607 1952 4677 pedibus,

376 4702 505 4772 quia
533 4714 640 4754 non
679 4713 741 4753 ea
769 4698 1018 4752 claritate
1057 4698 1127 4752 ab
1153 4697 1499 4752 inferioribus
1530 4697 1803 4764 cernitur,
1846 4712 1953 4767 qua

379 4794 435 4849 in
470 4790 841 4862 superioribus
869 4780 1224 4855 dominatur.)
1248 4789 1404 4859 lmpii
1426 4789 1595 4854 enim,
1624 4789 1715 4859 qui
1741 4798 1957 4845 terrena

380 4881 619 4953 sapiunt,
650 4877 880 4949 caligine
902 4876 1123 4931 malitiae
1143 4892 1256 4932 suae
1280 4893 1389 4932 non
1410 4885 1783 4949 cognoverunt
1797 4893 1922 4933 eum
1942 4897 1956 4933 :

382 4984 528 5028 terra
554 4971 699 5027 enim
720 4968 820 5025 sub
847 4968 1075 5039 pedibus
1099 4966 1219 5038 ejus
1248 4974 1504 5038 tanquam
1548 4969 1841 5026 scabellum
1868 4984 1963 5039 pe-

382 5063 511 5117 dum
542 5058 681 5129 ejus.
720 5079 738 5111 ι
1698 5074 1704 5079 ”

456 5227 481 5286 9
504 5214 579 5269 Ea
606 5255 621 5279 ,
646 5228 767 5285 qua:
808 5212 898 5286 hic
944 5213 1254 5286 parenthesi
1282 5212 1472 5278 clausi,
1490 5227 1554 5286 ea
1578 5229 1814 5286 quoque,
1844 5231 1965 5286 quae

384 5284 639 5366 deinceps
664 5282 1275 5366 :pare‘nthesi‘claudam
1304 5324 1318 5349 ,
1358 5284 1572 5366 noverit
1592 5282 1811 5366 :lector,
1854 5282 1963 5340 non

392 5354 444 5423 in
475 5353 759 5423 Augustini
786 5353 1144 5408 Enarratione
1196 5353 1427 5407 inveniri
1456 5392 1487 5423 ,_
1513 5355 1608 5408 sed
1656 5353 1860 5409 inserta
1892 5371 1961 5411 ex

386 5421 650 5493 Gregorio
671 5422 904 5493 allegato
931 5424 985 5477 in
1022 5423 1198 5478 locum
1229 5423 1373 5477 hunc
1394 5437 1425 5476 a
1460 5421 1699 5490 Paterio,
1730 5440 1892 5493 quem
1914 5425 1961 5481 si

391 5492 545 5553 vult,
594 5492 840 5546 consulat
862 5492 1050 5551 lector.

466 5560 493 5598 ἱ)
530 5558 596 5632 _Ut
636 5577 824 5632 nemo:
846 5576 1036 5632 rursus
1058 5562 1297 5632 habesin
1321 5561 1640 5632 Augustino.

470 5640 493 5664 υ
530 5628 726 5682 lterum
760 5630 812 5681 in
835 5628 1097 5698 Gregorio
1122 5631 1236 5683 hzec
1263 5628 1537 5701 perquire.

2059 4530 2222 4584 quam
2246 4515 2460 4571 condita
2487 4514 2749 4580 deseruit,
2773 4514 2988 4585 repulsa
3012 4528 3124 4583 qua
3136 4515 3228 4568 rit.
3261 4510 3419 4569 Unde
3447 4514 3513 4568 ﬁt
3536 4514 3647 4585 ple-

2061 4623 2312 4678 rumque,
2346 4617 2407 4664 ut
2434 4608 2490 4662 in
2528 4608 2659 4677 ipsis
2688 4608 2793 4679 piis
2816 4606 3034 4662 ﬂetibus
3084 4606 3175 4661 illa
3215 4606 3417 4661 interni
3446 4605 3636 4679 gaudii

2061 4699 2282 4754 claritas
2311 4707 2579 4768 erumpat,
2601 4706 2658 4752 et
2680 4712 2834 4753 mens
2858 4712 2979 4768 qua:
3002 4697 3057 4751 in
3081 4704 3323 4767 tempore
3353 4698 3516 4767 prius
3542 4712 3643 4752 ca:-

2065 4806 2132 4847 ca
2154 4791 2403 4862 jacuerat
2425 4830 2439 4854 ,
2465 4788 2533 4845 ad
2565 4789 2957 4859 inspectionem
2986 4787 3210 4859 fulgoris
3264 4788 3444 4843 intimi
3471 4789 3526 4853 h,
3559 4804 3650 4843 su-

2064 4887 2250 4957 perius
2273 4893 2522 4955 vegetata
2572 4882 2960 4957 convalescat.)
2984 4882 3055 4937 In
3077 4884 3303 4937 circuitu
3324 4882 3444 4952 ejus
3472 4883 3649 4937 tuber.

2066 4976 2316 5033 naculum
2336 4975 2474 5045 ejus.
2505 4974 2764 5031 Conversi
2784 4981 2966 5029 tamen
2992 4973 3060 5029 ad
3086 4973 3260 5043 ipsum
3285 4972 3539 5027 ambiunt
3556 4969 3649 5041 qui

2066 5066 2294 5122 credunt
2325 5064 2400 5131 ei,
2425 5065 2552 5135 quia
2575 5064 2632 5120 in
2660 5063 2838 5120 medio
2867 5078 3056 5119 eorum
3090 5069 3176 5120 est
3206 5102 3223 5131 ,
3244 5078 3368 5119 cum
3395 5063 3649 5118 omnibus

2140 5218 2167 5258 ἆ
2196 5216 2336 5258 Rdit-
2362 5216 2381 5258 ὅ

2146 5218 2167 5258 ιι
2194 5216 2339 5272 Edit.
2362 5216 2417 5271 in
2441 5216 2565 5286 ﬁne.

2146 5301 2169 5329 ο
2358 5296 2679 5370 sequuntur,
2709 5282 2885 5370 donec
2924 5285 3211 5369 pervenias
3240 5299 3255 5339 :
3283 5285 3338 5366 in
3384 5284 3468 5339 Itis
3494 5280 3653 5339 etiam

2071 5374 2172 5415 nec
2188 5355 2247 5412 in
2271 5356 2592 5426 Augustino,
2618 5371 2720 5411 nec
2742 5357 2800 5411 in
2828 5355 3092 5437 Gregorio
3120 5355 3318 5426 reperi.

2151 5427 2169 5467 ί
2198 5426 2413 5496 Rursus
2433 5441 2531 5481 nos
2558 5426 2716 5496 docet
2740 5426 3098 5496 Augustinus.
3246 5493 3255 5496 Α

2147 5499 2172 5538 ις
2196 5463 3371 5565 ἰὶἔεέἴῗίῖιίῖὸἷιίῖζὲὶἶὲ“ῥἰ⁹ο“ῗιῖι’ᾇ“ἐὲ”ὲιεοτίιιεξι
3398 5509 3469 5551 es
3496 5492 3654 5548 Pate-

2076 5568 2176 5647 rio,
2206 5566 2434 5647 ideoque
2450 5564 2832 5647 feuGLregorio,
2863 5564 3140 5647 Claudius.

2146 5638 2170 5676 δ
2206 5635 2372 5701 Edit.,
2397 5635 2879 5706 suspiriis,‘aptius,
2908 5643 2967 5690 ut
2987 5635 3244 5692 arbitror.
