3924 6170
301 340 404 396 ⁸713
483 391 490 406 ,

934 347 1400 416 QUtESTIONES
1439 359 1586 416 XXX
1629 361 1855 420 SUPER
1897 365 2147 424 LIBROS
2188 369 2450 429 REGUM.
2494 405 2562 417 —-
2601 376 2803 435 LIBER
2843 381 2906 439 II.

3451 395 3564 470 fut

293 455 578 526 aequaliter
602 455 762 524 favet,
800 460 852 516 in
880 465 1097 534 quibus,
1127 475 1388 542 tanquam
1412 474 1467 528 in
1496 476 1874 544 tabernaculo,
1905 486 1954 544 Α
1980 481 2316 540 multitudine
2339 501 2620 557 aquarum.
2653 490 2960 565 Assumpslt
2994 513 3080 554 me
3125 500 3190 556 de
3219 464 3566 568 multitudine

292 547 502 604 habitat
529 547 631 603 hoc
667 557 929 621 tempore.
961 555 1255 616 Tenebrosa
1293 581 1432 634 aqua
1460 566 1516 620 in
1545 568 1766 623 nubibus
1791 587 1880 623 ae-

291 639 386 692 ris.
411 637 526 694 Nec
551 649 840 710 propterea
871 647 1158 718 quisquam
1176 651 1229 706 in
1261 653 1350 708 illa
1381 655 1520 723 luce,
1551 673 1670 728 quae
1701 659 1878 716 futura

289 741 391 797 est,
424 747 549 786 cum
577 747 644 788 ex
680 733 785 791 ilde
803 736 870 792 ad
897 740 1132 808 speciem
1155 745 1485 812 venerimus,
1517 747 1628 818 jam
1662 763 1721 804 se
1759 765 1880 806 esse

288 822 607 890 arbitretur,
635 824 679 879 si
706 824 1016 898 Scripturas
1043 840 1189 886 recte
1217 833 1487 906 intelligit.
1518 839 1572 892 In
1596 842 1879 915 prophetis

287 913 458 980 enim,
495 923 658 986 atque
682 917 735 972 in
765 920 1016 977 omnibus
1046 923 1216 979 divini
1245 928 1397 983 verbi
1423 913 1875 1000 prtedicatoribus

284 1006 517 1062 obscura
546 1009 794 1064 doctrina
842 1022 926 1067 est
950 1026 975 1053 ι
1005 1015 1172 1088 (quia
1202 1027 1326 1080 ante
1362 1023 1652 1080 adventum
1687 1026 1873 1086 Domi-

282 1100 362 1164 ni,
392 1101 519 1155 dum
554 1101 782 1156 occultis
817 1108 1174 1164 sacramentis
1207 1111 1414 1178 gravidi
1441 1153 1457 1181 ,
1484 1118 1741 1188 mysteria
1775 1120 1876 1175 im-

281 1206 469 1247 mensa
485 1201 785 1263 gestarent,
804 1195 1132 1257 intuentium
1144 1203 1337 1273 oculis,
1353 1221 1542 1263 eorum
1567 1210 1872 1285 intelligen-

281 1285 359 1338 tia
395 1284 707 1358 caligabat.)
741 1307 758 1340 ι

354 1373 478 1430 Prae
506 1376 712 1448 fulgore
733 1381 788 1433 in
814 1393 1097 1454 conspectu
1125 1388 1240 1459 ejus
1272 1403 1289 1442 :
1326 1409 1344 1442 ι
1375 1391 1428 1449 in
1464 1396 1870 1467 comparatione

276 1469 526 1540 fulgoris,
567 1473 654 1541 qui
684 1482 766 1528 est
795 1475 848 1530 in
876 1489 1167 1550 conspectu
1203 1523 1218 1547 ,
1247 1486 1702 1546 manifestationis
1727 1492 1864 1562 ejus.

277 1559 461 1616 Nubes
485 1563 647 1634 ipsius
698 1567 1056 1626 transierunt.
1099 1572 1490 1634 Praedicatores
1521 1581 1673 1636 verbi
1726 1581 1860 1652 ejus,

275 1666 386 1707 non
415 1651 530 1720 jam
551 1652 749 1711 Judaeae
777 1657 975 1716 finibus
1003 1664 1372 1734 continentur,
1407 1673 1504 1728 sed
1531 1651 1866 1731 transierunt

274 1743 344 1797 ad
393 1751 598 1815 gentes.
655 1745 944 1817 (Universa
990 1754 1179 1834 mundi
1235 1759 1409 1828 spatia
1466 1762 1858 1822 miraculorum

1985 573 2327 643 populorum.
2367 598 2387 631 ι

2054 669 2212 724 Eruit
2250 689 2333 728 me
2359 673 2424 728 de
2449 675 2674 732 inimicis
2709 682 2836 738 meis
2865 683 3188 753 fortissimis,
3238 711 3257 742 ‹
3297 692 3456 753 Emit
3475 677 3567 756 me

1981 763 2048 815 de
2077 762 2310 819 inimicis
2337 767 2502 832 meis,
2536 771 2629 844 qui
2656 774 3058 840 praevaluerunt
3104 781 3171 836 ad
3199 783 3564 862 allligendam,

1978 858 2035 906 et
2068 854 2133 907 ad
2159 858 2575 925 pervertendam
2603 860 2766 916 istam
2788 867 3140 936 temporalem
3167 854 3334 932 vitam
3360 854 3564 937 meam;

1980 941 2051 1000 Et
2087 944 2150 999 ab
2178 946 2260 1001 Itis
2302 949 2393 1020 qui
2442 951 2664 1008 oderunt
2693 972 2773 1010 me
2795 998 2810 1023 ,
2837 960 3086 1030 quoniam
3128 967 3413 1037 confortati
3436 986 3563 1031 sunt

1976 1049 2134 1106 super
2160 1055 2240 1091 me
2269 1052 2287 1090 :
2313 1041 2553 1110 quandiu
2586 1044 2686 1100 sub
2713 1046 2843 1116 ipsis
2872 1064 2992 1110 sum
3023 1051 3279 1124 ignorans
3311 1059 3500 1118 Deum.
3538 1089 3556 1117 ι

2049 1125 2426 1191 Prtevenerunt
2442 1151 2522 1188 me
2541 1136 2595 1191 in
2609 1137 2691 1191 die
2704 1139 2995 1210 alflictionis
3009 1161 3156 1208 mete,
3189 1166 3207 1198 ι
3229 1149 3446 1211 Priores
3460 1157 3564 1212 mi-

1974 1218 2030 1274 hi
2049 1234 2352 1279 nocuerunt
2382 1225 2437 1280 in
2467 1235 2709 1299 tempore
2738 1247 2846 1303 quo
2873 1237 3120 1305 mortale,
3143 1248 3198 1295 et
3225 1242 3558 1307 laboriosum

1973 1327 2170 1386 corpus
2216 1331 2364 1386 gero.
2417 1317 2484 1372 Et
2534 1320 2717 1388 factus
2737 1334 2812 1378 est
2862 1325 3121 1385 Dominus
3165 1333 3558 1402 ﬁrmamentum

1972 1419 2164 1457 meum.
2197 1404 2265 1458 Et
2307 1408 2563 1480 quoniam
2603 1413 2964 1470 amaritudine
2990 1418 3334 1484 miseriarum
3376 1427 3558 1488 ﬁrma—

1969 1501 2212 1548 mentum
2245 1504 2474 1552 terrena:
2500 1499 2528 1538 δ
2562 1500 2857 1564 voluntatis
2885 1509 3308 1568 contribulatum
3334 1555 3349 1582 ,
3393 1524 3560 1588 atque

1969 1584 2286 1642 convulsum
2336 1596 2457 1655 est,
2505 1589 2680 1648 lactus
2718 1602 2805 1649 est
2852 1595 3115 1656 Dominus
3151 1601 3555 1677 ﬁrmamentum

1968 1688 2169 1729 meum.
2207 1694 2226 1728 ι

2037 1762 2108 1818 Et
2138 1765 2317 1820 eduxit
2349 1784 2430 1824 me
2477 1769 2531 1824 in
2561 1769 2916 1832 latitudinem.
2960 1795 2978 1830 ‹
3009 1777 3078 1834 Et
3131 1779 3257 1854 quia
3300 1783 3552 1842 carnales

273 1831 528 1889 claritate
555 1839 926 1913 percurrunt.)
955 1831 1171 1898 Grande
1204 1855 1252 1900 et
1290 1849 1542 1905 carbones
1572 1852 1725 1924 ignis.
1749 1855 1848 1912 01)»-

1969 1853 2267 1923 patiebatur
2294 1859 2592 1929 angustias,
2618 1861 2804 1918 eduxit
2829 1881 2916 1920 me
2931 1865 2984 1920 in
3009 1831 3344 1944 spiriiualem
3369 1873 3555 1933 latitu-

269 1924 594 1996 iurgationis
612 1926 875 1998 figuratae,
900 1932 1096 2003 quibus
1119 1937 1265 1991 velut
1287 1941 1553 2011 grandine
1576 1946 1739 2000 corda
1755 1945 1854 2002 du-

269 2030 330 2069 ra
365 2016 686 2073 tunduntur.
718 2017 775 2075 Si
811 2029 995 2078 autem
1031 2032 1176 2081 terra
1208 2028 1372 2097 culta,
1399 2040 1454 2087 et
1486 2034 1652 2100 mitis,
1687 2034 1740 2094 id
1769 2046 1855 2093 est

267 2107 390 2176 pius
417 2109 630 2166 animus
656 2114 970 2184 exceperit,
999 2116 1198 2173 duritia
1223 2123 1499 2192 grandinis
1543 2127 1598 2182 in
1621 2143 1851 2202 aquam,

266 2195 319 2250 id
341 2205 423 2252 est
447 2207 622 2254 terror
649 2199 933 2272 fulgurata:
966 2245 981 2271 ,
1008 2215 1064 2261 et
1091 2210 1249 2278 quasi
1281 2215 1576 2281 congelatas
1605 2195 1856 2290 obiurga;-

264 2287 432 2344 tionis
468 2289 524 2344 in
575 2291 880 2347 doctrinam
927 2296 1221 2352 satiantem
1249 2301 1557 2357 resolvitur.
1604 2287 1731 2378 Igne
1760 2287 1855 2363 au-

267 2386 378 2434 tcm
401 2381 688 2437 cbaritatis
711 2398 942 2441 accensa
959 2386 1125 2442 corda
1146 2389 1495 2447 reviviscunt.
1530 2394 1656 2450 Haec
1674 2401 1856 2454 omnia

263 2471 321 2525 in
345 2471 580 2526 nubibus
600 2471 770 2541 ipsius
799 2474 865 2528 ad
893 2484 1081 2545 gentes
1126 2480 1480 2536 transierunt.
1508 2484 1526 2555 (
1556 2485 1690 2554 Quia
1711 2488 1857 2543 vide-

263 2558 396 2614 licet
425 2561 600 2618 sancti
632 2563 733 2618 viri
784 2566 949 2620 corda
981 2568 1316 2625 audientium
1343 2612 1358 2637 ,
1403 2582 1458 2628 et
1484 2582 1752 2632 terrentes
1782 2577 1858 2633 fe-

266 2649 438 2717 riunt,
465 2659 519 2706 et
547 2651 888 2710 blandientes
910 2655 1220 2714 infundunt.
1249 2658 1384 2716 Nam
1401 2663 1855 2733 quemadmodum

260 2739 484 2807 feriant,
509 2744 774 2814 propheta
801 2755 988 2803 noster
1011 2757 1242 2806 testatur
1269 2753 1455 2809 dicens
1472 2755 1644 2826 (Psal.
1673 2773 1852 2824 cxuv,

259 2831 318 2901 6)
353 2847 369 2886 :
410 2831 664 2890 Virtutem
695 2838 1010 2894 terribilium
1051 2851 1262 2897 tuorum
1291 2844 1483 2912 dicent,
1514 2857 1563 2902 et
1592 2849 1855 2919 magnitu-

253 2920 438 2976 dinem
490 2933 638 2979 tuam
685 2928 982 2984 narrabant
1032 2947 1051 2984 :
1087 2940 1141 2987 et
1192 2936 1648 3005 quemadmodum
1694 2938 1842 2994 blan-

255 3012 474 3068 dientes
507 3014 730 3085 vigent,
766 3027 985 3076 secutus
1032 3020 1277 3094 adjunxit
1303 3023 1492 3097 (Ibid.,
1525 3045 1569 3082 υ.
1601 3029 1656 3101 7)
1691 3046 1704 3083 :
1736 3028 1851 3084 Me-

251 3102 482 3159 moriam
533 3104 872 3161 abundantia:
920 3112 1195 3167 suavitatis
1245 3123 1350 3169 tute
1396 3116 1726 3173 eructabunt.
1780 3119 1852 3174 Et

245 3192 466 3261 iustitia
493 3202 584 3249 tua
602 3195 956 3254 exsultabant.
978 3202 997 3273 )
1033 3221 1052 3256 ι

322 3302 400 3360 Et
425 3305 647 3363 intonuit
672 3307 736 3362 de
761 3309 886 3365 calo
907 3311 1186 3370 Dominus.
1209 3333 1227 3368 t
1269 3316 1338 3373 Et
1363 3320 1676 3392 evangelica
1705 3323 1847 3379 iidu-

248 3398 336 3453 cia
369 3398 436 3455 de
458 3401 618 3456 corde
635 3401 766 3472 justi
793 3405 974 3461 sonuit
994 3408 1273 3466 Dominus.
1290 3411 1361 3468 Et
1381 3412 1682 3471 Altissimus
1700 3416 1844 3472 dedit

247 3504 430 3542 vocem
450 3507 623 3547 suam.
656 3493 722 3549 Ut
758 3496 1081 3555 haberemus
1119 3516 1261 3568 eam,
1289 3504 1422 3558 etin
1452 3505 1720 3575 profundo
1760 3525 1840 3564 re-

247 3594 374 3654 run)
400 3582 757 3642 humanarum
785 3589 1096 3647 audiremus
1123 3593 1386 3650 cmlestia.
1429 3617 1447 3649 ι

317 3696 397 3750 Et
422 3699 562 3753 misit
595 3701 814 3772 sagittas
844 3720 1000 3770 suas,
1045 3716 1093 3759 et
1116 3708 1385 3779 dissipavit
1413 3727 1519 3768 eos.
1565 3730 1584 3764 ι
1616 3715 1684 3771 Ει
1712 3719 1841 3773 etni-

245 3785 316 3839 sit
340 3787 718 3860 Evangelistas
732 3794 924 3863 pennis
945 3795 1206 3854 virtutum
1221 3809 1368 3856 recta
1383 3802 1578 3860 itinera
1591 3813 1840 3865 transvo-

245 3875 448 3944 lantes.
488 3896 596 3936 non
625 3883 758 3948 suis,
785 3884 881 3939 sed
900 3882 1018 3954 ejus
1044 3901 1075 3941 a
1105 3903 1214 3958 quo
1254 3891 1406 3947 missi
1440 3903 1569 3949 sunt
1605 3896 1832 3953 viribus.

242 3969 310 4024 Et
329 3971 590 4043 diSpersit
617 3989 734 4042 eos,
766 3979 832 4032 ad
867 3992 1004 4048 quos
1027 3978 1176 4036 missi
1200 3994 1362 4052 sunt,
1395 3995 1455 4040 ut
1480 3987 1604 4043 aliis
1645 4004 1836 4046 eorum

240 4067 433 4114 essent
449 4062 582 4118 odor
605 4065 730 4120 vita:
759 4067 813 4122 in
848 4068 1037 4134 vitam,
1061 4069 1182 4126 aliis
1217 4071 1355 4128 odor
1382 4077 1573 4134 mortis
1597 4078 1654 4134 in
1690 4096 1836 4136 mor-

241 4159 376 4207 tem.
407 4150 478 4205 Et
514 4157 900 4213 coruscationes
950 4159 1315 4232 nmltiplicavit
1347 4205 1362 4230 ,
1408 4176 1458 4220 et
1507 4170 1833 4226 conturbavit

239 4256 347 4296 eos.
387 4241 457 4298 Et
484 4244 744 4302 miracula
783 4249 1185 4321 multiplicavit,
1220 4261 1276 4309 et
1295 4258 1642 4314 conturbavit
1677 4275 1826 4318 eos.»

310 4353 389 4408 Et
411 4371 767 4427 apparuerunt
795 4361 963 4433 fontes
989 4381 1267 4437 aquarum.
1307 4388 1326 4422 t
1368 4370 1437 4426 Et
1460 4386 1836 4444 apparuerunt

239 4445 332 4514 qui
356 4444 493 4501 facti
515 4457 674 4504 erant
713 4449 768 4506 in
792 4454 1217 4523 praedicantibus
1241 4458 1419 4517 fontes
1438 4463 1620 4535 (Joan.
1646 4466 1832 4541 IVJ‘)

239 4554 510 4612 aquarum
544 4544 848 4600 salientium
878 4547 935 4604 in
972 4551 1137 4608 vitam
1166 4563 1446 4612 aeternam.
1492 4559 1561 4614 Et
1600 4562 1829 4619 revelata
1854 4570 1910 4630 D
2007 4572 2074 4627 Et
2100 4577 2332 4631 secunda

237 4644 360 4687 sunt
395 4632 740 4702 fundamenta
782 4639 922 4694 orbis
947 4651 1228 4699 terrarum.
1263 4646 1508 4706 Revelati
1543 4662 1672 4707 sunt
1699 4669 1826 4726 pro-

237 4725 438 4794 phetae,
472 4729 562 4798 qui
593 4745 700 4785 non
731 4732 1170 4803 iutelligebantur
1194 4781 1209 4804 ,
1242 4756 1406 4813 super
1427 4760 1564 4815 quos
1589 4725 1826 4805 aadilica—

237 4825 394 4871 retur
425 4817 573 4874 orbis
597 4827 865 4881 terrarum
888 4823 1114 4880 credens
1137 4826 1382 4884 Domino.
1413 4830 1491 4886 Ab
1512 4834 1825 4908 increpatio-

237 4923 300 4961 ne
321 4919 439 4974 tua,
463 4908 685 4967 Domine
725 4913 1009 4971 clamantis
1049 4916 1199 4990 (Luc.
1218 4935 1276 4989 ι,
1303 4921 1359 4995 9)
1385 4941 1397 4976 :
1426 4928 1826 5001 appropinqua-

232 4999 312 5054 vit
334 5015 502 5071 super
525 5018 622 5059 vos
665 5020 894 5078 regnum
921 5007 1018 5063 Dei
1046 5027 1058 5062 :
1100 5010 1175 5065 Ab
1215 5012 1574 5084 increpatione
1602 4999 1821 5089 spiritus

232 5090 329 5144 ira:
372 5101 524 5148 tute:
552 5094 784 5152 dicentis
823 5095 974 5169 (Luc.
1015 5115 1137 5168 am,
1167 5101 1222 5174 5)
1265 5120 1278 5156 :
1316 5105 1418 5158 nisi

230 5185 459 5252 egeritis,
494 5204 670 5243 omnes
694 5189 938 5245 similiter
965 5193 1282 5250 moriemini.
1318 5217 1336 5250 s

289 5292 456 5349 .Ilisit
473 5297 537 5352 de
563 5315 793 5365 summa,
831 5309 881 5355 et
903 5303 1099 5375 accepit
1127 5320 1228 5359 me.
1267 5321 1286 5358 t
1312 5304 1570 5364 Vocando
1597 5325 1661 5365 ex
1681 5326 1781 5382 gen
1797 5344 1814 5356 ο

228 5384 381 5442 tibus
431 5388 487 5443 in
531 5391 906 5449 hereditatem
956 5393 1245 5464 gloriosam
1275 5436 1291 5461 ,
1331 5396 1632 5455 Ecelesiam
1663 5439 1679 5466 ,
1708 5410 1814 5457 non

1957 1943 2137 2000 dinem
2150 1946 2293 2002 fidei.
2323 1947 2372 2002 E
2374 1950 2478 2004 ruit
2491 1968 2592 2016 me,
2609 1953 2854 2024 quoniam
2865 1956 3030 2014 voluit
3043 1943 3148 2019 me.
3166 1962 3471 2036 Antequam
3492 1970 3553 2027 il-

1955 2031 2067 2090 lum
2089 2051 2188 2107 ego
2203 2038 2416 2107 vellem,
2441 2043 2681 2099 eruitme
2702 2044 2769 2100 de
2803 2047 3038 2110 inimicis
3077 2052 3212 2111 meis
3237 2059 3552 2130 potentissi-

1955 2124 2079 2190 mis,
2102 2127 2192 2198 qui
2225 2127 2358 2186 mihi
2384 2128 2625 2186 invident
2637 2131 2752 2202 jam
2776 2136 2978 2198 volenti
3001 2155 3148 2209 eum,
3175 2124 3320 2200 et'ab
3345 2147 3433 2204 bis
3457 2151 3548 2223 qui

1955 2215 2187 2272 oderunt
2208 2234 2314 2286 me,
2353 2222 2478 2292 quia
2502 2224 2624 2280 volo
2654 2243 2799 2282 eum.
2840 2249 2860 2283 s

2027 2305 2096 2361 Et
2146 2311 2392 2366 retribuet
2446 2316 2574 2369 mihi
2635 2317 2892 2375 Dominus
2943 2327 3231 2386 secundum
3279 2331 3548 2400 justitiam

1956 2411 2144 2449 meam.
2177 2415 2194 2446 ε
2225 2398 2659 2460 Retrihuetmibi
2680 2407 2940 2466 Dominus
2955 2417 3252 2476 secundum
3271 2398 3544 2488 justitiam

1956 2483 2113 2538 bonas
2144 2487 2457 2558 voluntatis,
2507 2500 2597 2564 qui
2625 2498 2776 2570 prior
2803 2503 3038 2574 praebuit
3089 2483 3543 2582 misericordiam.

1956 2582 2250 2646 antequam
2271 2580 2523 2641 haberem
2549 2587 2744 2658 bonam
2757 2591 3111 2652 voluntatem.
3158 2599 3231 2654 Et
3257 2580 3546 2664 secundum

1955 2663 2235 2731 puritatem
2269 2684 2520 2726 manuum
2552 2691 2788 2732 mearum
2806 2683 3052 2741 retribuet
3079 2689 3227 2748 mihi.
3258 2691 3324 2751 Et
3348 2709 3548 2751 secun-

1955 2843 2048 2913 qui
2076 2845 2264 2904 tribuit
2291 2851 2424 2910 mihi
2448 2894 2463 2918 ,
2498 2864 2556 2909 ut
2581 2855 2722 2915 bene
2743 2857 2979 2920 facerem
3001 2907 3017 2934 ,
3048 2868 3330 2932 educendo

1955 2933 2293 2994 latitudinem
2316 2942 2460 2998 iidei.
2495 2964 2514 2999 ι

2030 3024 2169 3091 Quia
2196 3033 2455 3089 custodiri
2485 3038 2594 3093 rias
2628 3037 2864 3102 Domini.
2907 3063 2926 3097 t
2965 3047 3035 3104 Ut
3060 3050 3115 3107 in
3148 3063 3168 3090 ε
3196 3053 3541 3121 latitudinem

1953 3110 2221 3174 bonorum
2246 3136 2491 3193 operum,
2525 3144 2646 3199 qua:
2675 3129 2773 3202 per
2795 3134 2954 3192 iidem
2978 3150 3122 3210 sunt,
3145 3152 3200 3199 et
3223 3145 3543 3221 longanimi.

1876 3217 1922 3282 α
1956 3208 2042 3262 tas
2074 3216 2476 3278 perseverando
2502 3233 2883 3294 consequatur.
2923 3249 2943 3282 ι

2030 3297 2145 3354 Nec
2172 3302 2325 3374 impie
2347 3309 2483 3378 gessi
2515 3329 2548 3365 a
2574 3311 2684 3371 Deo
2725 3332 2838 3372 meo
2866 3360 2882 3387 ,
2909 3325 3162 3397 quoniam
3191 3333 3368 3388 omnia
3380 3335 3538 3410 judi-
3617 3383 3622 3386 .

1951 3386 2034 3442 cia
2055 3391 2169 3461 ejus
2187 3394 2241 3447 in
2262 3410 2536 3470 conspectu
2560 3421 2672 3460 meo
2695 3421 2816 3467 sunt
2838 3429 3057 3485 semper.
3091 3436 3109 3470 t
3143 3386 3411 3490 Quoniam
3424 3443 3538 3488 οων

1951 3479 2041 3536 nia
2054 3480 2257 3553 judicia
2281 3486 2419 3559 ejus,
2447 3492 2599 3551 idest
2617 3495 2643 3538 ἀ
2668 3515 2767 3572 per
2789 3504 3223 3570 misericordiam
3236 3515 3535 3590 justorum,

1949 3581 2003 3628 et
2035 3591 2226 3647 pmnas
2270 3582 2559 3655 impiorum
2583 3631 2598 3655 ,
2631 3601 2686 3648 et
2719 3593 2926 3668 ﬂagella
2961 3581 3404 3678 corrigendorum
3431 3652 3446 3675 ,
3481 3581 3536 3668 ei

1949 3667 2278 3764 tentationcs
2327 3677 2729 3744 probandorum
2777 3667 3155 3758 perseveranii
3203 3702 3534 3771 contempla-

1946 3752 2094 3810 tione
2122 3761 2424 3819 considero.
2468 3766 2538 3822 Et
2574 3752 2818 3841 justitias
2858 3778 2973 3848 ejus
3026 3798 3131 3837 non
3166 3787 3334 3855 repuli
3365 3807 3398 3845 a

1944 3841 2098 3909 Quod
2116 3845 2323 3905 faciunt
2345 3853 2655 3914 deﬁcientes
2677 3863 2777 3918 sub
2805 3841 3016 3924 saicina
3043 3841 3253 3941 earum,
3278 3885 3524 3942 etrever-

1945 3937 2134 3988 tuntur
2156 3937 2224 3991 ad
2253 3941 2513 3999 vomitum
2542 3962 2719 4006 suum.
2761 3971 2781 4004 ι

2013 4020 2085 4075 Et
2144 4044 2234 4082 ero
2281 4030 2653 4096 immaculatus
2695 4059 2871 4100 coram
2914 4063 2994 4116 eo,
3024 4059 3072 4106 et
3117 4052 3396 4114 observabo
3444 4077 3528 4120 me

1939 4110 2005 4166 ab
2026 4113 2300 4184 iniquitate
2325 4138 2458 4179 mea.
2488 4125 2558 4183 Et
2585 4133 2835 4191 retribuet
2859 4110 2990 4196 mihi
3041 4140 3298 4204 Dominus
3339 4167 3526 4211 secun—

1937 4209 2064 4265 dum
2093 4211 2363 4282 justitiam
2389 4233 2578 4274 meam.
2617 4238 2637 4272 t
2662 4221 2847 4295 Itaque
2875 4244 2980 4288 non
3003 4231 3179 4292 solum
3201 4249 3425 4312 propter
3445 4209 3525 4300 la-

1941 4300 2227 4362 titudinem
2253 4305 2420 4401 ﬁdei,
2449 4325 2570 4380 qua:
2589 4329 2690 4386 per
2713 4317 3060 4381 dilectionem
3091 4300 3352 4401 operatur
3378 4376 3394 4401 .
3424 4338 3522 4396 sed

1937 4393 2102 4448 etiam
2129 4405 2353 4468 propter
2385 4397 2778 4472 longitudinem
2805 4393 3227 4482 perseverantia:
3255 4393 3523 4484 retribucl

1939 4481 2070 4538 mihi
2103 4485 2362 4544 Dominus
2385 4493 2683 4551 secundum
2706 4497 2976 4567 justitiam
3000 4521 3196 4566 meam.
3234 4531 3253 4564 ι

2336 4596 2386 4632 m
2403 4583 2687 4652 puritatem
2716 4604 2969 4648 manuum
2992 4611 3226 4654 mearum
3273 4606 3520 4665 retribuet

1932 4664 2060 4719 mihi
2102 4667 2154 4722 in
2201 4683 2476 4742 conspectu
2520 4675 2795 4734 oculorum
2841 4683 2976 4754 ejus.
3029 4705 3049 4740 ‹
3083 4688 3351 4760 Quoniam
3393 4714 3518 4770 qua

1930 4754 2204 4826 videntur,
2231 4766 2552 4834 temporalia
2580 4780 2745 4838 sunt;
2776 4787 2896 4844 qua:
2920 4754 3232 4841 aute'non
3262 4754 3518 4850 viden-tur

1930 4857 2133 4906 {eterna
2156 4863 2300 4921 sunt,
2334 4873 2441 4929 quo
2466 4861 2704 4932 pertinet
2729 4864 2958 4927 altitudo
2984 4873 3118 4943 spei.
3155 4895 3176 4930 ι

2000 4938 2132 4998 Cum
2161 4958 2343 5003 sancto
2377 4961 2593 5008 sanctus
2615 4957 2738 5011 eris.
2777 4975 2795 5010 t
2827 4958 2922 5019 Est
2948 4938 3113 5021 etiam
3140 4970 3352 5027 occulta
3382 4988 3510 5044 pro-

1925 5030 2184 5105 funditas,
2229 5055 2334 5111 qua
2385 5042 2701 5119 intelligeris
2755 5067 2877 5108 cum
2908 5066 3096 5116 sancto
3127 5071 3350 5122 sanctus
3375 5030 3508 5136 eris.

1463 5107 1820 5177 pmnitentiam

2246 5107 2262 5111 ν
2556 5107 2588 5119 ν
2910 5107 3091 5116 ηπ---
3127 5107 3350 5122 -..ηπ-ν
3376 5107 3508 5136 ms,

1969 5125 2052 5180 uia
2081 5134 2140 5183 tu
2166 5132 2495 5190 sanctiﬁcas.
2544 5136 2615 5192 Et
2639 5155 2760 5195 cum
2790 5143 2899 5198 uiro
2941 5147 3216 5206 innocente
3256 5153 3508 5214 innocens

1921 5218 2066 5273 eris:
2094 5227 2150 5275 et
2168 5222 2298 5291 quia
2317 5225 2450 5282 nulli
2491 5243 2687 5298 noces,
2733 5235 2827 5290 sed
2855 5237 3132 5296 criuiculis
3153 5255 3504 5312 peccatorum

1923 5323 2144 5368 suorum
2172 5317 2545 5391 unusquisque
2571 5325 2983 5398 constringitur.
3019 5350 3038 5384 ι

1991 5399 2200 5459 Etcum
2228 5405 2388 5463 electo
2417 5409 2610 5466 electus
2633 5415 2756 5470 eris.
2792 5435 2811 5468 σ
2846 5417 2915 5474 Et
2938 5419 3008 5475 ab
3035 5437 3101 5480 eo
3130 5441 3292 5498 quum
3322 5429 3496 5505 eligis,

227 5477 525 5536 habentem
571 5484 862 5552 maculam,
896 5492 992 5540 aut
1021 5500 1207 5556 rugam
1241 5502 1256 5540 :
1301 5487 1597 5562 Assumpsit
1641 5509 1723 5547 me
1747 5493 1815 5547 de
1916 5493 2163 5566 elegeris.
2197 5496 2263 5552 Et
2292 5510 2316 5539 σ
2347 5516 2464 5556 cum
2486 5506 2738 5573 perversis
2768 5477 3101 5572 subveneris.

298 5663 327 5740 ξ
355 5637 942 5740 Ξξᾳρἰεᾳὺεᾷςᾳθηιὶε
963 5658 1478 5738 Paterius,ideoque
1493 5664 1810 5740 Gregorius.

298 5721 329 5761 δ
359 5723 501 5798 ﬁdit.
529 5721 827 5798 uoluptalis.
1216 5721 1266 5792 Γ-

294 5802 320 5831 ⁸
366 5791 508 5850 Edit.
543 5791 790 5852 latiiudo.

627 5888 903 5952 ΡΑτηοι.
939 5891 1095 5956 CIV.

1987 5672 2012 5713 ἀ
2214 5686 2267 5731 et
2293 5681 2513 5749 praemia
2532 5682 2824 5752 justorum.

1993 5755 2018 5785 ο
2044 5744 2188 5804 Edit.
2217 5744 2488 5818 pervasus
2516 5744 2638 5810 e'ris.
