3924 6170
338 292 444 352 715

1390 283 1666 343 CLAl'Dll
1704 280 2159 340 TAURINENSIS
2194 281 2499 338 EPISCOPI

3478 284 3566 341 Tib

337 423 498 464 verso
542 407 742 462 videris
768 414 1053 477 pervorsus
1088 421 1100 456 :
1134 415 1159 442 ι
1195 403 1265 457 ob
1310 402 1454 473 quod
1485 401 1564 456 eis
1593 414 1699 455 non
1741 397 1908 463 faves,
1940 399 1992 460 Α
2018 396 2185 466 quilla
2214 437 2231 464 ,
2263 407 2315 453 et
2356 397 2538 453 mollia
2574 436 2590 464 ,
2619 398 2712 453 sed
2743 398 2906 453 etiam
2957 413 3056 470 per
3087 413 3278 469 aspera
3313 438 3327 462 ,
3365 407 3424 454 ct
3457 400 3574 456 dura

330 512 624 567 pervorsus
649 510 768 551 esse
792 492 993 548 videris
1015 533 1030 559 ,
1055 491 1311 563 quoniam
1337 491 1523 548 dicunt
1547 506 1652 545 non
1674 495 1758 545 est
1788 502 1908 543 rec-

337 595 392 640 ta
422 586 505 640 via
537 582 745 639 Domini
775 598 789 636 ;
826 588 883 636 et
919 581 1163 651 ipsorum
1191 581 1279 635 via
1308 595 1418 635 non
1455 588 1541 635 est
1563 586 1737 635 recta.
1777 597 1795 630 ι

408 677 673 743 Quoniam
693 681 754 729 tu
779 672 1027 746 papulum
1040 672 1287 727 humilem
1305 671 1505 726 salvum
1531 670 1713 741 facies.
1748 687 1766 721 ι
1797 666 1909 723 Hoc

335 775 515 820 autem
546 779 884 835 perversum,
904 764 1117 819 videtur
1140 764 1413 833 perversis
1430 803 1445 827 ,
1473 761 1616 833 quod
1641 759 1907 817 conﬁten-

336 865 417 912 tes
439 864 658 928 peccata
703 870 800 911 sua
822 854 997 909 salvos
1022 851 1208 908 facies.
1238 852 1305 906 Et
1329 851 1508 907 oculos
1559 850 1901 921 superborum

334 947 654 1002 ltumiliabis.
683 946 1000 1018 lgnorantes
1025 953 1207 999 autem
1232 942 1329 999 Dei
1353 941 1645 1013 justitiam,
1674 948 1730 995 et
1754 953 1906 994 suam

334 1035 579 1090 volentes
605 1036 953 1096 constituere,
978 1032 1309 1089 humiliabis.
1350 1053 1367 1085 ι

408 1124 669 1192 Quoniam
715 1135 772 1179 tu
808 1124 837 1165 δ
884 1122 1205 1178 illuminabis
1268 1121 1535 1176 lucernam
1564 1137 1754 1186 meam,
1796 1118 1909 1173 Do—

333 1216 490 1269 mine.
550 1233 568 1267 t
606 1214 870 1282 Quoniam
896 1229 1005 1268 non
1038 1222 1121 1269 est
1148 1221 1391 1269 nostrum
1417 1212 1598 1266 lumen
1642 1227 1708 1266 ex
1732 1210 1908 1273 nobis,

335 1305 430 1361 sed
474 1312 529 1363 tu
579 1305 907 1362 illuminabis
931 1304 1206 1360 lucernam
1245 1317 1419 1357 meam
1444 1344 1458 1369 ,
1487 1303 1735 1358 Domine.
1770 1302 1910 1355 Deus

334 1414 501 1466 meus,
550 1398 792 1455 illumina
821 1397 1056 1453 tenebras
1101 1413 1265 1452 meas.
1323 1395 1432 1452 Nos
1484 1397 1627 1451 enim
1674 1395 1911 1467 peccatis

333 1489 536 1545 nostris
568 1489 805 1545 tenebrre
831 1502 1050 1554 sumus,
1088 1487 1182 1542 sed
1217 1486 1361 1543 Deus
1406 1502 1558 1542 meus
1585 1486 1913 1544 illuminabit

334 1580 589 1636 tenebras
617 1594 787 1634 meas.
819 1599 839 1632 ι

404 1668 668 1735 Quoniam
690 1679 791 1724 ate
813 1680 835 1709 ο
860 1670 1057 1742 eripior
1073 1688 1106 1725 a
1135 1669 1432 1725 tentatione.
1469 1687 1487 1720 ι
1516 1666 1777 1737 Quoniam
1800 1682 1928 1725 non‘

2011 487 2324 544 transimus.
2356 487 2501 544 Bene
2540 503 2670 559 ergo
2713 503 2813 559 per
2842 489 3176 560 psalmistam
3203 489 3407 545 dicitur
3435 504 3450 542 :
3482 490 3576 558 Qui

2006 578 2224 648 perfecit
2256 579 2412 651 pedes
2436 595 2577 633 meos
2605 589 2854 651 tanquam
2882 581 3039 635 cervi.
3067 579 3275 637 Cervus
3298 580 3447 636 enim
3463 596 3581 637 cum

2006 666 2271 722 montium
2302 667 2434 740 juga
2481 669 2816 736 conscendit,
2846 684 3075 740 qumque
3102 685 3327 741 aspera,
3363 685 3581 742 qumque

1966 823 1981 834 ,
2008 771 2068 814 se
2089 756 2349 827 objiciunt
2361 759 2603 817 sentibus
2616 760 2843 833 illigata,
2858 761 2985 817 dato
3006 761 3147 818 saltu
3170 762 3581 833 transgreditur,

2007 856 2063 903 et
2118 849 2322 920 absque
2347 851 2457 907 ullo
2486 866 2680 908 cursus
2706 852 2791 908 sui
2830 843 3110 908 obstaculo
3129 893 3145 920 ,
3178 855 3203 894 Β
3226 853 3281 907 in
3302 853 3586 923 superiori-

2006 938 2108 996 bus
2131 941 2394 999 elevatur.
2411 944 2488 999 lta
2502 945 2665 999 etiam
2682 944 2976 1001 electorum
2987 952 3197 1001 mentes
3211 985 3228 1011 ,
3240 959 3467 1015 quaeque
3490 943 3590 998 sibi

2012 1031 2065 1085 in
2096 1032 2200 1087 boe
2234 1035 2437 1090 mundo
2465 1036 2752 1103 obsistere,
2784 1044 2946 1107 atque
2972 1036 3193 1092 obviare
3216 1035 3584 1107 conspiciunt.

2010 1123 2482 1195 contemplationis
2503 1126 2642 1181 saltu
2674 1127 3064 1183 transcendunt
3095 1141 3109 1181 :
3138 1135 3193 1182 et
3228 1140 3381 1182 more
3407 1140 3590 1180 cervo-

2010 1229 2150 1280 rum,
2176 1217 2444 1287 despectis
2473 1227 2807 1274 terrenarum
2837 1235 3019 1275 rerum
3046 1220 3308 1287 sentibus,
3331 1218 3389 1273 in
3409 1233 3591 1288 super-

2010 1321 2081 1360 na
2104 1321 2163 1365 se
2187 1310 2444 1364 evehunt.
2474 1327 2494 1362 ι

2082 1394 2151 1450 Et
2182 1414 2337 1469 super
2361 1397 2566 1454 excelsa
2601 1410 2793 1455 statuet
2824 1417 2928 1455 me.
2974 1420 2992 1453 ι
3031 1400 3099 1456 Εῑ
3128 1415 3294 1470 super
3319 1398 3592 1455 caelestem

2011 1485 2397 1544 habitationem
2419 1489 2546 1560 ﬁget
2585 1490 2942 1546 intentionem
2982 1506 3179 1555 meam,
3205 1499 3267 1545 ut
3290 1489 3520 1560 implear
3543 1490 3594 1544 in

2013 1576 2172 1649 (Eph.
2197 1595 2282 1646 Ill,
2317 1580 2401 1648 l9)
2431 1597 2646 1638 omnem
2676 1582 3065 1653 plenitudinem
3101 1581 3219 1638 Dei.
3256 1602 3275 1635 s

2087 1666 2192 1734 Qui
2212 1670 2361 1724 docet
2390 1688 2578 1727 manus
2625 1689 2768 1727 meas
2795 1674 2864 1727 ad
2895 1673 3156 1745 prwlium.
3229 1691 3248 1725 ι
3291 1672 3395 1746 Qui
3444 1672 3599 1728 docet

334 1778 364 1815 a
390 1776 497 1826 me,
532 1760 629 1817 sed
657 1777 687 1815 a
718 1769 771 1818 te
804 1802 820 1828 ,
864 1777 1026 1817 eruar
1060 1778 1091 1816 a
1134 1762 1451 1818 tentatione.
1484 1761 1552 1816 Et
1575 1762 1630 1816 in
1658 1760 1769 1817 Deo
1804 1778 1918 1816 meo
1946 1742 1994 1803 B
2024 1773 2112 1814 me
2137 1762 2349 1830 operari
2374 1762 2441 1817 ad
2470 1764 2803 1834 superandos
2829 1742 3100 1832 inimicos,
3139 1763 3231 1834 qui
3254 1742 3411 1818 nobis
3436 1763 3600 1819 inter-

333 1852 691 1925 transgredior
708 1869 936 1907 murum.
966 1853 1034 1908 Et
1056 1870 1160 1908 non
1191 1854 1246 1908 in
1276 1868 1382 1919 me,
1426 1853 1519 1909 sed
1561 1852 1616 1911 in
1661 1853 1772 1909 Deo
1800 1868 1919 1908 meo

334 1945 699 2016 transgrediar
711 1960 947 2011 murum,
961 1960 1121 2016 quem
1136 1945 1278 1999 inter
1290 1946 1537 2000 homines
1579 1955 1631 2000 et
1644 1944 1920 2001 caelestem

335 2036 670 2093 Hierusalem
707 2046 929 2107 peccata
956 2045 1270 2092 erexerunt.
1302 2057 1320 2090 ι

403 2127 542 2182 Deus
562 2144 707 2182 meus
733 2167 750 2194 ,
781 2126 1123 2182 immaculata
1148 2136 1222 2182 est
1251 2127 1333 2182 via
1354 2126 1489 2200 ejus.
1528 2147 1546 2179 ‹
1583 2127 1728 2184 Deus
1757 2143 1912 2183 meus

334 2233 442 2275 non
470 2218 617 2273 venit
640 2218 692 2272 in
719 2217 967 2273 homines
991 2257 1006 2281 ,
1034 2217 1138 2272 nisi
1168 2217 1551 2273 mandaverint
1598 2218 1739 2273 viam
1770 2218 1915 2283 ﬁdei,

334 2325 443 2380 qua
468 2308 653 2364 veniat
700 2308 769 2364 ad
808 2322 904 2364 eos
932 2347 946 2373 ,
974 2306 1101 2378 quia
1152 2308 1497 2364 immaculata
1526 2317 1610 2364 est
1641 2308 1728 2365 via
1778 2308 1913 2378 ejus.

337 2399 564 2472 Eloquia
612 2398 823 2454 Domini
867 2399 986 2470 igne
1011 2384 1349 2454 examinata.
1427 2399 1651 2469 Eloquia
1700 2399 1917 2455 Domini

336 2489 507 2565 igne!l
536 2491 956 2547 examinationis
1010 2492 1328 2561 probantur.
1383 2490 1657 2547 Protector
1679 2503 1753 2549 est
1801 2510 1913 2555 om-

338 2584 484 2639 nium
514 2582 902 2655 sperantiumin
921 2600 997 2640 se.
1024 2582 1093 2638 Et
1119 2598 1327 2652 omnes,
1358 2583 1449 2655 qui
1475 2600 1582 2639 non
1605 2583 1659 2639 in
1684 2600 1743 2641 se
1766 2585 1911 2655 ipsis,

335 2674 431 2730 sed
461 2674 515 2729 in
547 2672 637 2729 illo
673 2681 932 2744 sperant,
975 2672 1163 2729 eadem
1200 2674 1548 2730 tribulatione
1576 2689 1685 2730 non
1714 2690 1913 2731 consu-

336 2772 554 2821 mentur
581 2782 596 2819 :
625 2778 750 2835 spes
775 2764 919 2819 enim
954 2765 1202 2834 sequitur
1232 2764 1413 2821 ﬁdem.
1444 2784 1463 2817 ι

410 2854 676 2921 Quoniam
699 2855 815 2926 quis
834 2855 975 2910 Deus
998 2854 1478 2926 prmterDominum
1499 2856 1525 2909 Ρ
1545 2874 1571 2906 Ir
1596 2854 1692 2911 Cui
1724 2868 1748 2897 ε
1772 2858 1913 2914 servi

337 2961 545 3003 sumus.
574 2947 640 3001 Et
660 2946 783 3019 quis
814 2946 981 3015 Deus,
1015 2954 1211 3016 praeter
1238 2946 1549 3013 Dominum,
1576 2962 1759 3018 quem,
1788 2955 1913 3019 post

338 3039 537 3095 bonam
582 3038 902 3093 servitutem
930 3044 1186 3109 tauquam
1227 3037 1600 3093 hereditatem
1638 3048 1913 3110 speratam

339 3129 435 3184 mn
465 3110 898 3199 possidebimus?
929 3148 948 3180 ι

413 3221 554 3276 Deus
584 3221 673 3293 qui
694 3221 970 3290 pra'cinxtt
991 3236 1073 3275 me
1096 3221 1301 3277 virtute.
1333 3240 1351 3273 ι
1382 3223 1525 3278 Deus
1550 3223 1641 3292 qui
1664 3236 1752 3278 me
1778 3238 1915 3294 pra:-

254 3316 276 3340 '
342 3312 515 3368 cinxit
544 3352 558 3378 ,
582 3319 645 3365 ut
668 3309 825 3366 fortis
850 3310 952 3366 sim
984 3329 996 3364 :
1028 3327 1096 3368 ne
1122 3311 1426 3368 difﬂuentes
1466 3312 1617 3368 sinus
1645 3313 1914 3385 cupidita-

345 3402 416 3458 tis
444 3401 742 3471 impediant
765 3415 957 3473 Opera,
1009 3410 1065 3457 et
1091 3417 1311 3473 gressus
1336 3416 1506 3456 meos.
1533 3400 1603 3455 Et
1624 3403 1797 3473 posuit
1826 3403 1919 3458 im-

344 3491 662 3548 maculatum
680 3491 815 3546 viam
837 3504 1024 3545 meam.
1052 3490 1121 3546 Et
1141 3490 1324 3562 posuit
1350 3490 1753 3545 immaculatum
1774 3492 1917 3549 viam

343 3582 648 3651 eharitatis,
662 3597 769 3653 qua
786 3583 854 3637 ad
867 3581 1020 3638 illum
1046 3582 1283 3646 veniam,
1300 3581 1439 3637 sicut
1463 3582 1809 3639 immaculata
1835 3592 1921 3640 est

344 3676 502 3742 ﬁdes,
533 3690 640 3747 qua
666 3676 818 3731 venit
843 3673 911 3730 ad
939 3688 1047 3729 me.
1093 3693 1112 3726 ι

416 3765 521 3833 Qui
540 3765 755 3839 perfecit
794 3766 949 3837 pedes
972 3781 1111 3819 meos
1136 3774 1385 3836 tanquam
1409 3767 1565 3822 cervi.
1604 3785 1623 3819 ι
1661 3762 1763 3835 Qui
1800 3782 1922 3840 per-

2025 1848 2245 1905 cludere
2279 1850 2519 1907 coelestia
2560 1869 2725 1926 regna
2754 1864 3039 1909 conantur.
3075 1853 3146 1908 Et
3169 1854 3413 1926 posuisti,
3434 1864 3493 1908 ut
3518 1872 3601 1908 or-

2024 1957 2143 1994 cum
2166 1958 2382 2009 (ereum,
2406 1942 2619 1999 brachia
2644 1961 2779 1999 mea.
2821 1945 2888 2005 Et
2934 1945 3167 2017 posuisti
3205 1943 3599 2018 infatigabilem

2025 2028 2377 2086 intentionem
2403 2033 2670 2087 bonorum
2698 2048 2923 2105 operum
2947 2050 3212 2092 meorum.
3255 2055 3274 2088 ι

2092 2119 2164 2174 Et
2195 2121 2385 2177 dedisti
2410 2123 2539 2178 mihi
2572 2128 2943 2196 protectionem
2971 2125 3157 2182 salutis
3199 2144 3327 2182 mea:
3346 2142 3365 2178 :
3388 2136 3436 2181 et
3478 2127 3600 2181 dea:-

2023 2222 2135 2267 tera
2174 2223 2267 2269 tua
2291 2217 2515 2287 suscepit
2543 2233 2642 2271 me.
2682 2236 2700 2268 ι
2735 2218 2795 2273 ld
2821 2226 2907 2274 est
2945 2217 3100 2273 favor
3137 2219 3326 2291 gratim
3353 2230 3457 2274 tum
3480 2235 3601 2275 sus-

2021 2307 2167 2376 cepit
2199 2323 2304 2363 me.
2337 2308 2407 2362 Et
2453 2309 2728 2382 disciplina
2751 2321 2844 2366 tua
2871 2312 3063 2368 direxit
3108 2330 3190 2369 me
3216 2315 3273 2368 in
3320 2315 3496 2384 ﬁnem.
3536 2315 3605 2368 Et

2021 2398 2049 2438 ιι
2072 2399 2341 2455 correctio
2378 2407 2470 2455 tua
2496 2415 2583 2455 me
2630 2402 2845 2458 deviare
2870 2418 2978 2459 non
3005 2404 3189 2461 sineus
3216 2445 3233 2471 ,
3266 2404 3467 2459 direxit
3496 2445 3511 2468 ,
3546 2412 3606 2459 ut

2021 2487 2280 2558 quidquid
2305 2504 2404 2561 ago
2429 2531 2445 2554 ,
2496 2490 2552 2545 in
2581 2506 2705 2546 eum
2737 2492 2899 2548 ﬁnem
2926 2492 3163 2549 referam
3193 2534 3209 2559 ,
3247 2508 3352 2563 quo
3390 2497 3403 2533 ί
3438 2509 3607 2549 coro-

2020 2588 2181 2634 netur
2208 2580 2361 2635 mihi.
2396 2581 2464 2634 Et
2493 2580 2772 2654 disciplina
2797 2593 2890 2637 tua
2916 2584 3031 2656 ipsa
3053 2601 3135 2638 me
3163 2583 3381 2639 docebit.
3412 2583 3483 2638 Et
3501 2598 3603 2640 ea-

2025 2671 2148 2725 dem
2187 2672 2456 2726 correctio
2489 2681 2578 2727 tua
2606 2688 2693 2728 me
2745 2673 2959 2730 docebit
2983 2676 3275 2746 pervenire
3302 2714 3318 2741 ,
3340 2675 3483 2746 quod
3523 2676 3607 2731 di-

2020 2762 2177 2817 rexit.
2201 2782 2217 2814 ι

2085 2838 2336 2908 Dilatasti
2369 2871 2575 2925 gressus
2609 2872 2748 2911 meos
2774 2855 2949 2911 subter
2975 2872 3080 2910 me.
3118 2874 3137 2907 ‹
3172 2854 3283 2911 Nec
3311 2856 3608 2926 impedient

2016 2943 2261 3001 carnales
2287 2947 2566 3017 angustiae,
2599 2946 2856 3017 quoniam
2879 2947 3046 3003 latam
3076 2947 3251 3004 fecisti
3280 2950 3605 3004 charitatem

2017 3050 2198 3091 meam
2222 3044 2535 3107 operantem
2562 3036 2825 3103 hilariter,
2863 3037 3029 3094 etiam
3058 3038 3123 3094 de
3152 3039 3305 3109 ipsis,
3327 3054 3447 3110 qua:
3478 3041 3608 3094 sub-

2020 3131 2103 3178 ter
2128 3139 2215 3179 me
2245 3132 2370 3179 sunt
2404 3164 2420 3190 ,
2454 3126 2774 3182 mortalibus
2794 3128 2979 3194 rebus,
3001 3137 3059 3183 et
3081 3129 3363 3184 membris.
3394 3127 3463 3182 Et
3505 3145 3608 3183 non

2016 3223 2137 3269 sunt
2153 3214 2422 3280 inﬁrmata
2436 3216 2646 3287 uestigia
2673 3233 2808 3271 mea.
2833 3216 2905 3276 Et
2922 3233 3028 3273 non
3052 3227 3178 3272 sunt
3204 3218 3475 3273 inﬁrmata
3496 3220 3609 3274 sive

2017 3303 2213 3361 itinera
2244 3317 2384 3370 mea,
2421 3307 2536 3362 sive
2561 3306 2713 3379 signa
2745 3349 2760 3374 ,
2803 3324 2922 3379 quae
2948 3309 3211 3381 impressa
3249 3320 3377 3366 sunt
3395 3312 3465 3367 ad
3488 3313 3607 3368 imi-

2026 3397 2250 3452 tandum
2280 3400 2655 3468 sequentibus.
2689 3420 2708 3453 ι
2978 3391 2983 3397 ’

2089 3485 2384 3560 Persequar
2411 3490 2649 3546 inimicos
2677 3507 2817 3548 meos
2854 3534 2870 3560 ,
2895 3502 2943 3549 et
2980 3495 3417 3565 comprehendam
3466 3495 3604 3551 illos.

2026 3601 2045 3634 ε
2076 3582 2378 3654 Persequar
2429 3584 2654 3642 allectus
2682 3587 2928 3643 carnales
2956 3602 3126 3654 meos,
3172 3603 3241 3643 ne
3262 3587 3331 3643 ab
3354 3590 3435 3644 eis
3459 3604 3606 3644 eom-

2020 3670 2329 3741 prehendar
2345 3688 2360 3728 :
2377 3672 2471 3729 sed
2487 3675 2943 3746 comprehendam
2963 3677 3103 3744 illos,
3119 3685 3183 3731 ut
3205 3677 3560 3732 absumantnr
3591 3696 3604 3731 :

2025 3760 2093 3815 Et
2138 3780 2240 3818 non
2267 3775 2539 3821 conveer
2565 3766 2732 3821 donec
2780 3767 3055 3837 deﬁciant.
3086 3767 3155 3821 Et
3178 3767 3248 3821 ab
3294 3767 3405 3822 ista
3432 3768 3603 3822 inten-

343 3857 475 3914 iecit
524 3871 765 3913 amorem
794 3871 975 3912 meum
1017 3856 1087 3912 ad
1122 3856 1553 3912 transcendenda
1600 3858 1839 3929 spinosa,
1869 3868 1925 3917 et
2025 3855 2172 3910 tione
2194 3869 2300 3911 non
2334 3865 2622 3911 convertar
2651 3856 2720 3912 ad
2740 3857 3001 3929 quietem,
3031 3857 3205 3914 donec
3223 3856 3481 3913 deﬁciant
3517 3858 3604 3928 qui

342 3948 597 4003 umbrosa
639 3945 1039 4017 implieamenta
1068 3946 1228 4017 hujus
1277 3947 1480 4002 smculi.
1514 3947 1534 3987 τ
1567 3948 1789 4017 Cervos,
1815 3951 1924 4022 spi-
2024 3950 2346 4020 obstrepunt
2369 3950 2524 4005 mihi.
2556 3968 2575 4003 ι

345 4036 569 4093 rituales
610 4036 760 4093 viros
808 4036 1044 4108 appellat
1078 4045 1300 4109 propter
1354 4038 1693 4097 alacritatem
1745 4043 1922 4101 veloci
2097 4040 2167 4096 Et
2197 4041 2525 4113 confringant
2547 4039 2667 4097 illos
2689 4058 2710 4107 ,°
2735 4057 2828 4095 nec
2851 4049 3093 4113 poterunt
3109 4049 3270 4096 stare.
3308 4059 3330 4092 ι
3361 4038 3604 4096 Confrin-

343 4145 509 4185 cursu
544 4143 560 4183 :
591 4127 940 4185 robustorum
973 4128 1117 4183 enim
1159 4138 1369 4186 mentes
1396 4130 1449 4185 in
1480 4130 1590 4187 Deo
1636 4134 1927 4190 immobili-
2027 4146 2153 4204 gam
2177 4130 2320 4198 illos,
2341 4147 2443 4187 nec
2458 4130 2734 4188 durabunt
2760 4129 3045 4198 adversum
3064 4145 3172 4185 me.
3195 4128 3401 4184 Cadent
3425 4128 3603 4183 subtus

344 4227 430 4274 ter
454 4216 576 4271 ﬁxa:
603 4224 755 4271 tanto
781 4216 1006 4272 adversa
1050 4234 1278 4291 qumque
1326 4220 1628 4291 despiciunt
1656 4262 1670 4287 ,
1722 4234 1929 4293 quanto
2027 4221 2181 4293 pedes
2201 4236 2363 4276 meos.
2384 4224 2612 4297 Dejectis
2632 4230 2765 4288 illis.
2791 4236 3103 4292 praeponam
3150 4235 3388 4285 amores:
3416 4221 3605 4290 (ιυὶιιιιε

345 4314 617 4374 cernunt,
652 4308 796 4377 quod
844 4317 1036 4362 contra
1082 4317 1351 4381 praecepta
1399 4311 1694 4369 conditoris
1737 4329 1930 4370 excre-
2030 4313 2247 4369 ambulo
2272 4312 2326 4367 in
2346 4319 2634 4368 aeternum.
2670 4332 2690 4373 ρ

344 4409 505 4459 scunt
520 4414 547 4456 ':
580 4399 905 4502 eternitatis
929 4400 1125 4473 quippe
1152 4401 1373 4472 praemia
1393 4405 1769 4475 prmstolantes
1795 4447 1812 4473 ,
1843 4407 1926 4464 vi-
1950 4441 2006 4502 Β
2100 4402 2171 4458 Et
2194 4403 2518 4474 prwcinxisti
2543 4420 2625 4458 me
2647 4406 2833 4459 virtute
2857 4403 2927 4457 ad
2951 4402 3161 4494 bellum.
3196 4420 3216 4455 ι
3248 4402 3320 4458 Et
3345 4401 3605 4458 constrin-

345 4507 435 4551 res
461 4508 529 4549 ex
558 4482 977 4547 adversitatlbus
1005 4499 1243 4559 sumunt,
1276 4494 1401 4564 quia
1432 4504 1713 4553 crescente
1742 4512 1924 4569 pugna

346 4582 723 4654 gloriosiorem
757 4581 861 4639 sibi
893 4578 1007 4638 non
1042 4582 1323 4655 ambigunt
1370 4600 1592 4643 manere
1618 4587 1922 4646 victoriam.

348 4673 442 4732 Sic
471 4676 656 4747 itaque
688 4673 984 4730 electorum
1013 4673 1280 4730 desideria
1307 4676 1435 4729 dum
1470 4686 1792 4746 premuntur
1826 4680 1927 4736 ad-

348 4765 606 4821 versitate
634 4805 651 4831 ,
675 4763 1002 4834 proﬁciunt,
1028 4761 1171 4817 sicut
1197 4763 1338 4831 ignis
1362 4760 1492 4817 ﬂatu
1539 4764 1827 4835 premitur,
1866 4778 1927 4827 ut

347 4864 561 4915 crescat
589 4863 684 4923 ;et
698 4855 849 4910 unde
883 4853 1038 4926 quasi
1059 4844 1301 4923 extingui
1328 4853 1587 4922 cernitur,
1622 4856 1747 4913 inde
1774 4858 1928 4917 robo-

352 4958 524 5005 ratur.
566 4946 624 5003 In
651 4961 720 5003 eo
761 4958 996 5015 namque
1021 4944 1358 5024 ostendimus
1393 4986 1408 5012 ,
1435 4956 1639 5016 quanta
1661 4950 1728 5006 ad
1757 4950 1928 5008 Deum

349 5040 645 5111 cupiditate
665 5036 975 5110 ﬁagramus,
1002 5035 1047 5091 si
1085 5051 1191 5092 non
1224 5035 1398 5091 solum
1418 5038 1487 5093 ad
1517 5053 1640 5093 cum
1666 5055 1762 5112 per
1785 5051 1931 5098 tran-

423 5231 450 5260 ι
480 5217 657 5273 Verba
684 5215 800 5271 lucc
828 5232 842 5267 :
872 5214 933 5269 ob
956 5210 1195 5298 quodin}
1220 5219 1303 5268 est
1321 5213 1393 5298 ob
1413 5212 1708 5298 hocquod]
1731 5202 1805 5272 eis
1826 5234 1931 5275 non

355 5288 784 5413 [avemerversus
813 5301 922 5341 esse
945 5284 1136 5340 videris
1158 5285 1356 5366 desunt
1379 5284 1434 5340 in
1460 5285 1639 5340 editis.
1690 5284 1707 5287 ⁷

414 5359 454 5439 ,ιι
502 5427 516 5439 ε
542 5358 624 5439 _it.
655 5357 944 5415 illuminas.
972 5355 1037 5410 Et
1060 5368 1247 5411 revera
1274 5355 1528 5426 demceps
1558 5357 1775 5427 repetit,
1804 5359 1925 5415 illu-

356 5427 607 5483 minabis.

429 5508 452 5536 ο
490 5497 657 5564 Etlit.,
684 5513 860 5552 eruar.

379 5619 382 5622 .
426 5567 454 5607 ἀ
492 5567 657 5630 Edit.,
688 5566 1062 5621 tribula:iouis.

429 5648 453 5677 ο
476 5636 643 5697 Edit.,
666 5635 936 5689 servimus.
1064 5688 1067 5691 λ

434 5706 453 5745 ί
482 5704 654 5759 Verba
672 5705 785 5757 haec
816 5721 827 5754 :
852 5706 1353 5773 cervos,spirituales
1369 5710 1502 5763 viros
1527 5709 1755 5780 appellat
1779 5726 1934 5782 prop-

2030 4493 2158 4549 xisti
2206 4492 2425 4549 ﬂuentia
2451 4493 2715 4551 desideria
2760 4494 2944 4548 carnis
2970 4486 3127 4560 meae,
3175 4494 3377 4550 virtute
3400 4535 3415 4561 ,
3447 4509 3515 4548 ne
3549 4494 3601 4547 in

2028 4585 2123 4640 tali
2150 4600 2327 4658 pugna
2353 4586 2697 4657 prtepedirer.
2729 4584 3091 4657 Supplantasti
3113 4586 3444 4657 insurgentes
3464 4587 3603 4639 inme

2031 4676 2211 4733 subter
2235 4694 2337 4732 me.
2367 4675 2555 4747 Decipi
2580 4673 2755 4733 fecisti
2776 4691 2893 4743 eos,
2921 4677 3013 4747 qui
3040 4692 3130 4732 me
3166 4677 3599 4747 insequebantur.

2028 4775 2090 4823 ut
2109 4769 2296 4825 subter
2316 4783 2404 4825 me
2432 4758 2646 4837 ﬁerent,
2669 4768 2761 4839 qui
2789 4782 2955 4840 super
2982 4783 3070 4824 me
3098 4784 3219 4825 esse
3241 4770 3545 4840 cupiebant.
3575 4788 3595 4818 ι

2100 4861 2171 4918 Et
2189 4862 2428 4918 inimicos
2450 4879 2587 4919 meos
2607 4862 2797 4917 dedisti
2817 4862 2946 4916 mihi
2962 4860 3198 4916 dorsum.
3226 4880 3246 4914 ε
3270 4861 3339 4916 Et
3361 4861 3601 4918 inimicos

2031 4970 2182 5012 meos
2218 4955 2536 5012 eonvertisti
2557 4996 2573 5019 ,
2609 4963 2660 5011 et
2693 4955 2914 5012 dorsum
2943 4954 3078 5009 mihi
3104 4967 3199 5010 eos
3228 4954 3407 5013 fecisti
3441 4966 3554 5009 esse
3598 5000 3601 5007 .

2030 5043 2199 5113 idest,
2216 5053 2277 5101 ut
2302 5052 2661 5117 sequerentur
2683 5060 2791 5103 me.
2823 5043 2892 5099 Et
2914 5044 3036 5101 odio
3050 5044 3294 5099 habentes
3318 5061 3420 5110 me,
3442 5040 3602 5115 perdi-

2032 5228 2110 5273 ter
2132 5217 2478 5301 alacritatem.
2502 5218 2662 5275 ueloci
2702 5235 2858 5301 cursu
2885 5217 2985 5301 _[id
3016 5228 3102 5301 est
3128 5219 3183 5273 in
3208 5217 3406 5301 veloci"
3425 5230 3595 5301 cursu}

2031 5304 2125 5345 seu
2140 5289 2185 5344 si
2200 5289 2302 5354 vis,
2319 5288 2504 5343 velocis
2516 5305 2721 5353 cursus,
2732 5287 2940 5344 Claudii
2956 5297 3083 5345 sunt
3104 5303 3119 5342 :
3153 5288 3354 5359 reliqua
3365 5287 3597 5359 Gregorii

2035 5360 2213 5431 Magni
2238 5360 2459 5430 allegati
2488 5375 2521 5431 a
2544 5359 2767 5431 Paterio
2796 5376 2863 5431 ex
2889 5360 2986 5417 lib.
3005 5375 3094 5414 xvi
3123 5356 3410 5414 Moralium:
3434 5356 3597 5429 [natm

2034 5428 2421 5503 24.'al_ias§a'p-
2447 5428 2534 5503 1.6.
2560 5429 2881 5503 015mm]-
3041 5498 3067 5503 μ
3130 5496 3157 5503 -
3330 5428 3447 5503 ----ξ
3549 5493 3559 5503 .

2113 5503 2137 5541 ε
2177 5500 2267 5582 Sic
2301 5496 2569 5565 Paterius,
2593 5500 2687 5555 sed
2713 5501 2767 5555 in
2797 5496 3011 5571 vulgato
3036 5498 3092 5555 S.
3119 5496 3364 5570 Gmgorii
3393 5496 3523 5553 libm
3544 5496 3599 5544 in

2039 5586 2247 5625 sunerto
2255 5586 2313 5624 ra
2320 5610 2333 5623 .

2170 5587 2333 5624 riora.

2104 5587 2313 5696 rEdit.
2343 5639 2624 5711 correptio.

2119 5711 2134 5752 ί
2171 5710 2315 5765 Edit.
2353 5710 2645 5765 conteretur
2669 5712 2780 5764 tibi.
