3904 6174
292 292 407 349 "t'l'l

942 280 1402 353 QUIESTIONES
1438 278 1589 336 XXX
1627 276 1854 335 SUPER
1901 267 2146 336 LIBROS
2187 269 2447 336 IlI-CUM.
2482 302 2551 312 —
2583 270 2787 327 LIBER
2824 270 2887 326 ll.

3445 267 3555 323 7l3

303 408 450 465 disti.
481 404 629 463 Alios
660 409 839 458 autem
867 415 1080 465 eorum,
1116 399 1209 469 qui
1242 399 1296 453 in
1334 396 1457 453 odio
1488 394 1872 466 perdurarunt,
1904 393 1951 451 Α
1981 385 2275 469 Et‘nomini
2313 394 2404 440 tuo
2440 383 2683 455 psallam.
2721 383 2790 438 Et
2843 379 3006 447 latius
3050 381 3362 438 innotesces
3401 381 3562 439 bonis

304 494 633 566 disperdisti.
677 511 696 544 ι
1470 550 1475 555 ε

374 584 746 649 Clamauerunt
788 596 879 645 nec
924 588 1037 643 erat
1079 578 1170 649 qui
1217 575 1391 631 salvos
1437 575 1654 644 faceret.
1690 590 1709 621 ι
1743 568 1879 637 Quis

300 676 446 737 enim
471 672 654 737 Salvos
690 668 933 739 iaceret,
966 683 1103 739 quos
1140 676 1194 723 tu
1224 682 1334 722 non
1361 664 1612 727 faceres?
1637 662 1718 725 Ad
1762 661 1880 727 Do-

299 766 501 821 minum
530 777 625 827 uec
660 759 928 824 exaudivit
965 775 1072 813 eos.
1106 756 1217 813 Nec
1244 756 1313 812 ad
1346 754 1660 826 quemlibet,
1693 753 1789 813 sed
1813 752 1880 808 ad

300 854 587 912 Dominum
625 849 1023 914 clamaverunt,
1055 862 1158 903 nec
1197 844 1545 903 exauditione
1582 843 1773 914 dignos
1793 840 1879 912 ju-

299 946 502 1004 dicabit
532 959 640 999 non
671 940 986 1006 recedentes
1014 953 1046 993 a
1079 936 1285 993 malitia
1324 930 1503 992 sua.‘s

371 1037 442 1091 Et
471 1031 824 1095 comminuam
869 1028 989 1084 illos
1013 1068 1029 1094 ,
1076 1025 1413 1098 utpuloerem
1440 1025 1601 1096 juxta
1630 1036 1656 1065 ι
1689 1023 1880 1093 [aciem

303 1128 465 1184 uenti.
510 1142 529 1175 ι
559 1122 628 1177 Et
653 1119 1017 1183 comminuam
1046 1117 1168 1181 illos
1199 1136 1212 1171 :
1243 1116 1381 1172 aridi
1409 1117 1555 1172 enim
1578 1121 1728 1183 sunt,
1772 1127 1878 1168 non

301 1214 630 1285 recipientes
670 1209 899 1275 imbrem
928 1205 1318 1271 misericordiae
1346 1205 1484 1270 Dei,
1521 1211 1582 1269 ut
1619 1203 1788 1269 elati,
1824 1209 1881 1257 et

300 1309 476 1369 inflati
505 1305 758 1376 superbia
785 1304 853 1375 ab
880 1317 977 1373 spe
996 1300 1172 1367 ﬁrma,
1191 1309 1248 1357 et
1272 1300 1593 1359 inconcussa
1620 1308 1880 1368 tanquam

301 1412 467 1460 terras
506 1396 797 1470 soliditate.
829 1404 886 1457 et
929 1392 1224 1450 stabilitate
1250 1392 1551 1463 rapiantur.
1601 1389 1669 1446 Ut
1707 1390 1880 1446 lutum

300 1495 600 1567 platearum
625 1488 805 1548 delebo
830 1504 940 1547 eos.
965 1486 1073 1542 Per
1121 1485 1259 1542 latas
1293 1526 1309 1551 ,
1345 1500 1483 1555 quas
1506 1484 1664 1542 multi
1690 1484 1879 1541 ambu-

302 1587 439 1649 lant,
460 1580 773 1656 perditionis
787 1579 922 1645 vias,
949 1577 1303 1637 luxuriantes,
1334 1584 1389 1632 et
1414 1576 1651 1634 lubricos
1682 1573 1874 1639 delebo

302 1693 420 1735 605.
452 1697 471 1730 ι

375 1767 545 1822 Erues
573 1780 656 1820 me
683 1763 748 1818 de
768 1759 1263 1824 contradictionibus
1290 1758 1485 1830 populi.
1524 1776 1541 1805 ε
1580 1757 1751 1815 Erues
1792 1768 1879 1813 me
1908 1748 1956 1806 Β

303 1857 373 1913 de
399 1853 913 1923 contradictionibus
946 1865 1156 1916 eorum,
1190 1850 1284 1919 qui
1317 1849 1573 1911 dixerunt
1597 1866 1611 1904 :
1639 1848 1697 1904 Si
1720 1846 1879 1905 dimi-

304 1948 539 2013 serimus
553 1960 676 2011 eum
690 1945 870 2002 vivum
885 1942 939 2009 ι),
952 1957 1112 2005 omne
1136 1940 1390 2001 sazculum
1414 1948 1536 2017 post
1552 1954 1679 2002 eum
1703 1939 1820 1999 ibit.
1857 1957 1875 1989 ι

378 2035 668 2100 Constituet
698 2051 779 2089 me
806 2034 863 2087 in
884 2041 1040 2103 caput
1062 2031 1313 2103 gentium.
1346 2029 1582 2102 Populus
1601 2045 1753 2101 quem
1777 2044 1883 2085 non

306 2126 526 2197 cognovi
558 2164 574 2190 ,
606 2135 628 2163 ο
656 2123 840 2179 seruiet
865 2122 1015 2177 mihi.
1047 2139 1067 2174 ς
1114 2119 1352 2191 Populus
1378 2122 1617 2192 gentium
1646 2160 1661 2185 ,
1717 2133 1879 2190 quem

304 2214 575 2286 corporali
603 2211 890 2284 praesentia
926 2226 1037 2266 non
1064 2210 1282 2265 visitavi
1310 2247 1326 2276 ,
1359 2210 1582 2265 servivit
1627 2209 1781 2274 mihi.
1809 2207 1878 2262 In

307 2305 562 2371 obauditu
609 2303 753 2358 auris
791 2300 1014 2357 obedivit
1051 2300 1199 2353 mihi.
1228 2298 1340 2355 Nec
1366 2300 1538 2356 oculis
1586 2314 1674 2369 me
1725 2299 1880 2364 vidit,

308 2398 408 2455 sed
435 2396 703 2467 recipiens
736 2392 1124 2464 praedicatores
1153 2404 1302 2446 meos
1333 2391 1387 2445 in
1429 2390 1688 2446 obauditu
1737 2392 1884 2446 auris

308 2487 587 2545 obaudivit
614 2485 768 2564 mihi.
805 2503 825 2539 ι

384 2575 514 2633 Filii
551 2574 710 2641 alieni
733 2575 937 2629 mentiti
957 2583 1078 2643 sunt
1101 2573 1247 2645 milii.
1293 2591 1311 2625 ε
1347 2571 1469 2642 Filii
1516 2587 1623 2628 non
1662 2572 1770 2642 me;
1799 2572 1884 2639 di-

311 2666 493 2732 cendi,
520 2666 614 2721 sed
636 2664 815 2735 potius
833 2663 1015 2730 alieni,
1033 2662 1230 2733 quibus
1253 2673 1402 2718 recte
1425 2662 1622 2717 dicitur
1648 2679 1662 2715 :
1704 2659 1802 2715 Vos
1821 2676 1887 2715 ea;

308 2767 458 2828 patre
476 2754 685 2813 diabolo
705 2757 846 2819 estis,
876 2755 1074 2810 mentiti
1099 2763 1220 2809 sunt
1242 2754 1387 2808 mihi.
1408 2751 1539 2808 Filii
1560 2751 1721 2807 alieni
1741 2752 1884 2808 inve-

308 2857 626 2915 teraverunt.
665 2847 788 2902 Filii
828 2846 1009 2910 alieni,
1041 2847 1239 2916 quibus
1265 2852 1326 2900 ut
1351 2852 1765 2910 renovarentur,
1788 2858 1888 2901 no-

308 2955 437 2995 vum
476 2946 858 2995 testamentum
885 2938 1062 3005 attuli,
1094 2937 1149 2992 in
1179 2936 1206 2977 (ι
1234 2944 1471 2993 veterem
1499 2934 1772 2990 hominem
1800 2948 1886 2990 re-

309 3037 650 3099 manserunt.
682 3027 753 3085 Et
784 3028 1209 3082 claudicaverunt
1235 3044 1269 3081 a
1299 3026 1497 3081 semitis
1521 3025 1651 3079 suis.
1671 3023 1739 3079 Et
1770 3032 1885 3079 tan-

1974 465 2237 546 operibus.
2270 475 2428 544 ψιελδ.
2465 494 2484 547 ξ

2047 564 2397 637 Magniﬁcam
2438 565 2633 620 salutes
2693 564 2826 636 regis
2855 565 3041 636 ipsius.
3075 582 3095 629 ς
3133 565 3276 620 Dens
3314 563 3409 633 qui
3437 578 3554 637 ma:

1977 657 2219 729 gniﬁcat,
2259 664 2319 711 ut
2347 656 2742 725 admirabilem,
2767 654 2931 723 faciat
2983 654 3186 723 salutes
3211 694 3228 719 ,
3257 669 3395 724 quas
3441 654 3561 727 ejus

1978 749 2121 814 ﬁlius
2180 749 2275 813 dat
2338 748 2706 815 credentibus.
2765 747 2834 802 Et
2882 747 3081 817 faciens
3139 745 3556 810 misericordiam

1980 841 2188 905 Christo
2213 858 2332 911 suo.
2376 841 2520 896 Deus
2559 839 2652 910 qui
2706 837 2838 899 facit
2879 838 3307 907 misericordiam
3340 836 3561 895 Christo

1980 947 2098 991 suo.
2126 931 2319 999 David,
2351 939 2400 997 et
2423 930 2536 986 seni
2557 930 2676 1001 ejus
2713 946 2877 1001 usque
2902 929 2957 983 in
2976 928 3249 985 saeculum.
3287 926 3396 998 Ipsi
3421 926 3561 984 libe-

1993 1022 2165 1085 ratori
2191 1037 2352 1089 manu
2376 1020 2601 1092 potenti,
2618 1020 2711 1089 qui
2740 1020 2872 1076 vicit
2895 1020 3043 1075 hunc
3070 1018 3354 1086 mundum,
3395 1024 3453 1074 et
3480 1018 3561 1073 eis

1993 1120 2040 1177 ε,
2068 1126 2206 1183 quos
2233 1111 2289 1166 in
2315 1108 2596 1181 evangelio
2648 1109 2835 1181 genuit
2854 1109 2909 1175 in
2931 1115 3217 1177 aeternum.
3258 1126 3281 1171 ε

2055 1243 2073 1276 ι
2111 1224 2474 1293 Quaecumque
2499 1221 2554 1276 in
2582 1220 2687 1279 hoc
2709 1220 2926 1277 Psalmo
2952 1220 3095 1284 dicta
3119 1225 3265 1288 sunt,
3300 1234 3422 1290 qua:
3450 1219 3559 1291 ipsi

1979 1330 2086 1370 non
2123 1313 2343 1385 proprie
2366 1312 2596 1371 Domino
2626 1350 2643 1378 ,
2676 1312 2732 1367 id
2758 1317 2847 1367 est
2896 1310 3064 1382 capiti
3093 1310 3349 1375 Ecclesiae
3378 1350 3394 1375 ,
3424 1324 3558 1367 con-

1979 1420 2175 1478 gruere
2199 1412 2466 1475 possunt,
2493 1404 2561 1460 ad
2581 1403 2881 1465 Ecclesiam
2902 1402 3187 1461 referenda
3215 1411 3360 1461 sunt.
3394 1404 3565 1460 Totus

1978 1496 2125 1552 enim
2142 1494 2395 1553 Christus
2421 1494 2513 1549 hic
2531 1492 2796 1564 loquitur,
2822 1493 2879 1548 in
2906 1508 3016 1564 quo
3037 1506 3166 1557 sunt
3187 1495 3368 1551 omnia
3390 1509 3560 1551 mem-

1981 1586 2079 1640 bra
2103 1584 2241 1655 ejus.
2278 1605 2295 1637 ο

2052 1693 2139 1766 (II
2160 1693 2290 1765 Reg.
2322 1712 2437 1765 cap.
2471 1710 2638 1760 xxm,
2673 1691 2750 1766 l.)
2775 1691 2906 1748 Hac
2941 1700 3117 1747 autem
3137 1701 3256 1747 sunt
3280 1692 3434 1748 verba
3459 1710 3554 1748 no-

1981 1787 2216 1850 uissima,
2246 1803 2365 1857 qum
2389 1787 2523 1841 dixit
2538 1785 2713 1841 David
2731 1784 2876 1855 ﬁlius
2902 1784 3037 1857 Isai.
3066 1786 3246 1842 Verba
3273 1785 3565 1857 novissima

1983 1875 2153 1931 David
2178 1890 2286 1931 non
2312 1874 2547 1945 ﬁnienda
2575 1875 2709 1931 dicit
2739 1915 2754 1939 ,
2782 1875 2878 1930 sed
2902 1873 3251 1946 perficienda,
3289 1891 3398 1932 non
3436 1892 3567 1933 con-

1982 1967 2269 2033 sumenda,
2293 1967 2388 2023 sed
2417 1968 2538 2038 quat
2557 1966 2770 2022 cunctis
2808 1966 3056 2023 fidelibus
3073 1967 3429 2037 periectionis
3451 1968 3566 2041 ple-

1982 2060 2283 2117 nitudinem
2308 2060 2611 2116 conferant.
3460 2046 3471 2053 ’

2056 2169 2237 2242 (Vers.
2264 2170 2342 2243 2.)
2376 2171 2610 2243 Spiritus
2637 2170 2852 2227 Domini
2874 2170 3079 2227 locutus
3105 2184 3178 2232 est
3210 2175 3238 2215 ιι
3268 2192 3427 2248 super
3461 2194 3564 2243 me,

1982 2273 2030 2317 et
2056 2280 2228 2319 sermo
2262 2264 2376 2332 eius
2414 2281 2509 2335 per
2547 2262 2780 2335 linguam
2815 2281 3004 2331 meam.
3036 2263 3301 2337 Spiritum.
3332 2252 3565 2345 Domini,

1986 2350 2248 2421 spiritum
2287 2350 2549 2415 sanctum
2576 2352 2709 2407 dicit
2739 2370 2751 2405 :
2785 2367 2967 2423 sermo
2989 2354 3087 2409 Dei
3119 2353 3369 2425 Christus
3393 2357 3563 2414 Filius

1987 2442 2083 2517 Dei
2113 2443 2399 2513 accipitur,
2443 2445 2558 2514 ipse
2582 2443 2728 2499 enim
2765 2443 3017 2503 Christus
3058 2455 3144 2507 est
3172 2448 3427 2525 Christus
3468 2452 3569 2509 Dei

1986 2531 2174 2593 Jacob.

2060 2642 2241 2716 (νοτε.
2274 2645 2355 2719 6.)
2383 2644 2824 2709 Prmaricatores
2849 2658 3025 2709 autem
3044 2651 3198 2722 quasi
3238 2652 3404 2723 spina
3431 2654 3569 2713 evel-

1986 2735 2160 2801 lentur
2183 2737 2429 2803 uniuersi.
2475 2737 2925 2797 Przevaricatores
2961 2738 3133 2798 Judaei
3152 2782 3167 2808 ,
3200 2751 3364 2814 atque
3392 2745 3566 2804 hatre-

1988 2826 2081 2887 tici
2102 2836 2233 2884 sunt
2265 2828 2416 2884 velut
2453 2829 2623 2900 spinae
2656 2833 2724 2887 de
2748 2832 3012 2898 Ecclesia,
3039 2848 3162 2904 qua:
3198 2843 3283 2892 est
3313 2844 3464 2893 terra
3494 2838 3568 2893 vl-

1987 2918 2231 2985 ventium
2261 2958 2278 2984 ,
2305 2919 2479 2975 avulsi
2508 2960 2524 2987 ,
2566 2927 2732 2992 atque
2756 2929 2963 2979 aeterno
2999 2924 3252 2981 incendio
3296 2927 3567 2987 combusti

1990 3007 2265 3079 peribunt.

307 3096 474 3189 quam
506 3132 613 3173 uno
634 3118 770 3189 pede
790 3116 1012 3182 debiles,
1045 3116 1172 3186 quia
1203 3124 1357 3170 vetus
1377 3122 1621 3188 tenentes
1647 3153 1664 3179 ,
1686 3128 1888 3173 novum
2065 3114 2247 3188 (γενέ.
2285 3115 2368 3189 8.)
2423 3115 2555 3172 Htec
2610 3119 2825 3173 nomina
2861 3118 3080 3189 fortium
3124 3102 3298 3177 Dauid
3329 3136 3350 3175 :
3381 3124 3581 3180 sedens

308 3194 696 3265 testamentum
722 3214 1067 3276 respuerunt,
1098 3205 1275 3260 claudi
1315 3203 1494 3259 effecti
1533 3211 1678 3268 sunt,
1721 3204 1887 3277 etiam

307 3299 369 3352 in
399 3296 514 3367 ipsa
533 3296 702 3352 veteri
724 3296 841 3367 lege
869 3295 1048 3365 potius
1073 3310 1201 3350 suas
1233 3294 1552 3349 traditiones
1572 3305 1888 3369 sequentes,

302 3408 477 3466 quam
505 3393 620 3448 Dei.
675 3390 888 3463 (Matth.
918 3407 1010 3456 xv,
1037 3390 1092 3461 2)
1138 3388 1623 3456 Calumniabantur
1651 3390 1798 3457 enim
1821 3390 1891 3446 de

308 3484 565 3541 manibus
585 3498 693 3538 non
718 3482 841 3537 lotis
871 3522 886 3547 ,
923 3482 1049 3553 quia
1082 3481 1217 3537 tales
1252 3488 1408 3536 erant
1450 3481 1659 3537 semitm
1686 3523 1702 3548 ,
1750 3496 1889 3552 quas

308 3577 420 3648 ipsi
451 3575 709 3643 fecerant,
755 3581 810 3630 et
852 3573 1240 3630 consuetudine
1268 3572 1553 3641 triverant,
1583 3574 1888 3639 aberrando

216 3688 218 3690 ν
304 3666 386 3723 ab
423 3677 446 3705 °
476 3666 666 3722 itinere
687 3671 1077 3735 praeceptorum
1098 3661 1220 3735 Dei.
1251 3682 1269 3714 ι

396 3756 533 3812 Vivit
560 3755 816 3811 Dominus
844 3794 859 3819 ,
889 3764 935 3808 et
962 3734 1260 3825 benedictus
1289 3751 1433 3825 Deus
1461 3768 1629 3824 meus.
1666 3769 1685 3819 ς
1713 3748 1888 3822 (Rom.

309 3864 438 3913 vin,
468 3846 523 3912 6)
575 3845 884 3901 Secundum
909 3852 1089 3899 autem
1119 3856 1338 3898 carnem
1370 3856 1583 3913 sapere,
1608 3855 1758 3896 mors
1784 3848 1890 3896 est.

319 3937 465 3994 Viuit
493 3936 773 4004 Dominus,
796 3945 843 3990 et
863 3933 1162 3988 benedictus
1186 3932 1327 3987 Deus
1349 3948 1514 3987 meus.
1540 3931 1613 3986 Et
1635 3929 1895 4003 exaltetur

308 4030 463 4086 Deus
482 4026 672 4083 salutis
698 4041 848 4081 mete.
874 4024 942 4078 Et
990 4037 1096 4078 non
1148 4030 1363 4077 terrena
1418 4019 1806 4094 consuetudine
1828 4020 1895 4081 de

310 4106 433 4178 Deo
465 4118 658 4174 salutis
684 4130 817 4172 meae
850 4113 1080 4181 sentiam
1116 4131 1127 4165 :
1163 4128 1265 4167 nec
1298 4120 1567 4171 terrenam
1595 4109 1767 4181 ipsam
1796 4124 1885 4165 sa-

311 4211 509 4275 lutem,
539 4194 635 4266 sed
674 4207 729 4262 in
757 4205 975 4261 excelso
994 4204 1061 4259 de
1089 4192 1181 4258 illo
1204 4218 1437 4273 sperem.
1474 4221 1494 4256 ι

391 4298 533 4354 Deus
573 4298 664 4369 qui
714 4294 812 4351 das
852 4293 1132 4353 vindictam
1164 4293 1333 4358 mihi,
1380 4301 1431 4348 et
1468 4292 1647 4349 subdis
1675 4292 1892 4371 populos

309 4391 414 4448 sub
444 4407 544 4446 me.
576 4406 595 4443 ι
628 4388 771 4445 Deus
797 4386 890 4458 qui
918 4386 1160 4445 vindicas
1189 4400 1313 4463 me,
1351 4384 1629 4459 subdendo
1674 4387 1775 4442 sub
1803 4401 1892 4462 me

308 4481 565 4555 populos.
598 4478 869 4533 Liberator
896 4492 1042 4530 meus
1066 4474 1131 4535 de
1151 4475 1375 4545 inimicis
1401 4475 1528 4533 meis
1556 4514 1573 4553 _,
1600 4473 1889 4543 clamanu-

312 4577 445 4639 bus,
465 4569 733 4639 cruci/ige,
757 4565 1025 4636 cruci/iga,
1053 4562 1272 4621 Iudaeis.
1299 4583 1317 4622 ι

393 4663 470 4718 Ab
493 4659 876 4732 insurgentibus
906 4658 961 4711 in
991 4644 1071 4713 me
1114 4654 1369 4733 exultabis
1404 4672 1504 4711 me.
1553 4675 1572 4721 ᾳ
1608 4656 1648 4710 Α
1697 4658 1894 4735 quibus

310 4755 521 4813 Jqueis
545 4750 946 4824 insurgentibus
973 4748 1026 4805 in
1050 4761 1137 4802 me
1158 4746 1475 4816 patientem,
1502 4748 1768 4806 exultabis
1808 4764 1895 4805 me

312 4853 710 4920 resurgentem.
744 4843 787 4898 A
814 4843 923 4897 viro
967 4840 1143 4912 iniquo
1170 4854 1319 4894 erues
1353 4854 1433 4893 me
1464 4852 1482 4889 :
1519 4839 1565 4894 Α
1609 4857 1775 4912 regno
1803 4857 1896 4897 eo.

313 4956 443 4997 rum
474 4938 659 5009 iniquo
691 4935 710 4976 ί
739 4936 938 5005 eripies
968 4950 1074 4990 me.
1114 4955 1133 4989 ›

394 5031 681 5102 Propterea
696 5028 1084 5097 conﬁtebortibi
1100 5028 1154 5083 in
1174 5030 1436 5100 gentibus,
1459 5027 1697 5082 Domine.
1724 5046 1741 5079 ‹
1764 5028 1893 5083 Pro-

316 5133 510 5193 pterea
552 5120 647 5176 tibi
693 5134 791 5189 per
831 5133 917 5172 me
957 5117 1358 5175 confitebuntur
1385 5125 1613 5192 gentes,
1645 5117 1890 5187 Domine.

395 5246 419 5272 α
446 5232 618 5295 Edit.,
650 5239 793 5284 ante.

396 5304 423 5343 ιι
448 5302 608 5358 Joan.
636 5315 712 5365 x1,
742 5299 831 5359 48.
857 5297 914 5353 1η
945 5297 1104 5353 editis
1123 5299 1297 5363 deest,
1325 5300 1516 5355 vivum.

395 5383 417 5411 ε
443 5371 616 5456 _Edit.,
637 5370 864 5426 seruiuit.
895 5369 1105 5425 Revera
1136 5367 1189 5423 in
1208 5368 1569 5443 explicatione
1609 5368 1842 5429 habetur
1868 5387 1880 5422 :

312 5450 549 5497 sanavit.

395 5513 421 5552 ἀ
450 5512 617 5575 Edit.,
643 5511 698 5564 in
718 5519 881 5563 vetere
902 5508 1129 5563 homine.

403 5594 424 5623 ε
453 5583 577 5638 Edit
605 5621 621 5647 ,
642 5579 933 5645 itineribus.

399 5652 416 5692 ί
447 5653 616 5718 Edit.,
649 5666 818 5715 erues.

402 5725 425 5764 ε
445 5720 612 5787 Edit.,
639 5736 767 5793 quos
805 5721 1070 5779 credentes
1105 5719 1412 5795 Evangelia.

1991 3209 2046 3263 in
2066 3205 2315 3262 cathedra
2335 3206 2754 3277 sapientissimus
2780 3209 3019 3280 princeps
3045 3211 3182 3267 inter
3206 3221 3331 3279 tres,
3357 3214 3468 3284 ipse
3491 3225 3569 3269 est

1987 3296 2139 3369 quasi
2164 3297 2479 3351 tenerrimus
2497 3295 2628 3367 ligni
2654 3297 2986 3364 vermiculus,
3015 3299 3108 3371 qui
3143 3301 3465 3373 octingentos
3490 3305 3571 3357 in-

1988 3388 2193 3458 terfecit
2212 3388 2407 3459 impetu
2440 3404 2565 3444 uno.
2599 3389 2616 3429 ί
2647 3387 2768 3445 Non
2796 3388 3007 3445 Gesbaa
3033 3430 3048 3455 ,
3082 3389 3097 3441 i
3130 3399 3191 3447 ut
3214 3393 3437 3463 quidam
3477 3409 3569 3465 puo

1989 3489 2128 3547 tant,
2153 3481 2250 3551 sed
2269 3481 2385 3550 ipse
2410 3480 2584 3537 David
2605 3489 2692 3538 est
2719 3482 2899 3538 dictus
2911 3483 3066 3552 quasi
3097 3486 3412 3539 teneri-imus
3433 3485 3564 3555 ligni

1990 3570 2321 3628 vermiculus.
2343 3571 2480 3627 «Per
2502 3586 2664 3641 quem
2690 3572 2860 3628 virtus
2886 3573 3047 3627 simul
3073 3572 3281 3635 bellica,
3300 3581 3355 3627 et
3380 3574 3567 3628 mode.

1994 3672 2079 3717 sta
2112 3662 2216 3717 viri
2241 3662 2553 3732 designatur
2576 3661 2829 3717 civilitas.
2845 3662 2982 3728 Quia
2999 3662 3249 3718 videlicet
3273 3663 3416 3718 sicut
3441 3677 3568 3719 ver-

1992 3752 2222 3807 miculus
2249 3750 2378 3822 ligni
2413 3759 2564 3805 tener
2591 3750 2833 3820 quidem,
2862 3760 2917 3804 et
2930 3751 3141 3821 fragilis
3187 3759 3302 3807 toto
3329 3768 3429 3808 suo
3449 3769 3571 3810 cor-

1992 3856 2124 3912 pore
2145 3881 2162 3907 ,
2196 3857 2298 3897 nec
2322 3856 2433 3896 non
2455 3848 2514 3896 et
2549 3841 2896 3912 permodicus
2925 3852 3191 3913 apparet,
3219 3845 3572 3906 nihilominus

1993 3940 2176 3989 tamen
2204 3931 2563 3987 fortissimum
2592 3931 2721 4001 ligni
2759 3931 2927 3988 robur
2956 3934 3194 3989 exedens
3225 3975 3242 4002 ,
3277 3940 3570 4005 consumit,

1992 4031 2049 4078 et
2077 4022 2350 4079 cariosum
2379 4021 2577 4076 reddit.
2613 4020 2765 4077 Unde
2798 4037 2829 4077 a
2873 4024 3100 4080 terendo
3142 4024 3285 4096 ligna
3312 4068 3328 4092 ,
3355 4030 3572 4087 tet-ede-

1996 4113 2082 4170 nis
2109 4128 2308 4170 nomen
2331 4113 2495 4169 habet
2523 4131 2537 4166 :
2569 4113 2652 4168 sic
2676 4113 2765 4168 ille
2796 4113 3024 4171 affabilis
3046 4118 3300 4174 omnibus
3329 4121 3495 4189 domi,
3519 4132 3570 4178 et

1995 4209 2213 4280 quietus
2236 4247 2252 4272 ,
2297 4213 2462 4276 atque
2507 4205 2729 4261 humilis
2765 4207 3073 4276 videbatur,
3105 4219 3163 4266 at
3190 4211 3245 4266 in
3274 4216 3572 4273 certamine

1994 4297 2211 4368 publico
2236 4296 2516 4352 robustum
2543 4308 2602 4350 se
2631 4334 2648 4360 ,
2679 4304 2842 4366 atque
2880 4296 3274 4357 intolerabilem
3315 4302 3566 4361 hostibus

1997 4387 2306 4457 exhibebat.
2342 4404 2361 4437 ι
2390 4384 2698 4456 Absurdum
2727 4401 2835 4441 non
2851 4396 2954 4452 est,
2970 4389 3099 4444 uthi
3130 4397 3241 4446 tres
3267 4392 3571 4460 fortissimi,

1919 4446 1973 4521 Π
1997 4448 2205 4549 David,
2229 4486 2289 4532 et
2312 4446 2553 4540 Eleazar,
2583 4485 2639 4543 et
2666 4475 2863 4544 Samaa
2879 4517 2894 4542 ,
2920 4446 3570 4553 intelligantur'l‘rini—twa‘s;

1880 4610 1897 4625 .
1998 4569 2142 4629 Deus
2158 4567 2323 4641 Pater
2347 4606 2363 4633 ,
2386 4575 2445 4622 et
2461 4565 2633 4625 Filius
2663 4607 2680 4632 ,
2705 4574 2761 4621 et
2789 4566 3022 4638 Spiritus
3046 4577 3269 4626 sanctus
3297 4590 3312 4626 :
3343 4574 3411 4630 ad
3438 4589 3570 4646 quo-

1998 4676 2118 4719 rum
2146 4661 2510 4732 equalitatem
2530 4659 2711 4716 caeteri
2735 4657 3015 4723 fortissimi
3046 4675 3152 4719 non
3180 4677 3569 4734 pervenerunt.

2002 4751 2183 4826 (γεγε.
2214 4753 2302 4819 14,
2327 4750 2461 4825 etc.)
2492 4750 2851 4823 gltemkipse
2865 4751 3035 4820 David
3058 4752 3110 4807 in
3133 4752 3318 4823 przelio
3337 4754 3569 4813 Philisti-

2002 4858 2197 4899 uorum
2234 4858 2359 4915 cum
2384 4842 2577 4901 sitiens
2620 4848 2932 4899 versaretur
2976 4841 3033 4896 in
3062 4842 3204 4898 bello
3232 4883 3247 4909 ,
3279 4852 3336 4899 et
3365 4860 3562 4915 aquam

1999 4944 2267 5007 quaereret
2296 4953 2309 4989 :
2353 4935 2485 5001 Quis
2514 4935 2639 4993 milii
2668 4942 2846 5005 potum
2869 4933 3037 5000 dabit,
3082 4936 3179 5001 ait,
3209 4937 3275 4992 de
3311 4937 3454 5005 lacu,
3483 4942 3573 5011 qui

1999 5033 2076 5079 est
2131 5025 2187 5078 in
2222 5023 2523 5099 Bethleem?
2557 5023 2625 5077 Et
2662 5023 2729 5091 ad
2757 5030 2943 5095 portas
2977 5032 3095 5083 erat
3134 5025 3237 5093 iter
3280 5027 3569 5085 cisternae:

2000 5122 2054 5170 et
2081 5114 2249 5169 David
2279 5113 2293 5152 ι
2325 5113 2619 5169 interfusus
2655 5114 2900 5173 hostibus
2922 5153 2936 5178 ,
2968 5123 3025 5170 et
3042 5129 3164 5171 eum
3198 5117 3373 5181 media
3404 5119 3572 5175 hosti-

2068 5230 2097 5270 ιι
2122 5227 2352 5298 Vulgata
2379 5245 2391 5280 :
2424 5242 2518 5297 per
2549 5242 2649 5280 me.

2071 5300 2087 5339 ί
2118 5294 2554 5377 Ηωέοοξηρὲτεξε
2571 5310 2697 5377 cum
2721 5294 2805 5359 iis,
2835 5308 2955 5376 qius:
2976 5294 3367 5377 tradidit_l3eda
3392 5298 3570 5376 mum-

1991 5368 2167 5443 stione
2202 5366 2259 5443 9_]
2300 5375 2353 5443 et
2379 5363 2668 5443 manifesto
2713 5363 3010 5443 perspicies
3050 5364 3330 5424 Claudium
3373 5363 3447 5428 ea
3494 5364 3565 5433 ex

1996 5432 2562 5514 praeclarissimoﬁhoc.
2575 5432 2797 5514 (lecture
2825 5432 2888 5487 ἑκ
2896 5435 3120 5507 cepisse.

2001 5502 2016 5508 ”
2071 5505 2086 5557 i
2125 5507 2373 5562 Jesbaam
2397 5503 2518 5559 Par.
2542 5502 2584 5568 1,
2616 5519 2694 5568 Ix,
2719 5503 2805 5557 il.
2957 5502 2977 5507 ⁷

2001 5649 2013 5661 θ
2071 5576 2098 5616 ιι
2122 5576 2360 5661 Isidorus
2403 5573 2544 5645 [cap.
2584 5572 2639 5638 4,
2671 5575 2723 5628 in
2771 5573 2865 5629 lib.
2906 5572 2951 5628 ll
2990 5574 3152 5650 Reg]
3200 5579 3568 5654 subsequentia

2002 5655 2465 5772 “lulianus...
2493 5712 2775 5786 legendum
2798 5714 3050 5773 arbitror.
