3904 6174
325 341 419 396 119
1397 319 1671 382 CLAUDII
1710 311 2172 372 TAURINENSIS
2213 309 2518 367 EPISCOPI
3480 298 3578 354 τω

321 463 454 515 lium
473 460 755 514 cinxerant
781 463 931 524 septa
971 458 1296 507 castrorum.
1335 457 1358 484 ι
1388 438 1761 497 Praeciderunt
1783 441 1896 488 tres
1927 431 1979 492 Α
2073 428 2253 501 (γεγε.
2288 429 2378 495 16,
2429 426 2560 496 etc.)
2590 423 2673 479 Ad
2700 422 2844 478 hanc
2878 434 3076 491 aquam
3121 416 3481 473 hauriendam
3519 418 3592 472 ir-

324 552 427 606 viri
483 504 886 604 multitudinem
941 504 1380 598 adversariorum
1412 576 1427 600 ,
1491 539 1547 588 et
1600 529 1905 584 hauserunt
2004 527 2264 591 ruperunt
2298 529 2471 583 castra
2525 513 2926 570 Philistinorum
2981 517 3094 564 tres
3155 507 3358 574 fortes,
3403 504 3588 560 Abisai

325 600 765 712 aquam-delacu,
805 635 1038 706 quierat
1081 632 1135 687 in
1161 627 1441 685 Bethleem
1463 665 1476 688 ,
1509 631 1565 677 et
1593 617 1907 676 obtulerunt
2005 612 2177 712 frater
2201 611 2355 678 Joab,
2387 618 2443 666 et
2461 609 2693 665 Banaias
2719 606 2860 662 ﬁlius
2887 602 3109 660 Joiadaa.
3143 601 3321 675 (Vera.
3343 600 3464 671 ‘20.)
3490 600 3596 658 Iste

327 691 772 800 regi—bibendam,
803 691 897 780 sed
934 739 1030 778 rex
1055 720 1230 777 noluit
1248 716 1438 773 bibere
1473 755 1487 778 ,
1518 721 1574 766 ct
1597 709 1627 750 δ
1662 703 1908 779 profudit
2007 701 2241 756 Banaias
2261 700 2528 772 percussit
2557 699 2692 753 duos
2723 697 2910 752 leones
2933 693 3090 748 Moab
3109 734 3123 760 ,
3154 701 3211 748 et
3233 693 3346 762 ipse
3371 691 3593 748 descen-

326 783 468 874 3an
509 818 736 872 Domino
761 783 782 868 ἐ
826 815 1060 884 dixitque
1093 852 1108 878 ,
1169 827 1273 864 non
1319 806 1588 874 contingat
1643 798 1773 854 mihi
1812 796 1909 849 hoc
2009 794 2131 860 dit,
2169 803 2224 848 et
2248 791 2519 864 percussit
2564 789 2773 844 leonem
2814 787 2869 840 in
2907 783 3086 840 media
3128 784 3368 838 cisterna
3408 783 3597 838 diebus

327 912 524 981 facere,
554 917 610 962 ut
638 907 948 977 sanguinem
971 905 1220 964 virorum,
1253 899 1342 970 qui
1370 873 1610 950 abierunt
1632 902 1681 957 α,
1710 905 1774 943 ea:
1795 887 1911 940 ani—
2013 885 2173 939 nivis.
2211 885 2226 923 ί
2266 901 2282 934 ε
2305 881 2586 950 Quomodo
2615 879 2686 934 sit
2707 873 3216 944 factum,Josephus
3236 879 3425 926 narrat
3446 887 3596 942 aper-

1755 980 1758 981 .
1798 980 1804 981 ,
2038 975 2050 981 -
2330 974 2346 981 -
2408 973 2458 981 .-
2495 971 2528 981 ..
2606 977 2615 981 Α
2699 969 2710 980 .
2751 975 2762 981 -
2929 965 2952 981 ι.
2999 979 3010 981 _
3053 964 3091 981 ..
3120 963 3340 981 4a.“-
3372 961 3565 981 __-.-,__

327 961 424 1056 im's
457 961 670 1054 illorum
712 961 902 1052 bibam.
954 994 1096 1049 Vicit
1141 961 1276 1063 ergo
1305 997 1554 1044 naturam
1585 1025 1600 1048 ,
1631 989 1693 1036 ut
1720 980 1913 1034 sitiens
2012 975 2120 1029 tius
2157 992 2170 1028 :
2203 974 2348 1043 quod
2370 971 2622 1027 videlicet
2665 969 2902 1023 cisterna
2929 964 3094 1020 fuerit
3119 963 3347 1018 nimium
3372 961 3601 1032 profun-

331 1111 435 1148 non
467 1093 701 1156 biberet,
729 1098 785 1144 et
809 1085 1114 1156 exemplum
1137 1051 1283 1138 devse
1315 1077 1546 1150 praebuit
1568 1116 1581 1139 ,
1607 1089 1714 1143 quo
1737 1069 1914 1127 omnis
2015 1063 2102 1126 da,
2133 1077 2254 1134 quae
2285 1069 2528 1132 tempore
2556 1057 2769 1130 hyemis
2807 1069 2931 1110 cum
2967 1059 3154 1108 essent
3176 1052 3359 1106 omnia
3387 1051 3602 1106 nivibus

330 1184 604 1239 exercitus
627 1143 858 1235 tolerare
881 1143 1028 1231 sitim
1051 1143 1489 1236 disceret.-Quod
1507 1166 1553 1220 si
1587 1163 1749 1218 altius
1778 1159 1915 1214 velis
2015 1153 2173 1224 plena
2208 1193 2223 1218 ,
2261 1153 2378 1224 ipsa
2418 1165 2633 1221 quoque
2673 1147 2842 1203 nimio
2895 1146 3102 1200 nivium
3158 1152 3388 1215 aggestu
3445 1143 3606 1200 fuerit

333 1286 600 1348 spectare,
629 1281 682 1327 et
707 1268 1065 1338 introspicere
1093 1262 1435 1336 mysterium,
1468 1256 1690 1312 sitiebat
1721 1248 1915 1313 David,
2021 1251 2319 1316 coaequata,
2352 1255 2514 1311 quam
2548 1254 2670 1294 cum
2700 1238 2786 1292 leo
2843 1234 3232 1305 superveniens
3258 1233 3490 1304 periculi
3517 1251 3606 1290 ne-

1617 1346 1625 1348 _
1728 1344 1741 1348 _
1865 1340 1876 1348 .
2087 1336 2099 1348 ι
2197 1334 2208 1346 α
2287 1333 2300 1345 ο
2323 1331 2356 1348 1·
2400 1346 2408 1348 ξ
2428 1340 2468 1348 Α.
2529 1330 2562 1348 2|
2588 1328 2724 1348 2)-..-
2771 1325 3050 1348 _-..-I_----..
3082 1323 3266 1348 ...ιι-..λε
3292 1324 3476 1348 _._:..-
3507 1325 3579 1348 -l-

333 1323 439 1423 nlon
471 1379 669 1436 aquam
709 1377 830 1433 quae
856 1360 1022 1415 estin
1051 1323 1329 1411 Bethleem
1355 1392 1371 1417 ,
1404 1349 1502 1405 sed
1549 1344 1839 1401 oriundum
1864 1340 1919 1394 in
2022 1336 2174 1392 scius
2196 1331 2494 1396 incidisset,
2529 1328 2728 1384 ibidem
2765 1325 3052 1382 conclusus
3079 1323 3268 1395 grandi
3292 1324 3479 1394 rugitu
3504 1325 3607 1383 cla-

1639 1435 1642 1436 ,
1791 1431 1803 1436 _
1841 1430 1853 1436 -
2185 1433 2193 1436 Α
2492 1422 2505 1436 I
2603 1427 2618 1436 Α
2660 1420 2674 1436 ι
2706 1417 2906 1436 ,4-εμ--
2938 1415 3119 1436 --2.1-..-
3199 1413 3336 1436 ---ΑΔ
3367 1423 3505 1436 _-_--
3562 1422 3606 1436 ,ι

335 1413 539 1515 θαόεδπιι
579 1413 882 1510 Βειιιιῖθεέίη⁷
904 1413 973 1504 ex
1021 1445 1244 1515 Virgine
1298 1413 1577 1497 Christum
1631 1435 1688 1489 in
1725 1430 1917 1502 spiritu
2024 1433 2201 1482 maret
2227 1443 2239 1478 :
2264 1422 2624 1478 accurrebant
2660 1417 2910 1473 homines
2938 1415 3124 1470 videre
3151 1455 3165 1480 ,
3195 1413 3339 1483 quod
3363 1423 3532 1480 esset,
3557 1422 3610 1470 et

899 1504 1352 1596 volebat-bibere,
1377 1543 1492 1584 non
1520 1538 1716 1595 aquam
1749 1519 1923 1575 flumi-
2025 1519 2152 1572 dum
2179 1529 2305 1570 cum
2331 1512 2452 1568 aliis
2481 1510 2548 1565 ad
2582 1509 2690 1564 tale
2710 1505 3083 1578 spectaculum
3117 1504 3405 1560 adveniret
3430 1513 3488 1559 et
3515 1504 3610 1558 Ba-

340 1603 446 1706 ins,
485 1639 580 1693 sed
597 1603 871 1690 lavacrum
902 1645 966 1685 ex
996 1629 1165 1682 latere
1195 1621 1397 1680 Christi
1425 1619 1453 1658 ἀ
1483 1617 1755 1689 pluentem
1781 1628 1794 1666 :
1819 1611 1925 1666 hoc
2027 1611 2201 1676 naias,
2218 1607 2437 1665 desiluit
2457 1605 2642 1661 statim
2667 1604 2721 1658 in
2744 1603 3136 1667 cisternam,et
3159 1613 3476 1670 aggressum
3507 1613 3609 1652 me-

340 1743 421 1785 est
441 1771 455 1796 ,
486 1745 593 1783 non
619 1737 884 1794 aquarum
917 1720 1136 1775 sitiebat
1182 1714 1529 1773 elementum,
1569 1705 1663 1760 sed
1700 1701 1924 1773 sangui-
2031 1703 2136 1757 diis
2166 1701 2223 1756 in
2245 1699 2458 1754 nivibus
2488 1695 2764 1752 interfecit
2793 1693 3034 1750 leonem.
3069 1711 3088 1744 ι

498 1783 704 1874 Christi
730 1829 744 1868 :
774 1783 916 1868 unde
945 1811 1112 1865 etiam
1135 1821 1242 1861 non
1269 1801 1406 1858 bibit
1430 1812 1624 1868 aquam
1656 1794 1916 1855 oblatam,
1950 1805 1995 1862 Β
2092 1789 2486 1864 (νενε.25,24,
2518 1787 2650 1858 etc.)
2680 1787 2886 1842 Dehinc
2911 1783 2926 1835 Ξ
2957 1784 3160 1840 texitur
3177 1783 3458 1856 catologus
3483 1783 3614 1838 viro-

345 1914 439 1967 sed
473 1909 702 1964 Domino
735 1904 872 1959 fudit
901 1898 1216 1972 signiﬁcans
1246 1893 1400 1948 sitire
1439 1904 1498 1944 se.
1525 1886 1730 1943 Christi
1756 1883 1927 1938 sacri-
2029 1899 2149 1939 rum
2197 1880 2420 1936 fortium
2462 1881 2515 1934 in
2564 1878 2737 1950 ﬁgura
2782 1885 3097 1934 sanctorum
3121 1916 3136 1942 ,
3169 1876 3261 1944 qui
3302 1874 3614 1930 fortitudine

354 2002 536 2056 ﬁcium
557 2039 570 2065 ,
603 2012 711 2052 non
740 1964 1253 2050 naturaavﬁuentem,
1288 1981 1383 2037 sed
1420 1977 1552 2033 illud
1577 1972 1927 2036 sacriﬁcium,
2029 1974 2292 2028 virtutum
2310 1970 2440 2027 boni
2460 1969 2642 2039 operis
2678 2009 2693 2034 ,
2733 1976 2788 2021 et
2812 1966 3056 2022 scientias
3091 1965 3287 2020 divina:
3337 1964 3615 2019 Trinitatis

351 2094 408 2146 in
435 2056 712 2160 quo’esset
731 2081 980 2138 remissio
996 2068 1532 2149 peccatomnyillum
1557 2065 1707 2120 Silil‘e
1731 2061 1931 2160 Γοιιιθῐιξ
2032 2067 2173 2132 fulti,
2205 2080 2311 2120 non
2342 2061 2715 2117 tantummodo
2740 2075 2799 2114 se
2821 2059 2966 2130 ipsos
2996 2058 3064 2112 ab
3091 2057 3340 2112 hostibus
3370 2056 3617 2127 malignis
3655 2083 3666 2091 -

352 2148 617 2237 mternum
652 2218 666 2243 ,
694 2190 801 2229 non
839 2171 931 2242 qui
953 2148 1208 2239 periculis
1231 2165 1566 2233 quaereretur
1597 2153 1808 2218 alienis,
1840 2148 1934 2206 sed

354 2269 597 2343 pericula
624 2267 799 2322 aliena
828 2259 1048 2317 deleret.

430 2383 448 2415 ι
484 2362 541 2417 ln
567 2362 672 2416 hoc
699 2357 840 2412 facto
860 2366 882 2394 ο
906 2352 1022 2422 cogi
1033 2348 1251 2405 tandum
1278 2353 1620 2411 summopere
1644 2345 1746 2402 est,
1765 2348 1938 2404 quan-

352 2464 468 2509 tum
499 2451 568 2506 ad
598 2460 777 2503 mores
821 2443 1100 2499 hominum
1132 2437 1407 2508 pertinet,
1440 2438 1500 2485 ut
1529 2429 1619 2499 qui
1653 2442 1712 2482 se
1747 2423 1935 2479 illicita

356 2542 606 2600 meminit
633 2535 976 2595 commisisse
1002 2574 1016 2598 ,
1049 2547 1079 2585 a
1101 2527 1422 2600 quibusdam
1447 2523 1612 2579 etiam
1635 2518 1796 2573 licitis
1825 2522 1940 2570 stu-

360 2637 488 2691 deat
521 2631 796 2688 abstincre
826 2645 840 2682 z
866 2625 1120 2696 quatinus
1150 2636 1247 2690 per
1289 2618 1394 2672 hoc
1422 2611 1690 2670 conditori
1722 2625 1821 2664 suo
1853 2622 1941 2662 sa-

349 2710 634 2781 tisfaciat:
682 2717 856 2786 utqui
897 2711 1171 2769 commisit
1211 2706 1484 2778 prohibita
1517 2745 1531 2769 ,
1581 2717 1613 2756 a
1643 2697 1940 2767 semetipso

359 2815 677 2872 abscindere
699 2810 891 2864 debeat
911 2805 1075 2860 etiam
1105 2813 1383 2860 concessa,
1418 2804 1473 2850 et
1499 2809 1558 2848 sc
1585 2788 1944 2861 reprehendat

366 2909 419 2960 in
449 2903 708 2967 minimis,
734 2899 825 2969 qui
852 2911 912 2951 se
946 2892 1192 2948 meminit
1217 2891 1271 2944 in
1318 2885 1568 2942 maximis
1599 2883 1610 2920 ί
1647 2880 1945 2936 declinasse

367 2999 564 3068 (Exod.
583 3011 675 3060 xx,
710 2992 795 3063 l7)
820 3009 831 3044 ε
858 2990 966 3044 Lex
991 2994 1142 3042 certe
1165 2979 1366 3037 veteris
1389 2973 1701 3033 testamenti
1716 2972 1946 3026 alienam

364 3104 590 3145 uxorem
641 3062 954 3154 concupisci
1004 3076 1281 3148 prohibet,
1352 3071 1555 3141 Regem
1600 3080 1732 3122 vero
1785 3062 1946 3119 fortia

2033 2156 2349 2221 defendunt,
2364 2168 2556 2227 verum
2584 2152 2828 2206 inﬁrmos
2841 2150 3113 2220 quoslibet
3138 2157 3456 2221 protegunt.

2108 2251 2133 2291 ιι
2156 2249 2356 2306 Peccat
2390 2255 2512 2320 post
2565 2246 2683 2301 hazc
2742 2244 2911 2299 David
2943 2242 3198 2314 populum
3238 2241 3618 2296 numerando:

2037 2344 2280 2416 praecipit
2325 2342 2469 2398 enim
2501 2340 2670 2395 David
2708 2337 2863 2403 Joab,
2904 2346 2964 2392 ut
3001 2336 3410 2408 perambularet
3453 2345 3622 2392 totum

2037 2436 2201 2492 lsrael
2225 2477 2238 2499 ,
2269 2432 2457 2506 (ναῖε.
2501 2433 2557 2505 2)
2596 2441 2651 2487 et
2699 2431 2919 2486 aﬂ'crret
2975 2445 3264 2485 numerum
3313 2430 3497 2499 populi
3527 2445 3541 2484 :
3571 2438 3624 2485 et

2039 2529 2154 2584 haec
2183 2527 2304 2582 ideo
2321 2525 2602 2595 Scriptura
2625 2523 2774 2589 dicit,
2805 2521 2984 2594 (Vera.
3013 2521 3064 2594 1)
3090 2522 3232 2592 quod
3267 2521 3421 2576 furor
3449 2521 3623 2576 Domi-

2042 2621 2097 2675 ni
2136 2619 2299 2691 ccepit
2324 2617 2482 2673 irasci
2511 2623 2700 2672 contra
2733 2612 2923 2669 Israel.
2959 2611 2978 2651 ι
3014 2631 3032 2663 ι
3063 2611 3216 2678 Quod
3254 2612 3308 2666 in
3337 2611 3443 2666 hoc
3490 2609 3629 2665 facto

2043 2712 2189 2768 aliud
2241 2712 2643 2767 demonstratur
2686 2707 2790 2762 nisi
2818 2706 2964 2776 quod
3023 2706 3103 2761 sic
3149 2720 3250 2774 pro
3275 2703 3631 2775 qualitatibus

2045 2793 2382 2860 subditorum
2428 2800 2788 2871 disponuntur
2836 2805 2958 2852 acta
3009 2797 3310 2867 regentium
3340 2836 3354 2861 ,
3381 2803 3442 2848 ut
3493 2805 3633 2863 saepe

2046 2910 2148 2967 pro
2176 2895 2322 2950 malo
2346 2895 2524 2966 gregis
2561 2893 2724 2949 etiam
2755 2905 2883 2946 vere
2910 2890 3038 2945 boni
3066 2889 3348 2958 delinquat
3376 2888 3487 2942 vita
3515 2901 3631 2956 pas-

2049 2987 2221 3042 toris?
2256 2985 2348 3040 llle
2373 2986 2518 3040 enim
2540 3027 2554 3049 ,
2603 2983 2715 3038 Deo
2739 2989 3052 3044 attestante,
3081 2979 3331 3034 laudatus
3359 3020 3372 3043 ,
3408 2979 3514 3033 iste
3549 2993 3633 3033 su-

2049 3093 2342 3151 pernorum
2371 3077 2750 3149 mysteriorum
2779 3075 3030 3130 conscius
3051 3073 3218 3126 David
3242 3071 3531 3142 propheta,
3555 3078 3636 3122 tu-

359 3181 552 3250 Ῐυδθτε
589 3178 887 3239 militibus:
918 3172 1004 3228 vel
1029 3169 1338 3226 deSidel‘are
1369 3177 1565 3235 aquam
1585 3201 1600 3226 ν
1631 3175 1740 3214 non
1760 3170 1950 3228 Dama"
1977 3151 2022 3215 (ἶ
2057 3185 2208 3226 more
2237 3169 2531 3240 repentina:
2579 3166 2827 3222 elationis
2883 3163 3099 3220 inflatus
3149 3162 3405 3234 populum
3451 3174 3638 3215 nume-

370 3273 497 3326 iiter
520 3277 685 3323 vetat.
713 3267 781 3321 Et
826 3263 1006 3319 cuncti
1037 3261 1308 3320 novimus,
1362 3254 1506 3324 quod
1543 3251 1712 3307 David
1752 3262 1952 3305 concu—

367 3362 646 3434 piscentia:
676 3371 934 3414 mucrone
953 3355 1261 3413 transﬁxus,
1283 3349 1515 3405 alienam
1545 3343 1852 3413 coniugem,
1898 3348 1954 3394 et

378 3454 661 3527 appetivit,
687 3458 742 3505 et
771 3446 1016 3512 abstulit,
1057 3444 1210 3514 cujus
1239 3441 1452 3512 culpam
1487 3438 1650 3508 digna
1678 3437 1701 3474 ε
1728 3433 1952 3487 vulnera

381 3523 508 3602 sunt
543 3553 726 3600 secuta
755 3560 766 3595 :
799 3549 854 3596 et
883 3538 1083 3594 malum
1125 3535 1266 3604 quod
1292 3528 1753 3602 perpetravit,per
1777 3523 1954 3595 poeni-

373 3637 554 3694 tentia:
589 3635 820 3688 lamenta
850 3628 1107 3685 correxit.
1135 3625 1236 3690 Qui
1261 3637 1385 3678 cum
1409 3622 1564 3689 longe
1587 3625 1730 3688 post,
1763 3623 1954 3670 contra

379 3725 620 3780 hostium
642 3737 846 3778 cuneos
895 3720 1131 3781 sederet,
1184 3728 1380 3784 aquam
1411 3711 1596 3766 bibere
1623 3710 1688 3763 de
1713 3705 1960 3761 Bethlee-

371 3817 477 3871 mis
513 3815 751 3870 cisterna
782 3827 844 3867 ex
876 3807 1146 3864 desiderio
1170 3804 1362 3868 voluit,
1394 3801 1548 3872 cujus
1573 3797 1731 3854 electi
1758 3795 1959 3850 milites

373 3910 516 3963 inter
560 3915 806 3962 catervas
855 3899 1262 3958 adversantium
1310 3893 1520 3951 medias
1567 3895 1915 3959 erumpentes
1941 3925 1956 3950 ,

375 4011 575 4068 aquam
598 4010 760 4064 quam
809 4007 904 4046 rex
954 3988 1362 4044 desideraverat
1384 4024 1398 4047 ,
1429 3979 1583 4036 illaesi
1626 3977 1958 4034 detulerunt.

377 4089 484 4144 Sed
505 4088 590 4141 vir
615 4083 839 4155 flagellis
867 4080 1132 4142 eruditus,
1161 4074 1514 4142 semetipsum
1552 4071 1803 4138 protinus
1837 4081 1985 4121 cum

374 4179 619 4251 periculo
663 4175 895 4230 militum
938 4184 1136 4238 aquam
1185 4165 1526 4222 desiderasse
1575 4159 1960 4231 reprehendit,

377 4249 608 4336 eamque
657 4263 882 4320 Domino
931 4259 1187 4322 fundens,
1250 4253 1488 4311 libavit:
1520 4251 1664 4307 sicut
1697 4249 1962 4320 scriptum

377 4367 464 4415 est
509 4375 521 4410 :
567 4355 745 4409 libavit
774 4369 890 4407 eam
944 4348 1192 4404 Domino.
1251 4347 1280 4387 ιι
1338 4344 1396 4400 ln
1447 4340 1720 4399 sacriﬁcio
1763 4340 1964 4411 quippe

379 4447 592 4504 Domini
615 4444 782 4501 effusa
827 4457 967 4515 aqua
993 4453 1260 4496 conversa
1291 4443 1376 4492 est
1405 4475 1420 4500 ,
1454 4432 1712 4505 quoniam
1741 4432 1964 4502 culpam

379 4535 831 4606 concupiscentia:
885 4530 1145 4588 mactavit
1196 4543 1294 4599 per
1344 4525 1723 4597 paenitentiam
1777 4539 1964 4596 repre-

381 4629 662 4688 hensionis
718 4642 847 4682 suae.
903 4624 1006 4692 Qui
1058 4638 1188 4694 ergo
1249 4619 1524 4691 quondam
1581 4618 1967 4687 concupiscere

383 4725 614 4778 alienam
645 4719 928 4790 coniugem
963 4728 1305 4785 nequaquam
1333 4712 1535 4776 timuit,
1560 4719 1751 4780 postea
1778 4710 1964 4775 etiam,

383 4815 526 4886 quod
553 4829 749 4883 aquam
771 4809 1134 4880 concupisset,
1171 4805 1409 4875 expavit.
1461 4802 1563 4870 Qui
1601 4802 1745 4856 enim
1774 4817 1834 4857 se
1863 4802 1967 4857 illi-

384 4909 492 4962 cita
517 4913 859 4976 perpetrasse
887 4901 1228 4964 meminerat,
1257 4904 1450 4952 contra
1478 4895 1829 4964 semetipsum
1849 4893 1965 4964 jam

388 4999 613 5069 rigidus,
638 4997 802 5052 etiam
824 5010 854 5049 a
879 4994 1041 5050 licitis
1066 4992 1392 5048 abstinebat.
1417 5008 1436 5043 ι

460 5140 483 5168 ι
513 5125 920 5182 Prmccsscrunt.
955 5123 1062 5179 Sed
1087 5128 1312 5193 pr:cstat
1330 5119 1500 5177 nostri
1530 5119 1744 5178 Codicis
1779 5121 1962 5179 lectio.

465 5199 492 5238 ιι
531 5197 796 5268 Perfudit,
829 5205 886 5251 ut
908 5194 1164 5268 arbitror.

464 5279 485 5307 θ
521 5260 788 5338 Vulgata,
813 5277 860 5321 et
909 5265 1206 5338 animarum
1223 5260 1525 5334 periculum
1566 5261 1759 5316 bibam.
1800 5263 1969 5320 Error

398 5339 590 5408 aliquis
617 5336 707 5394 hic
729 5339 906 5393 inesse
933 5336 1167 5391 videtur.

467 5410 491 5448 ιι
522 5410 788 5478 ﬂuentem.

472 5491 495 5518 ο
522 5473 922 5548 ’ὃυῦεείιυεηιίει
965 5473 1281 5548 οχίΡίαιεζίο
1309 5512 1324 5538 ,
1353 5473 1582 5548 ideoque
1613 5473 1972 5548 e_x_Gregorio

397 5548 690 5617 desumpsit
713 5542 990 5603 Claudius.
1013 5547 1148 5601 Vide
1171 5547 1400 5617 obsecro
1421 5542 1666 5614 Gregorii
1696 5542 1974 5601 homiliim

398 5619 490 5682 54,
519 5618 572 5688 in
592 5615 890 5688 Evangelia
915 5617 1088 5688 [num.
1122 5615 1235 5688 16].

480 5688 496 5724 τ
526 5687 668 5740 Ειὶίῐ.
697 5685 992 5754 deliquisse.

478 5759 503 5798 ε
531 5756 674 5813 Edit.
706 5756 932 5809 verbera.
968 5755 1075 5810 Sed
1102 5765 1250 5812 certe
1275 5771 1464 5812 mucro
1485 5759 1697 5814 vulnera
1720 5775 1825 5816 non
1851 5777 1971 5818 ver-

2056 3259 2227 3316 rando
2253 3259 2520 3330 peccavit,
2557 3265 2610 3314 et
2643 3265 2824 3312 tamen
2855 3250 3157 3310 vindictam
3187 3251 3441 3323 populus,
3472 3249 3640 3306 David

2053 3359 2314 3423 peccante
2343 3391 2358 3417 ,
2385 3349 2641 3420 suscepit.
2674 3347 2783 3403 Cur
2813 3347 2953 3404 hoc?
2975 3346 3101 3417 quia
3155 3343 3412 3399 videlicet
3449 3356 3643 3398 secun-

2057 3442 2184 3496 dum
2222 3441 2474 3496 meritum
2502 3440 2738 3510 plebium
2767 3439 3126 3509 disponuntur
3150 3432 3315 3490 corda
3342 3442 3641 3488 rectorum.

2057 3530 2244 3588 Justus
2266 3546 2395 3586 vero
2433 3529 2594 3598 iudex
2643 3529 2919 3599 peccantis
2945 3527 3136 3582 vitium
3168 3539 3233 3579 ex
3264 3525 3508 3595 ipsorum
3530 3523 3644 3578 ani-

2059 3621 2438 3678 madversione
2468 3619 2734 3689 corripuit
2764 3659 2778 3684 ,
2807 3635 2873 3673 ex
2912 3631 3142 3688 quorum
3173 3630 3337 3670 causa
3372 3612 3643 3683 peccavit,

2060 3712 2155 3768 sed
2187 3711 2330 3783 quod
2367 3711 2502 3781 ipse,
2547 3725 2644 3765 sua
2689 3709 2898 3767 scilicet
2925 3707 3204 3763 voluntate
3230 3705 3590 3776 superbiens,
3617 3719 3646 3758 ι

2062 3802 2216 3873 culpa
2242 3801 2449 3856 alienus
2483 3815 2591 3854 non
2626 3798 2748 3864 fuit,
2786 3799 3080 3852 vindictam
3129 3795 3299 3866 culpae
3329 3795 3500 3849 etiam
3539 3795 3651 3864 ipse

2064 3894 2321 3966 suscepit.
2340 3893 2475 3948 Nam
2492 3893 2574 3947 ira
2587 3892 2837 3956 saeviens,
2857 3906 2977 3960 quae
3000 3888 3358 3967 corporaliter
3381 3886 3646 3957 populum

2065 3962 2309 4056 pertulit,
2335 3991 2603 4038 rectorem
2619 3995 2832 4050 quoque
2849 3979 3029 4052 populi
3048 3962 3248 4034 intimo
3269 3978 3451 4033 cordis
3468 3976 3650 4032 dolore

2065 4074 2378 4147 prostravit.
2398 4073 2617 4130 Certum
2643 4087 2772 4128 vero
2789 4081 2892 4138 est,
2921 4071 3065 4142 quod
3093 4071 3166 4125 ita
3183 4069 3287 4124 sibi
3319 4067 3578 4130 invicem,
3603 4074 3652 4120 et

2068 4179 2345 4224 rectorum
2364 4167 2557 4223 merita
2585 4172 2996 4229 connectantur,
3023 4171 3079 4219 et
3109 4161 3346 4232 plebium
3368 4200 3383 4223 ,
3418 4167 3479 4213 ut
3512 4173 3650 4228 saepe

2068 4275 2134 4316 ex
2164 4259 2321 4329 culpa
2347 4261 2645 4329 pastorum,
2669 4255 2907 4311 deterior
2931 4254 3026 4309 fiat
3052 4254 3162 4308 vita
3184 4251 3424 4324 plebium
3444 4257 3503 4304 et
3516 4262 3655 4318 saepe

2070 4367 2138 4408 ex
2158 4351 2353 4406 merito
2379 4349 2614 4420 plebium
2643 4355 2883 4402 mutetur
2909 4345 3019 4400 vita
3054 4351 3352 4415 pastorum.
3385 4339 3496 4395 Sed
3531 4339 3653 4409 quia

2072 4453 2312 4500 rectores
2330 4438 2772 4510 habentjudicem
2785 4452 2938 4493 suum
2950 4477 2964 4502 ,
2981 4448 3175 4504 magna
3189 4430 3403 4487 cautela
3417 4429 3654 4486 subdito-

2075 4549 2194 4590 rum
2211 4541 2310 4597 est,
2331 4546 2440 4587 non
2457 4539 2662 4586 temere
2685 4528 2848 4582 vitam
2865 4526 3107 4597 judicare
3128 4522 3455 4594 regentium.
3470 4518 3657 4589 Neque

2071 4627 2216 4682 enim
2253 4623 2456 4680 frustra
2488 4638 2588 4693 per
2613 4621 2965 4689 semetipsum
2995 4617 3257 4672 Dominus
3287 4611 3506 4686 (Matth.
3539 4627 3651 4674 ut,

2073 4716 2162 4788 12)
2193 4731 2267 4770 ωε
2298 4713 2785 4769 nummulariorum
2819 4709 2980 4774 fudit,
3013 4717 3066 4762 et
3097 4705 3388 4762 cathedras
3418 4702 3656 4757 venden-

2075 4809 2208 4863 tium
2237 4805 2519 4863 columbas
2566 4802 2762 4857 evertit
2796 4819 2808 4855 :
2842 4798 3100 4854 nimirum
3127 4793 3446 4867 signiﬁcans
3475 4831 3494 4857 ,
3531 4791 3655 4861 quia

2074 4913 2172 4968 per
2211 4897 2500 4970 magistros
2553 4893 2769 4964 quidem
2809 4892 2976 4945 vitam
3003 4887 3214 4960 judicat
3254 4884 3495 4956 plebium
3522 4924 3538 4948 ,
3567 4879 3659 4937 sed

2081 5005 2179 5062 per
2201 4989 2550 5058 semetipsum
2568 4985 2704 5041 facta
2725 4984 3002 5040 examinat
3023 4980 3404 5051 magistrorum
3429 4992 3443 5030 :
3468 4989 3659 5049 quam-

2074 5125 2205 5180 bera
2237 5121 2450 5193 infligit.

2143 5195 2170 5235 1³
2205 5189 2380 5257 Εάίῐ.ζ
2411 5189 2752 5260 sacriﬁcium.
2775 5207 2785 5249 ι

2152 5266 2168 5341 ξ
2207 5263 2334 5341 llaec
2363 5257 2914 5341 docuit'Beda‘qutest.
2942 5257 3026 5312 10.

2151 5333 2164 5384 i
2207 5333 2476 5388 Nonnulla
2507 5347 2574 5386 ex
2613 5325 2816 5385 Isidoro
2846 5329 3083 5385 desumit
3121 5325 3378 5382 Claudius
3407 5366 3421 5390 ,
3449 5326 3546 5382 sed
3586 5326 3657 5380 ita

2078 5405 2322 5467 invertit,
2357 5418 2422 5458 ac
2449 5409 2642 5464 mutat,
2693 5409 2755 5455 ut
2778 5399 2944 5454 alium
2972 5399 3132 5467 plane
3185 5411 3409 5452 sensum
3452 5413 3518 5452 ea
3568 5397 3661 5454 ha-

2077 5477 2261 5532 beant.
2294 5474 2428 5528 Vide
2458 5478 2622 5542 caput
2641 5471 2670 5524 7
2701 5471 2757 5525 in
2779 5469 2874 5524 lib.
2899 5469 2944 5523 ll
2969 5467 3103 5539 Reg.
3139 5467 3354 5524 lsidori.

2152 5546 2176 5584 ιι
2210 5545 2252 5599 ll
2275 5544 2408 5615 Reg.
2441 5558 2560 5615 cap.
2589 5557 2736 5615 xxiv.

2153 5615 2170 5654 ι
2203 5607 2601 5692 Subséquetjtia
2645 5611 2815 5691 habes
2844 5610 2898 5664 in
2928 5609 3146 5692 Paterio
3190 5607 3338 5692 [cap.
3370 5607 3470 5692 2'5]
3516 5607 3664 5692 ide?-

2074 5701 2180 5757 que
2204 5686 2256 5740 in
2287 5676 2567 5757 Gregorio,
2591 5697 2660 5736 ex
2683 5676 3360 5757 cujus_comr_nentariis'iu
3387 5676 3511 5736 Job.
3541 5676 3663 5752 (lib.

2076 5749 2202 5820 in.
2227 5770 2374 5814 num.
2399 5749 2490 5827 35]
2521 5751 2820 5822 desumpsit
2842 5749 3110 5806 Paterius.
