1962 3085
138 172 186 199 721

454 171 688 207 ρυΑεεΤιοΝεε
700 171 780 199 ‘XXX
797 171 914 199 SUPER

985 172 1057 201 :ROS
1076 172 1208 202 REGUM.
1228 188 1264 194 —
1283 173 1385 201 LIBER
1404 173 1447 200 lll.

1716 171 1768 200 723

137 230 179 258 vis
193 229 274 258 etiam
298 229 468 257 subditorum
479 230 546 257 vitia
562 250 570 263 ,
584 238 645 265 qua:
658 237 673 257 a
689 228 828 265 magistris
849 229 929 257 modo
943 232 969 261 Α
981 235 1026 258 tur
1039 243 1045 260 ε
1057 238 1086 261 ει
1094 240 1203 260 rursum
1217 232 1263 267 qni
1277 231 1391 266 subjecti
1402 235 1465 258 sunt
1479 250 1486 263 ,
1510 233 1644 258 rectarum
1656 237 1767 257 suorum

137 277 179 304 vel
191 275 397 304 dissimulantur
409 276 538 312 judicari,
565 276 607 304 vel
623 280 778 311 nequeunt,
795 274 853 309 ejus
869 283 929 310 pro—

136 322 180 350 cul
192 321 274 349 dubio
284 321 388 357 judicio
402 327 587 350 reservamur.
604 321 701 357 Igitur.
712 322 775 349 dum
788 321 863 349 salva
877 320 929 348 ilde

137 374 182 395 res
196 367 296 403 agitur.
309 373 322 387 ι
333 367 420 394 virtus
432 375 465 395 ex
480 368 578 395 merito
589 372 640 399 est,
654 367 676 395 si
689 367 820 402 quidquid
831 366 930 402 prioris

136 417 178 441 est
193 433 201 445 ,
222 412 365 440 toleratur.
388 413 473 441 Debet
497 418 586 441 tamen
605 413 743 441 humiliter
768 413 887 449 suggeri,
907 413 930 440 si

137 457 252 485 fortasse
261 457 361 490 valeat,
372 458 442 493 quod
455 458 588 492 displicet,
603 458 752 486 emendari.
768 457 820 486 Sed
834 466 931 485 curan-

135 504 201 532 dum
216 511 388 539 summopere
399 508 450 537 est,
462 512 496 532 ne
509 504 535 531 in
552 504 708 539 superbiam
722 508 844 532 transeat
851 504 930 539 justi-

136 550 182 577 tiaa
196 549 347 577 inordinata
359 549 480 578 defensio
496 559 503 583 ς
523 557 558 578 ne
578 550 642 577 dum
666 550 799 578 rectitude
823 550 931 578 incaute

135 595 273 631 dirigitur,
287 595 346 631 ipsa
361 596 491 631 magistra
505 596 674 623 rectitudinis
694 596 832 624 humilitas
847 596 928 624 amit-

136 645 212 668 tatur
224 649 231 673 ;
246 648 280 668 ne
290 648 353 668 eum
367 641 420 668 sibi
432 649 550 677 praeesse
564 642 680 677 quisque
691 642 836 677 despiciat,
848 650 929 677 quem

136 685 255 714 fortasse
269 687 411 722 contingit,
426 692 456 714 ut
470 687 497 714 in
511 687 600 722 aliqua
617 688 723 715 actione
738 688 927 723 reprehendat.

135 731 238 759 Contra
248 732 320 760 hunc
333 736 467 760 tumorem
480 732 612 768 superbiae
627 733 797 761 subditorum
809 742 886 762 mens
898 734 931 761 ad

135 777 289 805 custodiam
303 777 463 805 humilitatis
481 779 642 806 edomatur:
659 779 682 805 si
699 778 844 807 inﬁrmitas
865 786 931 814 pro-

136 823 197 858 pria
212 813 379 850 incessantdr
392 822 541 851 attenditur
558 832 565 850 λ
581 831 644 850 nam
655 823 726 850 vires
740 828 847 851 nostras
856 813 931 851 vera-

135 868 208 895 citer
230 869 382 896 examinari
397 868 576 904 negligimus:
598 873 626 896 et
643 868 706 903 quia
726 869 760 896 de
780 869 858 897 nobis
873 868 930 896 for-

979 280 1099 308 actiones
1108 279 1232 313 iudicant
1246 286 1253 305 :
1270 282 1298 306 et
1309 278 1332 305 si
1348 278 1421 313 ipsos
1435 276 1555 312 regimen
1575 281 1666 303 tenere
1681 275 1767 303 conti-

980 329 1065 361 geret,
1089 333 1118 353 se
1135 325 1255 360 potuisse
1280 331 1360 359 agere
1376 322 1473 350 melius
1487 324 1593 356 putant.
1615 320 1691 348 Unde
1715 320 1769 355 plc-

980 377 1093 404 rumque
1117 369 1161 401 iit,
1178 374 1207 396 ut
1223 373 1343 397 rectores
1366 368 1456 395 minus
1479 366 1626 402 prudenter
1639 372 1671 392 ea
1684 385 1690 397 ,
1705 372 1765 399 qua:

981 416 1083 452 agenda
1096 420 1168 448 sunt,
1182 415 1301 447 videant,
1313 414 1375 448 quia
1387 420 1480 440 eorum
1493 411 1586 439 oculos
1599 411 1656 445 ipsa
1672 409 1769 437 nebula

980 462 1105 490 elationis
1128 462 1266 493 obscurat,
1280 464 1308 488 et
1323 466 1497 494 nonunquam
1522 458 1545 485 is
1562 457 1608 492 qui
1631 456 1770 491 subjectus

980 512 1032 540 est,
1044 509 1096 536 hoc
1109 515 1171 535 cum
1184 506 1311 542 praelatus
1324 505 1405 532 fuerit
1422 525 1429 536 ,
1454 503 1537 531 faciat
1550 523 1557 535 ,
1582 501 1654 537 quod
1669 500 1770 528 dudum

981 554 1039 581 fieri
1051 553 1189 589 subjectus
1205 551 1346 587 arguebat.
1362 550 1396 577 Et
1416 557 1466 584 pro
1479 556 1511 576 eo
1525 569 1532 581 ,
1546 547 1617 582 quod
1632 546 1688 578 illa,
1710 553 1770 580 quin

977 600 1161 635 iudicaverat,
1175 601 1326 633 perpetrat,
1352 595 1448 623 saltem
1470 594 1533 629 quia
1545 592 1687 628 judicavit,
1709 599 1774 618 eru-

981 646 1084 673 bescat.
1101 644 1185 679 Igitur
1200 643 1271 670 sicut
1283 641 1402 676 praelatis
1413 638 1562 667 curandum
1576 641 1617 664 est
1632 644 1666 663 ne
1677 642 1770 663 eorum

981 689 1064 718 corda
1079 688 1258 717 mstimatione
1277 685 1406 721 singulari
1430 683 1568 719 sapientia:
1581 681 1656 709 locus
1666 680 1679 700 ἀ
1694 687 1772 714 supe—

981 737 1039 765 rius
1052 735 1174 768 extollat,
1202 735 1239 761 ita
1251 732 1379 767 subjectis
1392 729 1586 767 providendum
1604 732 1654 759 est,
1671 734 1705 754 ne
1718 725 1772 753 sibi

991 787 1128 811 rectorum
1142 781 1214 809 facta
1237 779 1405 814 displiceant.
1424 776 1453 804 Si
1478 781 1569 802 autem
1583 773 1772 808 magistrorum

983 829 1039 856 vita
1050 828 1111 863 jure
1122 825 1338 861 reprehenditur,
1354 826 1461 858 oportet
1469 826 1500 849 ut
1514 828 1561 848 eos
1579 817 1679 846 subditi
1692 816 1773 863 etiam

986 861 1058 904 cumﬁ
1072 873 1215 909 displicent
1248 873 1419 898 venerentur.
1447 867 1501 895 Sed
1526 866 1579 892 hoc
1596 868 1638 891 est
1661 861 1774 909 solerter

136 913 176 940 tia
193 912 206 932 δ
220 912 367 946 credimus,
384 913 485 941 idcirco
496 921 553 947 eos,
573 914 620 949 qui
637 913 717 942 nobis
732 914 837 949 pratlati
856 918 930 947 sunt,

985 905 1144 949 intuendum
1154 939 1162 951 ,
1174 925 1207 944 ne
1219 920 1266 944 aut
1281 922 1361 950 quem
1381 911 1506 941 venerari
1521 916 1632 937 necesse
1646 911 1697 940 est,
1714 905 1775 933 imi—

136 958 261 986 distriete
281 958 445 993 iudicamus.
468 959 526 993 Quo
544 960 616 987 enim
637 960 817 995 nosmetipsos
843 961 931 988 minus

135 1006 321 1039 agnoscimus,
343 1013 376 1033 eo
397 1005 456 1033 illos
469 1026 476 1038 ,
498 1013 566 1040 quos
576 1006 775 1041 reprehendere
793 1006 908 1033 nitimur
922 1027 929 1039 ,

135 1051 198 1086 plus
216 1051 349 1080 videmus.
366 1051 476 1088 Singula
504 1052 562 1080 haec
582 1051 653 1079 mala
669 1056 754 1085 sunt,
782 1059 842 1087 qua:
860 1058 933 1087 saepe

135 1105 151 1124 ι
167 1097 282 1125 subditis
300 1098 328 1125 in
345 1103 356 1118 ε
375 1098 496 1134 praelatis
514 1118 521 1130 ,
538 1106 609 1133 saepe
631 1106 647 1125 a
660 1098 780 1134 prmlatis
794 1098 820 1125 in
842 1099 934 1126 subdi-

136 1143 173 1170 tis
186 1143 395 1171 committuntur
408 1164 415 1177 ,
437 1144 502 1179 quia
520 1148 548 1171 et
561 1151 656 1172 omnes
671 1145 795 1172 subditos
814 1145 841 1172 hi
858 1165 865 1177 ,
881 1146 927 1179 qui

136 1194 268 1224 pmsunt,
284 1190 374 1217 minus
397 1197 478 1224 quam
492 1189 543 1224 ipsi
558 1194 629 1222 sunt,
649 1190 785 1225 sapientes
800 1191 933 1218 arbitran-

175 1262 188 1276 ι
204 1257 288 1288 Edil.,
301 1256 403 1283 virtutis
414 1261 451 1283 est
462 1257 593 1284 meritum.

176 1291 190 1311 δ
205 1291 289 1323 Edit.,
301 1291 422 1325 fortiora.

985 965 1037 993 tari
1058 968 1180 1000 appetas,
1201 966 1248 989 aut
1264 967 1347 996 quem
1374 958 1475 986 imitari
1497 955 1625 990 despicis,
1647 952 1773 1000 venerari

956 1010 963 1018 ’
983 998 1142 1041 contemnas
1163 1019 1169 1036 :
1189 1008 1297 1036 subtilis
1318 1006 1419 1035 etettim
1446 1004 1490 1031 via
1504 1001 1621 1030 tenenda
1636 1004 1678 1027 est
1695 998 1774 1026 recti—

985 1058 1102 1094 tu_dinis,
1122 1060 1150 1084 et
1163 1053 1333 1086 humilitatis,
1348 1056 1377 1080 ut
1401 1051 1442 1079 sic
1455 1046 1678 1094 reprehensibilia
1693 1044 1774 1079 magi-

985 1093 1106 1132 strorum
1113 1101 1183 1128 facta
1190 1099 1351 1135 displiceant
1360 1106 1367 1130 ;
1377 1100 1511 1132 quatenus
1524 1093 1691 1122 subditorum
1700 1097 1775 1118 mens

982 1156 998 1175 ει
1012 1147 1144 1176 servanda
1156 1144 1304 1181 magisterii
1318 1141 1470 1170 reverentia
1486 1147 1539 1167 non
1551 1136 1670 1166 recedat.
1689 1146 1698 1162 ι

1025 1262 1036 1276 α
1051 1256 1136 1288 Edit.,
1152 1254 1275 1289 pmlatos
1285 1268 1318 1273 ——
1329 1252 1455 1280 subditos.

1024 1291 1037 1311 ι¹
1052 1290 1135 1323 Edit.,
1152 1290 1280 1325 superior.

644 1413 844 1445 lNClPlUNT
865 1403 1063 1444 CAPITDLA
1085 1409 1190 1441 LIBRI
1213 1409 1268 1439 lli.

990 1481 1051 1490 .—

170 1531 210 1567 De
221 1536 353 1557 senectute
363 1533 448 1563 David,
461 1538 486 1558 et
498 1535 653 1559 successione
667 1534 810 1564 Salomonis,
823 1538 849 1559 et
860 1534 934 1559 nomi-
948 1536 970 1567 ρ
1019 1532 1055 1567 l_)c
1068 1538 1134 1567 mare
1147 1537 1223 1567 arce.

137 1568 169 1586 ne
182 1563 244 1592 ejus.

154 1624 158 1628 _
171 1592 328 1628 De_visione,
339 1601 410 1628 quam
423 1595 480 1619 vidit
495 1596 517 1619 in
531 1595 629 1628 Gabaon
643 1597 659 1621 S
669 1595 765 1627 .lumon,
777 1600 803 1620 et
815 1597 934 1626 sapientia

136 1624 159 1648 ei
171 1624 270 1655 collata,
285 1630 309 1649 et
320 1624 410 1655 judicio
422 1627 522 1650 duarum
536 1626 673 1650 mulierum.

169 1654 209 1687 De
221 1662 261 1686 eo,
276 1654 338 1686 quod
351 1657 465 1685 scriptum
480 1661 517 1681 est
529 1677 534 1684 ,
549 1657 613 1687 quod
627 1658 737 1681 Salomon
750 1658 795 1681 iria
807 1658 878 1682 millia
891 1664 933 1687 pa-

139 1686 239 1719 rabolas
251 1687 367 1717 ediderit,
380 1692 406 1711 et
426 1688 523 1719 [uerunt
537 1686 641 1711 carmina
655 1690 708 1717 ejus
718 1689 826 1719 quinque
841 1686 913 1713 millia
924 1706 932 1719 ,

134 1716 348 1748 tl.sputaverilque
361 1716 374 1742 a
387 1718 461 1741 cedro
473 1726 550 1748 usque
563 1719 591 1741 ad
605 1716 744 1749 hyssopum.

165 1750 294 1775 Quomodo
306 1749 388 1773 Hiram
402 1755 445 1773 rex
457 1749 609 1773 Salomonth
620 1751 643 1774 itt
655 1750 822 1780 operetempli
832 1750 931 1780 iuverit.

166 1779 234 1811 Quot
247 1786 372 1809 operarios
384 1780 496 1804 Salomon
511 1782 533 1803 in
546 1787 623 1809 opere
637 1779 720 1811 templi
735 1779 857 1806 habuerit.

165 1809 208 1833 De
227 1816 274 1839 quo
287 1810 366 1840 lapide
381 1811 496 1839 templum
510 1813 538 1835 sit
552 1812 647 1835 iactum.

167 1840 283 1872 Quando,
297 1840 335 1864 vel
349 1843 387 1865 uiti
402 1841 542 1865 mdsiicatnni
553 1843 582 1865 sit
595 1843 722 1872 templum.

164 1871 242 1899 Cujus
253 1878 373 1896 ntensurte
386 1875 415 1897 sit
428 1873 523 1896 factum.

164 1901 207 1934 De
217 1902 342 1934 fenestris,
357 1907 380 1927 et
394 1903 483 1927 tabulis
496 1904 547 1932 ejus
561 1909 604 1932 per
618 1909 713 1933 gyrum.

166 1933 208 1957 De
220 1940 333 1962 assensu,
347 1938 372 1958 et
390 1934 488 1957 iacturis
501 1934 583 1963 medii,
597 1940 624 1957 ac
638 1935 703 1958 tertii
718 1935 875 1958 tabernaculi.

167 1963 203 1988 Ut
216 1965 324 1994 parietes
335 1965 418 1994 cedro,
432 1971 459 1988 ac
472 1966 633 1994 pavimentum
646 1966 679 1988 sit
689 1966 771 1989 abiete
784 1966 916 1989 intextum.

168 1995 209 2020 De
223 1996 337 2019 distincta
350 2002 464 2020 mensura
478 1996 559 2025 tetnplt
575 1996 657 2025 ipsius,
669 2000 693 2019 et
706 1995 807 2020 oraculi.

168 2026 202 2049 lit
213 2027 289 2049 omnis
301 2027 387 2050 domus
399 2027 427 2050 sit
442 2027 516 2049 cedro
529 2028 622 2053 vestita.
635 2031 659 2050 et
672 2032 738 2051 auro.

167 2056 203 2082 Ut
215 2056 291 2080 altare
304 2058 395 2081 oraculi
408 2057 483 2081 cedro
495 2075 501 2087 ,
516 2060 541 2081 et
554 2063 621 2081 auro.

165 2089 207 2113 De
220 2088 339 2112 cherubin
355 2087 456 2112 factura.

168 2118 205 2144 Ut
219 2119 299 2148 partes
311 2120 428 2149 sculptus,
443 2122 468 2142 et
481 2120 646 2147 pavimentum
658 2120 689 2144 sit
698 2125 756 2144 auro
769 2121 887 2144 vestitum.

169 2150 211 2174 De
225 2151 337 2177 ingressu
350 2150 450 2178 oraculi,
464 2151 514 2173 sive
528 2151 622 2180 templi.

170 2181 212 2205 De
226 2182 293 2204 atriis
304 2182 389 2204 domus
403 2181 505 2204 Domini.

167 2212 234 2241 Quot
246 2213 314 2235 anuis
328 2211 443 2241 templum
456 2215 487 2235 stt
499 2211 651 2236 mdilicatum.

167 2243 207 2267 De
223 2243 342 2267 columnis
355 2243 435 2267 aereis.

1019 1563 1057 1588 De
1069 1563 1167 1588 basibus
1179 1562 1275 1591 decem,
1284 1565 1307 1586 et
1319 1559 1445 1585 lateribus.

1010 1594 1085 1631 .Quod
1098 1595 1122 1618 in
1135 1593 1239 1625 regione
1251 1588 1365 1617 Jordanls
1386 1591 1448 1617 facta
1469 1594 1526 1616 sunt
1545 1595 1600 1614 vasa
1620 1588 1706 1613 domus
1728 1588 1775 1612 Do-

985 1627 1051 1650 mini.

1017 1657 1055 1680 De
1067 1655 1136 1681 altari
1150 1658 1264 1686 utroque.

1017 1686 1056 1711 De
1066 1687 1159 1711 mensis
1170 1683 1257 1711 dec'em
1268 1685 1353 1710 aureis
1363 1685 1449 1710 donius
1461 1683 1567 1708 Domini.

1015 1717 1053 1742 De
1063 1718 1151 1743 decem
1167 1716 1329 1746 candelabris.

1016 1741 1055 1774 De
1067 1741 1214 1774 cardinibus
1244 1748 1379 1776 ostiorum,
1407 1748 1434 1771 et
1453 1745 1605 1777 perfectione
1621 1744 1708 1768 domus
1727 1741 1776 1767 Do-

984 1780 1064 1835 millliibi
1079 1812 1200 1834 venerunt
1210 1810 1290 1833 cuncti
1306 1815 1380 1833 senes
1392 1814 1422 1831 ex
1437 1805 1512 1831 lsrael
1529 1806 1557 1829 ad
1570 1811 1656 1835 regem
1668 1803 1776 1835 Salomo-

986 1847 1052 1872 nem,
1066 1839 1254 1872 etHierusalem
1269 1859 1275 1868 ,
1297 1845 1323 1863 et
1343 1838 1486 1872 detulerth
1507 1843 1587 1872 arcam
1607 1835 1639 1872 de
1653 1835 1718 1872 rSiou
1732 1836 1777 1872 tot

986 1866 1094 1896 tuler'unt
1105 1870 1245 1895 sacerdotes
1257 1866 1335 1893 arcam
1348 1868 1447 1892 foederis
1459 1867 1554 1892 Domini
1568 1867 1591 1889 in
1603 1866 1701 1889 oracuto
1713 1867 1764 1887 tem

986 1903 1017 1932 pli
1030 1909 1037 1926 :
1051 1906 1076 1927 et
1095 1904 1148 1931 post
1169 1901 1222 1924 haec
1240 1900 1298 1924 dicit
1311 1916 1318 1928 ,
1334 1898 1398 1932 quod
1409 1899 1662 1932 eminerentvectes,
1674 1900 1777 1932 apparo-

985 1928 1256 1963 rettujue‘sutnmitates
1269 1928 1352 1963 eorum
1371 1929 1429 1963 foris
1447 1928 1678 1963 sanctuariumante
1691 1930 1777 1963 oracu-

985 1963 1044 1987 lum.
1052 1958 1121 1987 'Dicit
1132 1964 1215 1989 etiam,
1226 1960 1290 1991 quod
1302 1966 1350 1984 non
1362 1962 1429 1984 esset
1439 1958 1502 1982 aliud
1516 1958 1539 1981 in
1550 1963 1604 1991 arca
1615 1958 1755 1991 testamenti
1766 1973 1774 1985 ,

978 1994 1031 2017 nisi
1043 1994 1096 2018 dua:
1107 1992 1194 2017 tabula
1206 1987 1309 2022 lapideae
1325 2010 1331 2022 ,
1350 1996 1411 2021 quas
1430 1992 1544 2020 posuerat
1556 1989 1580 2013 in
1593 1995 1622 2013 ea
1635 1987 1732 2018 Moyses
1751 1988 1774 2011 in

986 2024 1167 2085 orlggmebula,
1180 2060 1235 2085 qunl
1247 2053 1358 2084 apparuit
1369 2052 1474 2085 in_t_lomo
1484 2050 1590 2085 Domini.

1016 2086 1054 2111 De
1066 2086 1143 2111 classe
1155 2081 1297 2113 Salomonis,
1312 2088 1385 2113 atque
1398 2082 1478 2107 Hiram
1493 2099 1500 2111 ,
1512 2087 1567 2112 quae
1580 2081 1629 2106 ibat
1646 2085 1689 2111 per
1703 2086 1777 2113 annos

984 2109 1095 2155 spirulas
1106 2109 1131 2142 in
1142 2109 1218 2148 liphir
1228 2109 1327 2140 deferre
1345 2109 1429 2139 aurum
1441 2131 1449 2145 ,
1468 2109 1560 2144 simias,
1581 2109 1663 2144 patos,
1675 2114 1700 2136 et
1712 2109 1776 2142 lngua

985 2148 1155 2235 :I’ligﬁhlrono
1165 2176 1309 2208 Salomonis,
1331 2179 1358 2202 ct
1379 2175 1524 2200 abundantia
1548 2175 1655 2206 argenti,
1679 2176 1705 2198 et
1723 2172 1777 2197 auri

1011 2217 1091 2235 terusa
1102 2216 1150 2234 em.

1011 2216 1150 2235 Ierusalem.

947 2234 974 2264 Ῑ)
988 2234 1056 2267 “De
1068 2234 1123 2266 casu
1134 2239 1277 2270 Salomonis,
1291 2243 1316 2265 et
1327 2239 1374 2263 iine
1386 2238 1502 2263 malorum
1514 2237 1575 2268 ejus.

777 2304 923 2335 INCIPIT
946 2305 1062 2336 LIBER
1084 2304 1140 2335 ΠΙ.

172 2377 235 2414 (Ill
254 2376 318 2412 Reg.
338 2376 370 2412 l.)
391 2375 487 2404 Senuit
512 2375 607 2410 David,
622 2377 786 2411 ungitnrquc
805 2376 932 2403 Salomon

139 2423 163 2450 in
182 2429 275 2457 regem
287 2429 368 2457 super
377 2429 484 2448 omnem
492 2420 574 2448 Israel
588 2421 614 2448 in
625 2420 724 2454 Gihon,
736 2425 766 2447 nt
777 2420 934 2455 impleretur

139 2467 164 2495 in
181 2466 229 2494 illo
244 2467 290 2494 illa
313 2467 469 2501 promissio,
485 2474 545 2502 quae
567 2466 637 2494 facta
652 2470 695 2494 est
717 2465 751 2493 ad
777 2465 861 2493 David
889 2465 931 2502 (ΙΙ

139 2512 202 2548 Reg.
214 2520 262 2545 vn,
277 2512 303 2546 5,
317 2512 360 2545 12,
376 2512 419 2548 13)
434 2521 439 2539 :
454 2512 515 2539 Non
529 2516 557 2539 tu
572 2511 716 2546 a'dificabis
728 2512 792 2538 mihi
812 2511 930 2544 dominii,

139 2558 185 2584 sed
201 2557 273 2592 ﬁlius
293 2562 365 2590 tuus,
385 2557 430 2592 qui
453 2557 599 2592 egredietur
614 2558 646 2584 de
667 2562 739 2584 utero
757 2562 811 2585 tuo.
832 2557 861 2585 ln
881 2566 934 2593 qtto

139 2603 248 2637 quidem
270 2603 367 2631 futura:
387 2603 426 2630 rei
440 2603 528 2636 imago
548 2602 618 2631 facta
629 2607 681 2636 est,
698 2604 725 2631 in
736 2612 769 2631 eo
781 2604 852 2638 quod
868 2609 936 2631 tem-

140 2647 213 2682 plum
234 2648 388 2681 :ediiicavit,
410 2653 436 2675 et
456 2655 550 2683 pacem
571 2648 664 2675 habuit
677 2649 823 2676 secundum
835 2657 934 2677 nomen

141 2701 229 2722 suum.
244 2700 257 2715 ι
272 2704 281 2721 ι
293 2694 421 2722 Salomon
431 2694 528 2730 quippe
540 2694 733 2730 interpretatur
742 2695 878 2730 paciﬁcus,
902 2703 934 2723 ac

142 2747 189 2773 per
210 2740 262 2768 hoc
276 2740 341 2768 illud
356 2740 515 2768 vocabulum
531 2739 568 2767 illi
584 2740 723 2768 verissime
738 2741 873 2775 congruit,
886 2748 935 2776 per

141 2792 222 2819 quem
241 2787 418 2815 mediatorem
437 2794 469 2814 ex
492 2786 621 2819 inimicis,
646 2791 759 2822 accepta
775 2787 931 2815 remissione

177 2860 191 2874 ι
212 2855 355 2891 Desumpta
378 2860 440 2884 sunt
472 2856 662 2891 subsequentia
692 2863 724 2882 cx
755 2857 926 2885 enarratione

143 2888 284 2926 Augustini
298 2888 325 2919 in
340 2892 414 2920 Psal.
431 2899 493 2920 Lxxt
508 2888 631 2927 [numero
652 2891 709 2927 ipso
727 2891 835 2928 primo].

983 2379 1157 2411 peccatorum
1198 2373 1405 2402 reconciliantur
1436 2373 1500 2400 Deo.
1540 2372 1646 2400 Etenim
1677 2372 1776 2407 (Rom.

983 2430 1008 2454 v,
1030 2421 1084 2458 10),
1100 2429 1158 2448 cum
1179 2420 1277 2447 inimici
1291 2428 1404 2447 essemus
1420 2419 1579 2446 reconciliati
1607 2427 1696 2446 sumus
1721 2418 1777 2445 Deo

984 2475 1030 2502 per
1042 2471 1151 2494 mortem
1170 2466 1220 2501 filii
1240 2466 1308 2501 ejus,
1330 2465 1401 2493 idem
1423 2465 1480 2500 ipse
1505 2469 1555 2497 est,
1579 2464 1622 2491 ille
1637 2463 1776 2498 paciﬁcus,

984 2512 998 2532 δ
1014 2513 1059 2548 qui
1082 2512 1146 2540 fecit
1159 2517 1269 2548 utraque
1285 2520 1377 2544 unum,
1399 2516 1422 2539 et
1443 2511 1557 2538 medium
1580 2510 1704 2545 parietem
1718 2517 1777 2536 ma-

984 2559 1061 2586 ceria:
1082 2558 1192 2591 solvent,
1211 2559 1371 2586 'im’micitias
1402 2559 1429 2585 in
1463 2565 1542 2585 carne
1564 2564 1624 2589 sua,
1647 2555 1779 2590 legemque

985 2604 1169 2632 mandatorum
1190 2604 1299 2632 decretis
1318 2611 1456 2636 euacuans,
1481 2606 1509 2629 ut
1529 2601 1593 2628 duos
1617 2600 1737 2627 conderet
1753 2600 1779 2627 in

983 2658 1032 2678 se:
1049 2651 1076 2678 in
1091 2659 1171 2678 unum
1190 2659 1283 2678 novum
1297 2650 1426 2677 hominem
1440 2648 1540 2684 faciens
1562 2654 1661 2682 pacem.
1685 2644 1720 2672 Et
1737 2654 1779 2673 ve-

984 2697 1057 2723 niem
1070 2696 1255 2732 euangelizavit
1269 2703 1359 2732 pacem
1372 2695 1423 2728 his,
1444 2694 1488 2729 qui
1495 2693 1580 2729 longe,
1594 2697 1618 2720 et
1623 2700 1714 2728 pacem
1725 2692 1776 2723 his,

983 2743 1029 2777 qui
1042 2750 1131 2777 prope.
1153 2742 1212 2777 lpse
1232 2742 1259 2769 in
1274 2740 1420 2775 Evangelia
1432 2740 1498 2768 dicit
1508 2738 1563 2774 (Jo.
1583 2738 1693 2775 xiv,27)
1710 2749 1715 2766 :
1729 2748 1777 2774 pu-

984 2796 1038 2815 tent
1063 2797 1147 2815 meam
1168 2788 1201 2815 do
1215 2788 1297 2820 vobis,
1320 2795 1408 2822 pacem
1425 2786 1542 2822 relinquo
1564 2786 1643 2814 vobis.
1670 2786 1728 2819 llis,
1749 2789 1776 2812 ct

982 2856 1111 2928 ωδιειέιῗ.
1133 2857 1234 2892 1:1,”.
1258 2856 1320 2885 Haec
1338 2857 1468 2885 exscribit
1489 2856 1606 2886 lsidorus
1623 2865 1681 2892 cap.
1703 2856 1727 2883 ‘2-
1747 2856 1773 2883 in
