  <div class='ocr_page' id='page_1' title='image "/cluster/home/n/w/nwhite01/storage/ocr_20150623/104/hvd.32044052819794/367.png"; bbox 0 0 3904 6174; ppageno 0'>
   <div class='ocr_carea' id='block_1_1' title="bbox 384 315 1951 386">
    <p class='ocr_par' dir='ltr' id='par_1_1' title="bbox 384 320 1951 382">
     <span class='ocr_line' id='line_1_1' title="bbox 384 320 1951 382; baseline -0.004 -2"><span class='ocrx_word' id='word_1_1' title='bbox 384 329 487 382; x_wconf 70' lang='lat'><strong>723</strong></span> <span class='ocrx_word' id='word_1_2' title='bbox 1436 320 1562 376; x_wconf 83' lang='lat' dir='ltr'><strong>CLA</strong></span> <span class='ocrx_word' id='word_1_3' title='bbox 1574 320 1709 376; x_wconf 91' lang='lat' dir='ltr'><strong>UDll</strong></span> <span class='ocrx_word' id='word_1_4' title='bbox 1749 321 1834 375; x_wconf 78' lang='lat' dir='ltr'><strong>TA</strong></span> <span class='ocrx_word' id='word_1_5' title='bbox 1847 320 1951 377; x_wconf 79' lang='lat' dir='ltr'><strong>UB]</strong></span> 
     </span>
    </p>
   </div>
   <div class='ocr_carea' id='block_1_2' title="bbox 2059 315 3623 386">
    <p class='ocr_par' dir='ltr' id='par_1_2' title="bbox 2060 315 3623 386">
     <span class='ocr_line' id='line_1_2' title="bbox 2060 315 3623 386; baseline 0.008 -12"><span class='ocrx_word' id='word_1_6' title='bbox 2060 320 2211 376; x_wconf 86' lang='lat' dir='ltr'><strong>NSlS</strong></span> <span class='ocrx_word' id='word_1_7' title='bbox 2252 315 2555 378; x_wconf 73' lang='lat' dir='ltr'><strong>EPISCOPI</strong></span> <span class='ocrx_word' id='word_1_8' title='bbox 3532 332 3623 386; x_wconf 66' lang='lat'><strong>7&#39;21</strong></span> 
     </span>
    </p>
   </div>
   <div class='ocr_carea' id='block_1_3' title="bbox 380 428 3635 512">
    <p class='ocr_par' dir='ltr' id='par_1_3' title="bbox 380 428 3635 512">
     <span class='ocr_line' id='line_1_3' title="bbox 380 428 3635 512; baseline 0.003 -20"><span class='ocrx_word' id='word_1_9' title='bbox 380 437 502 493; x_wconf 84' lang='lat' dir='ltr'><strong>aliis</strong></span> <span class='ocrx_word' id='word_1_10' title='bbox 544 437 726 492; x_wconf 78' lang='lat' dir='ltr'><strong>multis</strong></span> <span class='ocrx_word' id='word_1_11' title='bbox 769 433 1094 489; x_wconf 71' lang='lat' dir='ltr'><strong>testimoniis</strong></span> <span class='ocrx_word' id='word_1_12' title='bbox 1139 428 1399 488; x_wconf 82' lang='lat' dir='ltr'><strong>Dominus</strong></span> <span class='ocrx_word' id='word_1_13' title='bbox 1424 431 1673 488; x_wconf 80' lang='lat' dir='ltr'><strong>Christus</strong></span> <span class='ocrx_word' id='word_1_14' title='bbox 1705 433 1957 503; x_wconf 74' lang='lat' dir='ltr'><strong>paciﬁcus</strong></span> <span class='ocrx_word' id='word_1_15' title='bbox 1986 435 2034 492; x_wconf 76' lang='grc' dir='ltr'><strong>Α</strong></span> <span class='ocrx_word' id='word_1_16' title='bbox 2064 434 2305 500; x_wconf 88' lang='lat' dir='ltr'><strong>turbant,</strong></span> <span class='ocrx_word' id='word_1_17' title='bbox 2331 443 2392 487; x_wconf 85' lang='grc' dir='ltr'><strong>ιιι</strong></span> <span class='ocrx_word' id='word_1_18' title='bbox 2420 449 2541 504; x_wconf 84' lang='lat' dir='ltr'><strong>quae</strong></span> <span class='ocrx_word' id='word_1_19' title='bbox 2571 431 2844 491; x_wconf 87' lang='lat' dir='ltr'><strong>sublevata</strong></span> <span class='ocrx_word' id='word_1_20' title='bbox 2877 439 3141 494; x_wconf 86' lang='lat' dir='ltr'><strong>immenso</strong></span> <span class='ocrx_word' id='word_1_21' title='bbox 3166 457 3390 498; x_wconf 87' lang='lat' dir='ltr'><strong>munere</strong></span> <span class='ocrx_word' id='word_1_22' title='bbox 3412 446 3635 512; x_wconf 77' lang='lat' dir='ltr'><strong>exultat,</strong></span> 
     </span>
    </p>
   </div>
   <div class='ocr_carea' id='block_1_4' title="bbox 379 523 3640 597">
    <p class='ocr_par' dir='ltr' id='par_1_4' title="bbox 379 523 3640 597">
     <span class='ocr_line' id='line_1_4' title="bbox 379 523 3640 597; baseline 0.002 -10"><span class='ocrx_word' id='word_1_23' title='bbox 379 549 500 589; x_wconf 82' lang='lat' dir='ltr'><strong>esse</strong></span> <span class='ocrx_word' id='word_1_24' title='bbox 538 523 888 587; x_wconf 72' lang='lat' dir='ltr'><strong>monstratur.</strong></span> <span class='ocrx_word' id='word_1_25' title='bbox 941 533 966 570; x_wconf 69' lang='grc' dir='ltr'><strong>ι</strong></span> <span class='ocrx_word' id='word_1_26' title='bbox 1012 527 1146 582; x_wconf 78' lang='lat' dir='ltr'><strong>Nam</strong></span> <span class='ocrx_word' id='word_1_27' title='bbox 1185 526 1240 583; x_wconf 89' lang='lat' dir='ltr'><strong>id</strong></span> <span class='ocrx_word' id='word_1_28' title='bbox 1293 527 1437 597; x_wconf 89' lang='lat' dir='ltr'><strong>quod</strong></span> <span class='ocrx_word' id='word_1_29' title='bbox 1483 526 1771 582; x_wconf 65' lang='lat' dir='ltr'><strong>aediﬁcavit</strong></span> <span class='ocrx_word' id='word_1_30' title='bbox 1824 531 1962 580; x_wconf 87' lang='lat' dir='ltr'><strong>tein-</strong></span> <span class='ocrx_word' id='word_1_31' title='bbox 2060 523 2225 577; x_wconf 89' lang='lat' dir='ltr'><strong>etiam</strong></span> <span class='ocrx_word' id='word_1_32' title='bbox 2250 525 2547 579; x_wconf 89' lang='lat' dir='ltr'><strong>tentatione</strong></span> <span class='ocrx_word' id='word_1_33' title='bbox 2569 525 2802 594; x_wconf 88' lang='lat' dir='ltr'><strong>pulsata,</strong></span> <span class='ocrx_word' id='word_1_34' title='bbox 2833 528 2972 597; x_wconf 88' lang='lat' dir='ltr'><strong>quid</strong></span> <span class='ocrx_word' id='word_1_35' title='bbox 2995 529 3085 594; x_wconf 89' lang='lat' dir='ltr'><strong>sit,</strong></span> <span class='ocrx_word' id='word_1_36' title='bbox 3113 531 3375 588; x_wconf 73' lang='lat' dir='ltr'><strong>inveniat.</strong></span> <span class='ocrx_word' id='word_1_37' title='bbox 3417 534 3514 592; x_wconf 87' lang='lat' dir='ltr'><strong>Sic</strong></span> <span class='ocrx_word' id='word_1_38' title='bbox 3543 537 3640 594; x_wconf 89' lang='lat' dir='ltr'><strong>He-</strong></span> 
     </span>
    </p>
   </div>
   <div class='ocr_carea' id='block_1_5' title="bbox 376 616 1958 694">
    <p class='ocr_par' dir='ltr' id='par_1_5' title="bbox 376 616 1958 694">
     <span class='ocr_line' id='line_1_5' title="bbox 376 616 1958 694; baseline -0.004 -17"><span class='ocrx_word' id='word_1_39' title='bbox 376 624 524 694; x_wconf 88' lang='lat' dir='ltr'><strong>plum</strong></span> <span class='ocrx_word' id='word_1_40' title='bbox 579 619 1091 678; x_wconf 81' lang='lat' dir='ltr'><strong>excellentissimum</strong></span> <span class='ocrx_word' id='word_1_41' title='bbox 1146 619 1396 682; x_wconf 89' lang='lat' dir='ltr'><strong>Domino,</strong></span> <span class='ocrx_word' id='word_1_42' title='bbox 1452 626 1508 673; x_wconf 90' lang='lat' dir='ltr'><strong>et</strong></span> <span class='ocrx_word' id='word_1_43' title='bbox 1561 618 1634 672; x_wconf 90' lang='lat' dir='ltr'><strong>ibi</strong></span> <span class='ocrx_word' id='word_1_44' title='bbox 1683 616 1958 672; x_wconf 81' lang='lat' dir='ltr'><strong>Christum</strong></span> 
     </span>
    </p>
   </div>
   <div class='ocr_carea' id='block_1_6' title="bbox 374 709 1958 785">
    <p class='ocr_par' dir='ltr' id='par_1_6' title="bbox 374 709 1958 785">
     <span class='ocr_line' id='line_1_6' title="bbox 374 709 1958 785; baseline -0.003 -17"><span class='ocrx_word' id='word_1_45' title='bbox 374 713 666 785; x_wconf 85' lang='lat' dir='ltr'><strong>signiﬁcat,</strong></span> <span class='ocrx_word' id='word_1_46' title='bbox 705 710 798 782; x_wconf 87' lang='lat' dir='ltr'><strong>qui</strong></span> <span class='ocrx_word' id='word_1_47' title='bbox 821 710 1112 766; x_wconf 75' lang='lat' dir='ltr'><strong>:ediﬁca&#39;vit</strong></span> <span class='ocrx_word' id='word_1_48' title='bbox 1138 711 1358 766; x_wconf 87' lang='lat' dir='ltr'><strong>domum</strong></span> <span class='ocrx_word' id='word_1_49' title='bbox 1401 709 1514 764; x_wconf 88' lang='lat' dir='ltr'><strong>Deo</strong></span> <span class='ocrx_word' id='word_1_50' title='bbox 1539 710 1598 764; x_wconf 88' lang='lat' dir='ltr'><strong>in</strong></span> <span class='ocrx_word' id='word_1_51' title='bbox 1626 710 1958 774; x_wconf 67' lang='lat' dir='ltr'><strong>caelestibus,</strong></span> 
     </span>
    </p>
   </div>
   <div class='ocr_carea' id='block_1_7' title="bbox 375 801 1962 877">
    <p class='ocr_par' dir='ltr' id='par_1_7' title="bbox 375 801 1962 877">
     <span class='ocr_line' id='line_1_7' title="bbox 375 801 1962 877; baseline -0.003 -18"><span class='ocrx_word' id='word_1_52' title='bbox 375 819 480 860; x_wconf 91' lang='lat' dir='ltr'><strong>non</strong></span> <span class='ocrx_word' id='word_1_53' title='bbox 519 803 586 860; x_wconf 92' lang='lat' dir='ltr'><strong>de</strong></span> <span class='ocrx_word' id='word_1_54' title='bbox 608 804 790 877; x_wconf 88' lang='lat' dir='ltr'><strong>lignis,</strong></span> <span class='ocrx_word' id='word_1_55' title='bbox 819 812 876 860; x_wconf 90' lang='lat' dir='ltr'><strong>et</strong></span> <span class='ocrx_word' id='word_1_56' title='bbox 915 803 1203 874; x_wconf 71' lang='lat' dir='ltr'><strong>lapidibus,</strong></span> <span class='ocrx_word' id='word_1_57' title='bbox 1253 802 1351 857; x_wconf 90' lang='lat' dir='ltr'><strong>sed</strong></span> <span class='ocrx_word' id='word_1_58' title='bbox 1392 801 1460 856; x_wconf 90' lang='lat' dir='ltr'><strong>de</strong></span> <span class='ocrx_word' id='word_1_59' title='bbox 1499 801 1808 856; x_wconf 87' lang='lat' dir='ltr'><strong>hominibus</strong></span> <span class='ocrx_word' id='word_1_60' title='bbox 1838 815 1962 855; x_wconf 90' lang='lat' dir='ltr'><strong>san-</strong></span> 
     </span>
    </p>
   </div>
   <div class='ocr_carea' id='block_1_8' title="bbox 372 879 1958 963">
    <p class='ocr_par' dir='ltr' id='par_1_8' title="bbox 372 879 1958 963">
     <span class='ocr_line' id='line_1_8' title="bbox 372 879 1958 963; baseline -0.002 -16"><span class='ocrx_word' id='word_1_61' title='bbox 372 895 498 960; x_wconf 77' lang='lat' dir='ltr'><strong>etis,</strong></span> <span class='ocrx_word' id='word_1_62' title='bbox 527 885 634 950; x_wconf 82' lang='lat' dir='ltr'><strong>hoc</strong></span> <span class='ocrx_word' id='word_1_63' title='bbox 688 896 774 950; x_wconf 84' lang='lat' dir='ltr'><strong>est</strong></span> <span class='ocrx_word' id='word_1_64' title='bbox 834 879 1102 960; x_wconf 83' lang='lat' dir='ltr'><strong>ﬁdelibus,</strong></span> <span class='ocrx_word' id='word_1_65' title='bbox 1147 894 1342 963; x_wconf 84' lang='lat' dir='ltr'><strong>quibus</strong></span> <span class='ocrx_word' id='word_1_66' title='bbox 1387 892 1516 947; x_wconf 85' lang='lat' dir='ltr'><strong>dicit</strong></span> <span class='ocrx_word' id='word_1_67' title='bbox 1565 892 1855 960; x_wconf 83' lang='lat' dir='ltr'><strong>Apostolus</strong></span> <span class='ocrx_word' id='word_1_68' title='bbox 1906 891 1958 961; x_wconf 90' lang='grc' dir='ltr'>(ι</span> 
     </span>
    </p>
   </div>
   <div class='ocr_carea' id='block_1_9' title="bbox 373 981 1960 1057">
    <p class='ocr_par' dir='ltr' id='par_1_9' title="bbox 373 981 1960 1057">
     <span class='ocr_line' id='line_1_9' title="bbox 373 981 1960 1057; baseline -0.003 -17"><span class='ocrx_word' id='word_1_69' title='bbox 373 985 496 1040; x_wconf 81' lang='lat' dir='ltr'><strong>Cor.</strong></span> <span class='ocrx_word' id='word_1_70' title='bbox 513 999 598 1052; x_wconf 83' lang='lat' dir='ltr'><strong>tu,</strong></span> <span class='ocrx_word' id='word_1_71' title='bbox 619 983 736 1057; x_wconf 79' lang='lat' dir='ltr'><strong>l7):</strong></span> <span class='ocrx_word' id='word_1_72' title='bbox 761 982 1007 1055; x_wconf 73' lang='lat' dir='ltr'><strong>templum</strong></span> <span class='ocrx_word' id='word_1_73' title='bbox 1029 984 1166 1038; x_wconf 83' lang='lat' dir='ltr'><strong>enim</strong></span> <span class='ocrx_word' id='word_1_74' title='bbox 1187 981 1285 1036; x_wconf 79' lang='lat' dir='ltr'><strong>Dei</strong></span> <span class='ocrx_word' id='word_1_75' title='bbox 1295 991 1533 1037; x_wconf 81' lang='lat' dir='ltr'><strong>sanctum</strong></span> <span class='ocrx_word' id='word_1_76' title='bbox 1559 991 1656 1047; x_wconf 75' lang='lat' dir='ltr'><strong>est,</strong></span> <span class='ocrx_word' id='word_1_77' title='bbox 1678 981 1815 1052; x_wconf 86' lang='lat' dir='ltr'><strong>quod</strong></span> <span class='ocrx_word' id='word_1_78' title='bbox 1837 983 1960 1036; x_wconf 80' lang='lat' dir='ltr'><strong>estis</strong></span> 
     </span>
    </p>
   </div>
   <div class='ocr_carea' id='block_1_10' title="bbox 374 1094 542 1132">
    <p class='ocr_par' dir='ltr' id='par_1_10' title="bbox 374 1094 542 1132">
     <span class='ocr_line' id='line_1_10' title="bbox 374 1094 542 1132; baseline 0 -2"><span class='ocrx_word' id='word_1_79' title='bbox 374 1094 483 1132; x_wconf 69' lang='lat' dir='ltr'><strong>U08.</strong></span> <span class='ocrx_word' id='word_1_80' title='bbox 524 1097 542 1130; x_wconf 74' lang='grc' dir='ltr'><strong>ι</strong></span> 
     </span>
    </p>
   </div>
   <div class='ocr_carea' id='block_1_11' title="bbox 443 1162 1954 1229">
    <p class='ocr_par' dir='ltr' id='par_1_11' title="bbox 443 1162 1954 1229">
     <span class='ocr_line' id='line_1_11' title="bbox 443 1162 1954 1229; baseline -0.002 -8"><span class='ocrx_word' id='word_1_81' title='bbox 443 1167 640 1222; x_wconf 77' lang='lat' dir='ltr'><strong>Tribus</strong></span> <span class='ocrx_word' id='word_1_82' title='bbox 701 1163 1010 1221; x_wconf 85' lang='lat' dir='ltr'><strong>nominibus</strong></span> <span class='ocrx_word' id='word_1_83' title='bbox 1052 1165 1307 1219; x_wconf 77' lang='lat' dir='ltr'><strong>vocatum</strong></span> <span class='ocrx_word' id='word_1_84' title='bbox 1355 1162 1526 1219; x_wconf 82' lang='lat' dir='ltr'><strong>fuisse</strong></span> <span class='ocrx_word' id='word_1_85' title='bbox 1579 1163 1954 1229; x_wconf 77' lang='lat' dir='ltr'><strong>Salomone-in,</strong></span> 
     </span>
    </p>
   </div>
   <div class='ocr_carea' id='block_1_12' title="bbox 373 1253 1959 1326">
    <p class='ocr_par' dir='ltr' id='par_1_12' title="bbox 373 1253 1959 1326">
     <span class='ocr_line' id='line_1_12' title="bbox 373 1253 1959 1326; baseline -0.003 -14"><span class='ocrx_word' id='word_1_86' title='bbox 373 1257 667 1326; x_wconf 77' lang='lat' dir='ltr'><strong>Scriptura:</strong></span> <span class='ocrx_word' id='word_1_87' title='bbox 699 1253 1140 1310; x_wconf 74' lang='lat' dir='ltr'><strong>manifestissime</strong></span> <span class='ocrx_word' id='word_1_88' title='bbox 1183 1254 1399 1320; x_wconf 77' lang='lat' dir='ltr'><strong>docent,</strong></span> <span class='ocrx_word' id='word_1_89' title='bbox 1443 1253 1725 1323; x_wconf 81' lang='lat' dir='ltr'><strong>paciﬁcum</strong></span> <span class='ocrx_word' id='word_1_90' title='bbox 1771 1253 1826 1308; x_wconf 91' lang='lat' dir='ltr'><strong>id</strong></span> <span class='ocrx_word' id='word_1_91' title='bbox 1874 1261 1959 1308; x_wconf 90' lang='lat' dir='ltr'><strong>est</strong></span> 
     </span>
    </p>
   </div>
   <div class='ocr_carea' id='block_1_13' title="bbox 374 1335 1951 1409">
    <p class='ocr_par' dir='ltr' id='par_1_13' title="bbox 374 1335 1951 1409">
     <span class='ocr_line' id='line_1_13' title="bbox 374 1335 1951 1409; baseline -0.004 -7"><span class='ocrx_word' id='word_1_92' title='bbox 374 1347 736 1402; x_wconf 86' lang='lat' dir='ltr'><strong>Salomon&#39;em.</strong></span> <span class='ocrx_word' id='word_1_93' title='bbox 771 1345 840 1399; x_wconf 87' lang='lat' dir='ltr'><strong>Et</strong></span> <span class='ocrx_word' id='word_1_94' title='bbox 880 1344 1127 1409; x_wconf 77' lang='lat' dir='ltr'><strong>Midam,</strong></span> <span class='ocrx_word' id='word_1_95' title='bbox 1176 1335 1230 1398; x_wconf 82' lang='lat' dir='ltr'><strong>id</strong></span> <span class='ocrx_word' id='word_1_96' title='bbox 1271 1352 1361 1399; x_wconf 90' lang='lat' dir='ltr'><strong>&#39;est</strong></span> <span class='ocrx_word' id='word_1_97' title='bbox 1406 1343 1662 1399; x_wconf 88' lang='lat' dir='ltr'><strong>dilectum</strong></span> <span class='ocrx_word' id='word_1_98' title='bbox 1715 1342 1951 1407; x_wconf 88' lang='lat' dir='ltr'><strong>Domini,</strong></span> 
     </span>
    </p>
   </div>
   <div class='ocr_carea' id='block_1_14' title="bbox 307 1424 1959 1508">
    <p class='ocr_par' dir='ltr' id='par_1_14' title="bbox 307 1424 1959 1508">
     <span class='ocr_line' id='line_1_14' title="bbox 307 1424 1959 1508; baseline -0.002 -16"><span class='ocrx_word' id='word_1_99' title='bbox 307 1463 310 1472; x_wconf 90' lang='grc'>·</span> <span class='ocrx_word' id='word_1_100' title='bbox 371 1446 427 1492; x_wconf 88' lang='lat' dir='ltr'><strong>ct</strong></span> <span class='ocrx_word' id='word_1_101' title='bbox 451 1426 650 1508; x_wconf 79' lang='lat' dir='ltr'><strong>(Eccle.</strong></span> <span class='ocrx_word' id='word_1_102' title='bbox 684 1451 725 1500; x_wconf 84' lang='grc' dir='ltr'>ι,</span> <span class='ocrx_word' id='word_1_103' title='bbox 768 1433 822 1505; x_wconf 80' lang='grc'><strong>1)</strong></span> <span class='ocrx_word' id='word_1_104' title='bbox 865 1424 1101 1499; x_wconf 80' lang='lat' dir='ltr'><strong>Coeleth,</strong></span> <span class='ocrx_word' id='word_1_105' title='bbox 1147 1433 1201 1488; x_wconf 97' lang='lat' dir='ltr'><strong>id</strong></span> <span class='ocrx_word' id='word_1_106' title='bbox 1230 1441 1315 1487; x_wconf 87' lang='lat' dir='ltr'><strong>est</strong></span> <span class='ocrx_word' id='word_1_107' title='bbox 1356 1432 1736 1488; x_wconf 77' lang='lat' dir='ltr'><strong>EccleSiaste&#39;n.</strong></span> <span class='ocrx_word' id='word_1_108' title='bbox 1773 1433 1959 1489; x_wconf 86' lang='lat' dir='ltr'><strong>Eccle-</strong></span> 
     </span>
    </p>
   </div>
   <div class='ocr_carea' id='block_1_15' title="bbox 370 1523 1952 1595">
    <p class='ocr_par' dir='ltr' id='par_1_15' title="bbox 370 1523 1952 1595">
     <span class='ocr_line' id='line_1_15' title="bbox 370 1523 1952 1595; baseline -0.002 -14"><span class='ocrx_word' id='word_1_109' title='bbox 370 1527 564 1582; x_wconf 89' lang='lat' dir='ltr'><strong>siastes</strong></span> <span class='ocrx_word' id='word_1_110' title='bbox 595 1535 773 1581; x_wconf 89' lang='lat' dir='ltr'><strong>autem</strong></span> <span class='ocrx_word' id='word_1_111' title='bbox 792 1523 979 1581; x_wconf 67' lang='grc' dir='ltr'><strong>ϐιωεο</strong></span> <span class='ocrx_word' id='word_1_112' title='bbox 1002 1538 1252 1580; x_wconf 82' lang='lat' dir='ltr'><strong>sermone</strong></span> <span class='ocrx_word' id='word_1_113' title='bbox 1271 1524 1594 1595; x_wconf 82' lang='lat' dir='ltr'><strong>appellatur,</strong></span> <span class='ocrx_word' id='word_1_114' title='bbox 1620 1525 1710 1594; x_wconf 86' lang='lat' dir='ltr'><strong>qui</strong></span> <span class='ocrx_word' id='word_1_115' title='bbox 1731 1533 1952 1591; x_wconf 70' lang='lat' dir='ltr'><strong>emtum,</strong></span> 
     </span>
    </p>
   </div>
   <div class='ocr_carea' id='block_1_16' title="bbox 373 1617 1958 1688">
    <p class='ocr_par' dir='ltr' id='par_1_16' title="bbox 373 1617 1958 1688">
     <span class='ocr_line' id='line_1_16' title="bbox 373 1617 1958 1688; baseline -0.001 -15"><span class='ocrx_word' id='word_1_116' title='bbox 373 1620 427 1674; x_wconf 91' lang='lat' dir='ltr'><strong>id</strong></span> <span class='ocrx_word' id='word_1_117' title='bbox 465 1628 554 1674; x_wconf 80' lang='lat' dir='ltr'><strong>est</strong></span> <span class='ocrx_word' id='word_1_118' title='bbox 597 1617 894 1674; x_wconf 88' lang='lat' dir='ltr'><strong>Ecclesiam</strong></span> <span class='ocrx_word' id='word_1_119' title='bbox 933 1625 1265 1688; x_wconf 81' lang='lat' dir='ltr'><strong>congregat:</strong></span> <span class='ocrx_word' id='word_1_120' title='bbox 1317 1631 1480 1685; x_wconf 89' lang='lat' dir='ltr'><strong>quem</strong></span> <span class='ocrx_word' id='word_1_121' title='bbox 1520 1631 1620 1671; x_wconf 88' lang='lat' dir='ltr'><strong>nos</strong></span> <span class='ocrx_word' id='word_1_122' title='bbox 1648 1629 1958 1687; x_wconf 80' lang='lat' dir='ltr'><strong>nuncupare</strong></span> 
     </span>
    </p>
   </div>
   <div class='ocr_carea' id='block_1_17' title="bbox 2061 612 3640 693">
    <p class='ocr_par' dir='ltr' id='par_1_17' title="bbox 2061 612 3640 693">
     <span class='ocr_line' id='line_1_17' title="bbox 2061 612 3640 693; baseline 0.011 -29"><span class='ocrx_word' id='word_1_123' title='bbox 2061 612 2186 677; x_wconf 88' lang='lat' dir='ltr'><strong>lias,</strong></span> <span class='ocrx_word' id='word_1_124' title='bbox 2209 621 2263 667; x_wconf 91' lang='lat' dir='ltr'><strong>et</strong></span> <span class='ocrx_word' id='word_1_125' title='bbox 2291 612 2540 668; x_wconf 62' lang='lat' dir='ltr'><strong>Visitatus</strong></span> <span class='ocrx_word' id='word_1_126' title='bbox 2562 614 2812 685; x_wconf 83' lang='lat' dir='ltr'><strong>desuper,</strong></span> <span class='ocrx_word' id='word_1_127' title='bbox 2843 631 3092 674; x_wconf 77' lang='lat' dir='ltr'><strong>sermone</strong></span> <span class='ocrx_word' id='word_1_128' title='bbox 3121 620 3286 676; x_wconf 79' lang='lat' dir='ltr'><strong>ccelos</strong></span> <span class='ocrx_word' id='word_1_129' title='bbox 3320 625 3556 693; x_wconf 81' lang='lat' dir='ltr'><strong>aperuit,</strong></span> <span class='ocrx_word' id='word_1_130' title='bbox 3588 638 3640 682; x_wconf 91' lang='lat' dir='ltr'><strong>et</strong></span> 
     </span>
    </p>
   </div>
   <div class='ocr_carea' id='block_1_18' title="bbox 2063 705 3640 781">
    <p class='ocr_par' dir='ltr' id='par_1_18' title="bbox 2063 705 3640 781">
     <span class='ocr_line' id='line_1_18' title="bbox 2063 705 3640 781; baseline 0.01 -24"><span class='ocrx_word' id='word_1_131' title='bbox 2063 708 2244 759; x_wconf 89' lang='lat' dir='ltr'><strong>tamen</strong></span> <span class='ocrx_word' id='word_1_132' title='bbox 2297 705 2582 775; x_wconf 85' lang='lat' dir='ltr'><strong>probatus,</strong></span> <span class='ocrx_word' id='word_1_133' title='bbox 2631 707 2812 763; x_wconf 86' lang='lat' dir='ltr'><strong>subito</strong></span> <span class='ocrx_word' id='word_1_134' title='bbox 2861 708 3110 765; x_wconf 87' lang='lat' dir='ltr'><strong>inﬁrmus</strong></span> <span class='ocrx_word' id='word_1_135' title='bbox 3159 715 3259 781; x_wconf 81' lang='lat' dir='ltr'><strong>per</strong></span> <span class='ocrx_word' id='word_1_136' title='bbox 3299 714 3515 770; x_wconf 88' lang='lat' dir='ltr'><strong>deserta</strong></span> <span class='ocrx_word' id='word_1_137' title='bbox 3562 717 3640 772; x_wconf 80' lang='lat' dir='ltr'><strong>fu-</strong></span> 
     </span>
    </p>
   </div>
   <div class='ocr_carea' id='block_1_19' title="bbox 2060 795 3641 871">
    <p class='ocr_par' dir='ltr' id='par_1_19' title="bbox 2060 795 3641 871">
     <span class='ocr_line' id='line_1_19' title="bbox 2060 795 3641 871; baseline 0.009 -20"><span class='ocrx_word' id='word_1_138' title='bbox 2060 798 2211 868; x_wconf 77' lang='lat' dir='ltr'><strong>giens</strong></span> <span class='ocrx_word' id='word_1_139' title='bbox 2257 795 2303 862; x_wconf 69' lang='grc' dir='ltr'><strong>ί,</strong></span> <span class='ocrx_word' id='word_1_140' title='bbox 2349 797 2580 852; x_wconf 89' lang='lat' dir='ltr'><strong>nimium</strong></span> <span class='ocrx_word' id='word_1_141' title='bbox 2626 799 2904 856; x_wconf 89' lang='lat' dir='ltr'><strong>mulierem</strong></span> <span class='ocrx_word' id='word_1_142' title='bbox 2945 802 3184 871; x_wconf 80' lang='lat' dir='ltr'><strong>expavit.</strong></span> <span class='ocrx_word' id='word_1_143' title='bbox 3220 803 3313 860; x_wconf 88' lang='lat' dir='ltr'><strong>Sic</strong></span> <span class='ocrx_word' id='word_1_144' title='bbox 3353 806 3555 864; x_wconf 79' lang='lat' dir='ltr'><strong>Paulus</strong></span> <span class='ocrx_word' id='word_1_145' title='bbox 3578 813 3641 865; x_wconf 88' lang='lat' dir='ltr'><strong>ad</strong></span> 
     </span>
    </p>
   </div>
   <div class='ocr_carea' id='block_1_20' title="bbox 2062 887 3640 964">
    <p class='ocr_par' dir='ltr' id='par_1_20' title="bbox 2062 887 3640 964">
     <span class='ocr_line' id='line_1_20' title="bbox 2062 887 3640 964; baseline 0.01 -24"><span class='ocrx_word' id='word_1_146' title='bbox 2062 887 2280 940; x_wconf 90' lang='lat' dir='ltr'><strong>tertium</strong></span> <span class='ocrx_word' id='word_1_147' title='bbox 2327 887 2525 943; x_wconf 72' lang='lat' dir='ltr'><strong>caelum</strong></span> <span class='ocrx_word' id='word_1_148' title='bbox 2580 891 2606 930; x_wconf 72' lang='grc'>⁸</span> <span class='ocrx_word' id='word_1_149' title='bbox 2645 889 2880 956; x_wconf 87' lang='lat' dir='ltr'><strong>ducitur,</strong></span> <span class='ocrx_word' id='word_1_150' title='bbox 2938 893 3180 962; x_wconf 83' lang='lat' dir='ltr'><strong>paradisi</strong></span> <span class='ocrx_word' id='word_1_151' title='bbox 3222 899 3517 964; x_wconf 70' lang='lat' dir='ltr'><strong>penetrans</strong></span> <span class='ocrx_word' id='word_1_152' title='bbox 3561 913 3640 956; x_wconf 84' lang='lat' dir='ltr'><strong>se-</strong></span> 
     </span>
    </p>
   </div>
   <div class='ocr_carea' id='block_1_21' title="bbox 2059 979 3640 1057">
    <p class='ocr_par' dir='ltr' id='par_1_21' title="bbox 2059 979 3640 1057">
     <span class='ocr_line' id='line_1_21' title="bbox 2059 979 3640 1057; baseline 0.008 -23"><span class='ocrx_word' id='word_1_153' title='bbox 2059 987 2207 1034; x_wconf 87' lang='lat' dir='ltr'><strong>creta</strong></span> <span class='ocrx_word' id='word_1_154' title='bbox 2237 979 2566 1046; x_wconf 85' lang='lat' dir='ltr'><strong>considerat,</strong></span> <span class='ocrx_word' id='word_1_155' title='bbox 2605 989 2662 1036; x_wconf 91' lang='lat' dir='ltr'><strong>et</strong></span> <span class='ocrx_word' id='word_1_156' title='bbox 2700 990 2881 1037; x_wconf 90' lang='lat' dir='ltr'><strong>tamen</strong></span> <span class='ocrx_word' id='word_1_157' title='bbox 2924 985 2994 1038; x_wconf 91' lang='lat' dir='ltr'><strong>ad</strong></span> <span class='ocrx_word' id='word_1_158' title='bbox 3019 985 3372 1056; x_wconf 82' lang='lat' dir='ltr'><strong>semetipsum</strong></span> <span class='ocrx_word' id='word_1_159' title='bbox 3402 990 3640 1057; x_wconf 87' lang='lat' dir='ltr'><strong>rediens,</strong></span> 
     </span>
    </p>
   </div>
   <div class='ocr_carea' id='block_1_22' title="bbox 2057 1059 3640 1152">
    <p class='ocr_par' dir='ltr' id='par_1_22' title="bbox 2057 1059 3640 1152">
     <span class='ocr_line' id='line_1_22' title="bbox 2057 1059 3640 1152; baseline 0.008 -27"><span class='ocrx_word' id='word_1_160' title='bbox 2057 1077 2248 1125; x_wconf 87' lang='lat' dir='ltr'><strong>contra</strong></span> <span class='ocrx_word' id='word_1_161' title='bbox 2270 1070 2451 1126; x_wconf 80' lang='lat' dir='ltr'><strong>carnis</strong></span> <span class='ocrx_word' id='word_1_162' title='bbox 2489 1070 2686 1126; x_wconf 89' lang='lat' dir='ltr'><strong>bellum</strong></span> <span class='ocrx_word' id='word_1_163' title='bbox 2725 1071 2938 1128; x_wconf 88' lang='lat' dir='ltr'><strong>laborat</strong></span> <span class='ocrx_word' id='word_1_164' title='bbox 2959 1072 3140 1144; x_wconf 85' lang='lat' dir='ltr'><strong>(Rom.</strong></span> <span class='ocrx_word' id='word_1_165' title='bbox 3187 1059 3284 1142; x_wconf 66' lang='lat' dir='ltr'><strong>vn,</strong></span> <span class='ocrx_word' id='word_1_166' title='bbox 3315 1077 3430 1148; x_wconf 77' lang='lat' dir='ltr'><strong>2i),</strong></span> <span class='ocrx_word' id='word_1_167' title='bbox 3475 1079 3640 1152; x_wconf 77' lang='lat' dir='ltr'><strong>legem</strong></span> 
     </span>
    </p>
   </div>
   <div class='ocr_carea' id='block_1_23' title="bbox 2059 1159 3642 1230">
    <p class='ocr_par' dir='ltr' id='par_1_23' title="bbox 2059 1159 3642 1230">
     <span class='ocr_line' id='line_1_23' title="bbox 2059 1159 3642 1230; baseline 0.007 -16"><span class='ocrx_word' id='word_1_168' title='bbox 2059 1159 2217 1215; x_wconf 84' lang='lat' dir='ltr'><strong>aliam</strong></span> <span class='ocrx_word' id='word_1_169' title='bbox 2233 1159 2287 1214; x_wconf 90' lang='lat' dir='ltr'><strong>in</strong></span> <span class='ocrx_word' id='word_1_170' title='bbox 2303 1161 2560 1215; x_wconf 80' lang='lat' dir='ltr'><strong>membris</strong></span> <span class='ocrx_word' id='word_1_171' title='bbox 2586 1162 2835 1225; x_wconf 82' lang='lat' dir='ltr'><strong>sustinet,</strong></span> <span class='ocrx_word' id='word_1_172' title='bbox 2859 1160 3015 1230; x_wconf 80' lang='lat' dir='ltr'><strong>cujus</strong></span> <span class='ocrx_word' id='word_1_173' title='bbox 3033 1163 3091 1218; x_wconf 89' lang='lat' dir='ltr'><strong>in</strong></span> <span class='ocrx_word' id='word_1_174' title='bbox 3119 1181 3180 1221; x_wconf 84' lang='lat' dir='ltr'><strong>se</strong></span> <span class='ocrx_word' id='word_1_175' title='bbox 3205 1168 3507 1225; x_wconf 82' lang='lat' dir='ltr'><strong>rebellione</strong></span> <span class='ocrx_word' id='word_1_176' title='bbox 3525 1170 3642 1226; x_wconf 84' lang='lat' dir='ltr'><strong>fati-</strong></span> 
     </span>
    </p>
   </div>
   <div class='ocr_carea' id='block_1_24' title="bbox 2058 1249 3641 1330">
    <p class='ocr_par' dir='ltr' id='par_1_24' title="bbox 2058 1249 3641 1330">
     <span class='ocr_line' id='line_1_24' title="bbox 2058 1249 3641 1330; baseline 0.008 -28"><span class='ocrx_word' id='word_1_177' title='bbox 2058 1249 2196 1317; x_wconf 84' lang='lat' dir='ltr'><strong>gari,</strong></span> <span class='ocrx_word' id='word_1_178' title='bbox 2210 1249 2432 1319; x_wconf 82' lang='lat' dir='ltr'><strong>spiritus</strong></span> <span class='ocrx_word' id='word_1_179' title='bbox 2445 1249 2617 1320; x_wconf 80' lang='lat' dir='ltr'><strong>legem</strong></span> <span class='ocrx_word' id='word_1_180' title='bbox 2639 1251 2803 1306; x_wconf 90' lang='lat' dir='ltr'><strong>dolet.</strong></span> <span class='ocrx_word' id='word_1_181' title='bbox 2826 1251 2953 1306; x_wconf 86' lang='lat' dir='ltr'><strong>Post</strong></span> <span class='ocrx_word' id='word_1_182' title='bbox 2967 1252 2996 1291; x_wconf 71' lang='grc' dir='ltr'>δ</span> <span class='ocrx_word' id='word_1_183' title='bbox 3011 1253 3360 1311; x_wconf 87' lang='lat' dir='ltr'><strong>donationem</strong></span> <span class='ocrx_word' id='word_1_184' title='bbox 3381 1273 3514 1330; x_wconf 80' lang='lat' dir='ltr'><strong>ergo</strong></span> <span class='ocrx_word' id='word_1_185' title='bbox 3531 1277 3641 1315; x_wconf 88' lang='lat' dir='ltr'><strong>mu-</strong></span> 
     </span>
    </p>
   </div>
   <div class='ocr_carea' id='block_1_25' title="bbox 2058 1339 3644 1416">
    <p class='ocr_par' dir='ltr' id='par_1_25' title="bbox 2058 1339 3644 1416">
     <span class='ocr_line' id='line_1_25' title="bbox 2058 1339 3644 1416; baseline 0.008 -22"><span class='ocrx_word' id='word_1_186' title='bbox 2058 1339 2226 1407; x_wconf 81' lang='lat' dir='ltr'><strong>neris,</strong></span> <span class='ocrx_word' id='word_1_187' title='bbox 2260 1341 2464 1396; x_wconf 87' lang='lat' dir='ltr'><strong>idcirco</strong></span> <span class='ocrx_word' id='word_1_188' title='bbox 2495 1340 2636 1396; x_wconf 83' lang='lat' dir='ltr'><strong>Deus</strong></span> <span class='ocrx_word' id='word_1_189' title='bbox 2661 1341 2933 1396; x_wconf 80' lang='lat' dir='ltr'><strong>hominem</strong></span> <span class='ocrx_word' id='word_1_190' title='bbox 2969 1344 3180 1412; x_wconf 81' lang='lat' dir='ltr'><strong>probat,</strong></span> <span class='ocrx_word' id='word_1_191' title='bbox 3213 1347 3342 1416; x_wconf 84' lang='lat' dir='ltr'><strong>quia</strong></span> <span class='ocrx_word' id='word_1_192' title='bbox 3370 1357 3428 1402; x_wconf 89' lang='lat' dir='ltr'><strong>et</strong></span> <span class='ocrx_word' id='word_1_193' title='bbox 3453 1350 3644 1406; x_wconf 87' lang='lat' dir='ltr'><strong>collato</strong></span> 
     </span>
    </p>
   </div>
   <div class='ocr_carea' id='block_1_26' title="bbox 2058 1429 3641 1508">
    <p class='ocr_par' dir='ltr' id='par_1_26' title="bbox 2058 1429 3641 1508">
     <span class='ocr_line' id='line_1_26' title="bbox 2058 1429 3641 1508; baseline 0.007 -24"><span class='ocrx_word' id='word_1_194' title='bbox 2058 1439 2282 1484; x_wconf 87' lang='lat' dir='ltr'><strong>munere</strong></span> <span class='ocrx_word' id='word_1_195' title='bbox 2306 1429 2571 1497; x_wconf 79' lang='lat' dir='ltr'><strong>sublevat,</strong></span> <span class='ocrx_word' id='word_1_196' title='bbox 2604 1441 2660 1486; x_wconf 88' lang='lat' dir='ltr'><strong>et</strong></span> <span class='ocrx_word' id='word_1_197' title='bbox 2684 1432 2957 1488; x_wconf 82' lang='lat' dir='ltr'><strong>abstracto</strong></span> <span class='ocrx_word' id='word_1_198' title='bbox 2995 1434 3291 1504; x_wconf 82' lang='lat' dir='ltr'><strong>paululum,</strong></span> <span class='ocrx_word' id='word_1_199' title='bbox 3333 1438 3512 1508; x_wconf 89' lang='lat' dir='ltr'><strong>ipsum</strong></span> <span class='ocrx_word' id='word_1_200' title='bbox 3545 1442 3641 1495; x_wconf 86' lang='lat' dir='ltr'><strong>sibi</strong></span> 
     </span>
    </p>
   </div>
   <div class='ocr_carea' id='block_1_27' title="bbox 2056 1517 3644 1597">
    <p class='ocr_par' dir='ltr' id='par_1_27' title="bbox 2056 1517 3644 1597">
     <span class='ocr_line' id='line_1_27' title="bbox 2056 1517 3644 1597; baseline 0.009 -25"><span class='ocrx_word' id='word_1_201' title='bbox 2056 1517 2327 1574; x_wconf 87' lang='lat' dir='ltr'><strong>hominem</strong></span> <span class='ocrx_word' id='word_1_202' title='bbox 2359 1520 2713 1576; x_wconf 77' lang='lat' dir='ltr'><strong>demonStrat.</strong></span> <span class='ocrx_word' id='word_1_203' title='bbox 2759 1521 2911 1589; x_wconf 86' lang='lat' dir='ltr'><strong>Quod</strong></span> <span class='ocrx_word' id='word_1_204' title='bbox 2941 1538 3008 1579; x_wconf 91' lang='lat' dir='ltr'><strong>eo</strong></span> <span class='ocrx_word' id='word_1_205' title='bbox 3045 1538 3218 1594; x_wconf 87' lang='lat' dir='ltr'><strong>usque</strong></span> <span class='ocrx_word' id='word_1_206' title='bbox 3252 1529 3444 1597; x_wconf 86' lang='lat' dir='ltr'><strong>procul</strong></span> <span class='ocrx_word' id='word_1_207' title='bbox 3487 1531 3644 1586; x_wconf 85' lang='lat' dir='ltr'><strong>dubio</strong></span> 
     </span>
    </p>
   </div>
   <div class='ocr_carea' id='block_1_28' title="bbox 2055 1610 3642 1692">
    <p class='ocr_par' dir='ltr' id='par_1_28' title="bbox 2055 1610 3642 1692">
     <span class='ocr_line' id='line_1_28' title="bbox 2055 1610 3642 1692; baseline 0.008 -27"><span class='ocrx_word' id='word_1_208' title='bbox 2055 1610 2309 1680; x_wconf 80' lang='lat' dir='ltr'><strong>patimur,</strong></span> <span class='ocrx_word' id='word_1_209' title='bbox 2339 1626 2448 1680; x_wconf 89' lang='lat' dir='ltr'><strong>quo</strong></span> <span class='ocrx_word' id='word_1_210' title='bbox 2477 1612 2689 1668; x_wconf 87' lang='lat' dir='ltr'><strong>detersa</strong></span> <span class='ocrx_word' id='word_1_211' title='bbox 2713 1612 2955 1669; x_wconf 79' lang='lat' dir='ltr'><strong>funditus</strong></span> <span class='ocrx_word' id='word_1_212' title='bbox 2996 1615 3117 1670; x_wconf 90' lang='lat' dir='ltr'><strong>labe</strong></span> <span class='ocrx_word' id='word_1_213' title='bbox 3150 1617 3380 1685; x_wconf 83' lang='lat' dir='ltr'><strong>peccati,</strong></span> <span class='ocrx_word' id='word_1_214' title='bbox 3427 1620 3496 1674; x_wconf 88' lang='lat' dir='ltr'><strong>ad</strong></span> <span class='ocrx_word' id='word_1_215' title='bbox 3526 1637 3642 1692; x_wconf 88' lang='lat' dir='ltr'><strong>pro-</strong></span> 
     </span>
    </p>
   </div>
   <div class='ocr_carea' id='block_1_29' title="bbox 369 1701 3504 1787">
    <p class='ocr_par' dir='ltr' id='par_1_29' title="bbox 369 1701 3504 1787">
     <span class='ocr_line' id='line_1_29' title="bbox 369 1701 3504 1787; baseline -0.004 -15"><span class='ocrx_word' id='word_1_216' title='bbox 369 1731 656 1787; x_wconf 86' lang='lat' dir='ltr'><strong>possumus</strong></span> <span class='ocrx_word' id='word_1_217' title='bbox 680 1715 1116 1778; x_wconf 79' lang='lat' dir='ltr'><strong>concionatorem,</strong></span> <span class='ocrx_word' id='word_1_218' title='bbox 1146 1712 1198 1768; x_wconf 92' lang='lat' dir='ltr'><strong>id</strong></span> <span class='ocrx_word' id='word_1_219' title='bbox 1209 1720 1296 1767; x_wconf 91' lang='lat' dir='ltr'><strong>est</strong></span> <span class='ocrx_word' id='word_1_220' title='bbox 1314 1712 1404 1781; x_wconf 89' lang='lat' dir='ltr'><strong>qui</strong></span> <span class='ocrx_word' id='word_1_221' title='bbox 1430 1712 1672 1782; x_wconf 87' lang='lat' dir='ltr'><strong>loquitur</strong></span> <span class='ocrx_word' id='word_1_222' title='bbox 1699 1713 1764 1767; x_wconf 90' lang='lat' dir='ltr'><strong>ad</strong></span> <span class='ocrx_word' id='word_1_223' title='bbox 1784 1727 1956 1782; x_wconf 87' lang='lat' dir='ltr'><strong>popu-</strong></span> <span class='ocrx_word' id='word_1_224' title='bbox 1984 1785 2017 1787; x_wconf 88' lang='lat'>_</span> <span class='ocrx_word' id='word_1_225' title='bbox 2058 1701 2237 1757; x_wconf 66' lang='lat' dir='ltr'><strong>miSSIB</strong></span> <span class='ocrx_word' id='word_1_226' title='bbox 2283 1701 2700 1773; x_wconf 77' lang='lat' dir='ltr'><strong>incorruptionis</strong></span> <span class='ocrx_word' id='word_1_227' title='bbox 2729 1704 3086 1759; x_wconf 77' lang='lat' dir='ltr'><strong>substantiam</strong></span> <span class='ocrx_word' id='word_1_228' title='bbox 3123 1704 3504 1762; x_wconf 66' lang='lat' dir='ltr'><strong>reici-memor.</strong></span> 
     </span>
    </p>
   </div>
   <div class='ocr_carea' id='block_1_30' title="bbox 374 1785 2028 1876">
    <p class='ocr_par' dir='ltr' id='par_1_30' title="bbox 374 1785 2028 1876">
     <span class='ocr_line' id='line_1_30' title="bbox 374 1785 2028 1876; baseline -0.001 -16"><span class='ocrx_word' id='word_1_229' title='bbox 374 1785 506 1872; x_wconf 87' lang='lat' dir='ltr'><strong>lum,</strong></span> <span class='ocrx_word' id='word_1_230' title='bbox 533 1814 588 1861; x_wconf 87' lang='lat' dir='ltr'><strong>et</strong></span> <span class='ocrx_word' id='word_1_231' title='bbox 610 1818 788 1862; x_wconf 83' lang='lat' dir='ltr'><strong>sermo</strong></span> <span class='ocrx_word' id='word_1_232' title='bbox 818 1804 933 1872; x_wconf 85' lang='lat' dir='ltr'><strong>ejus</strong></span> <span class='ocrx_word' id='word_1_233' title='bbox 971 1821 1077 1858; x_wconf 89' lang='lat' dir='ltr'><strong>non</strong></span> <span class='ocrx_word' id='word_1_234' title='bbox 1103 1803 1409 1872; x_wconf 84' lang='lat' dir='ltr'><strong>specialiter</strong></span> <span class='ocrx_word' id='word_1_235' title='bbox 1441 1804 1510 1858; x_wconf 91' lang='lat' dir='ltr'><strong>ad</strong></span> <span class='ocrx_word' id='word_1_236' title='bbox 1535 1820 1719 1876; x_wconf 79' lang='lat' dir='ltr'><strong>unum,</strong></span> <span class='ocrx_word' id='word_1_237' title='bbox 1754 1803 1849 1858; x_wconf 90' lang='lat' dir='ltr'><strong>sed</strong></span> <span class='ocrx_word' id='word_1_238' title='bbox 1887 1803 1955 1858; x_wconf 89' lang='lat' dir='ltr'><strong>ad</strong></span> <span class='ocrx_word' id='word_1_239' title='bbox 1982 1785 2028 1844; x_wconf 81' lang='grc' dir='ltr'><strong>Β</strong></span> 
     </span>
    </p>
   </div>
   <div class='ocr_carea' id='block_1_31' title="bbox 371 1890 1954 1964">
    <p class='ocr_par' dir='ltr' id='par_1_31' title="bbox 371 1890 1954 1964">
     <span class='ocr_line' id='line_1_31' title="bbox 371 1890 1954 1964; baseline -0.001 -16"><span class='ocrx_word' id='word_1_240' title='bbox 371 1895 655 1949; x_wconf 87' lang='lat' dir='ltr'><strong>universos</strong></span> <span class='ocrx_word' id='word_1_241' title='bbox 702 1891 1026 1964; x_wconf 78' lang='lat' dir='ltr'><strong>generaliter</strong></span> <span class='ocrx_word' id='word_1_242' title='bbox 1063 1890 1333 1962; x_wconf 79' lang='lat' dir='ltr'><strong>dirigitur.</strong></span> <span class='ocrx_word' id='word_1_243' title='bbox 1377 1891 1549 1946; x_wconf 74' lang='lat' dir='ltr'><strong>Porro</strong></span> <span class='ocrx_word' id='word_1_244' title='bbox 1581 1892 1859 1961; x_wconf 87' lang='lat' dir='ltr'><strong>paciﬁcus,</strong></span> <span class='ocrx_word' id='word_1_245' title='bbox 1899 1899 1954 1947; x_wconf 91' lang='lat' dir='ltr'><strong>et</strong></span> 
     </span>
    </p>
   </div>
   <div class='ocr_carea' id='block_1_32' title="bbox 372 1981 1951 2052">
    <p class='ocr_par' dir='ltr' id='par_1_32' title="bbox 372 1981 1951 2052">
     <span class='ocr_line' id='line_1_32' title="bbox 372 1981 1951 2052; baseline -0.002 -12"><span class='ocrx_word' id='word_1_246' title='bbox 372 1984 601 2040; x_wconf 88' lang='lat' dir='ltr'><strong>dilectus</strong></span> <span class='ocrx_word' id='word_1_247' title='bbox 629 1983 838 2039; x_wconf 80' lang='lat' dir='ltr'><strong>Domini</strong></span> <span class='ocrx_word' id='word_1_248' title='bbox 863 1984 933 2038; x_wconf 85' lang='lat' dir='ltr'><strong>ab</strong></span> <span class='ocrx_word' id='word_1_249' title='bbox 954 1997 1021 2038; x_wconf 87' lang='lat' dir='ltr'><strong>eo</strong></span> <span class='ocrx_word' id='word_1_250' title='bbox 1042 1983 1185 2051; x_wconf 89' lang='lat' dir='ltr'><strong>quod</strong></span> <span class='ocrx_word' id='word_1_251' title='bbox 1207 1982 1262 2037; x_wconf 92' lang='lat' dir='ltr'><strong>in</strong></span> <span class='ocrx_word' id='word_1_252' title='bbox 1287 1997 1458 2052; x_wconf 82' lang='lat' dir='ltr'><strong>regno</strong></span> <span class='ocrx_word' id='word_1_253' title='bbox 1480 1981 1601 2050; x_wconf 83' lang='lat' dir='ltr'><strong>ejus</strong></span> <span class='ocrx_word' id='word_1_254' title='bbox 1634 1998 1740 2052; x_wconf 77' lang='lat' dir='ltr'><strong>pax</strong></span> <span class='ocrx_word' id='word_1_255' title='bbox 1769 1981 1951 2049; x_wconf 82' lang='lat' dir='ltr'><strong>fuerit,</strong></span> 
     </span>
    </p>
   </div>
   <div class='ocr_carea' id='block_1_33' title="bbox 372 2071 1956 2142">
    <p class='ocr_par' dir='ltr' id='par_1_33' title="bbox 372 2071 1956 2142">
     <span class='ocr_line' id='line_1_33' title="bbox 372 2071 1956 2142; baseline -0.003 -11"><span class='ocrx_word' id='word_1_256' title='bbox 372 2087 428 2132; x_wconf 90' lang='lat' dir='ltr'><strong>et</strong></span> <span class='ocrx_word' id='word_1_257' title='bbox 453 2089 579 2130; x_wconf 90' lang='lat' dir='ltr'><strong>eum</strong></span> <span class='ocrx_word' id='word_1_258' title='bbox 603 2074 863 2129; x_wconf 79' lang='lat' dir='ltr'><strong>Deminus</strong></span> <span class='ocrx_word' id='word_1_259' title='bbox 903 2072 1172 2138; x_wconf 63' lang='lat' dir='ltr'><strong>dilekerit,</strong></span> <span class='ocrx_word' id='word_1_260' title='bbox 1223 2071 1524 2142; x_wconf 80' lang='lat' dir='ltr'><strong>appellatus</strong></span> <span class='ocrx_word' id='word_1_261' title='bbox 1559 2079 1688 2128; x_wconf 83' lang='lat' dir='ltr'><strong>est:</strong></span> <span class='ocrx_word' id='word_1_262' title='bbox 1728 2087 1855 2126; x_wconf 91' lang='lat' dir='ltr'><strong>nam</strong></span> <span class='ocrx_word' id='word_1_263' title='bbox 1899 2080 1956 2128; x_wconf 89' lang='lat' dir='ltr'><strong>et</strong></span> 
     </span>
    </p>
   </div>
   <div class='ocr_carea' id='block_1_34' title="bbox 373 2163 1954 2238">
    <p class='ocr_par' dir='ltr' id='par_1_34' title="bbox 373 2163 1954 2238">
     <span class='ocr_line' id='line_1_34' title="bbox 373 2163 1954 2238; baseline -0.003 -15"><span class='ocrx_word' id='word_1_264' title='bbox 373 2167 614 2238; x_wconf 89' lang='lat' dir='ltr'><strong>psalmus</strong></span> <span class='ocrx_word' id='word_1_265' title='bbox 663 2165 1103 2235; x_wconf 75' lang='lat' dir='ltr'><strong>quadragesimus</strong></span> <span class='ocrx_word' id='word_1_266' title='bbox 1132 2172 1380 2235; x_wconf 88' lang='lat' dir='ltr'><strong>quartus,</strong></span> <span class='ocrx_word' id='word_1_267' title='bbox 1427 2172 1484 2220; x_wconf 91' lang='lat' dir='ltr'><strong>et</strong></span> <span class='ocrx_word' id='word_1_268' title='bbox 1526 2163 1954 2234; x_wconf 89' lang='lat' dir='ltr'><strong>septuagesimus</strong></span> 
     </span>
    </p>
   </div>
   <div class='ocr_carea' id='block_1_35' title="bbox 372 2253 1954 2327">
    <p class='ocr_par' dir='ltr' id='par_1_35' title="bbox 372 2253 1954 2327">
     <span class='ocr_line' id='line_1_35' title="bbox 372 2253 1954 2327; baseline -0.002 -16"><span class='ocrx_word' id='word_1_269' title='bbox 372 2257 616 2327; x_wconf 87' lang='lat' dir='ltr'><strong>primus:</strong></span> <span class='ocrx_word' id='word_1_270' title='bbox 649 2254 839 2310; x_wconf 85' lang='lat' dir='ltr'><strong>Dilecti</strong></span> <span class='ocrx_word' id='word_1_271' title='bbox 878 2263 935 2310; x_wconf 90' lang='lat' dir='ltr'><strong>et</strong></span> <span class='ocrx_word' id='word_1_272' title='bbox 977 2255 1184 2326; x_wconf 81' lang='lat' dir='ltr'><strong>paciﬁci</strong></span> <span class='ocrx_word' id='word_1_273' title='bbox 1236 2255 1392 2310; x_wconf 85' lang='lat' dir='ltr'><strong>titulo</strong></span> <span class='ocrx_word' id='word_1_274' title='bbox 1430 2264 1822 2324; x_wconf 62' lang='lat' dir='ltr'><strong>praenotantur,</strong></span> <span class='ocrx_word' id='word_1_275' title='bbox 1861 2253 1954 2324; x_wconf 90' lang='lat' dir='ltr'><strong>qui</strong></span> 
     </span>
    </p>
   </div>
   <div class='ocr_carea' id='block_1_36' title="bbox 374 2345 1956 2418">
    <p class='ocr_par' dir='ltr' id='par_1_36' title="bbox 374 2345 1956 2418">
     <span class='ocr_line' id='line_1_36' title="bbox 374 2345 1956 2418; baseline -0.001 -14"><span class='ocrx_word' id='word_1_276' title='bbox 374 2348 587 2403; x_wconf 89' lang='lat' dir='ltr'><strong>tametsi</strong></span> <span class='ocrx_word' id='word_1_277' title='bbox 609 2348 678 2402; x_wconf 91' lang='lat' dir='ltr'><strong>ad</strong></span> <span class='ocrx_word' id='word_1_278' title='bbox 702 2347 1039 2418; x_wconf 88' lang='lat' dir='ltr'><strong>prophetiam</strong></span> <span class='ocrx_word' id='word_1_279' title='bbox 1064 2345 1282 2411; x_wconf 88' lang='lat' dir='ltr'><strong>Christi,</strong></span> <span class='ocrx_word' id='word_1_280' title='bbox 1310 2355 1366 2402; x_wconf 91' lang='lat' dir='ltr'><strong>et</strong></span> <span class='ocrx_word' id='word_1_281' title='bbox 1391 2347 1650 2402; x_wconf 74' lang='lat' dir='ltr'><strong>Ecclesia:</strong></span> <span class='ocrx_word' id='word_1_282' title='bbox 1678 2349 1956 2416; x_wconf 89' lang='lat' dir='ltr'><strong>pertinen-</strong></span> 
     </span>
    </p>
   </div>
   <div class='ocr_carea' id='block_1_37' title="bbox 376 2435 1953 2504">
    <p class='ocr_par' dir='ltr' id='par_1_37' title="bbox 376 2435 1953 2504">
     <span class='ocr_line' id='line_1_37' title="bbox 376 2435 1953 2504; baseline -0.001 -11"><span class='ocrx_word' id='word_1_283' title='bbox 376 2451 477 2504; x_wconf 85' lang='lat' dir='ltr'><strong>tes,</strong></span> <span class='ocrx_word' id='word_1_284' title='bbox 515 2438 850 2502; x_wconf 79' lang='lat' dir='ltr'><strong>felicitatem,</strong></span> <span class='ocrx_word' id='word_1_285' title='bbox 881 2447 936 2492; x_wconf 88' lang='lat' dir='ltr'><strong>et</strong></span> <span class='ocrx_word' id='word_1_286' title='bbox 957 2436 1101 2492; x_wconf 90' lang='lat' dir='ltr'><strong>vires</strong></span> <span class='ocrx_word' id='word_1_287' title='bbox 1129 2435 1433 2492; x_wconf 87' lang='lat' dir='ltr'><strong>Salomonis</strong></span> <span class='ocrx_word' id='word_1_288' title='bbox 1461 2437 1743 2502; x_wconf 82' lang='lat' dir='ltr'><strong>excedant,</strong></span> <span class='ocrx_word' id='word_1_289' title='bbox 1772 2445 1953 2492; x_wconf 87' lang='lat' dir='ltr'><strong>tamen</strong></span> 
     </span>
    </p>
   </div>
   <div class='ocr_carea' id='block_1_38' title="bbox 376 2527 1955 2599">
    <p class='ocr_par' dir='ltr' id='par_1_38' title="bbox 376 2527 1955 2599">
     <span class='ocr_line' id='line_1_38' title="bbox 376 2527 1955 2599; baseline -0.002 -14"><span class='ocrx_word' id='word_1_290' title='bbox 376 2529 672 2585; x_wconf 89' lang='lat' dir='ltr'><strong>secundum</strong></span> <span class='ocrx_word' id='word_1_291' title='bbox 722 2527 1026 2592; x_wconf 89' lang='lat' dir='ltr'><strong>historiam,</strong></span> <span class='ocrx_word' id='word_1_292' title='bbox 1071 2543 1233 2597; x_wconf 90' lang='lat' dir='ltr'><strong>super</strong></span> <span class='ocrx_word' id='word_1_293' title='bbox 1273 2527 1609 2584; x_wconf 82' lang='lat' dir='ltr'><strong>Salomonem</strong></span> <span class='ocrx_word' id='word_1_294' title='bbox 1661 2527 1955 2599; x_wconf 88' lang='lat' dir='ltr'><strong>conscripti</strong></span> 
     </span>
    </p>
   </div>
   <div class='ocr_carea' id='block_1_39' title="bbox 375 2632 520 2681">
    <p class='ocr_par' dir='ltr' id='par_1_39' title="bbox 375 2632 520 2681">
     <span class='ocr_line' id='line_1_39' title="bbox 375 2632 520 2681; baseline -0.028 0"><span class='ocrx_word' id='word_1_295' title='bbox 375 2632 520 2681; x_wconf 83' lang='lat' dir='ltr'><strong>sunt.</strong></span> 
     </span>
    </p>
   </div>
   <div class='ocr_carea' id='block_1_40' title="bbox 448 2712 1960 2788">
    <p class='ocr_par' dir='ltr' id='par_1_40' title="bbox 448 2712 1960 2788">
     <span class='ocr_line' id='line_1_40' title="bbox 448 2712 1960 2788; baseline -0.003 -17"><span class='ocrx_word' id='word_1_296' title='bbox 448 2715 601 2788; x_wconf 87' lang='lat' dir='ltr'><strong>(Cap.</strong></span> <span class='ocrx_word' id='word_1_297' title='bbox 631 2731 714 2781; x_wconf 82' lang='lat' dir='ltr'><strong>ut,</strong></span> <span class='ocrx_word' id='word_1_298' title='bbox 753 2716 852 2788; x_wconf 80' lang='lat' dir='ltr'><strong>tv.)</strong></span> <span class='ocrx_word' id='word_1_299' title='bbox 886 2716 1033 2770; x_wconf 87' lang='lat' dir='ltr'><strong>Abiit</strong></span> <span class='ocrx_word' id='word_1_300' title='bbox 1065 2715 1246 2784; x_wconf 85' lang='lat' dir='ltr'><strong>itaque</strong></span> <span class='ocrx_word' id='word_1_301' title='bbox 1275 2713 1526 2769; x_wconf 91' lang='lat' dir='ltr'><strong>Salomon</strong></span> <span class='ocrx_word' id='word_1_302' title='bbox 1561 2715 1617 2769; x_wconf 88' lang='lat' dir='ltr'><strong>in</strong></span> <span class='ocrx_word' id='word_1_303' title='bbox 1641 2712 1884 2778; x_wconf 86' lang='lat' dir='ltr'><strong>Gabaon,</strong></span> <span class='ocrx_word' id='word_1_304' title='bbox 1905 2720 1960 2767; x_wconf 88' lang='lat' dir='ltr'><strong>et</strong></span> 
     </span>
    </p>
   </div>
   <div class='ocr_carea' id='block_1_41' title="bbox 375 2807 1956 2877">
    <p class='ocr_par' dir='ltr' id='par_1_41' title="bbox 375 2807 1956 2877">
     <span class='ocr_line' id='line_1_41' title="bbox 375 2807 1956 2877; baseline -0.001 -14"><span class='ocrx_word' id='word_1_305' title='bbox 375 2807 672 2863; x_wconf 82' lang='lat' dir='ltr'><strong>immolavit</strong></span> <span class='ocrx_word' id='word_1_306' title='bbox 699 2807 772 2862; x_wconf 91' lang='lat' dir='ltr'><strong>ibi</strong></span> <span class='ocrx_word' id='word_1_307' title='bbox 799 2807 1168 2862; x_wconf 88' lang='lat' dir='ltr'><strong>holocaustum</strong></span> <span class='ocrx_word' id='word_1_308' title='bbox 1197 2807 1464 2862; x_wconf 91' lang='lat' dir='ltr'><strong>Domino:</strong></span> <span class='ocrx_word' id='word_1_309' title='bbox 1496 2807 1586 2861; x_wconf 89' lang='lat' dir='ltr'><strong>ubi</strong></span> <span class='ocrx_word' id='word_1_310' title='bbox 1616 2807 1867 2877; x_wconf 90' lang='lat' dir='ltr'><strong>apparuit</strong></span> <span class='ocrx_word' id='word_1_311' title='bbox 1905 2807 1956 2862; x_wconf 92' lang='lat' dir='ltr'><strong>ei</strong></span> 
     </span>
    </p>
   </div>
   <div class='ocr_carea' id='block_1_42' title="bbox 375 2898 1954 2969">
    <p class='ocr_par' dir='ltr' id='par_1_42' title="bbox 375 2898 1954 2969">
     <span class='ocr_line' id='line_1_42' title="bbox 375 2898 1954 2969; baseline 0.001 -17"><span class='ocrx_word' id='word_1_312' title='bbox 375 2899 634 2955; x_wconf 90' lang='lat' dir='ltr'><strong>Dominus</strong></span> <span class='ocrx_word' id='word_1_313' title='bbox 658 2913 755 2969; x_wconf 91' lang='lat' dir='ltr'><strong>per</strong></span> <span class='ocrx_word' id='word_1_314' title='bbox 781 2907 1018 2962; x_wconf 89' lang='lat' dir='ltr'><strong>noctem,</strong></span> <span class='ocrx_word' id='word_1_315' title='bbox 1077 2906 1133 2952; x_wconf 92' lang='lat' dir='ltr'><strong>et</strong></span> <span class='ocrx_word' id='word_1_316' title='bbox 1188 2898 1462 2953; x_wconf 81' lang='lat' dir='ltr'><strong>exaudivit</strong></span> <span class='ocrx_word' id='word_1_317' title='bbox 1504 2898 1954 2968; x_wconf 88' lang='lat' dir='ltr'><strong>deprecationem,</strong></span> 
     </span>
    </p>
   </div>
   <div class='ocr_carea' id='block_1_43' title="bbox 372 2990 1953 3062">
    <p class='ocr_par' dir='ltr' id='par_1_43' title="bbox 372 2990 1953 3062">
     <span class='ocr_line' id='line_1_43' title="bbox 372 2990 1953 3062; baseline 0 -16"><span class='ocrx_word' id='word_1_318' title='bbox 372 3007 533 3062; x_wconf 87' lang='lat' dir='ltr'><strong>quam</strong></span> <span class='ocrx_word' id='word_1_319' title='bbox 554 2990 861 3061; x_wconf 87' lang='lat' dir='ltr'><strong>postulavit,</strong></span> <span class='ocrx_word' id='word_1_320' title='bbox 879 2991 1132 3061; x_wconf 90' lang='lat' dir='ltr'><strong>deditque</strong></span> <span class='ocrx_word' id='word_1_321' title='bbox 1157 2991 1205 3044; x_wconf 90' lang='lat' dir='ltr'><strong>ei</strong></span> <span class='ocrx_word' id='word_1_322' title='bbox 1229 2991 1548 3060; x_wconf 87' lang='lat' dir='ltr'><strong>sapientiam</strong></span> <span class='ocrx_word' id='word_1_323' title='bbox 1575 2999 1630 3046; x_wconf 90' lang='lat' dir='ltr'><strong>et</strong></span> <span class='ocrx_word' id='word_1_324' title='bbox 1651 2993 1953 3058; x_wconf 90' lang='lat' dir='ltr'><strong>scientiam,</strong></span> 
     </span>
    </p>
   </div>
   <div class='ocr_carea' id='block_1_44' title="bbox 2132 1795 3641 1869">
    <p class='ocr_par' dir='ltr' id='par_1_44' title="bbox 2132 1795 3641 1869">
     <span class='ocr_line' id='line_1_44' title="bbox 2132 1795 3641 1869; baseline 0.005 -21"><span class='ocrx_word' id='word_1_325' title='bbox 2132 1796 2149 1836; x_wconf 70' lang='grc' dir='ltr'><strong>ί</strong></span> <span class='ocrx_word' id='word_1_326' title='bbox 2199 1812 2219 1847; x_wconf 73' lang='grc' dir='ltr'><strong>ι</strong></span> <span class='ocrx_word' id='word_1_327' title='bbox 2255 1795 2315 1849; x_wconf 85' lang='grc' dir='ltr'><strong>ιιι</strong></span> <span class='ocrx_word' id='word_1_328' title='bbox 2368 1795 2472 1850; x_wconf 87' lang='lat' dir='ltr'><strong>isto</strong></span> <span class='ocrx_word' id='word_1_329' title='bbox 2505 1796 2713 1866; x_wconf 88' lang='lat' dir='ltr'><strong>judicio</strong></span> <span class='ocrx_word' id='word_1_330' title='bbox 2756 1796 3081 1864; x_wconf 85' lang='lat' dir='ltr'><strong>Salomonis,</strong></span> <span class='ocrx_word' id='word_1_331' title='bbox 3128 1799 3220 1853; x_wconf 90' lang='lat' dir='ltr'><strong>ubi</strong></span> <span class='ocrx_word' id='word_1_332' title='bbox 3262 1800 3502 1869; x_wconf 88' lang='lat' dir='ltr'><strong>primum</strong></span> <span class='ocrx_word' id='word_1_333' title='bbox 3553 1802 3641 1855; x_wconf 84' lang='lat' dir='ltr'><strong>ha-</strong></span> 
     </span>
    </p>
   </div>
   <div class='ocr_carea' id='block_1_45' title="bbox 2056 1886 3638 1960">
    <p class='ocr_par' dir='ltr' id='par_1_45' title="bbox 2056 1886 3638 1960">
     <span class='ocr_line' id='line_1_45' title="bbox 2056 1886 3638 1960; baseline 0.001 -15"><span class='ocrx_word' id='word_1_334' title='bbox 2056 1889 2240 1945; x_wconf 88' lang='lat' dir='ltr'><strong>buisse</strong></span> <span class='ocrx_word' id='word_1_335' title='bbox 2276 1886 2542 1957; x_wconf 88' lang='lat' dir='ltr'><strong>judicium</strong></span> <span class='ocrx_word' id='word_1_336' title='bbox 2567 1889 2712 1943; x_wconf 89' lang='lat' dir='ltr'><strong>inter</strong></span> <span class='ocrx_word' id='word_1_337' title='bbox 2737 1889 2872 1944; x_wconf 88' lang='lat' dir='ltr'><strong>duas</strong></span> <span class='ocrx_word' id='word_1_338' title='bbox 2897 1890 3155 1945; x_wconf 88' lang='lat' dir='ltr'><strong>mulieres</strong></span> <span class='ocrx_word' id='word_1_339' title='bbox 3177 1891 3244 1944; x_wconf 93' lang='lat' dir='ltr'><strong>de</strong></span> <span class='ocrx_word' id='word_1_340' title='bbox 3277 1891 3486 1960; x_wconf 88' lang='lat' dir='ltr'><strong>pietate</strong></span> <span class='ocrx_word' id='word_1_341' title='bbox 3525 1908 3638 1947; x_wconf 86' lang='lat' dir='ltr'><strong>eer-</strong></span> 
     </span>
    </p>
   </div>
   <div class='ocr_carea' id='block_1_46' title="bbox 2006 1981 3638 2051">
    <p class='ocr_par' dir='ltr' id='par_1_46' title="bbox 2006 1981 3638 2051">
     <span class='ocr_line' id='line_1_46' title="bbox 2006 1981 3638 2051; baseline 0.001 -15"><span class='ocrx_word' id='word_1_342' title='bbox 2006 1989 2020 2004; x_wconf 85' lang='grc'>⁶</span> <span class='ocrx_word' id='word_1_343' title='bbox 2056 1991 2234 2037; x_wconf 87' lang='lat' dir='ltr'><strong>tantes</strong></span> <span class='ocrx_word' id='word_1_344' title='bbox 2269 1981 2614 2046; x_wconf 86' lang='lat' dir='ltr'><strong>describitur,</strong></span> <span class='ocrx_word' id='word_1_345' title='bbox 2639 1997 2869 2051; x_wconf 85' lang='lat' dir='ltr'><strong>quarum</strong></span> <span class='ocrx_word' id='word_1_346' title='bbox 2912 1982 2968 2036; x_wconf 92' lang='lat' dir='ltr'><strong>in</strong></span> <span class='ocrx_word' id='word_1_347' title='bbox 2997 1997 3103 2036; x_wconf 92' lang='lat' dir='ltr'><strong>una</strong></span> <span class='ocrx_word' id='word_1_348' title='bbox 3151 1983 3368 2038; x_wconf 83' lang='lat' dir='ltr'><strong>dilectio</strong></span> <span class='ocrx_word' id='word_1_349' title='bbox 3397 1984 3638 2048; x_wconf 82' lang='lat' dir='ltr'><strong>ardebat,</strong></span> 
     </span>
    </p>
   </div>
   <div class='ocr_carea' id='block_1_47' title="bbox 2056 2071 3636 2144">
    <p class='ocr_par' dir='ltr' id='par_1_47' title="bbox 2056 2071 3636 2144">
     <span class='ocr_line' id='line_1_47' title="bbox 2056 2071 3636 2144; baseline 0.001 -19"><span class='ocrx_word' id='word_1_350' title='bbox 2056 2071 2110 2126; x_wconf 84' lang='lat' dir='ltr'><strong>in</strong></span> <span class='ocrx_word' id='word_1_351' title='bbox 2141 2073 2312 2128; x_wconf 86' lang='lat' dir='ltr'><strong>altera</strong></span> <span class='ocrx_word' id='word_1_352' title='bbox 2341 2072 2617 2128; x_wconf 86' lang='lat' dir='ltr'><strong>simulatio</strong></span> <span class='ocrx_word' id='word_1_353' title='bbox 2663 2072 3001 2143; x_wconf 79' lang='lat' dir='ltr'><strong>&#39;subripiebat</strong></span> <span class='ocrx_word' id='word_1_354' title='bbox 3032 2072 3237 2128; x_wconf 86' lang='lat' dir='ltr'><strong>Christi</strong></span> <span class='ocrx_word' id='word_1_355' title='bbox 3279 2073 3455 2144; x_wconf 85' lang='lat' dir='ltr'><strong>ﬁgura</strong></span> <span class='ocrx_word' id='word_1_356' title='bbox 3502 2072 3636 2135; x_wconf 79' lang='lat' dir='ltr'><strong>fuit;</strong></span> 
     </span>
    </p>
   </div>
   <div class='ocr_carea' id='block_1_48' title="bbox 2056 2161 3637 2233">
    <p class='ocr_par' dir='ltr' id='par_1_48' title="bbox 2056 2161 3637 2233">
     <span class='ocr_line' id='line_1_48' title="bbox 2056 2161 3637 2233; baseline 0.001 -15"><span class='ocrx_word' id='word_1_357' title='bbox 2056 2163 2147 2218; x_wconf 87' lang='lat' dir='ltr'><strong>ubi</strong></span> <span class='ocrx_word' id='word_1_358' title='bbox 2177 2163 2373 2218; x_wconf 92' lang='lat' dir='ltr'><strong>mulier</strong></span> <span class='ocrx_word' id='word_1_359' title='bbox 2398 2161 2489 2217; x_wconf 89' lang='lat' dir='ltr'><strong>illa</strong></span> <span class='ocrx_word' id='word_1_360' title='bbox 2517 2163 2764 2232; x_wconf 88' lang='lat' dir='ltr'><strong>improba</strong></span> <span class='ocrx_word' id='word_1_361' title='bbox 2799 2163 2952 2232; x_wconf 90' lang='lat' dir='ltr'><strong>plebs</strong></span> <span class='ocrx_word' id='word_1_362' title='bbox 2979 2162 3187 2219; x_wconf 87' lang='lat' dir='ltr'><strong>scilicet</strong></span> <span class='ocrx_word' id='word_1_363' title='bbox 3235 2178 3524 2233; x_wconf 71' lang='lat' dir='ltr'><strong>synagogas</strong></span> <span class='ocrx_word' id='word_1_364' title='bbox 3560 2166 3637 2219; x_wconf 83' lang='lat' dir='ltr'><strong>vel</strong></span> 
     </span>
    </p>
   </div>
   <div class='ocr_carea' id='block_1_49' title="bbox 2057 2251 3638 2317">
    <p class='ocr_par' dir='ltr' id='par_1_49' title="bbox 2057 2251 3638 2317">
     <span class='ocr_line' id='line_1_49' title="bbox 2057 2251 3638 2317; baseline -0.004 -7"><span class='ocrx_word' id='word_1_365' title='bbox 2057 2254 2439 2310; x_wconf 56' lang='lat' dir='ltr'><strong>haereticorum</strong></span> <span class='ocrx_word' id='word_1_366' title='bbox 2477 2267 2606 2308; x_wconf 83' lang='lat' dir='ltr'><strong>vere</strong></span> <span class='ocrx_word' id='word_1_367' title='bbox 2646 2253 2859 2317; x_wconf 84' lang='lat' dir='ltr'><strong>matris,</strong></span> <span class='ocrx_word' id='word_1_368' title='bbox 2911 2252 3015 2307; x_wconf 87' lang='lat' dir='ltr'><strong>hoc</strong></span> <span class='ocrx_word' id='word_1_369' title='bbox 3056 2259 3142 2306; x_wconf 84' lang='lat' dir='ltr'><strong>est</strong></span> <span class='ocrx_word' id='word_1_370' title='bbox 3181 2251 3439 2306; x_wconf 72' lang='lat' dir='ltr'><strong>Ecclesiae</strong></span> <span class='ocrx_word' id='word_1_371' title='bbox 3474 2251 3638 2305; x_wconf 81' lang='lat' dir='ltr'><strong>ﬁlium</strong></span> 
     </span>
    </p>
   </div>
   <div class='ocr_carea' id='block_1_50' title="bbox 2055 2343 3631 2416">
    <p class='ocr_par' dir='ltr' id='par_1_50' title="bbox 2055 2343 3631 2416">
     <span class='ocr_line' id='line_1_50' title="bbox 2055 2343 3631 2416; baseline -0.003 -16"><span class='ocrx_word' id='word_1_372' title='bbox 2055 2347 2374 2416; x_wconf 86' lang='lat' dir='ltr'><strong>appetebat:</strong></span> <span class='ocrx_word' id='word_1_373' title='bbox 2425 2361 2587 2416; x_wconf 89' lang='lat' dir='ltr'><strong>quem</strong></span> <span class='ocrx_word' id='word_1_374' title='bbox 2634 2343 2647 2393; x_wconf 73' lang='grc' dir='ltr'>ἱ</span> <span class='ocrx_word' id='word_1_375' title='bbox 2701 2360 2810 2400; x_wconf 92' lang='lat' dir='ltr'><strong>non</strong></span> <span class='ocrx_word' id='word_1_376' title='bbox 2846 2353 2907 2398; x_wconf 91' lang='lat' dir='ltr'><strong>ut</strong></span> <span class='ocrx_word' id='word_1_377' title='bbox 2945 2353 3272 2409; x_wconf 84' lang='lat' dir='ltr'><strong>reservaret,</strong></span> <span class='ocrx_word' id='word_1_378' title='bbox 3317 2344 3416 2398; x_wconf 86' lang='lat' dir='ltr'><strong>sed</strong></span> <span class='ocrx_word' id='word_1_379' title='bbox 3444 2358 3631 2398; x_wconf 84' lang='lat' dir='ltr'><strong>revera</strong></span> 
     </span>
    </p>
   </div>
   <div class='ocr_carea' id='block_1_51' title="bbox 2055 2435 3638 2507">
    <p class='ocr_par' dir='ltr' id='par_1_51' title="bbox 2055 2435 3638 2507">
     <span class='ocr_line' id='line_1_51' title="bbox 2055 2435 3638 2507; baseline -0.003 -13"><span class='ocrx_word' id='word_1_380' title='bbox 2055 2447 2116 2494; x_wconf 92' lang='lat' dir='ltr'><strong>ut</strong></span> <span class='ocrx_word' id='word_1_381' title='bbox 2153 2438 2510 2503; x_wconf 87' lang='lat' dir='ltr'><strong>interimeret,</strong></span> <span class='ocrx_word' id='word_1_382' title='bbox 2540 2438 2820 2506; x_wconf 88' lang='lat' dir='ltr'><strong>cupiebat;</strong></span> <span class='ocrx_word' id='word_1_383' title='bbox 2872 2437 2967 2492; x_wconf 89' lang='lat' dir='ltr'><strong>sed</strong></span> <span class='ocrx_word' id='word_1_384' title='bbox 3012 2437 3154 2491; x_wconf 90' lang='lat' dir='ltr'><strong>sicut</strong></span> <span class='ocrx_word' id='word_1_385' title='bbox 3182 2436 3362 2507; x_wconf 85' lang='lat' dir='ltr'><strong>gladio</strong></span> <span class='ocrx_word' id='word_1_386' title='bbox 3393 2435 3638 2490; x_wconf 83' lang='lat' dir='ltr'><strong>Salomo-</strong></span> 
     </span>
    </p>
   </div>
   <div class='ocr_carea' id='block_1_52' title="bbox 2054 2526 3633 2598">
    <p class='ocr_par' dir='ltr' id='par_1_52' title="bbox 2054 2526 3633 2598">
     <span class='ocr_line' id='line_1_52' title="bbox 2054 2526 3633 2598; baseline -0.002 -15"><span class='ocrx_word' id='word_1_387' title='bbox 2054 2529 2140 2583; x_wconf 91' lang='lat' dir='ltr'><strong>nis</strong></span> <span class='ocrx_word' id='word_1_388' title='bbox 2169 2528 2197 2568; x_wconf 79' lang='grc' dir='ltr'><strong>ιι</strong></span> <span class='ocrx_word' id='word_1_389' title='bbox 2226 2527 2534 2593; x_wconf 89' lang='lat' dir='ltr'><strong>dirimente,</strong></span> <span class='ocrx_word' id='word_1_390' title='bbox 2583 2527 2818 2598; x_wconf 69' lang='lat' dir='ltr'><strong>prepriaa</strong></span> <span class='ocrx_word' id='word_1_391' title='bbox 2856 2527 3048 2581; x_wconf 89' lang='lat' dir='ltr'><strong>matris</strong></span> <span class='ocrx_word' id='word_1_392' title='bbox 3094 2527 3319 2596; x_wconf 83' lang='lat' dir='ltr'><strong>gemitu,</strong></span> <span class='ocrx_word' id='word_1_393' title='bbox 3347 2526 3454 2580; x_wconf 83' lang='lat' dir='ltr'><strong>iste</strong></span> <span class='ocrx_word' id='word_1_394' title='bbox 3476 2541 3633 2580; x_wconf 87' lang='lat' dir='ltr'><strong>verus</strong></span> 
     </span>
    </p>
   </div>
   <div class='ocr_carea' id='block_1_53' title="bbox 2056 2614 3636 2688">
    <p class='ocr_par' dir='ltr' id='par_1_53' title="bbox 2056 2614 3636 2688">
     <span class='ocr_line' id='line_1_53' title="bbox 2056 2614 3636 2688; baseline -0.003 -16"><span class='ocrx_word' id='word_1_395' title='bbox 2056 2625 2303 2688; x_wconf 89' lang='lat' dir='ltr'><strong>repertus</strong></span> <span class='ocrx_word' id='word_1_396' title='bbox 2333 2627 2416 2672; x_wconf 90' lang='lat' dir='ltr'><strong>est</strong></span> <span class='ocrx_word' id='word_1_397' title='bbox 2441 2625 2649 2687; x_wconf 88' lang='lat' dir='ltr'><strong>partus,</strong></span> <span class='ocrx_word' id='word_1_398' title='bbox 2681 2617 2754 2670; x_wconf 76' lang='lat' dir='ltr'><strong>ita</strong></span> <span class='ocrx_word' id='word_1_399' title='bbox 2784 2627 2837 2671; x_wconf 90' lang='lat' dir='ltr'><strong>et</strong></span> <span class='ocrx_word' id='word_1_400' title='bbox 2879 2616 3076 2686; x_wconf 89' lang='lat' dir='ltr'><strong>spiritu</strong></span> <span class='ocrx_word' id='word_1_401' title='bbox 3121 2614 3248 2670; x_wconf 86' lang='lat' dir='ltr'><strong>Jesu</strong></span> <span class='ocrx_word' id='word_1_402' title='bbox 3297 2614 3506 2670; x_wconf 87' lang='lat' dir='ltr'><strong>Christi</strong></span> <span class='ocrx_word' id='word_1_403' title='bbox 3549 2614 3636 2668; x_wconf 90' lang='lat' dir='ltr'><strong>do-</strong></span> 
     </span>
    </p>
   </div>
   <div class='ocr_carea' id='block_1_54' title="bbox 2056 2705 3635 2779">
    <p class='ocr_par' dir='ltr' id='par_1_54' title="bbox 2056 2705 3635 2779">
     <span class='ocr_line' id='line_1_54' title="bbox 2056 2705 3635 2779; baseline -0.002 -16"><span class='ocrx_word' id='word_1_404' title='bbox 2056 2717 2232 2774; x_wconf 89' lang='lat' dir='ltr'><strong>cente,</strong></span> <span class='ocrx_word' id='word_1_405' title='bbox 2271 2709 2587 2779; x_wconf 88' lang='lat' dir='ltr'><strong>plerumque</strong></span> <span class='ocrx_word' id='word_1_406' title='bbox 2629 2707 2708 2773; x_wconf 91' lang='lat' dir='ltr'><strong>hi,</strong></span> <span class='ocrx_word' id='word_1_407' title='bbox 2740 2707 2885 2777; x_wconf 90' lang='lat' dir='ltr'><strong>quia</strong></span> <span class='ocrx_word' id='word_1_408' title='bbox 2915 2715 3091 2762; x_wconf 87' lang='lat' dir='ltr'><strong>matre</strong></span> <span class='ocrx_word' id='word_1_409' title='bbox 3137 2705 3364 2769; x_wconf 88' lang='lat' dir='ltr'><strong>seducti,</strong></span> <span class='ocrx_word' id='word_1_410' title='bbox 3411 2715 3469 2760; x_wconf 88' lang='lat' dir='ltr'><strong>et</strong></span> <span class='ocrx_word' id='word_1_411' title='bbox 3499 2707 3635 2775; x_wconf 89' lang='lat' dir='ltr'><strong>capti</strong></span> 
     </span>
    </p>
   </div>
   <div class='ocr_carea' id='block_1_55' title="bbox 2057 2796 3636 2867">
    <p class='ocr_par' dir='ltr' id='par_1_55' title="bbox 2057 2796 3636 2867">
     <span class='ocr_line' id='line_1_55' title="bbox 2057 2796 3636 2867; baseline -0.003 -13"><span class='ocrx_word' id='word_1_412' title='bbox 2057 2805 2182 2854; x_wconf 87' lang='lat' dir='ltr'><strong>sunt</strong></span> <span class='ocrx_word' id='word_1_413' title='bbox 2194 2810 2380 2852; x_wconf 86' lang='lat' dir='ltr'><strong>errore</strong></span> <span class='ocrx_word' id='word_1_414' title='bbox 2400 2797 2798 2862; x_wconf 62' lang='lat' dir='ltr'><strong>haereticorum,</strong></span> <span class='ocrx_word' id='word_1_415' title='bbox 2821 2796 2905 2851; x_wconf 89' lang='lat' dir='ltr'><strong>vel</strong></span> <span class='ocrx_word' id='word_1_416' title='bbox 2922 2811 3226 2867; x_wconf 55' lang='lat' dir='ltr'><strong>synagogas,</strong></span> <span class='ocrx_word' id='word_1_417' title='bbox 3251 2811 3636 2866; x_wconf 85' lang='lat' dir='ltr'><strong>nonnunquam</strong></span> 
     </span>
    </p>
   </div>
   <div class='ocr_carea' id='block_1_56' title="bbox 2059 2881 3635 2957">
    <p class='ocr_par' dir='ltr' id='par_1_56' title="bbox 2059 2881 3635 2957">
     <span class='ocr_line' id='line_1_56' title="bbox 2059 2881 3635 2957; baseline -0.001 -16"><span class='ocrx_word' id='word_1_418' title='bbox 2059 2895 2336 2942; x_wconf 88' lang='lat' dir='ltr'><strong>merentur</strong></span> <span class='ocrx_word' id='word_1_419' title='bbox 2383 2901 2484 2957; x_wconf 91' lang='lat' dir='ltr'><strong>pro</strong></span> <span class='ocrx_word' id='word_1_420' title='bbox 2534 2886 2844 2956; x_wconf 85' lang='lat' dir='ltr'><strong>semetipsis</strong></span> <span class='ocrx_word' id='word_1_421' title='bbox 2887 2881 3192 2956; x_wconf 80' lang='lat' dir='ltr'><strong>gementem</strong></span> <span class='ocrx_word' id='word_1_422' title='bbox 3245 2900 3635 2955; x_wconf 89' lang='lat' dir='ltr'><strong>recognoscere</strong></span> 
     </span>
    </p>
   </div>
   <div class='ocr_carea' id='block_1_57' title="bbox 2057 2979 3634 3050">
    <p class='ocr_par' dir='ltr' id='par_1_57' title="bbox 2057 2979 3634 3050">
     <span class='ocr_line' id='line_1_57' title="bbox 2057 2979 3634 3050; baseline -0.001 -16"><span class='ocrx_word' id='word_1_423' title='bbox 2057 2980 2354 3035; x_wconf 87' lang='lat' dir='ltr'><strong>Ecclesiam</strong></span> <span class='ocrx_word' id='word_1_424' title='bbox 2405 2987 2634 3033; x_wconf 91' lang='lat' dir='ltr'><strong>matrem</strong></span> <span class='ocrx_word' id='word_1_425' title='bbox 2679 2997 2692 3032; x_wconf 89' lang='lat'>:</span> <span class='ocrx_word' id='word_1_426' title='bbox 2749 2979 2892 3033; x_wconf 90' lang='lat' dir='ltr'><strong>unde</strong></span> <span class='ocrx_word' id='word_1_427' title='bbox 2942 2980 3091 3041; x_wconf 89' lang='lat' dir='ltr'><strong>satis,</strong></span> <span class='ocrx_word' id='word_1_428' title='bbox 3145 2979 3634 3050; x_wconf 87' lang='lat' dir='ltr'><strong>convenienterque</strong></span> 
     </span>
    </p>
   </div>
   <div class='ocr_carea' id='block_1_58' title="bbox 375 3068 3631 3154">
    <p class='ocr_par' dir='ltr' id='par_1_58' title="bbox 375 3068 3631 3154">
     <span class='ocr_line' id='line_1_58' title="bbox 375 3068 3631 3154; baseline 0.002 -19"><span class='ocrx_word' id='word_1_429' title='bbox 375 3085 428 3136; x_wconf 92' lang='lat' dir='ltr'><strong>in</strong></span> <span class='ocrx_word' id='word_1_430' title='bbox 456 3089 665 3136; x_wconf 87' lang='lat' dir='ltr'><strong>tantum</strong></span> <span class='ocrx_word' id='word_1_431' title='bbox 689 3091 746 3137; x_wconf 91' lang='lat' dir='ltr'><strong>ut</strong></span> <span class='ocrx_word' id='word_1_432' title='bbox 767 3081 945 3137; x_wconf 90' lang='lat' dir='ltr'><strong>nullus</strong></span> <span class='ocrx_word' id='word_1_433' title='bbox 973 3089 1095 3136; x_wconf 88' lang='lat' dir='ltr'><strong>ante</strong></span> <span class='ocrx_word' id='word_1_434' title='bbox 1123 3081 1317 3136; x_wconf 84' lang='lat' dir='ltr'><strong>similis</strong></span> <span class='ocrx_word' id='word_1_435' title='bbox 1335 3081 1413 3136; x_wconf 84' lang='lat' dir='ltr'><strong>illi</strong></span> <span class='ocrx_word' id='word_1_436' title='bbox 1439 3081 1620 3148; x_wconf 81' lang='lat' dir='ltr'><strong>fuerit,</strong></span> <span class='ocrx_word' id='word_1_437' title='bbox 1635 3098 1735 3138; x_wconf 88' lang='lat' dir='ltr'><strong>nec</strong></span> <span class='ocrx_word' id='word_1_438' title='bbox 1751 3092 1873 3154; x_wconf 88' lang='lat' dir='ltr'><strong>post</strong></span> <span class='ocrx_word' id='word_1_439' title='bbox 1893 3084 1955 3137; x_wconf 82' lang='lat' dir='ltr'><strong>u-</strong></span> <span class='ocrx_word' id='word_1_440' title='bbox 1984 3076 2028 3154; x_wconf 40' lang='grc' dir='ltr'><em>Α</em></span> <span class='ocrx_word' id='word_1_441' title='bbox 2058 3075 2300 3139; x_wconf 65' lang='lat' dir='ltr'><strong>apparet.</strong></span> <span class='ocrx_word' id='word_1_442' title='bbox 2345 3069 2486 3125; x_wconf 77' lang='lat' dir='ltr'><strong>hanc</strong></span> <span class='ocrx_word' id='word_1_443' title='bbox 2514 3068 2819 3136; x_wconf 73' lang='lat' dir='ltr'><strong>mulierem.</strong></span> <span class='ocrx_word' id='word_1_444' title='bbox 2851 3069 3256 3133; x_wconf 60' lang='lat' dir='ltr'><strong>haereticorum.</strong></span> <span class='ocrx_word' id='word_1_445' title='bbox 3293 3069 3375 3122; x_wconf 70' lang='lat' dir='ltr'><strong>vel</strong></span> <span class='ocrx_word' id='word_1_446' title='bbox 3401 3085 3631 3142; x_wconf 52' lang='lat' dir='ltr'><strong>arma»</strong></span> 
     </span>
    </p>
   </div>
   <div class='ocr_carea' id='block_1_59' title="bbox 374 3135 3629 3244">
    <p class='ocr_par' dir='ltr' id='par_1_59' title="bbox 374 3135 3629 3244">
     <span class='ocr_line' id='line_1_59' title="bbox 374 3135 3629 3244; baseline 0.001 -21"><span class='ocrx_word' id='word_1_447' title='bbox 374 3170 483 3225; x_wconf 88' lang='lat' dir='ltr'><strong>lum</strong></span> <span class='ocrx_word' id='word_1_448' title='bbox 510 3175 850 3226; x_wconf 76' lang='lat' dir='ltr'><strong>surrecturds</strong></span> <span class='ocrx_word' id='word_1_449' title='bbox 878 3170 968 3226; x_wconf 77' lang='lat' dir='ltr'><strong>sit.</strong></span> <span class='ocrx_word' id='word_1_450' title='bbox 1003 3170 1130 3226; x_wconf 86' lang='lat' dir='ltr'><strong>Post</strong></span> <span class='ocrx_word' id='word_1_451' title='bbox 1155 3179 1433 3244; x_wconf 83' lang='lat' dir='ltr'><strong>acceptam</strong></span> <span class='ocrx_word' id='word_1_452' title='bbox 1477 3135 1658 3231; x_wconf 75' lang='lat' dir='ltr'><strong>autem</strong></span> <span class='ocrx_word' id='word_1_453' title='bbox 1683 3135 1950 3232; x_wconf 52' lang='lat' dir='ltr'><strong>&#39;d&#39;ii&#39;init&#39;us</strong></span> <span class='ocrx_word' id='word_1_454' title='bbox 1982 3135 2025 3196; x_wconf 63' lang='grc' dir='ltr'>Ο</span> <span class='ocrx_word' id='word_1_455' title='bbox 2057 3178 2137 3233; x_wconf 64' lang='grc'><strong>8³³</strong></span> <span class='ocrx_word' id='word_1_456' title='bbox 2161 3161 2424 3233; x_wconf 63' lang='grc' dir='ltr'><strong>Γιῧυηθδθ</strong></span> <span class='ocrx_word' id='word_1_457' title='bbox 2458 3161 2814 3229; x_wconf 53' lang='lat' dir='ltr'><strong>impietatem,</strong></span> <span class='ocrx_word' id='word_1_458' title='bbox 2856 3174 2978 3229; x_wconf 57' lang='lat' dir='ltr'><strong>qua?</strong></span> <span class='ocrx_word' id='word_1_459' title='bbox 3003 3168 3058 3214; x_wconf 70' lang='grc' dir='ltr'><strong>ει</strong></span> <span class='ocrx_word' id='word_1_460' title='bbox 3100 3175 3227 3214; x_wconf 68' lang='grc'><strong>⁸³³0⁵</strong></span> <span class='ocrx_word' id='word_1_461' title='bbox 3257 3160 3511 3229; x_wconf 51' lang='lat' dir='ltr'><strong>&quot;equile&quot;</strong></span> <span class='ocrx_word' id='word_1_462' title='bbox 3535 3177 3629 3214; x_wconf 78' lang='grc' dir='ltr'><strong>ηυ-</strong></span> 
     </span>
    </p>
   </div>
   <div class='ocr_carea' id='block_1_60' title="bbox 371 3261 1950 3336">
    <p class='ocr_par' dir='ltr' id='par_1_60' title="bbox 371 3261 1950 3336">
     <span class='ocr_line' id='line_1_60' title="bbox 371 3261 1950 3336; baseline 0.006 -23"><span class='ocrx_word' id='word_1_463' title='bbox 371 3261 714 3331; x_wconf 77' lang='lat' dir='ltr'><strong>sapientiam,</strong></span> <span class='ocrx_word' id='word_1_464' title='bbox 746 3277 870 3316; x_wconf 80' lang='lat' dir='ltr'><strong>mox</strong></span> <span class='ocrx_word' id='word_1_465' title='bbox 895 3263 1132 3331; x_wconf 90' lang='lat' dir='ltr'><strong>turpium</strong></span> <span class='ocrx_word' id='word_1_466' title='bbox 1156 3264 1438 3319; x_wconf 87' lang='lat' dir='ltr'><strong>mulierum</strong></span> <span class='ocrx_word' id='word_1_467' title='bbox 1461 3281 1625 3321; x_wconf 87' lang='lat' dir='ltr'><strong>causa</strong></span> <span class='ocrx_word' id='word_1_468' title='bbox 1657 3267 1724 3321; x_wconf 89' lang='lat' dir='ltr'><strong>de</strong></span> <span class='ocrx_word' id='word_1_469' title='bbox 1744 3263 1950 3336; x_wconf 88' lang='lat' dir='ltr'><strong>judicio</strong></span> 
     </span>
    </p>
   </div>
   <div class='ocr_carea' id='block_1_61' title="bbox 373 3348 1951 3425">
    <p class='ocr_par' dir='ltr' id='par_1_61' title="bbox 373 3348 1951 3425">
     <span class='ocr_line' id='line_1_61' title="bbox 373 3348 1951 3425; baseline 0.004 -22"><span class='ocrx_word' id='word_1_470' title='bbox 373 3357 628 3403; x_wconf 90' lang='lat' dir='ltr'><strong>tentatur.</strong></span> <span class='ocrx_word' id='word_1_471' title='bbox 675 3349 703 3389; x_wconf 73' lang='grc' dir='ltr'>ι)</span> <span class='ocrx_word' id='word_1_472' title='bbox 733 3368 751 3400; x_wconf 79' lang='grc' dir='ltr'><strong>ι</strong></span> <span class='ocrx_word' id='word_1_473' title='bbox 786 3348 888 3406; x_wconf 84' lang='lat' dir='ltr'><strong>Ubi</strong></span> <span class='ocrx_word' id='word_1_474' title='bbox 916 3352 1236 3417; x_wconf 66' lang='lat' dir='ltr'><strong>notandam,</strong></span> <span class='ocrx_word' id='word_1_475' title='bbox 1264 3354 1404 3423; x_wconf 89' lang='lat' dir='ltr'><strong>quod</strong></span> <span class='ocrx_word' id='word_1_476' title='bbox 1430 3362 1718 3425; x_wconf 88' lang='lat' dir='ltr'><strong>postquam</strong></span> <span class='ocrx_word' id='word_1_477' title='bbox 1766 3355 1951 3409; x_wconf 90' lang='lat' dir='ltr'><strong>Domi-</strong></span> 
     </span>
    </p>
   </div>
   <div class='ocr_carea' id='block_1_62' title="bbox 373 3435 1952 3516">
    <p class='ocr_par' dir='ltr' id='par_1_62' title="bbox 373 3435 1952 3516">
     <span class='ocr_line' id='line_1_62' title="bbox 373 3435 1952 3516; baseline 0.006 -25"><span class='ocrx_word' id='word_1_478' title='bbox 373 3451 477 3493; x_wconf 88' lang='lat' dir='ltr'><strong>nus</strong></span> <span class='ocrx_word' id='word_1_479' title='bbox 523 3438 727 3493; x_wconf 90' lang='lat' dir='ltr'><strong>erroris</strong></span> <span class='ocrx_word' id='word_1_480' title='bbox 777 3435 947 3494; x_wconf 75' lang='lat' dir='ltr'><strong>ﬁostri</strong></span> <span class='ocrx_word' id='word_1_481' title='bbox 995 3443 1248 3498; x_wconf 86' lang='lat' dir='ltr'><strong>tenebras</strong></span> <span class='ocrx_word' id='word_1_482' title='bbox 1294 3443 1431 3499; x_wconf 90' lang='lat' dir='ltr'><strong>lucis</strong></span> <span class='ocrx_word' id='word_1_483' title='bbox 1477 3460 1588 3499; x_wconf 69' lang='lat' dir='ltr'><strong>sum</strong></span> <span class='ocrx_word' id='word_1_484' title='bbox 1632 3445 1952 3516; x_wconf 84' lang='lat' dir='ltr'><strong>cognitionis</strong></span> 
     </span>
    </p>
   </div>
   <div class='ocr_carea' id='block_1_63' title="bbox 369 3527 1948 3608">
    <p class='ocr_par' dir='ltr' id='par_1_63' title="bbox 369 3527 1948 3608">
     <span class='ocr_line' id='line_1_63' title="bbox 369 3527 1948 3608; baseline 0.003 -26"><span class='ocrx_word' id='word_1_485' title='bbox 369 3527 624 3594; x_wconf 87' lang='lat' dir='ltr'><strong>illustrat,</strong></span> <span class='ocrx_word' id='word_1_486' title='bbox 675 3545 800 3583; x_wconf 85' lang='lat' dir='ltr'><strong>mox</strong></span> <span class='ocrx_word' id='word_1_487' title='bbox 829 3530 1143 3585; x_wconf 89' lang='lat' dir='ltr'><strong>tentationis</strong></span> <span class='ocrx_word' id='word_1_488' title='bbox 1183 3531 1388 3597; x_wconf 89' lang='lat' dir='ltr'><strong>aculeo,</strong></span> <span class='ocrx_word' id='word_1_489' title='bbox 1433 3532 1704 3608; x_wconf 85' lang='lat' dir='ltr'><strong>visitando</strong></span> <span class='ocrx_word' id='word_1_490' title='bbox 1736 3532 1948 3603; x_wconf 86' lang='lat' dir='ltr'><strong>probat,</strong></span> 
     </span>
    </p>
   </div>
   <div class='ocr_carea' id='block_1_64' title="bbox 367 3615 1952 3696">
    <p class='ocr_par' dir='ltr' id='par_1_64' title="bbox 367 3615 1952 3696">
     <span class='ocr_line' id='line_1_64' title="bbox 367 3615 1952 3696; baseline 0.004 -21"><span class='ocrx_word' id='word_1_491' title='bbox 367 3621 494 3691; x_wconf 91' lang='lat' dir='ltr'><strong>quia</strong></span> <span class='ocrx_word' id='word_1_492' title='bbox 523 3629 576 3676; x_wconf 92' lang='lat' dir='ltr'><strong>et</strong></span> <span class='ocrx_word' id='word_1_493' title='bbox 604 3622 948 3677; x_wconf 88' lang='lat' dir='ltr'><strong>accendendo</strong></span> <span class='ocrx_word' id='word_1_494' title='bbox 972 3615 1135 3678; x_wconf 87' lang='lat' dir='ltr'><strong>corda</strong></span> <span class='ocrx_word' id='word_1_495' title='bbox 1176 3631 1362 3679; x_wconf 90' lang='lat' dir='ltr'><strong>nostra</strong></span> <span class='ocrx_word' id='word_1_496' title='bbox 1393 3625 1460 3679; x_wconf 88' lang='lat' dir='ltr'><strong>ad</strong></span> <span class='ocrx_word' id='word_1_497' title='bbox 1488 3624 1717 3680; x_wconf 87' lang='lat' dir='ltr'><strong>virtutes</strong></span> <span class='ocrx_word' id='word_1_498' title='bbox 1762 3631 1952 3696; x_wconf 87' lang='lat' dir='ltr'><strong>prove-</strong></span> 
     </span>
    </p>
   </div>
   <div class='ocr_carea' id='block_1_65' title="bbox 332 3713 1950 3785">
    <p class='ocr_par' dir='ltr' id='par_1_65' title="bbox 332 3713 1950 3785">
     <span class='ocr_line' id='line_1_65' title="bbox 332 3713 1950 3785; baseline 0.002 -17"><span class='ocrx_word' id='word_1_499' title='bbox 332 3735 340 3740; x_wconf 89' lang='grc'><strong>·</strong></span> <span class='ocrx_word' id='word_1_500' title='bbox 367 3714 448 3768; x_wconf 88' lang='lat' dir='ltr'><strong>bit</strong></span> <span class='ocrx_word' id='word_1_501' title='bbox 476 3719 532 3767; x_wconf 87' lang='lat' dir='ltr'><strong>et</strong></span> <span class='ocrx_word' id='word_1_502' title='bbox 551 3713 850 3768; x_wconf 89' lang='lat' dir='ltr'><strong>recedendo</strong></span> <span class='ocrx_word' id='word_1_503' title='bbox 863 3713 1078 3769; x_wconf 90' lang='lat' dir='ltr'><strong>concuti</strong></span> <span class='ocrx_word' id='word_1_504' title='bbox 1101 3715 1396 3771; x_wconf 88' lang='lat' dir='ltr'><strong>tentatione</strong></span> <span class='ocrx_word' id='word_1_505' title='bbox 1416 3717 1701 3785; x_wconf 84' lang='lat' dir='ltr'><strong>permittit.</strong></span> <span class='ocrx_word' id='word_1_506' title='bbox 1733 3715 1790 3772; x_wconf 92' lang='lat' dir='ltr'><strong>Si</strong></span> <span class='ocrx_word' id='word_1_507' title='bbox 1805 3718 1950 3772; x_wconf 90' lang='lat' dir='ltr'><strong>enim</strong></span> 
     </span>
    </p>
   </div>
   <div class='ocr_carea' id='block_1_66' title="bbox 379 3807 1950 3877">
    <p class='ocr_par' dir='ltr' id='par_1_66' title="bbox 379 3807 1950 3877">
     <span class='ocr_line' id='line_1_66' title="bbox 379 3807 1950 3877; baseline 0.003 -18"><span class='ocrx_word' id='word_1_508' title='bbox 379 3812 502 3877; x_wconf 88' lang='lat' dir='ltr'><strong>post</strong></span> <span class='ocrx_word' id='word_1_509' title='bbox 535 3807 796 3861; x_wconf 88' lang='lat' dir='ltr'><strong>virtutum</strong></span> <span class='ocrx_word' id='word_1_510' title='bbox 839 3823 1087 3873; x_wconf 83' lang='lat' dir='ltr'><strong>munera,</strong></span> <span class='ocrx_word' id='word_1_511' title='bbox 1129 3808 1274 3862; x_wconf 90' lang='lat' dir='ltr'><strong>nulla</strong></span> <span class='ocrx_word' id='word_1_512' title='bbox 1308 3808 1609 3865; x_wconf 70' lang='lat' dir='ltr'><strong>tentatione</strong></span> <span class='ocrx_word' id='word_1_513' title='bbox 1640 3820 1662 3848; x_wconf 76' lang='grc' dir='ltr'><strong>ο</strong></span> <span class='ocrx_word' id='word_1_514' title='bbox 1694 3817 1950 3864; x_wconf 87' lang='lat' dir='ltr'><strong>concute-</strong></span> 
     </span>
    </p>
   </div>
   <div class='ocr_carea' id='block_1_67' title="bbox 372 3898 1950 3972">
    <p class='ocr_par' dir='ltr' id='par_1_67' title="bbox 372 3898 1950 3972">
     <span class='ocr_line' id='line_1_67' title="bbox 372 3898 1950 3972; baseline -0.003 -14"><span class='ocrx_word' id='word_1_515' title='bbox 372 3912 546 3968; x_wconf 81' lang='lat' dir='ltr'><strong>retur,</strong></span> <span class='ocrx_word' id='word_1_516' title='bbox 576 3902 680 3957; x_wconf 87' lang='lat' dir='ltr'><strong>hoc</strong></span> <span class='ocrx_word' id='word_1_517' title='bbox 706 3915 764 3956; x_wconf 92' lang='lat' dir='ltr'><strong>se</strong></span> <span class='ocrx_word' id='word_1_518' title='bbox 786 3901 898 3972; x_wconf 84' lang='lat' dir='ltr'><strong>jam</strong></span> <span class='ocrx_word' id='word_1_519' title='bbox 926 3900 1125 3954; x_wconf 85' lang='lat' dir='ltr'><strong>habere</strong></span> <span class='ocrx_word' id='word_1_520' title='bbox 1151 3899 1361 3953; x_wconf 85' lang='lat' dir='ltr'><strong>animus</strong></span> <span class='ocrx_word' id='word_1_521' title='bbox 1381 3914 1445 3954; x_wconf 81' lang='lat' dir='ltr'><strong>ex</strong></span> <span class='ocrx_word' id='word_1_522' title='bbox 1475 3913 1533 3953; x_wconf 90' lang='lat' dir='ltr'><strong>se</strong></span> <span class='ocrx_word' id='word_1_523' title='bbox 1553 3899 1668 3968; x_wconf 87' lang='lat' dir='ltr'><strong>ipso</strong></span> <span class='ocrx_word' id='word_1_524' title='bbox 1687 3898 1950 3970; x_wconf 86' lang='lat' dir='ltr'><strong>gloriare-</strong></span> 
     </span>
    </p>
   </div>
   <div class='ocr_carea' id='block_1_68' title="bbox 369 3987 1948 4060">
    <p class='ocr_par' dir='ltr' id='par_1_68' title="bbox 369 3987 1948 4060">
     <span class='ocr_line' id='line_1_68' title="bbox 369 3987 1948 4060; baseline -0.004 -12"><span class='ocrx_word' id='word_1_525' title='bbox 369 4003 478 4048; x_wconf 89' lang='lat' dir='ltr'><strong>tur.</strong></span> <span class='ocrx_word' id='word_1_526' title='bbox 525 3991 598 4048; x_wconf 89' lang='lat' dir='ltr'><strong>Ut</strong></span> <span class='ocrx_word' id='word_1_527' title='bbox 641 4005 768 4060; x_wconf 88' lang='lat' dir='ltr'><strong>ergo</strong></span> <span class='ocrx_word' id='word_1_528' title='bbox 814 4005 878 4044; x_wconf 87' lang='lat' dir='ltr'><strong>ea</strong></span> <span class='ocrx_word' id='word_1_529' title='bbox 913 3989 935 4025; x_wconf 76' lang='grc' dir='ltr'>ά</span> <span class='ocrx_word' id='word_1_530' title='bbox 965 3987 1190 4042; x_wconf 87' lang='lat' dir='ltr'><strong>ﬁrmitas</strong></span> <span class='ocrx_word' id='word_1_531' title='bbox 1216 3989 1354 4043; x_wconf 81' lang='lat' dir='ltr'><strong>dena</strong></span> <span class='ocrx_word' id='word_1_532' title='bbox 1391 3989 1610 4054; x_wconf 85' lang='lat' dir='ltr'><strong>habeat,</strong></span> <span class='ocrx_word' id='word_1_533' title='bbox 1643 3997 1697 4042; x_wconf 89' lang='lat' dir='ltr'><strong>et</strong></span> <span class='ocrx_word' id='word_1_534' title='bbox 1723 3987 1948 4042; x_wconf 78' lang='lat' dir='ltr'><strong>inﬁrmi-</strong></span> 
     </span>
    </p>
   </div>
   <div class='ocr_carea' id='block_1_69' title="bbox 368 4078 1950 4147">
    <p class='ocr_par' dir='ltr' id='par_1_69' title="bbox 368 4078 1950 4147">
     <span class='ocr_line' id='line_1_69' title="bbox 368 4078 1950 4147; baseline -0.003 -11"><span class='ocrx_word' id='word_1_535' title='bbox 368 4090 534 4136; x_wconf 89' lang='lat' dir='ltr'><strong>tatem</strong></span> <span class='ocrx_word' id='word_1_536' title='bbox 561 4095 712 4136; x_wconf 91' lang='lat' dir='ltr'><strong>suam</strong></span> <span class='ocrx_word' id='word_1_537' title='bbox 739 4078 1014 4134; x_wconf 87' lang='lat' dir='ltr'><strong>humiliter</strong></span> <span class='ocrx_word' id='word_1_538' title='bbox 1035 4086 1304 4147; x_wconf 87' lang='lat' dir='ltr'><strong>agnoscat,</strong></span> <span class='ocrx_word' id='word_1_539' title='bbox 1338 4092 1435 4146; x_wconf 91' lang='lat' dir='ltr'><strong>per</strong></span> <span class='ocrx_word' id='word_1_540' title='bbox 1461 4093 1737 4132; x_wconf 75' lang='lat' dir='ltr'><strong>accessura</strong></span> <span class='ocrx_word' id='word_1_541' title='bbox 1761 4078 1950 4147; x_wconf 69' lang='lat' dir='ltr'><strong>gratia:</strong></span> 
     </span>
    </p>
   </div>
   <div class='ocr_carea' id='block_1_70' title="bbox 367 4162 1947 4238">
    <p class='ocr_par' dir='ltr' id='par_1_70' title="bbox 367 4162 1947 4238">
     <span class='ocr_line' id='line_1_70' title="bbox 367 4162 1947 4238; baseline -0.003 -12"><span class='ocrx_word' id='word_1_542' title='bbox 367 4174 436 4227; x_wconf 92' lang='lat' dir='ltr'><strong>ad</strong></span> <span class='ocrx_word' id='word_1_543' title='bbox 467 4173 577 4225; x_wconf 89' lang='lat' dir='ltr'><strong>alta</strong></span> <span class='ocrx_word' id='word_1_544' title='bbox 605 4169 908 4225; x_wconf 89' lang='lat' dir='ltr'><strong>sustollitur</strong></span> <span class='ocrx_word' id='word_1_545' title='bbox 931 4177 986 4222; x_wconf 91' lang='lat' dir='ltr'><strong>et</strong></span> <span class='ocrx_word' id='word_1_546' title='bbox 1011 4162 1106 4237; x_wconf 75' lang='lat' dir='ltr'><strong>per</strong></span> <span class='ocrx_word' id='word_1_547' title='bbox 1137 4183 1432 4234; x_wconf 86' lang='lat' dir='ltr'><strong>recessum,</strong></span> <span class='ocrx_word' id='word_1_548' title='bbox 1472 4168 1601 4238; x_wconf 80' lang='lat' dir='ltr'><strong>quid</strong></span> <span class='ocrx_word' id='word_1_549' title='bbox 1647 4183 1711 4222; x_wconf 84' lang='lat' dir='ltr'><strong>cx</strong></span> <span class='ocrx_word' id='word_1_550' title='bbox 1746 4177 1802 4223; x_wconf 82' lang='lat' dir='ltr'><strong>s&#39;e</strong></span> <span class='ocrx_word' id='word_1_551' title='bbox 1828 4169 1947 4238; x_wconf 86' lang='lat' dir='ltr'><strong>ipso</strong></span> 
     </span>
    </p>
   </div>
   <div class='ocr_carea' id='block_1_71' title="bbox 369 4239 1948 4330">
    <p class='ocr_par' dir='ltr' id='par_1_71' title="bbox 369 4239 1948 4330">
     <span class='ocr_line' id='line_1_71' title="bbox 369 4239 1948 4330; baseline -0.003 -13"><span class='ocrx_word' id='word_1_552' title='bbox 369 4263 458 4326; x_wconf 88' lang='lat' dir='ltr'><strong>sit,</strong></span> <span class='ocrx_word' id='word_1_553' title='bbox 506 4262 781 4330; x_wconf 86' lang='lat' dir='ltr'><strong>probatur.</strong></span> <span class='ocrx_word' id='word_1_554' title='bbox 829 4258 981 4325; x_wconf 77' lang='lat' dir='ltr'><strong>Quod</strong></span> <span class='ocrx_word' id='word_1_555' title='bbox 1023 4239 1165 4312; x_wconf 80' lang='lat' dir='ltr'><strong>bene</strong></span> <span class='ocrx_word' id='word_1_556' title='bbox 1214 4259 1368 4313; x_wconf 90' lang='lat' dir='ltr'><strong>nobis</strong></span> <span class='ocrx_word' id='word_1_557' title='bbox 1397 4274 1464 4313; x_wconf 81' lang='lat' dir='ltr'><strong>ex</strong></span> <span class='ocrx_word' id='word_1_558' title='bbox 1518 4258 1743 4316; x_wconf 87' lang='lat' dir='ltr'><strong>historia</strong></span> <span class='ocrx_word' id='word_1_559' title='bbox 1788 4256 1948 4326; x_wconf 88' lang='lat' dir='ltr'><strong>lmjus</strong></span> 
     </span>
    </p>
   </div>
   <div class='ocr_carea' id='block_1_72' title="bbox 368 4347 1950 4416">
    <p class='ocr_par' dir='ltr' id='par_1_72' title="bbox 368 4347 1950 4416">
     <span class='ocr_line' id='line_1_72' title="bbox 368 4347 1950 4416; baseline -0.001 -10"><span class='ocrx_word' id='word_1_560' title='bbox 368 4365 538 4406; x_wconf 67' lang='lat' dir='ltr'><strong>sacrae</strong></span> <span class='ocrx_word' id='word_1_561' title='bbox 562 4349 811 4404; x_wconf 86' lang='lat' dir='ltr'><strong>lectionis</strong></span> <span class='ocrx_word' id='word_1_562' title='bbox 841 4349 1100 4402; x_wconf 84' lang='lat' dir='ltr'><strong>innui&#39;tur.</strong></span> <span class='ocrx_word' id='word_1_563' title='bbox 1135 4347 1267 4415; x_wconf 85' lang='lat' dir='ltr'><strong>Quia</strong></span> <span class='ocrx_word' id='word_1_564' title='bbox 1299 4347 1576 4416; x_wconf 84' lang='lat' dir='ltr'><strong>Salomon,</strong></span> <span class='ocrx_word' id='word_1_565' title='bbox 1606 4357 1661 4404; x_wconf 90' lang='lat' dir='ltr'><strong>et</strong></span> <span class='ocrx_word' id='word_1_566' title='bbox 1691 4349 1950 4405; x_wconf 84' lang='lat' dir='ltr'><strong>divinitus</strong></span> 
     </span>
    </p>
   </div>
   <div class='ocr_carea' id='block_1_73' title="bbox 2052 3253 3628 3325">
    <p class='ocr_par' dir='ltr' id='par_1_73' title="bbox 2052 3253 3628 3325">
     <span class='ocr_line' id='line_1_73' title="bbox 2052 3253 3628 3325; baseline -0.001 -16"><span class='ocrx_word' id='word_1_567' title='bbox 2052 3255 2284 3320; x_wconf 90' lang='lat' dir='ltr'><strong>triendo,</strong></span> <span class='ocrx_word' id='word_1_568' title='bbox 2341 3254 2679 3318; x_wconf 90' lang='lat' dir='ltr'><strong>interimunt,</strong></span> <span class='ocrx_word' id='word_1_569' title='bbox 2720 3259 2776 3307; x_wconf 91' lang='lat' dir='ltr'><strong>et</strong></span> <span class='ocrx_word' id='word_1_570' title='bbox 2802 3253 3028 3320; x_wconf 89' lang='lat' dir='ltr'><strong>alienos,</strong></span> <span class='ocrx_word' id='word_1_571' title='bbox 3055 3259 3337 3323; x_wconf 79' lang='lat' dir='ltr'><strong>quousque</strong></span> <span class='ocrx_word' id='word_1_572' title='bbox 3371 3255 3628 3325; x_wconf 83' lang='lat' dir='ltr'><strong>perdant,</strong></span> 
     </span>
    </p>
   </div>
   <div class='ocr_carea' id='block_1_74' title="bbox 2054 3331 3633 3415">
    <p class='ocr_par' dir='ltr' id='par_1_74' title="bbox 2054 3331 3633 3415">
     <span class='ocr_line' id='line_1_74' title="bbox 2054 3331 3633 3415; baseline -0.003 -13"><span class='ocrx_word' id='word_1_573' title='bbox 2054 3331 2323 3402; x_wconf 88' lang='lat' dir='ltr'><strong>illiciendo</strong></span> <span class='ocrx_word' id='word_1_574' title='bbox 2351 3346 2697 3415; x_wconf 84' lang='lat' dir='ltr'><strong>persuadent.</strong></span> <span class='ocrx_word' id='word_1_575' title='bbox 2737 3331 3015 3400; x_wconf 81' lang='lat' dir='ltr'><strong>Moraliter</strong></span> <span class='ocrx_word' id='word_1_576' title='bbox 3041 3361 3170 3400; x_wconf 89' lang='lat' dir='ltr'><strong>vero</strong></span> <span class='ocrx_word' id='word_1_577' title='bbox 3201 3335 3224 3384; x_wconf 70' lang='grc' dir='ltr'>ἶ</span> <span class='ocrx_word' id='word_1_578' title='bbox 3262 3347 3314 3400; x_wconf 92' lang='lat' dir='ltr'><strong>in</strong></span> <span class='ocrx_word' id='word_1_579' title='bbox 3370 3347 3474 3400; x_wconf 87' lang='lat' dir='ltr'><strong>hac</strong></span> <span class='ocrx_word' id='word_1_580' title='bbox 3516 3362 3633 3401; x_wconf 87' lang='lat' dir='ltr'><strong>sen-</strong></span> 
     </span>
    </p>
   </div>
   <div class='ocr_carea' id='block_1_75' title="bbox 2053 3436 3628 3507">
    <p class='ocr_par' dir='ltr' id='par_1_75' title="bbox 2053 3436 3628 3507">
     <span class='ocr_line' id='line_1_75' title="bbox 2053 3436 3628 3507; baseline 0 -16"><span class='ocrx_word' id='word_1_581' title='bbox 2053 3439 2240 3503; x_wconf 88' lang='lat' dir='ltr'><strong>tentia,</strong></span> <span class='ocrx_word' id='word_1_582' title='bbox 2272 3437 2401 3507; x_wconf 86' lang='lat' dir='ltr'><strong>quid</strong></span> <span class='ocrx_word' id='word_1_583' title='bbox 2430 3436 2576 3490; x_wconf 88' lang='lat' dir='ltr'><strong>aliud</strong></span> <span class='ocrx_word' id='word_1_584' title='bbox 2617 3452 2714 3506; x_wconf 87' lang='lat' dir='ltr'><strong>per</strong></span> <span class='ocrx_word' id='word_1_585' title='bbox 2752 3443 2987 3491; x_wconf 84' lang='lat' dir='ltr'><strong>matrum</strong></span> <span class='ocrx_word' id='word_1_586' title='bbox 3017 3437 3334 3491; x_wconf 81' lang='lat' dir='ltr'><strong>laetantium</strong></span> <span class='ocrx_word' id='word_1_587' title='bbox 3379 3439 3628 3502; x_wconf 81' lang='lat' dir='ltr'><strong>nomina,</strong></span> 
     </span>
    </p>
   </div>
   <div class='ocr_carea' id='block_1_76' title="bbox 2053 3527 3631 3597">
    <p class='ocr_par' dir='ltr' id='par_1_76' title="bbox 2053 3527 3631 3597">
     <span class='ocr_line' id='line_1_76' title="bbox 2053 3527 3631 3597; baseline 0.002 -17"><span class='ocrx_word' id='word_1_588' title='bbox 2053 3527 2159 3582; x_wconf 90' lang='lat' dir='ltr'><strong>nisi</strong></span> <span class='ocrx_word' id='word_1_589' title='bbox 2201 3528 2482 3582; x_wconf 88' lang='lat' dir='ltr'><strong>doctorum</strong></span> <span class='ocrx_word' id='word_1_590' title='bbox 2522 3527 2694 3582; x_wconf 89' lang='lat' dir='ltr'><strong>ordo?</strong></span> <span class='ocrx_word' id='word_1_591' title='bbox 2726 3527 2856 3596; x_wconf 89' lang='lat' dir='ltr'><strong>quid</strong></span> <span class='ocrx_word' id='word_1_592' title='bbox 2902 3543 3031 3582; x_wconf 89' lang='lat' dir='ltr'><strong>vero</strong></span> <span class='ocrx_word' id='word_1_593' title='bbox 3074 3543 3173 3597; x_wconf 90' lang='lat' dir='ltr'><strong>per</strong></span> <span class='ocrx_word' id='word_1_594' title='bbox 3225 3543 3415 3582; x_wconf 84' lang='lat' dir='ltr'><strong>earum</strong></span> <span class='ocrx_word' id='word_1_595' title='bbox 3457 3528 3631 3589; x_wconf 81' lang='lat' dir='ltr'><strong>ﬁlios.</strong></span> 
     </span>
    </p>
   </div>
   <div class='ocr_carea' id='block_1_77' title="bbox 2052 3616 3632 3690">
    <p class='ocr_par' dir='ltr' id='par_1_77' title="bbox 2052 3616 3632 3690">
     <span class='ocr_line' id='line_1_77' title="bbox 2052 3616 3632 3690; baseline 0.001 -20"><span class='ocrx_word' id='word_1_596' title='bbox 2052 3617 2157 3672; x_wconf 88' lang='lat' dir='ltr'><strong>nisi</strong></span> <span class='ocrx_word' id='word_1_597' title='bbox 2187 3616 2570 3686; x_wconf 90' lang='lat' dir='ltr'><strong>discipulorum</strong></span> <span class='ocrx_word' id='word_1_598' title='bbox 2616 3632 2848 3686; x_wconf 87' lang='lat' dir='ltr'><strong>persona</strong></span> <span class='ocrx_word' id='word_1_599' title='bbox 2897 3618 3178 3688; x_wconf 53' lang='lat' dir='ltr'><strong>signatur?</strong></span> <span class='ocrx_word' id='word_1_600' title='bbox 3207 3618 3341 3673; x_wconf 83' lang='lat' dir='ltr'><strong>Nam</strong></span> <span class='ocrx_word' id='word_1_601' title='bbox 3387 3620 3632 3690; x_wconf 82' lang='lat' dir='ltr'><strong>magistri</strong></span> 
     </span>
    </p>
   </div>
   <div class='ocr_carea' id='block_1_78' title="bbox 2052 3714 3632 3784">
    <p class='ocr_par' dir='ltr' id='par_1_78' title="bbox 2052 3714 3632 3784">
     <span class='ocr_line' id='line_1_78' title="bbox 2052 3714 3632 3784; baseline 0.003 -16"><span class='ocrx_word' id='word_1_602' title='bbox 2052 3714 2306 3782; x_wconf 84' lang='lat' dir='ltr'><strong>nimirum</strong></span> <span class='ocrx_word' id='word_1_603' title='bbox 2351 3714 2636 3784; x_wconf 86' lang='lat' dir='ltr'><strong>vigilantes</strong></span> <span class='ocrx_word' id='word_1_604' title='bbox 2678 3716 2894 3784; x_wconf 87' lang='lat' dir='ltr'><strong>quidem</strong></span> <span class='ocrx_word' id='word_1_605' title='bbox 2943 3717 3192 3780; x_wconf 89' lang='lat' dir='ltr'><strong>scientia,</strong></span> <span class='ocrx_word' id='word_1_606' title='bbox 3222 3718 3315 3771; x_wconf 89' lang='lat' dir='ltr'><strong>sed</strong></span> <span class='ocrx_word' id='word_1_607' title='bbox 3352 3719 3464 3771; x_wconf 84' lang='lat' dir='ltr'><strong>vita</strong></span> <span class='ocrx_word' id='word_1_608' title='bbox 3513 3719 3632 3773; x_wconf 88' lang='lat' dir='ltr'><strong>dor-</strong></span> 
     </span>
    </p>
   </div>
   <div class='ocr_carea' id='block_1_79' title="bbox 2053 3808 3634 3880">
    <p class='ocr_par' dir='ltr' id='par_1_79' title="bbox 2053 3808 3634 3880">
     <span class='ocr_line' id='line_1_79' title="bbox 2053 3808 3634 3880; baseline 0 -17"><span class='ocrx_word' id='word_1_609' title='bbox 2053 3810 2305 3875; x_wconf 89' lang='lat' dir='ltr'><strong>mientes,</strong></span> <span class='ocrx_word' id='word_1_610' title='bbox 2345 3808 2622 3863; x_wconf 87' lang='lat' dir='ltr'><strong>auditores</strong></span> <span class='ocrx_word' id='word_1_611' title='bbox 2653 3823 2799 3872; x_wconf 91' lang='lat' dir='ltr'><strong>suos,</strong></span> <span class='ocrx_word' id='word_1_612' title='bbox 2831 3823 2967 3878; x_wconf 87' lang='lat' dir='ltr'><strong>quos</strong></span> <span class='ocrx_word' id='word_1_613' title='bbox 2995 3824 3094 3878; x_wconf 84' lang='lat' dir='ltr'><strong>per</strong></span> <span class='ocrx_word' id='word_1_614' title='bbox 3119 3809 3330 3880; x_wconf 79' lang='lat' dir='ltr'><strong>vigilias</strong></span> <span class='ocrx_word' id='word_1_615' title='bbox 3376 3811 3634 3880; x_wconf 73' lang='lat' dir='ltr'><strong>przedica-</strong></span> 
     </span>
    </p>
   </div>
   <div class='ocr_carea' id='block_1_80' title="bbox 2055 3893 3630 3971">
    <p class='ocr_par' dir='ltr' id='par_1_80' title="bbox 2055 3893 3630 3971">
     <span class='ocr_line' id='line_1_80' title="bbox 2055 3893 3630 3971; baseline 0.001 -19"><span class='ocrx_word' id='word_1_616' title='bbox 2055 3898 2215 3954; x_wconf 90' lang='lat' dir='ltr'><strong>tionis</strong></span> <span class='ocrx_word' id='word_1_617' title='bbox 2239 3899 2501 3964; x_wconf 91' lang='lat' dir='ltr'><strong>nutriunt,</strong></span> <span class='ocrx_word' id='word_1_618' title='bbox 2527 3897 2654 3951; x_wconf 90' lang='lat' dir='ltr'><strong>dum</strong></span> <span class='ocrx_word' id='word_1_619' title='bbox 2693 3897 2838 3968; x_wconf 89' lang='lat' dir='ltr'><strong>quod</strong></span> <span class='ocrx_word' id='word_1_620' title='bbox 2871 3898 3078 3964; x_wconf 90' lang='lat' dir='ltr'><strong>dicunt,</strong></span> <span class='ocrx_word' id='word_1_621' title='bbox 3111 3899 3289 3954; x_wconf 81' lang='lat' dir='ltr'><strong>facere</strong></span> <span class='ocrx_word' id='word_1_622' title='bbox 3329 3893 3630 3971; x_wconf 78' lang='lat' dir='ltr'><strong>negligant,</strong></span> 
     </span>
    </p>
   </div>
   <div class='ocr_carea' id='block_1_81' title="bbox 2050 3987 3636 4060">
    <p class='ocr_par' dir='ltr' id='par_1_81' title="bbox 2050 3987 3636 4060">
     <span class='ocr_line' id='line_1_81' title="bbox 2050 3987 3636 4060; baseline -0.004 -16"><span class='ocrx_word' id='word_1_623' title='bbox 2050 4005 2149 4059; x_wconf 89' lang='lat' dir='ltr'><strong>per</strong></span> <span class='ocrx_word' id='word_1_624' title='bbox 2175 3990 2442 4044; x_wconf 79' lang='lat' dir='ltr'><strong>somnium</strong></span> <span class='ocrx_word' id='word_1_625' title='bbox 2475 3987 2710 4057; x_wconf 87' lang='lat' dir='ltr'><strong>torporis</strong></span> <span class='ocrx_word' id='word_1_626' title='bbox 2740 3987 3016 4054; x_wconf 90' lang='lat' dir='ltr'><strong>occidunt,</strong></span> <span class='ocrx_word' id='word_1_627' title='bbox 3065 3997 3122 4043; x_wconf 89' lang='lat' dir='ltr'><strong>et</strong></span> <span class='ocrx_word' id='word_1_628' title='bbox 3175 3987 3500 4060; x_wconf 81' lang='lat' dir='ltr'><strong>negligendo</strong></span> <span class='ocrx_word' id='word_1_629' title='bbox 3545 4004 3636 4058; x_wconf 87' lang='lat' dir='ltr'><strong>op-</strong></span> 
     </span>
    </p>
   </div>
   <div class='ocr_carea' id='block_1_82' title="bbox 2051 4077 3632 4152">
    <p class='ocr_par' dir='ltr' id='par_1_82' title="bbox 2051 4077 3632 4152">
     <span class='ocr_line' id='line_1_82' title="bbox 2051 4077 3632 4152; baseline -0.004 -16"><span class='ocrx_word' id='word_1_630' title='bbox 2051 4087 2323 4152; x_wconf 87' lang='lat' dir='ltr'><strong>primunt,</strong></span> <span class='ocrx_word' id='word_1_631' title='bbox 2383 4095 2519 4150; x_wconf 89' lang='lat' dir='ltr'><strong>quos</strong></span> <span class='ocrx_word' id='word_1_632' title='bbox 2570 4077 2716 4133; x_wconf 87' lang='lat' dir='ltr'><strong>alere</strong></span> <span class='ocrx_word' id='word_1_633' title='bbox 2767 4079 3056 4133; x_wconf 87' lang='lat' dir='ltr'><strong>verborum</strong></span> <span class='ocrx_word' id='word_1_634' title='bbox 3102 4077 3242 4134; x_wconf 90' lang='lat' dir='ltr'><strong>lacte</strong></span> <span class='ocrx_word' id='word_1_635' title='bbox 3287 4079 3632 4134; x_wconf 77' lang='lat' dir='ltr'><strong>videbantur.</strong></span> 
     </span>
    </p>
   </div>
   <div class='ocr_carea' id='block_1_83' title="bbox 2053 4171 3626 4242">
    <p class='ocr_par' dir='ltr' id='par_1_83' title="bbox 2053 4171 3626 4242">
     <span class='ocr_line' id='line_1_83' title="bbox 2053 4171 3626 4242; baseline -0.003 -14"><span class='ocrx_word' id='word_1_636' title='bbox 2053 4172 2205 4229; x_wconf 89' lang='lat' dir='ltr'><strong>Unde</strong></span> <span class='ocrx_word' id='word_1_637' title='bbox 2229 4173 2570 4242; x_wconf 87' lang='lat' dir='ltr'><strong>plerumque,</strong></span> <span class='ocrx_word' id='word_1_638' title='bbox 2602 4172 2727 4226; x_wconf 88' lang='lat' dir='ltr'><strong>dum</strong></span> <span class='ocrx_word' id='word_1_639' title='bbox 2759 4171 2860 4240; x_wconf 88' lang='lat' dir='ltr'><strong>ipsi</strong></span> <span class='ocrx_word' id='word_1_640' title='bbox 2902 4171 3399 4241; x_wconf 86' lang='lat' dir='ltr'><strong>reprehensibiliter</strong></span> <span class='ocrx_word' id='word_1_641' title='bbox 3419 4173 3626 4232; x_wconf 82' lang='lat' dir='ltr'><strong>vivunt.</strong></span> 
     </span>
    </p>
   </div>
   <div class='ocr_carea' id='block_1_84' title="bbox 2051 4252 3635 4331">
    <p class='ocr_par' dir='ltr' id='par_1_84' title="bbox 2051 4252 3635 4331">
     <span class='ocr_line' id='line_1_84' title="bbox 2051 4252 3635 4331; baseline -0.003 -13"><span class='ocrx_word' id='word_1_642' title='bbox 2051 4272 2106 4318; x_wconf 90' lang='lat' dir='ltr'><strong>et</strong></span> <span class='ocrx_word' id='word_1_643' title='bbox 2135 4263 2338 4318; x_wconf 88' lang='lat' dir='ltr'><strong>habere</strong></span> <span class='ocrx_word' id='word_1_644' title='bbox 2377 4252 2668 4331; x_wconf 85' lang='lat' dir='ltr'><strong>discipulos</strong></span> <span class='ocrx_word' id='word_1_645' title='bbox 2696 4261 2819 4315; x_wconf 68' lang='lat' dir='ltr'><strong>vitae</strong></span> <span class='ocrx_word' id='word_1_646' title='bbox 2861 4259 3144 4316; x_wconf 78' lang='lat' dir='ltr'><strong>laudabilis</strong></span> <span class='ocrx_word' id='word_1_647' title='bbox 3178 4269 3476 4330; x_wconf 88' lang='lat' dir='ltr'><strong>nequeunt,</strong></span> <span class='ocrx_word' id='word_1_648' title='bbox 3507 4261 3635 4314; x_wconf 87' lang='lat' dir='ltr'><strong>alie-</strong></span> 
     </span>
    </p>
   </div>
   <div class='ocr_carea' id='block_1_85' title="bbox 2051 4350 3635 4421">
    <p class='ocr_par' dir='ltr' id='par_1_85' title="bbox 2051 4350 3635 4421">
     <span class='ocr_line' id='line_1_85' title="bbox 2051 4350 3635 4421; baseline -0.004 -10"><span class='ocrx_word' id='word_1_649' title='bbox 2051 4373 2150 4411; x_wconf 93' lang='lat' dir='ltr'><strong>nos</strong></span> <span class='ocrx_word' id='word_1_650' title='bbox 2181 4355 2284 4411; x_wconf 89' lang='lat' dir='ltr'><strong>sibi</strong></span> <span class='ocrx_word' id='word_1_651' title='bbox 2315 4354 2587 4409; x_wconf 89' lang='lat' dir='ltr'><strong>attrahere</strong></span> <span class='ocrx_word' id='word_1_652' title='bbox 2611 4363 2895 4418; x_wconf 83' lang='lat' dir='ltr'><strong>conantur,</strong></span> <span class='ocrx_word' id='word_1_653' title='bbox 2923 4360 3187 4421; x_wconf 88' lang='lat' dir='ltr'><strong>quatenus</strong></span> <span class='ocrx_word' id='word_1_654' title='bbox 3217 4350 3345 4404; x_wconf 89' lang='lat' dir='ltr'><strong>dum</strong></span> <span class='ocrx_word' id='word_1_655' title='bbox 3374 4352 3548 4405; x_wconf 89' lang='lat' dir='ltr'><strong>bonos</strong></span> <span class='ocrx_word' id='word_1_656' title='bbox 3579 4367 3635 4404; x_wconf 87' lang='lat' dir='ltr'><strong>se</strong></span> 
     </span>
    </p>
   </div>
   <div class='ocr_carea' id='block_1_86' title="bbox 366 4439 3632 4539">
    <p class='ocr_par' dir='ltr' id='par_1_86' title="bbox 366 4439 3632 4539">
     <span class='ocr_line' id='line_1_86' title="bbox 366 4439 3632 4539; baseline 0.001 -46"><span class='ocrx_word' id='word_1_657' title='bbox 366 4440 644 4512; x_wconf 88' lang='lat' dir='ltr'><strong>accepisse</strong></span> <span class='ocrx_word' id='word_1_658' title='bbox 681 4439 1024 4511; x_wconf 89' lang='lat' dir='ltr'><strong>sapientiam,</strong></span> <span class='ocrx_word' id='word_1_659' title='bbox 1053 4448 1108 4495; x_wconf 89' lang='lat' dir='ltr'><strong>et</strong></span> <span class='ocrx_word' id='word_1_660' title='bbox 1142 4447 1319 4494; x_wconf 86' lang='lat' dir='ltr'><strong>tamen</strong></span> <span class='ocrx_word' id='word_1_661' title='bbox 1348 4449 1467 4510; x_wconf 89' lang='lat' dir='ltr'><strong>post</strong></span> <span class='ocrx_word' id='word_1_662' title='bbox 1497 4450 1771 4510; x_wconf 87' lang='lat' dir='ltr'><strong>acceptam</strong></span> <span class='ocrx_word' id='word_1_663' title='bbox 1803 4455 1950 4494; x_wconf 82' lang='lat' dir='ltr'><strong>eam-</strong></span> <span class='ocrx_word' id='word_1_664' title='bbox 1974 4477 2028 4539; x_wconf 59' lang='grc' dir='ltr'>Β</span> <span class='ocrx_word' id='word_1_665' title='bbox 2052 4449 2254 4504; x_wconf 85' lang='lat' dir='ltr'><strong>habere</strong></span> <span class='ocrx_word' id='word_1_666' title='bbox 2297 4461 2560 4516; x_wconf 89' lang='lat' dir='ltr'><strong>sequaces</strong></span> <span class='ocrx_word' id='word_1_667' title='bbox 2597 4447 2911 4508; x_wconf 88' lang='lat' dir='ltr'><strong>ostendunt,</strong></span> <span class='ocrx_word' id='word_1_668' title='bbox 2940 4444 3081 4514; x_wconf 89' lang='lat' dir='ltr'><strong>apud</strong></span> <span class='ocrx_word' id='word_1_669' title='bbox 3117 4443 3323 4511; x_wconf 76' lang='lat' dir='ltr'><strong>judicia</strong></span> <span class='ocrx_word' id='word_1_670' title='bbox 3355 4444 3632 4498; x_wconf 87' lang='lat' dir='ltr'><strong>hominum</strong></span> 
     </span>
    </p>
   </div>
   <div class='ocr_carea' id='block_1_87' title="bbox 366 4532 1945 4603">
    <p class='ocr_par' dir='ltr' id='par_1_87' title="bbox 366 4532 1945 4603">
     <span class='ocr_line' id='line_1_87' title="bbox 366 4532 1945 4603; baseline -0.001 -15"><span class='ocrx_word' id='word_1_671' title='bbox 366 4535 487 4588; x_wconf 89' lang='lat' dir='ltr'><strong>dem</strong></span> <span class='ocrx_word' id='word_1_672' title='bbox 515 4533 851 4603; x_wconf 88' lang='lat' dir='ltr'><strong>sapientiam,</strong></span> <span class='ocrx_word' id='word_1_673' title='bbox 903 4533 1250 4588; x_wconf 89' lang='lat' dir='ltr'><strong>meretricum</strong></span> <span class='ocrx_word' id='word_1_674' title='bbox 1299 4533 1484 4587; x_wconf 88' lang='lat' dir='ltr'><strong>statim</strong></span> <span class='ocrx_word' id='word_1_675' title='bbox 1531 4532 1772 4601; x_wconf 88' lang='lat' dir='ltr'><strong>pulsatus</strong></span> <span class='ocrx_word' id='word_1_676' title='bbox 1799 4547 1945 4601; x_wconf 66' lang='lat' dir='ltr'><strong>quac-</strong></span> 
     </span>
    </p>
   </div>
   <div class='ocr_carea' id='block_1_88' title="bbox 366 4625 1932 4695">
    <p class='ocr_par' dir='ltr' id='par_1_88' title="bbox 366 4625 1932 4695">
     <span class='ocr_line' id='line_1_88' title="bbox 366 4625 1932 4695; baseline 0 -15"><span class='ocrx_word' id='word_1_677' title='bbox 366 4627 542 4680; x_wconf 87' lang='lat' dir='ltr'><strong>stione</strong></span> <span class='ocrx_word' id='word_1_678' title='bbox 569 4634 921 4681; x_wconf 88' lang='lat' dir='ltr'><strong>memoratur.</strong></span> <span class='ocrx_word' id='word_1_679' title='bbox 956 4625 1076 4680; x_wconf 83' lang='lat' dir='ltr'><strong>Mox</strong></span> <span class='ocrx_word' id='word_1_680' title='bbox 1101 4626 1268 4693; x_wconf 90' lang='lat' dir='ltr'><strong>enim,</strong></span> <span class='ocrx_word' id='word_1_681' title='bbox 1310 4633 1371 4680; x_wconf 91' lang='lat' dir='ltr'><strong>ut</strong></span> <span class='ocrx_word' id='word_1_682' title='bbox 1397 4625 1626 4695; x_wconf 88' lang='lat' dir='ltr'><strong>gratiam</strong></span> <span class='ocrx_word' id='word_1_683' title='bbox 1665 4633 1825 4680; x_wconf 69' lang='lat' dir='ltr'><strong>tanta:</strong></span> <span class='ocrx_word' id='word_1_684' title='bbox 1855 4641 1932 4680; x_wconf 88' lang='lat' dir='ltr'><strong>re-</strong></span> 
     </span>
    </p>
   </div>
   <div class='ocr_carea' id='block_1_89' title="bbox 365 4715 1943 4785">
    <p class='ocr_par' dir='ltr' id='par_1_89' title="bbox 365 4715 1943 4785">
     <span class='ocr_line' id='line_1_89' title="bbox 365 4715 1943 4785; baseline 0.003 -17"><span class='ocrx_word' id='word_1_685' title='bbox 365 4715 650 4772; x_wconf 87' lang='lat' dir='ltr'><strong>velationis</strong></span> <span class='ocrx_word' id='word_1_686' title='bbox 719 4717 967 4785; x_wconf 86' lang='lat' dir='ltr'><strong>accepit,</strong></span> <span class='ocrx_word' id='word_1_687' title='bbox 1022 4728 1296 4772; x_wconf 89' lang='lat' dir='ltr'><strong>certamen</strong></span> <span class='ocrx_word' id='word_1_688' title='bbox 1367 4715 1603 4784; x_wconf 89' lang='lat' dir='ltr'><strong>turpium</strong></span> <span class='ocrx_word' id='word_1_689' title='bbox 1658 4716 1943 4772; x_wconf 89' lang='lat' dir='ltr'><strong>mulierum</strong></span> 
     </span>
    </p>
   </div>
   <div class='ocr_carea' id='block_1_90' title="bbox 358 4806 1941 4876">
    <p class='ocr_par' dir='ltr' id='par_1_90' title="bbox 358 4806 1941 4876">
     <span class='ocr_line' id='line_1_90' title="bbox 358 4806 1941 4876; baseline 0.001 -15"><span class='ocrx_word' id='word_1_690' title='bbox 358 4806 589 4876; x_wconf 81' lang='lat' dir='ltr'><strong>pertulit</strong></span> <span class='ocrx_word' id='word_1_691' title='bbox 615 4825 627 4861; x_wconf 90' lang='lat'><strong>:</strong></span> <span class='ocrx_word' id='word_1_692' title='bbox 665 4808 789 4876; x_wconf 90' lang='lat' dir='ltr'><strong>quia</strong></span> <span class='ocrx_word' id='word_1_693' title='bbox 818 4807 1072 4862; x_wconf 90' lang='lat' dir='ltr'><strong>nimirum</strong></span> <span class='ocrx_word' id='word_1_694' title='bbox 1102 4819 1244 4876; x_wconf 68' lang='lat' dir='ltr'><strong>sznpc</strong></span> <span class='ocrx_word' id='word_1_695' title='bbox 1274 4821 1397 4860; x_wconf 91' lang='lat' dir='ltr'><strong>cum</strong></span> <span class='ocrx_word' id='word_1_696' title='bbox 1424 4814 1661 4874; x_wconf 73' lang='lat' dir='ltr'><strong>mentem</strong></span> <span class='ocrx_word' id='word_1_697' title='bbox 1704 4815 1941 4862; x_wconf 88' lang='lat' dir='ltr'><strong>nostram</strong></span> 
     </span>
    </p>
   </div>
   <div class='ocr_carea' id='block_1_91' title="bbox 363 4896 1946 4966">
    <p class='ocr_par' dir='ltr' id='par_1_91' title="bbox 363 4896 1946 4966">
     <span class='ocr_line' id='line_1_91' title="bbox 363 4896 1946 4966; baseline -0.001 -11"><span class='ocrx_word' id='word_1_698' title='bbox 363 4899 641 4955; x_wconf 77' lang='lat' dir='ltr'><strong>concessis</strong></span> <span class='ocrx_word' id='word_1_699' title='bbox 683 4898 970 4953; x_wconf 86' lang='lat' dir='ltr'><strong>virtutibus</strong></span> <span class='ocrx_word' id='word_1_700' title='bbox 1014 4905 1295 4966; x_wconf 85' lang='lat' dir='ltr'><strong>respectus</strong></span> <span class='ocrx_word' id='word_1_701' title='bbox 1344 4896 1545 4950; x_wconf 74' lang='lat' dir='ltr'><strong>intima:</strong></span> <span class='ocrx_word' id='word_1_702' title='bbox 1607 4907 1630 4937; x_wconf 79' lang='grc' dir='ltr'><strong>ο</strong></span> <span class='ocrx_word' id='word_1_703' title='bbox 1679 4897 1946 4954; x_wconf 86' lang='lat' dir='ltr'><strong>claritatis</strong></span> 
     </span>
    </p>
   </div>
   <div class='ocr_carea' id='block_1_92' title="bbox 365 4987 1948 5060">
    <p class='ocr_par' dir='ltr' id='par_1_92' title="bbox 365 4987 1948 5060">
     <span class='ocr_line' id='line_1_92' title="bbox 365 4987 1948 5060; baseline -0.001 -14"><span class='ocrx_word' id='word_1_704' title='bbox 365 4991 652 5055; x_wconf 85' lang='lat' dir='ltr'><strong>illuminat,</strong></span> <span class='ocrx_word' id='word_1_705' title='bbox 685 4991 832 5045; x_wconf 76' lang='lat' dir='ltr'><strong>hanc</strong></span> <span class='ocrx_word' id='word_1_706' title='bbox 860 4989 1111 5060; x_wconf 87' lang='lat' dir='ltr'><strong>protinus</strong></span> <span class='ocrx_word' id='word_1_707' title='bbox 1142 4989 1307 5044; x_wconf 87' lang='lat' dir='ltr'><strong>etiam</strong></span> <span class='ocrx_word' id='word_1_708' title='bbox 1337 4987 1558 5043; x_wconf 75' lang='lat' dir='ltr'><strong>lubrica:</strong></span> <span class='ocrx_word' id='word_1_709' title='bbox 1595 4988 1948 5059; x_wconf 79' lang='lat' dir='ltr'><strong>cogitationes</strong></span> 
     </span>
    </p>
   </div>
   <div class='ocr_carea' id='block_1_93' title="bbox 429 5119 1872 5192">
    <p class='ocr_par' dir='ltr' id='par_1_93' title="bbox 429 5119 1872 5192">
     <span class='ocr_line' id='line_1_93' title="bbox 429 5119 1872 5192; baseline -0.002 -15"><span class='ocrx_word' id='word_1_710' title='bbox 429 5136 463 5192; x_wconf 46' lang='grc' dir='ltr'>ἓ</span> <span class='ocrx_word' id='word_1_711' title='bbox 501 5121 902 5192; x_wconf 86' lang='lat' dir='ltr'><strong>Subsequentia</strong></span> <span class='ocrx_word' id='word_1_712' title='bbox 928 5127 1092 5191; x_wconf 83' lang='lat' dir='ltr'><strong>perro</strong></span> <span class='ocrx_word' id='word_1_713' title='bbox 1122 5120 1176 5174; x_wconf 92' lang='lat' dir='ltr'><strong>in</strong></span> <span class='ocrx_word' id='word_1_714' title='bbox 1198 5119 1405 5175; x_wconf 83' lang='lat' dir='ltr'><strong>Isidoro</strong></span> <span class='ocrx_word' id='word_1_715' title='bbox 1435 5128 1641 5192; x_wconf 85' lang='lat' dir='ltr'><strong>tantum</strong></span> <span class='ocrx_word' id='word_1_716' title='bbox 1671 5119 1872 5192; x_wconf 72' lang='lat' dir='ltr'><strong>inveni.</strong></span> 
     </span>
    </p>
   </div>
   <div class='ocr_carea' id='block_1_94' title="bbox 437 5190 1942 5262">
    <p class='ocr_par' dir='ltr' id='par_1_94' title="bbox 437 5190 1942 5262">
     <span class='ocr_line' id='line_1_94' title="bbox 437 5190 1942 5262; baseline -0.001 -16"><span class='ocrx_word' id='word_1_717' title='bbox 437 5191 466 5232; x_wconf 72' lang='grc' dir='ltr'><strong>ιι</strong></span> <span class='ocrx_word' id='word_1_718' title='bbox 499 5191 628 5248; x_wconf 69' lang='lat' dir='ltr'><strong>Haec</strong></span> <span class='ocrx_word' id='word_1_719' title='bbox 661 5190 790 5262; x_wconf 72' lang='lat' dir='ltr'><strong>quae</strong></span> <span class='ocrx_word' id='word_1_720' title='bbox 836 5190 1058 5262; x_wconf 17' lang='lat' dir='ltr'><strong>lineolis,</strong></span> <span class='ocrx_word' id='word_1_721' title='bbox 1073 5206 1172 5260; x_wconf 87' lang='lat' dir='ltr'><strong>pro</strong></span> <span class='ocrx_word' id='word_1_722' title='bbox 1201 5206 1351 5262; x_wconf 69' lang='lat' dir='ltr'><strong>more</strong></span> <span class='ocrx_word' id='word_1_723' title='bbox 1380 5191 1583 5252; x_wconf 89' lang='lat' dir='ltr'><strong>notavi,</strong></span> <span class='ocrx_word' id='word_1_724' title='bbox 1615 5203 1678 5243; x_wconf 78' lang='lat' dir='ltr'><strong>ex</strong></span> <span class='ocrx_word' id='word_1_725' title='bbox 1702 5190 1942 5262; x_wconf 78' lang='lat' dir='ltr'><strong>Paterio,</strong></span> 
     </span>
    </p>
   </div>
   <div class='ocr_carea' id='block_1_95' title="bbox 368 5260 1941 5335">
    <p class='ocr_par' dir='ltr' id='par_1_95' title="bbox 368 5260 1941 5335">
     <span class='ocr_line' id='line_1_95' title="bbox 368 5260 1941 5335; baseline 0.001 -21"><span class='ocrx_word' id='word_1_726' title='bbox 368 5262 596 5335; x_wconf 75' lang='lat' dir='ltr'><strong>ideoque</strong></span> <span class='ocrx_word' id='word_1_727' title='bbox 622 5260 705 5319; x_wconf 44' lang='lat' dir='ltr'><strong>ex-</strong></span> <span class='ocrx_word' id='word_1_728' title='bbox 723 5265 985 5335; x_wconf 80' lang='lat' dir='ltr'><strong>Gregorio</strong></span> <span class='ocrx_word' id='word_1_729' title='bbox 1014 5261 1206 5335; x_wconf 63' lang='lat' dir='ltr'><strong>Magno</strong></span> <span class='ocrx_word' id='word_1_730' title='bbox 1231 5260 1489 5335; x_wconf 77' lang='lat' dir='ltr'><strong>Claudius</strong></span> <span class='ocrx_word' id='word_1_731' title='bbox 1511 5260 1941 5335; x_wconf 76' lang='lat' dir='ltr'><strong>sumpsit._Vide,</strong></span> 
     </span>
    </p>
   </div>
   <div class='ocr_carea' id='block_1_96' title="bbox 368 5330 1936 5402">
    <p class='ocr_par' dir='ltr' id='par_1_96' title="bbox 368 5330 1936 5402">
     <span class='ocr_line' id='line_1_96' title="bbox 368 5330 1936 5402; baseline -0.001 -19"><span class='ocrx_word' id='word_1_732' title='bbox 368 5330 611 5402; x_wconf 76' lang='lat' dir='ltr'><strong>obsecro,</strong></span> <span class='ocrx_word' id='word_1_733' title='bbox 642 5350 781 5402; x_wconf 72' lang='lat' dir='ltr'><strong>quae</strong></span> <span class='ocrx_word' id='word_1_734' title='bbox 817 5330 980 5389; x_wconf 71' lang='lat' dir='ltr'><strong>tradit</strong></span> <span class='ocrx_word' id='word_1_735' title='bbox 1023 5330 1122 5388; x_wconf 78' lang='lat' dir='ltr'><strong>ille</strong></span> <span class='ocrx_word' id='word_1_736' title='bbox 1142 5331 1236 5388; x_wconf 90' lang='lat' dir='ltr'><strong>lib.</strong></span> <span class='ocrx_word' id='word_1_737' title='bbox 1285 5348 1382 5386; x_wconf 86' lang='lat' dir='ltr'><strong>vm</strong></span> <span class='ocrx_word' id='word_1_738' title='bbox 1430 5330 1712 5386; x_wconf 84' lang='lat' dir='ltr'><strong>Moralium</strong></span> <span class='ocrx_word' id='word_1_739' title='bbox 1765 5330 1936 5402; x_wconf 76' lang='grc' dir='ltr'>[ιιιιιιι.</span> 
     </span>
    </p>
   </div>
   <div class='ocr_carea' id='block_1_97' title="bbox 366 5398 1022 5477">
    <p class='ocr_par' dir='ltr' id='par_1_97' title="bbox 366 5398 1022 5477">
     <span class='ocr_line' id='line_1_97' title="bbox 366 5398 1022 5477; baseline 0.005 -24"><span class='ocrx_word' id='word_1_740' title='bbox 366 5400 453 5462; x_wconf 70' lang='grc'><strong>48,</strong></span> <span class='ocrx_word' id='word_1_741' title='bbox 478 5418 597 5477; x_wconf 59' lang='lat' dir='ltr'><strong>cap.</strong></span> <span class='ocrx_word' id='word_1_742' title='bbox 625 5398 719 5470; x_wconf 67' lang='lat'><strong>99,</strong></span> <span class='ocrx_word' id='word_1_743' title='bbox 747 5402 1022 5477; x_wconf 57' lang='lat' dir='ltr'><strong>alias&#39;l7j.</strong></span> 
     </span>
    </p>
   </div>
   <div class='ocr_carea' id='block_1_98' title="bbox 440 5471 1551 5543">
    <p class='ocr_par' dir='ltr' id='par_1_98' title="bbox 440 5471 1551 5543">
     <span class='ocr_line' id='line_1_98' title="bbox 440 5471 1551 5543; baseline -0.002 -16"><span class='ocrx_word' id='word_1_744' title='bbox 440 5483 460 5543; x_wconf 66' lang='grc' dir='ltr'><strong>(ξ</strong></span> <span class='ocrx_word' id='word_1_745' title='bbox 499 5471 664 5543; x_wconf 57' lang='lat' dir='ltr'><strong>ﬁdit,</strong></span> <span class='ocrx_word' id='word_1_746' title='bbox 693 5471 1056 5530; x_wconf 58' lang='lat' dir='ltr'><strong>concutitufet</strong></span> <span class='ocrx_word' id='word_1_747' title='bbox 1083 5490 1207 5532; x_wconf 79' lang='lat' dir='ltr'><strong>mox</strong></span> <span class='ocrx_word' id='word_1_748' title='bbox 1238 5494 1248 5528; x_wconf 89' lang='lat'><strong>:</strong></span> <span class='ocrx_word' id='word_1_749' title='bbox 1275 5471 1551 5543; x_wconf 78' lang='lat' dir='ltr'><strong>gloriatur.</strong></span> 
     </span>
    </p>
   </div>
   <div class='ocr_carea' id='block_1_99' title="bbox 435 5540 885 5610">
    <p class='ocr_par' dir='ltr' id='par_1_99' title="bbox 435 5540 885 5610">
     <span class='ocr_line' id='line_1_99' title="bbox 435 5540 885 5610; baseline 0.013 -17"><span class='ocrx_word' id='word_1_750' title='bbox 435 5540 460 5579; x_wconf 74' lang='grc' dir='ltr'>ἀ</span> <span class='ocrx_word' id='word_1_751' title='bbox 505 5541 572 5610; x_wconf 65' lang='lat' dir='ltr'><strong>Et</strong></span> <span class='ocrx_word' id='word_1_752' title='bbox 603 5543 885 5610; x_wconf 83' lang='lat' dir='ltr'><strong>ﬁrmitatis.</strong></span> 
     </span>
    </p>
   </div>
   <div class='ocr_carea' id='block_1_100' title="bbox 446 5609 822 5679">
    <p class='ocr_par' dir='ltr' id='par_1_100' title="bbox 446 5609 822 5679">
     <span class='ocr_line' id='line_1_100' title="bbox 446 5609 822 5679; baseline 0.005 -17"><span class='ocrx_word' id='word_1_753' title='bbox 446 5621 468 5679; x_wconf 59' lang='lat' dir='ltr'><strong>ef</strong></span> <span class='ocrx_word' id='word_1_754' title='bbox 515 5609 822 5679; x_wconf 52' lang='lat' dir='ltr'><strong>Largitatis.</strong></span> 
     </span>
    </p>
   </div>
   <div class='ocr_carea' id='block_1_101' title="bbox 446 5675 701 5733">
    <p class='ocr_par' dir='ltr' id='par_1_101' title="bbox 446 5675 701 5733">
     <span class='ocr_line' id='line_1_101' title="bbox 446 5675 701 5733; baseline -0.016 0"><span class='ocrx_word' id='word_1_755' title='bbox 446 5676 466 5718; x_wconf 80' lang='grc'><strong><em>¹</em></strong></span> <span class='ocrx_word' id='word_1_756' title='bbox 514 5675 701 5733; x_wconf 67' lang='lat' dir='ltr'><strong>Unam.</strong></span> 
     </span>
    </p>
   </div>
   <div class='ocr_carea' id='block_1_102' title="bbox 2053 4537 3632 4605">
    <p class='ocr_par' dir='ltr' id='par_1_102' title="bbox 2053 4537 3632 4605">
     <span class='ocr_line' id='line_1_102' title="bbox 2053 4537 3632 4605; baseline -0.003 -11"><span class='ocrx_word' id='word_1_757' title='bbox 2053 4546 2311 4594; x_wconf 76' lang='lat' dir='ltr'><strong>excusent</strong></span> <span class='ocrx_word' id='word_1_758' title='bbox 2332 4537 2493 4600; x_wconf 87' lang='lat' dir='ltr'><strong>mala,</strong></span> <span class='ocrx_word' id='word_1_759' title='bbox 2525 4551 2644 4604; x_wconf 63' lang='lat' dir='ltr'><strong>quae</strong></span> <span class='ocrx_word' id='word_1_760' title='bbox 2672 4544 2858 4605; x_wconf 87' lang='lat' dir='ltr'><strong>agunt,</strong></span> <span class='ocrx_word' id='word_1_761' title='bbox 2889 4543 2944 4589; x_wconf 89' lang='lat' dir='ltr'><strong>et</strong></span> <span class='ocrx_word' id='word_1_762' title='bbox 2985 4537 3139 4605; x_wconf 88' lang='lat' dir='ltr'><strong>quasi</strong></span> <span class='ocrx_word' id='word_1_763' title='bbox 3172 4551 3270 4604; x_wconf 88' lang='lat' dir='ltr'><strong>per</strong></span> <span class='ocrx_word' id='word_1_764' title='bbox 3296 4537 3632 4591; x_wconf 88' lang='lat' dir='ltr'><strong>subditorum</strong></span> 
     </span>
    </p>
   </div>
   <div class='ocr_carea' id='block_1_103' title="bbox 2053 4629 3634 4701">
    <p class='ocr_par' dir='ltr' id='par_1_103' title="bbox 2053 4629 3634 4701">
     <span class='ocr_line' id='line_1_103' title="bbox 2053 4629 3634 4701; baseline -0.004 -13"><span class='ocrx_word' id='word_1_765' title='bbox 2053 4636 2242 4696; x_wconf 89' lang='lat' dir='ltr'><strong>vitam,</strong></span> <span class='ocrx_word' id='word_1_766' title='bbox 2269 4631 2608 4686; x_wconf 86' lang='lat' dir='ltr'><strong>mortiferam</strong></span> <span class='ocrx_word' id='word_1_767' title='bbox 2641 4638 2825 4701; x_wconf 85' lang='lat' dir='ltr'><strong>tegant</strong></span> <span class='ocrx_word' id='word_1_768' title='bbox 2861 4629 3261 4700; x_wconf 83' lang='lat' dir='ltr'><strong>negligentiam.</strong></span> <span class='ocrx_word' id='word_1_769' title='bbox 3297 4630 3453 4686; x_wconf 89' lang='lat' dir='ltr'><strong>Unde</strong></span> <span class='ocrx_word' id='word_1_770' title='bbox 3483 4641 3539 4684; x_wconf 89' lang='lat' dir='ltr'><strong>et</strong></span> <span class='ocrx_word' id='word_1_771' title='bbox 3575 4631 3634 4684; x_wconf 82' lang='lat' dir='ltr'><strong>il-</strong></span> 
     </span>
    </p>
   </div>
   <div class='ocr_carea' id='block_1_104' title="bbox 2055 4721 3634 4794">
    <p class='ocr_par' dir='ltr' id='par_1_104' title="bbox 2055 4721 3634 4794">
     <span class='ocr_line' id='line_1_104' title="bbox 2055 4721 3634 4794; baseline -0.005 -15"><span class='ocrx_word' id='word_1_772' title='bbox 2055 4727 2124 4780; x_wconf 86' lang='lat' dir='ltr'><strong>lic</strong></span> <span class='ocrx_word' id='word_1_773' title='bbox 2153 4725 2366 4789; x_wconf 89' lang='lat' dir='ltr'><strong>mulier,</strong></span> <span class='ocrx_word' id='word_1_774' title='bbox 2400 4739 2520 4794; x_wconf 64' lang='lat' dir='ltr'><strong>quae</strong></span> <span class='ocrx_word' id='word_1_775' title='bbox 2547 4722 2712 4776; x_wconf 88' lang='lat' dir='ltr'><strong>ﬁlium</strong></span> <span class='ocrx_word' id='word_1_776' title='bbox 2747 4722 3006 4776; x_wconf 76' lang='lat' dir='ltr'><strong>exstinxit</strong></span> <span class='ocrx_word' id='word_1_777' title='bbox 3041 4721 3339 4791; x_wconf 81' lang='lat' dir='ltr'><strong>proprium,</strong></span> <span class='ocrx_word' id='word_1_778' title='bbox 3385 4721 3634 4790; x_wconf 67' lang='lat' dir='ltr'><strong>quttsivit</strong></span> 
     </span>
    </p>
   </div>
   <div class='ocr_carea' id='block_1_105' title="bbox 2055 4812 3633 4882">
    <p class='ocr_par' dir='ltr' id='par_1_105' title="bbox 2055 4812 3633 4882">
     <span class='ocr_line' id='line_1_105' title="bbox 2055 4812 3633 4882; baseline -0.004 -11"><span class='ocrx_word' id='word_1_779' title='bbox 2055 4818 2290 4872; x_wconf 87' lang='lat' dir='ltr'><strong>alienum</strong></span> <span class='ocrx_word' id='word_1_780' title='bbox 2319 4832 2332 4868; x_wconf 87' lang='lat'>:</span> <span class='ocrx_word' id='word_1_781' title='bbox 2377 4815 2471 4870; x_wconf 86' lang='lat' dir='ltr'><strong>sed</strong></span> <span class='ocrx_word' id='word_1_782' title='bbox 2503 4823 2679 4867; x_wconf 90' lang='lat' dir='ltr'><strong>tamen</strong></span> <span class='ocrx_word' id='word_1_783' title='bbox 2709 4828 2892 4865; x_wconf 86' lang='lat' dir='ltr'><strong>veram</strong></span> <span class='ocrx_word' id='word_1_784' title='bbox 2924 4820 3150 4866; x_wconf 89' lang='lat' dir='ltr'><strong>matrem</strong></span> <span class='ocrx_word' id='word_1_785' title='bbox 3186 4812 3497 4866; x_wconf 87' lang='lat' dir='ltr'><strong>Salomonis</strong></span> <span class='ocrx_word' id='word_1_786' title='bbox 3520 4812 3633 4882; x_wconf 82' lang='lat' dir='ltr'><strong>gla-</strong></span> 
     </span>
    </p>
   </div>
   <div class='ocr_carea' id='block_1_106' title="bbox 2055 4901 3630 4974">
    <p class='ocr_par' dir='ltr' id='par_1_106' title="bbox 2055 4901 3630 4974">
     <span class='ocr_line' id='line_1_106' title="bbox 2055 4901 3630 4974; baseline -0.006 -10"><span class='ocrx_word' id='word_1_787' title='bbox 2055 4909 2176 4964; x_wconf 91' lang='lat' dir='ltr'><strong>dius</strong></span> <span class='ocrx_word' id='word_1_788' title='bbox 2214 4907 2437 4969; x_wconf 89' lang='lat' dir='ltr'><strong>invenit,</strong></span> <span class='ocrx_word' id='word_1_789' title='bbox 2479 4904 2602 4974; x_wconf 89' lang='lat' dir='ltr'><strong>quia</strong></span> <span class='ocrx_word' id='word_1_790' title='bbox 2634 4902 2883 4957; x_wconf 87' lang='lat' dir='ltr'><strong>videlicct</strong></span> <span class='ocrx_word' id='word_1_791' title='bbox 2909 4901 3061 4970; x_wconf 90' lang='lat' dir='ltr'><strong>cujus</strong></span> <span class='ocrx_word' id='word_1_792' title='bbox 3105 4901 3312 4956; x_wconf 80' lang='lat' dir='ltr'><strong>fructus</strong></span> <span class='ocrx_word' id='word_1_793' title='bbox 3352 4903 3521 4966; x_wconf 89' lang='lat' dir='ltr'><strong>vivat,</strong></span> <span class='ocrx_word' id='word_1_794' title='bbox 3549 4903 3630 4957; x_wconf 87' lang='lat' dir='ltr'><strong>vel</strong></span> 
     </span>
    </p>
   </div>
   <div class='ocr_carea' id='block_1_107' title="bbox 2051 4992 3625 5066">
    <p class='ocr_par' dir='ltr' id='par_1_107' title="bbox 2051 4992 3625 5066">
     <span class='ocr_line' id='line_1_107' title="bbox 2051 4992 3625 5066; baseline -0.004 -13"><span class='ocrx_word' id='word_1_795' title='bbox 2051 4996 2204 5066; x_wconf 89' lang='lat' dir='ltr'><strong>cujus</strong></span> <span class='ocrx_word' id='word_1_796' title='bbox 2231 4997 2484 5059; x_wconf 87' lang='lat' dir='ltr'><strong>intereat,</strong></span> <span class='ocrx_word' id='word_1_797' title='bbox 2508 4994 2568 5048; x_wconf 85' lang='lat' dir='ltr'><strong>in</strong></span> <span class='ocrx_word' id='word_1_798' title='bbox 2609 5001 2856 5048; x_wconf 83' lang='lat' dir='ltr'><strong>extremo</strong></span> <span class='ocrx_word' id='word_1_799' title='bbox 2885 4993 3136 5048; x_wconf 84' lang='lat' dir='ltr'><strong>examine</strong></span> <span class='ocrx_word' id='word_1_800' title='bbox 3163 4993 3241 5047; x_wconf 90' lang='lat' dir='ltr'><strong>ira</strong></span> <span class='ocrx_word' id='word_1_801' title='bbox 3271 4993 3507 5048; x_wconf 87' lang='lat' dir='ltr'><strong>districti</strong></span> <span class='ocrx_word' id='word_1_802' title='bbox 3541 4992 3625 5060; x_wconf 89' lang='lat' dir='ltr'><strong>ju-</strong></span> 
     </span>
    </p>
   </div>
   <div class='ocr_carea' id='block_1_108' title="bbox 2126 5133 2406 5203">
    <p class='ocr_par' dir='ltr' id='par_1_108' title="bbox 2126 5133 2406 5203">
     <span class='ocr_line' id='line_1_108' title="bbox 2126 5133 2406 5203; baseline -0.014 -16"><span class='ocrx_word' id='word_1_803' title='bbox 2126 5137 2150 5176; x_wconf 72' lang='grc' dir='ltr'><strong><em>Β</em></strong></span> <span class='ocrx_word' id='word_1_804' title='bbox 2189 5133 2406 5203; x_wconf 85' lang='lat' dir='ltr'><strong>Raptus.</strong></span> 
     </span>
    </p>
   </div>
   <div class='ocr_carea' id='block_1_109' title="bbox 2122 5203 2485 5257">
    <p class='ocr_par' dir='ltr' id='par_1_109' title="bbox 2122 5203 2485 5257">
     <span class='ocr_line' id='line_1_109' title="bbox 2122 5203 2485 5257; baseline -0.011 1"><span class='ocrx_word' id='word_1_805' title='bbox 2122 5207 2147 5246; x_wconf 66' lang='grc' dir='ltr'><strong>ιι</strong></span> <span class='ocrx_word' id='word_1_806' title='bbox 2188 5203 2485 5257; x_wconf 82' lang='lat' dir='ltr'><strong>Datianem.</strong></span> 
     </span>
    </p>
   </div>
   <div class='ocr_carea' id='block_1_110' title="bbox 2130 5267 3629 5339">
    <p class='ocr_par' dir='ltr' id='par_1_110' title="bbox 2130 5267 3629 5339">
     <span class='ocr_line' id='line_1_110' title="bbox 2130 5267 3629 5339; baseline -0.005 -11"><span class='ocrx_word' id='word_1_807' title='bbox 2130 5280 2142 5315; x_wconf 71' lang='grc' dir='ltr'><strong>ί</strong></span> <span class='ocrx_word' id='word_1_808' title='bbox 2217 5273 2489 5328; x_wconf 84' lang='lat' dir='ltr'><strong>Hactenus</strong></span> <span class='ocrx_word' id='word_1_809' title='bbox 2535 5269 2803 5335; x_wconf 83' lang='lat' dir='ltr'><strong>Paterius,</strong></span> <span class='ocrx_word' id='word_1_810' title='bbox 2859 5271 3090 5339; x_wconf 77' lang='lat' dir='ltr'><strong>Ideoque</strong></span> <span class='ocrx_word' id='word_1_811' title='bbox 3135 5267 3451 5339; x_wconf 80' lang='lat' dir='ltr'><strong>Gregorius.</strong></span> <span class='ocrx_word' id='word_1_812' title='bbox 3502 5268 3629 5334; x_wconf 62' lang='lat' dir='ltr'><strong>Quae</strong></span> 
     </span>
    </p>
   </div>
   <div class='ocr_carea' id='block_1_111' title="bbox 2048 5338 3623 5414">
    <p class='ocr_par' dir='ltr' id='par_1_111' title="bbox 2048 5338 3623 5414">
     <span class='ocr_line' id='line_1_111' title="bbox 2048 5338 3623 5414; baseline -0.009 -12"><span class='ocrx_word' id='word_1_813' title='bbox 2048 5348 2469 5414; x_wconf 84' lang='lat' dir='ltr'><strong>subsequuntur,</strong></span> <span class='ocrx_word' id='word_1_814' title='bbox 2476 5356 2560 5414; x_wconf 55' lang='grc' dir='ltr'><strong>εει</strong></span> <span class='ocrx_word' id='word_1_815' title='bbox 2596 5339 2801 5414; x_wconf 68' lang='lat' dir='ltr'><strong>Isidorp</strong></span> <span class='ocrx_word' id='word_1_816' title='bbox 2829 5341 3018 5396; x_wconf 89' lang='lat' dir='ltr'><strong>didicit</strong></span> <span class='ocrx_word' id='word_1_817' title='bbox 3037 5338 3314 5394; x_wconf 82' lang='lat' dir='ltr'><strong>Claudius.</strong></span> <span class='ocrx_word' id='word_1_818' title='bbox 3337 5338 3472 5393; x_wconf 72' lang='lat' dir='ltr'><strong>Vide</strong></span> <span class='ocrx_word' id='word_1_819' title='bbox 3509 5352 3623 5408; x_wconf 66' lang='lat' dir='ltr'><strong>cap.</strong></span> 
     </span>
    </p>
   </div>
   <div class='ocr_carea' id='block_1_112' title="bbox 2047 5409 2810 5481">
    <p class='ocr_par' dir='ltr' id='par_1_112' title="bbox 2047 5409 2810 5481">
     <span class='ocr_line' id='line_1_112' title="bbox 2047 5409 2810 5481; baseline -0.009 -10"><span class='ocrx_word' id='word_1_820' title='bbox 2047 5435 2102 5472; x_wconf 84' lang='grc' dir='ltr'><strong>ιιι</strong></span> <span class='ocrx_word' id='word_1_821' title='bbox 2151 5409 2273 5469; x_wconf 76' lang='lat' dir='ltr'><strong>libri</strong></span> <span class='ocrx_word' id='word_1_822' title='bbox 2297 5412 2445 5467; x_wconf 87' lang='lat' dir='ltr'><strong>tertii</strong></span> <span class='ocrx_word' id='word_1_823' title='bbox 2476 5411 2607 5481; x_wconf 80' lang='lat' dir='ltr'><strong>Reg.</strong></span> <span class='ocrx_word' id='word_1_824' title='bbox 2640 5425 2691 5462; x_wconf 88' lang='lat' dir='ltr'><strong>v.</strong></span> <span class='ocrx_word' id='word_1_825' title='bbox 2723 5409 2810 5464; x_wconf 82' lang='lat' dir='ltr'><strong>l7.</strong></span> 
     </span>
    </p>
   </div>
   <div class='ocr_carea' id='block_1_113' title="bbox 2120 5477 3271 5546">
    <p class='ocr_par' dir='ltr' id='par_1_113' title="bbox 2120 5477 3271 5546">
     <span class='ocr_line' id='line_1_113' title="bbox 2120 5477 3271 5546; baseline -0.006 -10"><span class='ocrx_word' id='word_1_826' title='bbox 2120 5485 2131 5536; x_wconf 86' lang='lat' dir='ltr'><strong>i</strong></span> <span class='ocrx_word' id='word_1_827' title='bbox 2177 5486 2231 5539; x_wconf 90' lang='lat' dir='ltr'><strong>In</strong></span> <span class='ocrx_word' id='word_1_828' title='bbox 2258 5484 2412 5546; x_wconf 90' lang='lat' dir='ltr'><strong>edit.,</strong></span> <span class='ocrx_word' id='word_1_829' title='bbox 2446 5481 2547 5534; x_wconf 82' lang='lat' dir='ltr'><strong>nisi</strong></span> <span class='ocrx_word' id='word_1_830' title='bbox 2563 5477 2641 5532; x_wconf 41' lang='grc' dir='ltr'>*ιιι</span> <span class='ocrx_word' id='word_1_831' title='bbox 2666 5489 2973 5546; x_wconf 83' lang='lat' dir='ltr'><strong>reservaret,</strong></span> <span class='ocrx_word' id='word_1_832' title='bbox 2994 5481 3089 5534; x_wconf 87' lang='lat' dir='ltr'><strong>sed</strong></span> <span class='ocrx_word' id='word_1_833' title='bbox 3113 5477 3271 5532; x_wconf 85' lang='lat' dir='ltr'><strong>male.</strong></span> 
     </span>
    </p>
   </div>
   <div class='ocr_carea' id='block_1_114' title="bbox 2121 5548 3162 5622">
    <p class='ocr_par' dir='ltr' id='par_1_114' title="bbox 2121 5548 3162 5622">
     <span class='ocr_line' id='line_1_114' title="bbox 2121 5548 3162 5622; baseline -0.005 -16"><span class='ocrx_word' id='word_1_834' title='bbox 2121 5559 2142 5595; x_wconf 71' lang='grc' dir='ltr'><strong>ιι</strong></span> <span class='ocrx_word' id='word_1_835' title='bbox 2189 5553 2494 5622; x_wconf 78' lang='lat' dir='ltr'><strong>Diripicntc,</strong></span> <span class='ocrx_word' id='word_1_836' title='bbox 2520 5549 2626 5622; x_wconf 73' lang='lat' dir='ltr'><strong>sed</strong></span> <span class='ocrx_word' id='word_1_837' title='bbox 2644 5550 2744 5604; x_wconf 89' lang='lat' dir='ltr'><strong>hoc</strong></span> <span class='ocrx_word' id='word_1_838' title='bbox 2767 5563 2980 5619; x_wconf 87' lang='lat' dir='ltr'><strong>quoque</strong></span> <span class='ocrx_word' id='word_1_839' title='bbox 3004 5548 3162 5622; x_wconf 59' lang='lat' dir='ltr'><strong>male.</strong></span> 
     </span>
    </p>
   </div>
   <div class='ocr_carea' id='block_1_115' title="bbox 2127 5609 3624 5688">
    <p class='ocr_par' dir='ltr' id='par_1_115' title="bbox 2127 5609 3624 5688">
     <span class='ocr_line' id='line_1_115' title="bbox 2127 5609 3624 5688; baseline -0.007 -11"><span class='ocrx_word' id='word_1_840' title='bbox 2127 5627 2141 5664; x_wconf 79' lang='grc' dir='ltr'><strong>ι</strong></span> <span class='ocrx_word' id='word_1_841' title='bbox 2189 5609 2392 5677; x_wconf 75' lang='lat' dir='ltr'><strong>Rursus</strong></span> <span class='ocrx_word' id='word_1_842' title='bbox 2418 5609 2558 5675; x_wconf 85' lang='lat' dir='ltr'><strong>redit</strong></span> <span class='ocrx_word' id='word_1_843' title='bbox 2598 5609 2864 5685; x_wconf 82' lang='lat' dir='ltr'><strong>Paterius,</strong></span> <span class='ocrx_word' id='word_1_844' title='bbox 2896 5609 2997 5675; x_wconf 54' lang='lat' dir='ltr'><strong>&#39;seu</strong></span> <span class='ocrx_word' id='word_1_845' title='bbox 3029 5618 3345 5688; x_wconf 82' lang='lat' dir='ltr'><strong>Gregorius.</strong></span> <span class='ocrx_word' id='word_1_846' title='bbox 3378 5632 3523 5671; x_wconf 91' lang='lat' dir='ltr'><strong>num.</strong></span> <span class='ocrx_word' id='word_1_847' title='bbox 3563 5609 3624 5668; x_wconf 80' lang='lat' dir='ltr'><strong>l5</strong></span> 
     </span>
    </p>
   </div>
   <div class='ocr_carea' id='block_1_116' title="bbox 2049 5687 3472 5760">
    <p class='ocr_par' dir='ltr' id='par_1_116' title="bbox 2049 5687 3472 5760">
     <span class='ocr_line' id='line_1_116' title="bbox 2049 5687 3472 5760; baseline -0.008 -7"><span class='ocrx_word' id='word_1_848' title='bbox 2049 5707 2103 5753; x_wconf 88' lang='lat' dir='ltr'><strong>et</strong></span> <span class='ocrx_word' id='word_1_849' title='bbox 2136 5697 2194 5750; x_wconf 86' lang='lat' dir='ltr'><strong>l7</strong></span> <span class='ocrx_word' id='word_1_850' title='bbox 2221 5694 2314 5750; x_wconf 92' lang='lat' dir='ltr'><strong>lib.</strong></span> <span class='ocrx_word' id='word_1_851' title='bbox 2342 5707 2476 5748; x_wconf 61' lang='grc' dir='ltr'>χχιιι</span> <span class='ocrx_word' id='word_1_852' title='bbox 2509 5690 2786 5747; x_wconf 83' lang='lat' dir='ltr'><strong>Moralium</strong></span> <span class='ocrx_word' id='word_1_853' title='bbox 2810 5687 3188 5760; x_wconf 85' lang='lat' dir='ltr'><strong>subsequentia</strong></span> <span class='ocrx_word' id='word_1_854' title='bbox 3235 5689 3472 5744; x_wconf 80' lang='lat' dir='ltr'><strong>tradens.</strong></span> 
     </span>
    </p>
   </div>
  </div>
