3924 6170
306 339 412 394 79,5
943 323 1406 398 QUAESTIONES
1444 319 1592 378 XXX
1635 319 1865 378 SUPER
1899 316 2150 373 LIBROS
2190 314 2457 372 REGUM.
2494 345 2565 358 —-
2605 316 2809 371 LIBER
2849 316 2934 372 lll.
3475 321 3577 375 7‘26

297 450 435 509 dicis
450 449 802 504 demonstrat.
831 439 936 497 Ubi
952 448 1008 495 et
1027 439 1159 495 illud
1179 445 1265 494 est
1291 436 1523 493 solerter
1542 431 1881 497 intuendum,
1912 432 1965 492 Α
1993 440 2018 469 ο
2050 429 2311 499 disputat,
2339 428 2467 499 quia
2506 443 2801 499 pravorum
2828 431 3016 496 corda,
3044 438 3100 487 et
3120 424 3406 487 humilium
3429 433 3576 505 judi-

297 539 444 612 quod
476 535 661 590 vivens
704 530 848 586 ﬁlius
885 530 1041 602 prius
1074 528 1242 584 dividi
1282 524 1616 596 praccipitur,
1673 530 1734 577 ut
1784 520 1885 612 soli
1985 518 2300 612 cat.ASuper
2322 519 2466 590 ligna
2484 528 2663 612 autem
2687 520 2996 592 disputavit,
3030 521 3157 577 dum
3186 524 3242 578 in
3284 534 3447 580 cruce
3469 542 3570 597 pe-

294 609 641 701 postmodum
678 621 842 678 matri
874 621 1173 676 reddatur:
1205 617 1332 688 quia
1365 616 1421 671 in
1451 616 1555 670 hac
1594 614 1703 668 vita
1729 610 1884 682 quasi
1985 609 2191 701 pendit.
2222 610 2375 666 Tunc
2406 610 2551 665 enim
2583 612 2636 666 in
2671 612 2857 677 cedro,
2885 613 3066 669 saeculi
3098 617 3470 689 arrogantiam
3501 617 3579 670 in-

294 718 491 791 partiri
517 712 837 772 conceditur
881 711 990 767 vita
1027 708 1296 780 discipuli,
1340 709 1466 763 dum
1500 719 1567 762 cx
1615 704 1704 759 illa
1754 717 1887 758 non-

295 820 579 878 nunquam
633 803 770 858 alter
826 802 968 874 apud
1017 799 1187 856 Deum
1241 797 1513 860 meritum,
1573 794 1711 850 alter
1755 807 1884 848 vero

292 899 438 972 apud
468 895 717 953 homines
747 893 962 949 laudem
994 892 1195 947 habere
1221 889 1575 960 permittitur.
1607 885 1715 942 Sed
1750 885 1886 941 falsa

290 998 491 1053 mater,
523 1000 668 1052 eum,
711 999 871 1055 quem
909 999 1014 1040 non
1047 983 1251 1054 genuit,
1294 980 1471 1037 occidi
1498 995 1607 1035 non
1656 977 1880 1044 metuit;

290 1080 422 1151 quia
442 1081 765 1148 arrogantes
791 1073 1060 1145 magistri,
1098 1079 1153 1127 et
1183 1070 1431 1126 caritatis
1470 1068 1667 1140 ignari,
1695 1068 1739 1123 si
1766 1066 1883 1138 ple-

290 1168 581 1236 nissimum
618 1178 819 1219 nomen
855 1161 1033 1218 laudis
1067 1176 1135 1217 ex
1163 1159 1355 1215 alienis
1380 1157 1660 1228 discipulis
1688 1171 1881 1213 conse—

288 1261 387 1333 qui
430 1264 726 1329 nequeunt,
753 1270 941 1311 eorum
968 1255 1136 1309 vitam
1166 1252 1461 1309 crudeliter
1501 1252 1879 1321 insequuntur.

287 1350 509 1407 invidias
534 1346 680 1404 enim
706 1345 824 1403 face
845 1344 1113 1413 succensi,
1145 1344 1337 1400 nolunt
1374 1343 1497 1398 aliis
1519 1342 1720 1408 vivere,
1745 1356 1884 1413 quos

288 1440 635 1516 conspiciunt
664 1452 725 1494 se
762 1452 869 1492 non
906 1450 1065 1507 posse
1107 1434 1408 1505 possidere.
1474 1432 1629 1490 Unde
1676 1440 1731 1487 et
1773 1432 1884 1488 illic

288 1545 548 1605 perversa
569 1528 764 1585 mulier
789 1527 989 1584 clamat
1031 1526 1186 1597 (vers.
1224 1524 1317 1597 26)
1346 1543 1360 1579 :
1391 1541 1482 1580 nec
1503 1540 1650 1579 meus
1675 1524 1764 1590 sit,
1791 1540 1883 1579 nec

285 1624 467 1680 istius.
504 1621 577 1679 Ut
602 1621 748 1677 enim
792 1620 1050 1686 diximus,
1094 1633 1235 1688 quos
1265 1616 1369 1673 sibi
1397 1616 1622 1686 obsequi
1660 1631 1770 1672 non
1797 1615 1882 1670 vi-

288 1718 441 1781 dent,
481 1714 550 1769 ad
576 1712 803 1785 gloriam
847 1710 1221 1780 temporalem,
1255 1723 1352 1764 eos
1378 1707 1500 1763 aliis
1536 1707 1779 1762 invident
1801 1706 1883 1761 vi-

1984 699 2423 776 clinavithquam
2461 701 2629 756 etiam
2665 701 2734 756 ad
2759 702 2978 773 hyssopi
2996 702 3382 771 humilitatem,
3415 705 3469 761 id
3493 715 3580 760 est

1980 804 2155 860 usque
2183 789 2254 844 ad
2277 790 2458 845 crucis
2481 789 2792 858 stultitiam,
2820 804 2885 848 ac
2916 793 3380 864 contemptibilem
3411 793 3573 851 ﬁdem

1982 878 2225 936 deduxit.
2258 898 2277 933 ι
3164 904 3168 911 ς

2054 965 2249 1039 (σαρκί
2288 968 2370 1041 ν.)
2411 966 2672 1040 Sequitur
2703 969 2726 1009 τ
2755 970 2953 1029 dehinc
2989 972 3257 1029 historia:
3301 990 3322 1025 ι
3354 974 3573 1044 quando

1984 1056 2245 1114 Salomon
2289 1058 2663 1117 aediﬁcaturus
2706 1060 2928 1119 domum
2980 1064 3237 1133 Domino,
3295 1067 3575 1137 quaesierit

1979 1151 2245 1218 auxilium
2285 1154 2355 1209 ab
2383 1153 2572 1209 Hiram
2593 1169 2723 1226 rege
2768 1155 2919 1229 Tyri,
2956 1157 3051 1228 qui
3082 1167 3204 1214 erat
3230 1158 3439 1215 amicus
3465 1160 3575 1215 Dai-

1980 1244 2072 1300 vid
2097 1244 2534 1317 omnitempore,
2579 1254 2637 1302 et
2672 1261 2797 1302 cum
2837 1247 2954 1318 ipso
2999 1263 3215 1320 quoque
3258 1249 3571 1317 Salomone,

1981 1323 2269 1409 postquam
2294 1350 2464 1409 regno
2488 1337 2692 1408 potitus
2720 1345 2825 1404 est,
2856 1353 3047 1409 pacem
3091 1340 3293 1396 habere
3314 1342 3429 1413 jam
3459 1356 3576 1398 cm-

1980 1434 2157 1499 perat,
2174 1437 2590 1500 promptumque
2604 1444 2730 1486 mox
2744 1428 3000 1487 Salomon
3026 1432 3096 1487 ad
3108 1430 3470 1503 adiuvandum
3493 1447 3569 1496 sc,

1983 1520 2039 1575 in
2064 1521 2316 1578 omnibus
2343 1520 2461 1591 ejus
2490 1521 2760 1578 invenerit
2804 1522 3066 1593 animum,
3119 1524 3193 1579 ita
3228 1534 3289 1580 ut
3337 1525 3572 1581 artiﬁces

1983 1610 2080 1677 illi,
2114 1619 2167 1667 et
2195 1610 2364 1681 ligna,
2392 1620 2449 1667 et
2487 1627 2702 1679 aurum,
2731 1621 2894 1683 prout
2919 1620 3058 1684 opus
3103 1616 3360 1682 habebat,
3405 1617 3567 1673 dede-

1983 1703 2091 1757 rit:
2143 1701 2298 1777 cujus
2349 1701 2600 1759 beneﬁcii
2646 1704 2822 1776 gratia
2860 1703 3119 1760 Salomon
3165 1705 3215 1760 ei
3258 1721 3359 1776 per
3402 1719 3571 1762 annos

289 1779 434 1863 verer
459 1820 559 1876 per
580 1779 905 1858 vveritatem.
932 1779 1073 1857 liera
1121 1807 1304 1855 autem
1341 1806 1519 1855 mater
1556 1798 1776 1869 satagit,
1815 1804 1877 1852 ut
1903 1779 1951 1840 Β
1979 1794 2219 1867 singulos
2237 1795 2501 1867 plurimos
2526 1795 2716 1863 tritici,
2741 1808 2797 1853 et
2819 1796 2923 1854 olei
2950 1798 3149 1853 choros
3178 1796 3233 1852 in
3256 1797 3440 1873 cibum
3475 1798 3572 1853 do-

289 1896 410 1966 ejus
446 1894 592 1950 illius
617 1893 799 1950 saltim
825 1892 969 1962 apud
996 1900 1312 1947 extraneam
1335 1890 1429 1957 sit,
1449 1898 1507 1945 et
1527 1889 1708 1956 vivat;
1742 1888 1872 1960 quia
1974 1887 2087 1942 mui
2117 1884 2234 1957 ejus
2257 1887 2439 1942 dabat.
2473 1884 2616 1942 Nulli
2646 1893 2829 1942 autem
2857 1887 3098 1952 dubium,
3115 1884 3569 1958 quod‘Salomon,

287 1986 598 2042 concedunt
617 1997 842 2040 veraces
869 1982 1139 2054 magistri,
1178 1989 1242 2036 ut
1265 1996 1331 2036 ex
1371 1994 1561 2036 eorum
1597 1979 1877 2050 discipulis

289 2079 383 2133 alii
410 2076 629 2149 quidem
658 2075 956 2147 magisterii
981 2074 1197 2130 laudem
1216 2073 1488 2138 habeant;
1521 2072 1567 2128 si
1593 2080 1773 2129 tamen
1800 2072 1877 2126 in-

290 2172 601 2244 tegritatem
631 2168 756 2223 vitae
798 2166 962 2222 iidem
1009 2163 1279 2243 discipuli
1306 2179 1414 2218 non
1461 2164 1734 2229 amittant,
1778 2177 1879 2232 per

286 2277 411 2332 qua:
437 2258 658 2331 pietatis
690 2258 925 2320 viscera,
954 2255 1073 2310 haec
1099 2254 1293 2309 eadem
1323 2268 1450 2308 vera
1494 2261 1671 2309 mater
1707 2268 1876 2323 agno-

286 2349 483 2416 scitur,
508 2347 636 2418 quia
655 2359 818 2402 omne
840 2342 1210 2414 magisterium
1233 2340 1288 2394 in
1315 2340 1566 2395 examine
1593 2340 1878 2394 charitatis

288 2438 647 2510 approbatur,
706 2442 762 2491 et
817 2433 933 2489 sola
980 2438 1151 2487 totum
1197 2429 1441 2499 recipere
1490 2429 1707 2494 meruit,
1759 2444 1879 2498 qua:

288 2530 453 2600 quasi
479 2536 655 2584 totum
704 2523 1005 2597 (concessit)
1046 2524 1247 2579 cessit:
1280 2522 1407 2592 quia
1450 2520 1638 2605 ﬁdeles
1674 2536 1881 2592 pracpo-

236 2664 244 2670 .
289 2620 386 2674 siti
405 2634 507 2689 pro
532 2632 599 2673 eo
622 2616 766 2687 quod
795 2629 862 2672 ex
888 2614 1049 2670 bonis
1089 2612 1369 2683 discipulis
1408 2611 1522 2666 suis
1564 2627 1671 2666 non
1702 2609 1877 2666 solum

286 2710 414 2765 aliis
440 2707 653 2764 laudem
680 2721 790 2762 non
834 2704 1097 2772 invident,
1137 2703 1235 2759 sed
1262 2702 1550 2758 utilitatem
1591 2702 1672 2758 eis
1712 2703 1878 2758 etiam

284 2798 600 2875 (profectus)
627 2804 917 2869 provectus
958 2804 1221 2861 exorant;
1270 2794 1374 2865 ipsi
1420 2802 1476 2850 et
1522 2795 1782 2865 integros,
1826 2800 1880 2849 et

282 2892 537 2947 viventes
580 2888 721 2944 ﬁlios
767 2886 1037 2957 recipiunt
1085 2885 1301 2956 quando
1336 2884 1391 2940 in
1450 2898 1703 2955 supremo
1751 2898 1881 2939 cxa-

284 2982 435 3038 mine
461 2996 531 3037 ex
580 2995 771 3037 eorum
800 2978 913 3033 vita
958 2976 1219 3048 perfecta:
1266 2975 1642 3031 retributionis
1684 2974 1879 3045 gaudia

284 3080 596 3143 sequuntur
617 3087 633 3126 :

1976 1977 2069 2050 qui
2094 1978 2490 2048 interpretatur
2508 1977 2785 2049 paciﬁcus,
2811 1984 2868 2033 et
2897 1977 3017 2049 ipso
3053 1979 3297 2045 nomine,
3330 1987 3387 2034 et
3426 1992 3572 2033 sere-

1978 2073 2204 2129 nissima
2231 2072 2385 2145 regni
2416 2072 2499 2129 sui
2521 2080 2666 2127 statu
2689 2071 2842 2128 illum
2871 2071 3161 2145 signiﬁcet,
3195 2073 3264 2129 de
3291 2088 3400 2144 quo
3431 2069 3568 2128 dixit

1976 2163 2145 2220 Isaias
2177 2163 2276 2235 (ix,
2306 2164 2401 2236 7):
2440 2163 2887 2236 Multiplicabitur
2920 2163 3037 2235 ejus
3083 2163 3382 2236 imperium,
3407 2172 3456 2218 et
3480 2180 3571 2234 pa-

1978 2257 2051 2311 cis
2079 2270 2181 2311 non
2227 2257 2325 2312 erit
2369 2256 2513 2325 ﬁnis.
2545 2255 2732 2311 Hiram
2760 2270 2915 2324 vero,
2955 2256 3049 2327 qui
3076 2255 3246 2312 latine
3272 2256 3473 2313 dicitur
3496 2256 3568 2311 vi-

1979 2362 2100 2399 vens
2150 2344 2369 2412 excelse,
2418 2347 2706 2402 credentes
2746 2361 2810 2402 ex
2862 2348 3134 2420 gentibus,
3187 2355 3242 2403 et
3263 2347 3374 2402 vita
3409 2347 3554 2402 simu

1978 2449 2104 2489 cum
2132 2433 2236 2489 ﬁde
2281 2434 2547 2504 gloriosos
2581 2436 2883 2506 ﬁguraliter
2914 2436 3190 2508 exprimit.
3233 2434 3420 2506 Neque
3452 2435 3556 2490 ali-

1979 2523 2110 2592 quid
2138 2523 2412 2594 prohibet,
2458 2523 2587 2594 quin
2612 2524 2821 2592 Hiram,
2864 2526 2957 2596 qui
3003 2541 3100 2582 rex
3126 2534 3264 2592 erat,
3289 2527 3571 2599 regalique

1980 2614 2222 2686 potentia
2274 2612 2643 2681 Salomonem,
2676 2614 2730 2671 id
2761 2624 2846 2670 est
2886 2612 3181 2685 Paci/lcum
3237 2616 3292 2670 in
3339 2616 3570 2672 aedilicio

1981 2706 2172 2762 domus
2196 2705 2413 2760 Domini
2439 2704 2685 2775 iuvabat,
2708 2719 3010 2763 conversos
3048 2707 3116 2761 ad
3156 2706 3317 2762 ﬁdem
3363 2708 3388 2748 ε
3423 2707 3569 2777 ipsos

1981 2810 2163 2850 rerum
2183 2795 2443 2851 Dominos
2462 2794 2639 2866 typice
2660 2796 2962 2862 denuntiet,
2988 2810 3221 2866 quorum
3235 2810 3340 2865 ope
3357 2802 3570 2850 constat

1981 2887 2279 2944 Ecclesiam
2310 2903 2452 2959 saepe
2478 2886 2743 2957 adjutam,
2767 2903 2831 2945 ac
2853 2888 3109 2945 nobiliter
3136 2895 3566 2961 nugmentatam,

1981 2984 2037 3033 et
2062 2986 2253 3033 contra
2282 2979 2588 3046 hrureticos,
2631 2980 3033 3047 schismaticos,
3061 2992 3117 3038 et
3150 2997 3389 3054 paganos
3419 2982 3569 3053 prin-

1986 3072 2247 3142 cipalibus
2283 3081 2521 3129 erectam
2553 3088 2674 3129 esse
2700 3074 2957 3130 decretis.
2980 3073 3125 3129 Petit
3151 3089 3283 3146 ergo
3305 3072 3563 3129 Salomon

365 3125 736 3214 vii—locutus
770 3166 845 3213 est
886 3173 1089 3228 quoque
1116 3152 1367 3211 Salomon
1393 3153 1496 3208 tria
1521 3153 1689 3209 millia
1730 3170 1880 3223 para-

1985 3125 2243 3235 suis;
2261 3125 2761 3236 .gsai“';.;iim;
2778 3125 3133 3235 liii—iiiis,
3156 3125 3294 3238 Et;
3317 3125 3569 3223 ζεῖιὶῖξέζ

284 3250 435 3305 boias
461 3264 480 3302 :
501 3258 552 3303 et
571 3248 785 3319 fuerunt
807 3248 1044 3302 carmina
1065 3247 1181 3317 ejus
1203 3247 1232 3285 ι’
1257 3245 1486 3317 quinque
1510 3243 1702 3299 millia.
1738 3244 1881 3311 Quid

282 3340 433 3395 enim
464 3353 563 3411 per
598 3338 703 3393 tria
748 3336 919 3392 millia
950 3337 1260 3407 parabolas,
1303 3336 1409 3391 nisi
1438 3334 1716 3406 plenitudo
1753 3334 1879 3391 ﬁdei

285 3432 339 3486 in
370 3431 515 3502 lege,
554 3436 610 3486 et
648 3428 955 3500 Evangeliis
980 3442 1011 3481 a
1054 3426 1272 3482 Christo
1300 3425 1497 3481 tradita
1527 3425 1883 3498 designatur?

282 3538 407 3592 qua:
439 3522 568 3577 dum
595 3527 708 3576 tota
743 3518 1113 3589 multipliciter
1154 3533 1254 3587 per
1283 3517 1662 3588 allegoriarum
1688 3531 1880 3572 sensus

282 3614 386 3669 sub
409 3623 436 3653 ο
469 3610 775 3666 ministerio
801 3608 1088 3663 Trinitatis
1113 3607 1422 3671 disseritur,
1442 3605 1601 3675 quasi
1627 3604 1730 3659 tria
1756 3605 1881 3659 mil-

282 3706 353 3760 lia
404 3703 685 3777 parabolas
750 3710 1154 3770 nuncupantur.
1213 3699 1470 3755 Carmina
1523 3707 1705 3754 autem
1762 3698 1880 3769 ejus

280 3798 531 3869 quinque
556 3794 723 3850 millia
753 3808 855 3865 pro
884 3792 1122 3863 quinque
1150 3790 1400 3846 sensibus
1440 3790 1685 3858 corporis
1720 3788 1879 3844 intel-

282 3890 553 3961 liguntur,
585 3902 721 3956 quos
766 3886 860 3957 qui
892 3885 945 3940 in
975 3884 1208 3940 diversis
1242 3881 1536 3938 virtutibus
1563 3883 1702 3936 bene
1729 3880 1757 3920 ἀ
1787 3896 1879 3952 ge-

283 3982 374 4043 rit,
398 3982 600 4036 beatus
637 3985 738 4044 est,
771 3986 826 4032 et
849 3991 947 4048 per
972 3991 1066 4033 eos
1102 3974 1261 4046 quasi
1301 3973 1540 4044 quinque
1568 3971 1734 4027 millia
1761 3986 1882 4027 car-

283 4074 434 4130 mina
490 4071 718 4129 Domino
754 4071 922 4127 canit.

353 4167 546 4240 (Vers.
579 4164 694 4237 55.)
741 4182 761 4217 ι
807 4163 1114 4230 Disputavit
1156 4168 1337 4217 autem
1367 4160 1623 4215 Salomon
1651 4175 1683 4214 a
1714 4152 1878 4215 cedro

285 4274 466 4330 usque
490 4258 559 4312 ad
582 4257 900 4328 hyssopum.
916 4253 1073 4310 Cedri
1087 4253 1305 4309 nomine
1324 4251 1587 4308 celsitudo
1616 4251 1798 4323 glorize
1822 4251 1878 4305 in

228 4378 247 4399 .
283 4348 484 4405 electis
510 4346 809 4418 accipitur:
840 4345 981 4401 sicut
1006 4352 1062 4401 et
1098 4343 1369 4415 Pr0pheta
1418 4350 1652 4399 testatur
1689 4342 1879 4398 dicens

285 4439 470 4509 (Psal.
518 4454 641 4504 XCI,
676 4438 765 4511 15)
801 4453 816 4492 :
853 4437 1043 4492 Justus
1075 4446 1133 4492 ut
1169 4435 1346 4507 palma
1383 4435 1610 4506 ﬂorebit,
1652 4444 1699 4490 et
1741 4434 1876 4490 sicut

286 4532 505 4595 cedrus,
525 4545 644 4601 qua:
662 4538 738 4583 est
762 4529 816 4582 in
843 4527 1060 4593 Libano,
1092 4525 1546 4597 multiplicabitur.
1600 4523 1878 4596 Hyssopus

286 4630 481 4676 autem
509 4619 676 4674 herba
698 4626 783 4674 est
808 4616 1048 4681 humilis,
1072 4630 1205 4672 saxo
1232 4617 1476 4681 haerens,
1502 4630 1608 4686 qua
1632 4616 1880 4686 signatur

288 4711 579 4768 humilitas
598 4709 823 4766 Christi.
856 4708 1183 4779 Redemptor
1213 4708 1410 4778 quippe
1448 4715 1633 4763 noster
1656 4724 1689 4762 a
1713 4710 1878 4765 cedro

289 4817 470 4874 usque
497 4801 564 4856 ad
591 4800 885 4872 hyssopum
914 4797 1373 4870 disputavit,quia
1387 4799 1456 4853 ab
1484 4798 1594 4852 alta
1613 4798 1880 4854 excellen—

291 4896 365 4950 tia
389 4894 641 4952 ctclestis
678 4892 862 4965 gloriae
890 4905 1061 4961 usque
1088 4891 1157 4946 ad
1194 4889 1376 4946 carnis
1402 4889 1764 4946 humilitatem
1789 4890 1881 4946 de-

290 4984 607 5041 scendendo
625 4981 872 5054 pervenit
901 5000 914 5036 :
948 4981 996 5037 si
1016 4981 1232 5052 quidem
1254 4988 1312 5035 et
1333 4979 1483 5035 cedri
1508 4980 1729 5036 nomine
1758 4996 1879 5051 pra-

291 5091 494 5132 vorum
522 5076 752 5145 superba
802 5075 965 5131 elatio
990 5074 1322 5146 designatur,
1373 5073 1518 5129 sicut
1564 5089 1664 5145 per
1710 5074 1878 5131 David

293 5167 501 5223 dicitur
530 5164 704 5240 (Psal.
748 5181 918 5221 xxvm
938 5206 955 5232 ,
983 5165 1037 5239 5)
1062 5180 1077 5219 :
1122 5163 1233 5220 Vox
1255 5164 1467 5220 Domini
1500 5165 1878 5237 confringentis

294 5259 504 5315 cedrus.
560 5257 608 5312 Δ
632 5258 793 5314 cedro
822 5257 1004 5328 itaque
1022 5255 1271 5312 Christus
1290 5269 1462 5327 usque
1491 5256 1559 5312 ad
1580 5256 1878 5328 hy550pum

370 5420 396 5447 ει
436 5408 571 5479 Cap.
605 5425 679 5475 tv,
711 5410 802 5465 '52.
853 5408 1247 5479 Subsequentia
1287 5409 1543 5478 perquire
1587 5409 1642 5464 in
1671 5409 1878 5466 Isidoro

370 5425 396 5447 ι
436 5425 515 5465 ua
558 5450 571 5463 .
605 5425 679 5475 tv,
711 5425 802 5465 az.
853 5425 1247 5479 subsequentia
1287 5425 1543 5478 perqutre
1587 5426 1601 5464 ι

299 5475 500 5562 ἥδε-ηερ
520 5425 593 5562 ἳιι
614 5480 820 5562 llegmn
840 5480 1242 5562 commentariis
1280 5480 1603 5535 illustrantc.

494 5550 941 5620 nlgat.1{quinque
967 5560 1014 5605 et
1042 5550 1183 5615 mille

372 5547 401 5587 ι’
441 5547 941 5622 Y_ulgata,'quinque
967 5560 1014 5605 et
1042 5548 1154 5615 mill

373 5628 395 5654 ι’
445 5616 713 5688 Μυεῗει-ἱο.

373 5684 399 5724 δ
446 5684 611 5740 Redit.

493 5699 590 5743 εσυ
600 5729 611 5742 .

382 5766 407 5796 ε
446 5705 908 5831 ἓὲῗίῖ’άίςριιιαιιὶι.
956 5758 1190 5818 Pricicro
1230 5759 1514 5818 lectionem
1543 5762 1745 5821 codicis
1788 5776 1881 5819 no-

1982 3253 2139 3309 niens
2167 3254 2222 3308 in
2248 3269 2413 3309 carne
2438 3254 2720 3319 Dominus,
2771 3255 3023 3311 dilectam
3055 3257 3160 3312 sibi
3206 3257 3447 3323 domum,
3484 3257 3568 3312 vi-

1981 3343 2175 3399 delicet
2205 3344 2522 3412 Ecclesium,
2559 3346 2832 3403 aediﬁcare
2866 3348 3200 3419 disponeret,
3240 3365 3347 3405 non
3376 3350 3443 3405 de
3470 3347 3564 3403 Ju-

1980 3435 2113 3492 dteis
2140 3436 2532 3504 tantummodo,
2556 3452 2745 3493 verum
2775 3439 2941 3494 etiam
2965 3439 3034 3496 de
3058 3441 3330 3512 gentibus,
3361 3440 3570 3512 adjuto-

1980 3539 2068 3581 res
2093 3524 2276 3595 operis
2297 3525 2480 3597 elegit,
2521 3540 2647 3581 nam
2677 3526 2745 3582 de
2789 3536 3022 3598 utroque
3060 3529 3260 3599 populo
3287 3530 3566 3585 ministros

1978 3617 2243 3673 sermonis
2273 3619 2584 3689 assumpsit.
2627 3619 2769 3675 Misit
2812 3620 3001 3675 Hiram
3030 3620 3305 3676 Salomoni
3340 3622 3566 3690 praecisa

1980 3707 2046 3762 de
2074 3706 2279 3763 Libano
2306 3708 2451 3779 ligna
2480 3709 2726 3775 cedrina,
2758 3718 2815 3764 et
2838 3709 3090 3780 abiegna,
3138 3722 3259 3777 qum
3305 3709 3359 3763 in
3403 3710 3565 3764 domo

1979 3792 2190 3851 Domini
2212 3805 2562 3866 ponerentur,
2590 3799 2718 3866 quia
2742 3813 3005 3853 conversa
3034 3797 3306 3869 gentilitas
3326 3799 3473 3855 misit
3496 3800 3567 3854 ad

1978 3886 2266 3943 Dominum
2293 3889 2442 3944 viros
2468 3890 2741 3958 quondam
2770 3890 2839 3945 ad
2863 3889 3119 3945 saeculum
3143 3890 3342 3957 claros,
3374 3906 3569 3947 secure

1980 3977 2262 4035 dominicae
2283 3978 2671 4050 increpationis
2697 3967 2764 4036 de
2800 3987 2985 4036 monte
3013 3996 3127 4036 suae
3158 3982 3425 4053 superbiae
3448 3982 3565 4055 jam

1978 4067 2218 4138 deiectos
2249 4073 2307 4123 et
2336 4067 2674 4136 humiliatos,
2701 4069 2794 4140 qui
2838 4068 2908 4125 ad
2954 4085 3201 4126 normam
3237 4070 3568 4143 evangelica:

1977 4158 2224 4215 veritatis
2248 4158 2504 4226 instituti,
2532 4159 2588 4215 in
2615 4160 2846 4217 aediﬁcio
2886 4161 3144 4219 Ecclesia:
3168 4178 3268 4235 pro
3289 4179 3388 4221 suo
3417 4165 3566 4236 quis-

1979 4265 2084 4321 que
2103 4252 2324 4320 merito,
2346 4252 2434 4307 vel
2459 4260 2706 4325 tempore
2734 4254 3150 4312 collocarentur.

2056 4363 2075 4395 ι
2122 4343 2268 4400 Misit
2303 4346 2463 4400 etiam
2488 4346 2741 4415 artifices,
2769 4347 2896 4418 quia
2943 4363 3235 4405 conversos
3281 4351 3351 4405 ad
3380 4365 3562 4405 veram

1979 4436 2297 4508 sapientiam
2322 4437 2690 4509 philosophos,
2718 4440 2811 4510 qui
2831 4441 3004 4510 gratia
3032 4441 3371 4507 eruditionis,
3391 4458 3563 4512 popu-

1982 4526 2047 4581 lis
2061 4542 2275 4597 quoquc
2297 4527 2546 4599 regendis
2566 4527 2691 4598 jure
2710 4538 3158 4599 proponerentur,
3184 4530 3414 4585 Domino
3435 4547 3563 4601 gen-

1978 4615 2146 4672 tilitas
2174 4617 2389 4683 obtulit,
2437 4618 2612 4687 qualis
2652 4617 2784 4689 ipsis
2824 4618 3189 4689 apostolorum
3232 4619 3564 4688 temporibus

1979 4705 2266 4779 Dionysius
2284 4708 2631 4781 Areopagita,
2655 4708 2832 4780 qualis
2853 4710 3106 4781 deinceps
3126 4711 3319 4765 doctor
3354 4711 3575 4766 suavis--

1978 4801 2170 4867 simus,
2226 4812 2285 4859 et
2339 4802 2668 4862 fortissimus
2717 4815 2926 4878 martyr
2981 4804 3302 4877 Cyprianus,
3364 4805 3564 4874 aliique

1980 4893 2383 4963 quamplurimi.
2420 4894 2566 4950 Misit
2590 4912 2782 4951 aurum
2808 4910 2826 4949 :
2849 4898 2992 4967 quod
3020 4898 3071 4951 in
3112 4897 3299 4952 eadem
3324 4912 3464 4966 pene
3489 4898 3563 4951 si-

1984 4984 2327 5055 gniﬁcatione
2352 4988 2634 5058 accipitur.
2680 4988 2818 5056 Quia
2868 4989 3123 5045 nimirum
3163 4990 3309 5044 viros
3350 4988 3562 5059 sapien-

1986 5074 2081 5139 tia,
2107 5084 2163 5130 et
2192 5075 2405 5148 ingenio
2428 5078 2717 5147 praeclaros
2742 5079 2770 5119 ιι
2794 5079 3050 5142 ostendit,
3078 5095 3178 5149 pro
3210 5078 3408 5147 quibus
3436 5094 3564 5133 cun-

1983 5165 2087 5222 ctis
2111 5166 2472 5224 oblationibus
2495 5168 2770 5240 gentilitas
2790 5184 2820 5222 a
2855 5168 3083 5224 Domino
3111 5168 3248 5223 dona
3284 5176 3566 5240 exspectat

1984 5244 2173 5329 gratiae
2211 5259 2447 5316 cmlestis
2491 5278 2503 5314 :
2548 5259 2787 5316 triticum
2835 5258 3083 5314 videlicet
3138 5259 3287 5317 verbi
3334 5258 3469 5329 Dei,
3505 5269 3564 5317 ct

1980 5412 2098 5484 stri,
2123 5428 2247 5484 nam
2274 5413 2527 5484 deinceps
2557 5412 2717 5484 habet
2741 5411 2970 5484 judicat.

2057 5482 2076 5524 ί
2118 5481 2249 5548 Quae
2303 5480 2603 5552 sequuntur
2652 5480 2863 5541 lineolis
2890 5496 2989 5551 pro
3046 5498 3196 5541 more
3244 5491 3448 5549 notata,
3502 5484 3557 5540 in

1980 5552 2207 5607 Rabano
2231 5552 2394 5608 etiam
2423 5561 2568 5608 sunt.

2057 5624 2079 5661 ⁸
2117 5622 2317 5676 Earum
2360 5637 2552 5677 rerum.

2053 5694 2079 5733 ιι
2115 5692 2368 5750 Fortasse
2399 5693 2679 5765 legendum
2711 5701 2792 5749 est
2817 5692 3023 5749 obtulit.
3112 5719 3140 5747 υ
