3904 6174
342 274 445 327 7ὶῖ

1414 267 1692 331 CLAUDII
1730 263 2196 324 TAUBINENSIS
2232 264 2540 322 EPISCOPI

337 387 525 444 oleum
557 383 864 450 charitatls,
889 392 1050 455 atque
1093 381 1386 446 unctionis,
1414 389 1472 436 et
1513 377 1922 435 illuminationls
1952 381 2003 442 Α
2026 378 2273 433 cerdotes
2312 377 2567 449 eligendi,
2597 379 2691 434 sed
2718 378 2784 433 de
2807 379 2957 435 omni
3001 387 3127 434 sunt
3169 379 3415 436 Ecclesia
3463 397 3608 451 quas-

341 475 577 547 Spiritus
601 475 794 531 sancti.
834 472 1102 529 Convenit
1128 481 1252 542 apte
1280 472 1444 527 rebus
1465 470 1716 526 Ecclesiae
1732 507 1747 533 ,
1777 467 1922 538 quod

337 566 598 623 auxilium
628 564 800 619 sancti
821 563 1004 634 operis
1030 562 1277 633 ﬂagitans
1301 580 1314 616 :
1343 562 1421 617 ait
1454 561 1523 616 ad
1558 559 1744 615 Hiram
1771 559 1926 614 Salo-

337 671 463 713 mon
493 653 612 728 (III
637 651 766 725 Reg.
813 669 864 716 v,
908 653 962 725 6)
999 671 1013 708 :
1056 651 1296 723 Pracipe
1340 653 1518 723 genti,
1570 660 1625 704 ut
1670 648 1924 720 pracidat

335 753 465 807 mihi
487 750 667 805 cedrus
693 749 757 804 de
783 747 1006 814 Libano,
1034 757 1083 803 et
1126 749 1263 803 servi
1306 748 1408 801 mei
1452 748 1558 803 sint
1602 762 1723 800 cum
1763 744 1923 799 seruis

334 845 462 898 tuis.
517 841 674 898 Servi
703 840 901 910 quippe
943 838 1153 903 Hiram,
1193 837 1286 908 qui
1327 837 1695 908 praecidebant
1733 833 1924 890 cedros

333 934 613 993 Salomoni
635 934 703 991 de
727 932 954 996 Libano,
986 929 1238 986 doctores
1267 935 1394 983 sunt
1435 927 1593 982 electi
1643 927 1709 980 de
1742 923 1920 994 genti-

330 1029 458 1092 bus,
484 1037 718 1096 quorum
743 1020 903 1078 ofﬁcii
932 1028 1020 1076 est
1059 1034 1174 1084 eos,
1205 1017 1296 1089 qui
1341 1017 1396 1073 in
1428 1018 1629 1072 mundo
1670 1014 1796 1078 hoc,
1830 1028 1922 1068 re-

329 1115 436 1172 bus
454 1123 510 1171 et
530 1113 701 1184 gloria
725 1111 1068 1174 laetabantur,
1090 1123 1121 1162 a
1137 1105 1405 1176 superbia:
1429 1104 1568 1160 fastu
1594 1103 1918 1174 corrigendo

333 1216 596 1269 sternere,
621 1213 785 1274 atque
797 1201 865 1256 ad
892 1199 1212 1270 obsequium
1237 1197 1320 1254 sui
1351 1195 1706 1266 redemptoris
1732 1209 1920 1251 eorum

333 1306 460 1352 vota
481 1293 800 1350 transferre.
843 1291 979 1348 Cum
1008 1289 1206 1361 quibus
1241 1287 1495 1344 videlicet
1532 1287 1724 1352 servis,
1762 1295 1921 1341 erant

331 1396 389 1440 et
429 1384 574 1441 servi
637 1381 946 1438 Salomonis
969 1419 986 1446 ,
1052 1394 1116 1435 ac
1162 1377 1370 1448 pariter
1417 1383 1718 1432 memorato
1753 1375 1924 1430 insta-

329 1477 462 1532 bant
497 1474 688 1546 operi,
747 1473 875 1543 quia
917 1470 1078 1542 primi
1124 1470 1377 1526 doctores
1423 1483 1493 1524 ex
1539 1467 1790 1539 gentibus
1829 1481 1922 1522 ne-

330 1585 485 1626 ccsse
512 1567 782 1623 habebant
803 1565 1043 1635 ipsorum
1066 1562 1474 1634 Apostolorum,
1509 1561 1602 1631 qui
1624 1576 1654 1614 a
1691 1559 1919 1615 Domino

328 1659 648 1721 didicerant,
679 1655 984 1711 eruditione
1025 1654 1082 1708 in
1111 1653 1277 1708 verbo
1312 1651 1438 1707 ﬁdei
1483 1649 1694 1706 institui
1723 1667 1738 1704 :
1773 1663 1843 1703 ne
1867 1647 1913 1703 si

2023 467 2197 532 rendi,
2241 467 2335 538 qui
2375 467 2646 524 mdiﬁcare
2684 469 2905 525 domum
2949 469 3185 537 Domini,
3227 471 3314 527 vel
3358 474 3610 543 exemplo

2023 574 2140 625 suo,
2169 557 2254 614 vel
2291 559 2438 614 dicto
2465 559 2772 616 subiciant:
2817 571 2872 616 et
2920 557 3230 632 ubicunque
3263 561 3471 620 inventi
3502 565 3611 622 fue-

2023 650 2153 715 rint,
2183 663 2309 704 mox
2346 650 2403 704 in
2439 648 2675 705 ofﬁcium
2715 651 2994 706 doctorum
3038 653 3244 722 absque
3282 646 3392 707 ulla
3419 669 3608 723 perso-

2022 759 2213 797 narum
2256 744 2570 812 acceptione
2625 743 2996 815 promovendi,
3051 744 3314 814 talesque,
3361 762 3488 801 cum
3544 748 3612 803 ad

2021 833 2344 888 erudiendos
2390 833 2658 900 inﬁdeles,
2705 842 2869 904 atque
2916 834 2970 888 in
3019 834 3304 906 collegium
3354 835 3612 893 Ecclesia:

2021 922 2293 978 vocandos
2322 923 2668 989 ordinantur,
2713 925 2870 995 quasi
2902 925 2971 980 ad
3001 925 3271 980 cedendas
3315 926 3370 980 in
3401 925 3610 984 Libano

2021 1013 2278 1068 materias
2309 1013 2518 1083 templi,
2551 1015 2653 1069 viri
2696 1015 2928 1081 strenui,
2967 1023 3132 1085 atque
3171 1016 3334 1071 electi
3383 1017 3611 1072 mittun-

2021 1111 2128 1158 tur.
2162 1104 2230 1158 Et
2253 1105 2471 1176 quidem
2498 1121 2754 1161 numerus
2782 1107 3003 1176 triginta
3036 1107 3289 1172 millium,
3313 1125 3424 1177 quo
3446 1109 3608 1165 iidem

2019 1195 2287 1268 lignorum
2314 1212 2546 1253 czesores
2564 1198 2948 1263 censebantur,
2980 1206 3159 1268 potest
3174 1199 3242 1252 ad
3260 1215 3452 1254 eorum
3481 1200 3611 1272 ﬁgu-

2021 1299 2138 1339 ram
2173 1293 2297 1356 apte
2326 1285 2540 1352 referri,
2581 1287 2675 1356 qui
2707 1287 2760 1340 in
2800 1287 2903 1342 ﬁde
2931 1296 3136 1343 sancta:
3165 1288 3453 1344 Trinitatis
3484 1300 3611 1346 sunt

2019 1372 2269 1446 perfecti,
2313 1375 2456 1445 quod
2484 1375 2798 1432 doctoribus
2827 1378 3062 1433 maxime
3089 1381 3358 1450 congruit.
3384 1379 3609 1444 Verum.

2019 1466 2145 1535 quia
2184 1466 2412 1536 triginta
2431 1467 2600 1522 millia
2630 1468 2702 1522 ita
2732 1476 2889 1522 erant
2919 1470 3178 1536 ordinati,
3209 1480 3270 1525 ut
3301 1471 3444 1526 dena
3482 1473 3604 1526 mil-

2019 1556 2091 1610 lia
2118 1570 2218 1627 per
2249 1570 2464 1612 menses
2502 1556 2743 1628 singulos
2769 1558 2921 1628 operi
2953 1567 3141 1615 sancto
3180 1560 3469 1626 instarent,
3499 1577 3611 1616 ma-

2022 1650 2105 1720 gis
2130 1649 2341 1705 denarii
2369 1649 2580 1705 numeri
2623 1659 3025 1706 sacramentum
3063 1653 3400 1723 perpendere
3444 1654 3608 1709 debe-

329 1750 535 1820 sbsque
562 1746 839 1818 magistris
866 1748 1062 1801 docere
1093 1743 1417 1815 inciperent,
1445 1741 1695 1813 magistri
1722 1739 1925 1795 existe-
1950 1720 1999 1782 Β
2027 1755 2165 1796 inus.
2198 1740 2345 1796 Dena
2383 1754 2614 1810 namque
2642 1741 2807 1795 millia
2837 1720 3080 1797 virorum
3120 1720 3186 1798 de
3213 1744 3380 1800 Israel
3410 1748 3479 1801 ad
3506 1762 3608 1802 cte-

329 1848 455 1896 rent
477 1837 704 1894 erroris.
735 1835 943 1892 Idcirco
980 1834 1184 1891 etenim
1227 1833 1480 1888 Salomon
1520 1846 1706 1887 servos
1736 1830 1922 1886 Hiram

328 1929 539 1986 caedere
567 1928 671 1984 sibi
715 1927 896 1982 voluit
931 1925 1077 1996 ligna
1119 1925 1185 1979 de
1221 1923 1449 1989 Libano,
1476 1923 1604 1992 quia
1653 1921 1922 1977 doctiores

327 2028 488 2077 erant
515 2019 687 2075 servis
729 2017 846 2073 suis
871 2017 939 2072 ad
983 2015 1318 2073 caedendum.
1368 2014 1477 2070 Sed
1523 2013 1726 2070 idcirco
1757 2012 1924 2068 etiam

326 2129 523 2170 servos
561 2127 689 2168 suos
733 2111 990 2168 similiter
1037 2108 1230 2164 adesse
1271 2106 1462 2172 voluit,
1499 2113 1561 2160 ut
1607 2104 1927 2182 ostenderet

330 2205 684 2270 eaedentibus,
716 2202 872 2273 cujus
899 2215 1170 2257 mensura:
1190 2199 1338 2270 ligna
1361 2197 1481 2255 ﬁeri
1510 2198 1791 2254 deberent.
1817 2195 1925 2251 Cu-

326 2286 414 2366 ius
434 2298 512 2353 rei
537 2297 706 2368 ﬁgura
735 2296 788 2350 in
818 2301 1070 2365 promptu
1096 2299 1201 2358 est,
1230 2291 1358 2361 quia
1385 2290 1642 2345 nimirum
1675 2285 1921 2368 Apostoli

323 2388 532 2442 certius
563 2366 787 2444 verbum
812 2383 1115 2455 Evangelii,
1149 2383 1293 2454 quod
1334 2397 1365 2437 a
1409 2382 1638 2437 Domino
1677 2366 1920 2446 audiere,

329 2487 616 2535 noverunt.
647 2477 754 2534 Sed
779 2477 1010 2549 gentiles
1037 2476 1106 2532 ab
1137 2490 1326 2531 errore
1351 2473 1567 2530 liberati
1602 2485 1628 2514 ι
1661 2481 1824 2543 atque
1852 2472 1922 2528 ad

331 2572 616 2626 veritatem
643 2569 922 2642 Evangelii
959 2567 1353 2633 transformati,
1383 2565 1577 2622 melius
1615 2564 1762 2634 ipsos
1784 2580 1918 2636 gen-

325 2665 464 2718 tium
493 2677 713 2719 errores
747 2671 1048 2719 noverant:
1081 2670 1137 2718 et
1165 2676 1274 2731 quo
1299 2660 1505 2717 certius
1546 2667 1835 2725 noverunt,
1864 2667 1921 2715 et

327 2753 677 2810 artiﬁciosius
704 2755 806 2810 bos
839 2768 1172 2824 expugnare,
1214 2760 1376 2822 atque
1423 2766 1688 2808 evacuare
1718 2750 1921 2807 didice-

329 2853 475 2900 runt.
509 2863 528 2897 ι
585 2845 614 2884 ι)
662 2843 862 2899 Paulus
904 2843 1122 2914 quidem
1171 2849 1572 2898 sacramentum
1618 2839 1916 2912 Evangelii,

326 2938 472 3006 quod
511 2952 608 3008 per
636 2937 1023 2992 revelationem
1063 2935 1346 3001 didicerat,
1377 2933 1574 2990 melius
1597 2932 1781 2999 novit;
1823 2931 1918 2988 sed

327 3031 615 3102 Dionysius
640 3029 830 3086 melius
854 3029 1130 3086 revincere
1156 3035 1372 3100 poterat
1407 3026 1543 3082 falsa
1569 3025 1912 3082 ethnicorum

327 3123 600 3192 dogmata,
627 3141 860 3195 quorum
883 3141 1006 3182 cum
1037 3125 1318 3181 erroribus
1343 3123 1685 3195 syllogismos
1711 3137 1740 3175 a
1776 3135 1912 3192 pue-

329 3228 411 3279 ro,
441 3221 497 3270 et
534 3225 854 3286 argumenta
891 3223 1085 3272 cuncta
1133 3227 1378 3271 noverat.
1433 3213 1532 3270 Cui
1575 3213 1757 3268 sensui
1787 3227 1918 3268 con-

326 3304 476 3360 venit
525 3312 650 3375 apte
698 3306 842 3375 quod
892 3308 1137 3375 sequitur
1167 3305 1320 3380 (Cap.
1371 3321 1446 3373 v1,
1478 3323 1609 3362 vers.
1660 3305 1758 3376 6):
1798 3305 1916 3362 Scis

324 3394 488 3460 enim,
513 3395 653 3466 quod
677 3411 782 3449 non
806 3406 882 3450 est
906 3396 961 3451 in
994 3395 1186 3467 populo
1213 3413 1324 3450 meo
1351 3396 1450 3460 vir,
1476 3394 1566 3467 qui
1593 3395 1791 3448 noverit
1817 3410 1919 3448 cte-

326 3486 450 3540 dere
477 3485 622 3557 ligna
665 3487 800 3542 sicut
851 3487 1082 3544 Sidonii.
1129 3487 1246 3543 Non
1287 3487 1433 3542 enim
1461 3494 1580 3542 erat
1622 3487 1676 3541 in
1722 3485 1917 3556 populo

323 3577 660 3644 Judteorum,
685 3579 777 3635 ubi
807 3579 1066 3634 Dominus
1095 3579 1454 3649 corporaliter
1488 3593 1731 3649 praesens
1753 3578 1917 3634 doce-

328 3669 442 3735 bat,
477 3669 619 3724 ullus
662 3670 928 3736 virorum,
979 3671 1070 3740 qui
1115 3678 1224 3724 tam
1274 3670 1432 3725 docte
1482 3677 1668 3725 nosset
1703 3685 1918 3725 errores

326 3761 574 3818 refellere
629 3763 928 3834 gentilium,
981 3779 1144 3832 quam
1191 3763 1293 3834 ipsi
1344 3763 1414 3818 ad
1465 3762 1627 3818 ﬁdem
1667 3761 1918 3818 conversi

324 3851 572 3920 gentiles,
627 3860 684 3907 et
736 3867 803 3908 ex
861 3852 1111 3924 gentibus
1159 3851 1290 3908 facti
1336 3851 1652 3908 Christiani.
1709 3852 1919 3908 Sidonii

324 3958 562 4013 namque
594 3952 651 3998 et
677 3943 849 4015 Tyrii,
874 3945 1000 4013 quia
1035 3944 1320 4015 gentilium
1349 3943 1569 4000 fuerunt
1591 3944 1918 4015 populi,mc-

324 4033 434 4088 rito
456 4033 626 4105 ﬁgura
655 4035 895 4104 gentium
921 4036 1280 4104 accipiuntur.
1329 4035 1483 4102 Quod
1515 4043 1696 4090 autem
1727 4051 1917 4094 servos

324 4121 586 4179 Salomon
613 4131 800 4179 noster
838 4125 893 4178 in
927 4125 1031 4178 hoc
1056 4140 1191 4195 opus
1222 4125 1448 4189 miserit,
1483 4125 1538 4179 in
1568 4125 1918 4194 sequentibus

322 4215 558 4286 mystico
600 4230 851 4270 sermone
889 4215 1220 4286 designatur,
1250 4233 1374 4271 cum
1420 4216 1618 4272 dicitur
1658 4217 1814 4289 (vers.
1850 4219 1916 4274 15

325 4316 376 4360 et
420 4305 511 4378 ii)
538 4323 551 4359 :
580 4305 747 4377 Elegit
797 4306 1052 4362 Salomon
1100 4310 1365 4378 operarios
1408 4309 1473 4363 de
1521 4311 1662 4364 omni
1693 4309 1864 4364 Israel
1896 4327 1913 4364 :

2026 1832 2201 1888 denda
2233 1831 2376 1904 ligna
2405 1833 2462 1887 in
2490 1845 2626 1902 opus
2652 1834 2844 1888 domus
2875 1834 3087 1889 Domini
3129 1837 3442 1902 mittuntur,
3485 1839 3609 1907 quia

2025 1924 2336 1994 quicunque
2379 1923 2654 1988 doctores,
2692 1934 2855 1993 atque
2895 1925 3262 1996 insipientium
3305 1928 3610 1984 eruditores

2023 2023 2150 2070 sunt
2171 2015 2474 2078 ordinandi,
2503 2013 2689 2070 decem
2720 2024 2992 2085 praecepta
3036 2016 3170 2089 legis
3198 2034 3298 2089 per
3320 2021 3512 2074 omnia
3556 2030 3611 2076 ct

2025 2105 2126 2176 ipsi
2164 2106 2475 2171 observare,
2528 2112 2584 2162 et
2626 2107 2966 2163 auditoribus
3011 2109 3145 2164 satis
3174 2109 3377 2166 debent
3422 2112 3611 2169 obser-

2023 2197 2196 2252 vanda
2231 2205 2574 2261 monstrare;
2604 2197 2700 2253 sed
2729 2205 2786 2252 et
2825 2199 3046 2266 praemia
3092 2199 3149 2252 in
3191 2199 3346 2254 omlis
3402 2200 3608 2266 futura,

2022 2301 2142 2360 qua:
2179 2287 2404 2343 denario
2442 2288 2616 2343 solent
2639 2287 2884 2359 ﬁgurari,
2908 2295 2965 2344 et
2993 2289 3093 2360 ipsi
3121 2305 3363 2360 sperare,
3389 2300 3446 2347 et
3464 2295 3610 2349 audi-

2023 2376 2232 2432 toribus
2258 2377 2372 2432 suis
2386 2378 2650 2448 speranda
2675 2393 2892 2447 semper
2914 2379 3116 2434 debent
3136 2380 3412 2436 intimare.
3446 2381 3608 2438 Terni

2021 2476 2202 2524 autem
2223 2484 2455 2536 menses,
2484 2484 2713 2540 quorum
2741 2469 2996 2526 distantia
3026 2470 3254 2543 singulis
3287 2482 3408 2528 erat
3434 2473 3610 2544 ligno-

2020 2574 2140 2616 rum
2171 2560 2462 2616 caesoribus
2481 2560 2755 2630 imposita,
2793 2560 3183 2632 perfectionem
3223 2563 3401 2619 .trium
3429 2564 3603 2619 virtu-

2021 2656 2134 2704 tum
2183 2649 2617 2721 evangelicarum
2655 2651 2831 2722 typice
2861 2652 3206 2718 denuntiant,
3252 2653 3609 2726 eleemosynae

2018 2741 2569 2808 videlicetorationis,
2596 2752 2652 2799 et
2672 2742 2885 2814 jejunii.
2911 2763 2930 2797 ι
2963 2743 2990 2783 ἀ
3008 2743 3211 2800 Harum
3226 2743 3352 2800 fecit
3379 2748 3609 2802 mentio-

2018 2848 2163 2899 nem,
2194 2849 2316 2904 qua:
2343 2848 2450 2889 non
2495 2834 2562 2889 ad
2611 2833 2890 2889 hominum
2921 2837 3362 2900 ostentationem,
3413 2835 3513 2891 sed
3542 2836 3608 2890 ad

2017 2924 2189 2980 solam
2218 2925 2415 2980 interni
2463 2924 2787 2995 inspectoris
2828 2923 3057 2993 gloriam
3109 2933 3292 2980 essent
3336 2924 3605 2989 facienda,

2018 3015 2255 3086 alioquin
2301 3030 2330 3069 a
2371 3014 2550 3070 fructu
2580 3015 2907 3071 aeternitatis
2934 3031 3106 3072 vacua
3135 3025 3440 3071 manerent.
3475 3015 3606 3083 Qui-

1942 3084 1988 3148 Ο
2019 3108 2120 3162 bus
2144 3084 2326 3162 verbis
2363 3116 2550 3178 aperte
2599 3109 2783 3164 docuit
2825 3124 3015 3165 omnes
3057 3109 3321 3164 virtutum
3373 3107 3602 3176 fructus,

2019 3201 2105 3256 his
2133 3200 2308 3256 tribus
2332 3201 2486 3271 quasi
2517 3201 2684 3256 ramis
2708 3202 2774 3257 de
2823 3217 2934 3257 una
2953 3201 3239 3258 charitatis
3261 3200 3449 3257 radice
3476 3216 3602 3272 pro-

2018 3289 2308 3345 deuntibus
2331 3289 2614 3344 insinuari.
2648 3307 2667 3341 ‹
2688 3288 2793 3346 Per
2815 3290 3195 3361 eleemosynam
3215 3305 3449 3359 namque
3461 3306 3607 3346 eom-

2018 3382 2429 3452 prehenduntur
2473 3383 2679 3448 omnia,
2721 3399 2842 3453 qua:
2886 3383 2955 3438 ad
2994 3383 3335 3439 dilectionem
3372 3385 3604 3454 proximi

2018 3473 2286 3542 explenda
2307 3473 2557 3529 benivole
2587 3474 2643 3528 in
2682 3473 2882 3530 fratres
2926 3489 3216 3544 operamur
3240 3491 3254 3527 :
3283 3488 3382 3543 per
3407 3474 3606 3528 oratio-

2019 3580 2136 3619 nem
2172 3564 2376 3630 omnia,
2429 3565 2624 3634 quibus
2678 3581 2777 3635 per
2823 3564 3091 3618 internam
3137 3564 3604 3633 compunctionem

2018 3664 2207 3712 nostro
2233 3655 2499 3712 conditori
2535 3655 2931 3727 conjungimur.
2974 3654 3077 3710 Per
3107 3655 3377 3725 jejunium
3421 3656 3602 3709 omnia

2019 3748 2217 3817 quibus
2246 3762 2345 3803 nos
2374 3763 2405 3802 a
2433 3747 2752 3819 contagione
2779 3747 3058 3811 vitiorum,
3105 3754 3160 3801 et
3204 3745 3480 3800 illecebris
3508 3760 3601 3800 sae-

2016 3837 2124 3893 culi
2161 3838 2530 3903 observamus,
2571 3845 2632 3892 ut
2668 3836 2834 3892 libera
2866 3845 3064 3899 mente,
3101 3845 3156 3890 et
3190 3851 3420 3904 corpore
3451 3843 3606 3890 casto

2018 3928 2292 3984 dilectioni
2321 3928 2595 3984 valeamus
2622 3929 2886 3983 inbazrere
2911 3943 3145 3999 semper,
3172 3936 3227 3983 et
3270 3927 3440 3982 nostri
3471 3943 3605 3982 con-

2017 4018 2233 4083 ditoris,
2257 4027 2312 4073 et
2339 4019 2591 4090 proximi.
2622 4019 2691 4074 Et
2730 4019 2820 4074 isti
2849 4027 2975 4074 sunt
3015 4027 3128 4074 tres
3166 4034 3380 4074 menses
3407 4033 3604 4089 opera-

2018 4109 2223 4164 riorum
2264 4109 2465 4179 templi.
2510 4109 2644 4164 Nam
2693 4110 2820 4179 quia
2867 4110 3072 4165 mensis
3115 4110 3450 4184 plenitudine
3495 4108 3605 4162 dic-

2018 4215 2137 4254 rum
2175 4199 2378 4255 lunaris
2425 4200 2614 4255 circuli
2659 4200 2961 4271 perﬁcitur,
3001 4216 3100 4270 per
3147 4201 3300 4255 illum
3327 4199 3606 4270 plenitudo

2016 4290 2237 4346 virtutis
2277 4289 2536 4361 cujusque
2563 4291 2859 4362 spiritualis
2887 4290 3210 4354 ostenditur,
3247 4291 3300 4344 in
3322 4305 3428 4360 qua
3451 4303 3604 4344 mens

327 4407 350 4434 ε
385 4405 433 4450 et
459 4405 572 4450 erat
602 4396 817 4452 indictio
850 4398 1068 4468 triginta
1095 4398 1266 4453 millia
1294 4400 1546 4466 virorum,
1582 4401 1912 4472 mittebatque

2022 4379 2257 4437 ﬁdelium
2284 4398 2314 4436 a
2334 4381 2560 4437 Domino
2581 4381 2893 4452 quotidiana
2917 4381 3274 4436 illustratione
3295 4381 3447 4450 quasi
3478 4379 3600 4433 luna

323 4502 411 4540 eos
438 4487 495 4540 in
519 4485 797 4552 Libanum,
825 4489 1000 4544 decem
1030 4489 1196 4545 millia
1221 4507 1313 4562 per
1349 4507 1547 4545 menses
1569 4491 1804 4562 singulos
1833 4493 1910 4546 vi-

323 4583 524 4647 cissim,
551 4583 628 4637 ita
669 4593 724 4638 ut
753 4584 956 4640 duobus
987 4595 1153 4640 essent
1197 4586 1252 4639 in
1290 4585 1532 4640 domibus
1573 4587 1702 4640 suis.
1743 4604 1761 4636 ί
1804 4585 1906 4641 Ubi

320 4671 502 4740 primo
528 4674 820 4728 notandum
850 4676 995 4746 quod
1024 4691 1131 4731 non
1169 4673 1370 4730 frustra
1420 4675 1676 4730 Salomon
1705 4691 1903 4745 opera-

322 4763 435 4818 rios
468 4764 535 4820 de
561 4766 709 4821 omni
753 4765 920 4821 Israel
949 4765 1143 4837 elegit;
1192 4781 1368 4836 neque
1411 4775 1531 4820 erat
1576 4765 1681 4819 ulla
1728 4767 1906 4836 portio

319 4853 525 4924 populi,
568 4857 635 4912 de
678 4871 786 4929 qua
817 4872 924 4911 non
967 4856 1114 4927 digni
1142 4863 1292 4911 tanto
1324 4870 1487 4926 Opere
1528 4854 1631 4910 viri
1657 4872 1902 4912 assume-

321 4951 531 5000 reutur.
570 4944 706 5013 Quia
737 4945 995 5001 nimirum
1025 4961 1133 5001 non
1159 4945 1227 5000 de
1254 4960 1361 5000 una
1395 4944 1565 5015 stirpe
1603 4944 1783 5001 Aaron
1811 4961 1901 5001 sa-

393 5139 420 5168 ι
457 5123 688 5180 Additur
730 5121 1102 5188 uel.conversi,
1132 5137 1254 5193 quze
1279 5120 1350 5193 in
1400 5121 1624 5193 Rabgano
1673 5121 1790 5192 ipso
1823 5137 1915 5178 ex-

319 5203 470 5252 stant
490 5195 725 5266 quidem,
772 5195 867 5251 sed
899 5193 1054 5249 deest
1083 5190 1186 5249 voi
1227 5190 1456 5247 liberati.
1503 5191 1638 5246 Eam
1682 5190 1728 5247 Si
1775 5194 1910 5260 vult,

318 5267 497 5324 doleat
512 5265 712 5321 lector.

393 5337 421 5378 δ
461 5336 735 5393 Hactenus
790 5335 1046 5391 [tabanus
1083 5333 1354 5403 :reliqua,
1405 5348 1434 5386 a
1459 5332 1657 5402 quibus
1704 5331 1915 5389 lineolze

324 5407 524 5463 absunt
543 5408 598 5463 in
632 5407 1008 5463 tantummodo
1050 5403 1274 5472 Claudio
1307 5404 1520 5474 reperi,
1559 5411 1745 5458 secuto
1775 5403 1916 5458 scili-

331 5483 671 5548 cetmorem,
702 5491 867 5548 quem
905 5476 1032 5548 aliti
1063 5477 1150 5533 his
1202 5475 1384 5548 verbis
1421 5475 1730 5548 esposuit;
1779 5490 1908 5548 non-

325 5545 475 5602 nulla
497 5547 676 5610 etiam,
700 5542 760 5602 sit
789 5547 916 5601 mihi
939 5547 1109 5601 uisum
1129 5556 1228 5612 est,
1245 5596 1252 5601 .
1268 5544 1413 5609 infra
1438 5542 1652 5600 illorum
1685 5542 1909 5599 locutio-

328 5627 465 5680 nem,
502 5631 618 5685 mea
659 5617 837 5685 studui
870 5617 1187 5684 conjungere
1236 5615 1412 5679 verba,
1463 5631 1578 5685 qua:
1633 5623 1906 5685 utramque

326 5683 699 5759 expositionem
742 5683 931 5755 absque
974 5683 1220 5741 scissione
1260 5683 1650 5757 conjungerent.
1685 5683 1767 5758 [in
1795 5685 1908 5754 epi-

2014 4487 2044 4526 a
2073 4471 2186 4527 sole
2226 4472 2532 4544 respicitur.
2571 4492 2589 4526 ›

2090 4593 2115 4623 ⁸
2157 4581 2309 4638 Unus
2351 4598 2482 4638 vero
2529 4583 2750 4648 mensis,
2790 4597 2898 4652 quo
2931 4581 3076 4653 ligna
3115 4581 3186 4636 ad
3228 4596 3364 4653 opus
3410 4579 3595 4650 templi

2013 4674 2312 4738 czcdebant,
2342 4674 2682 4746 eleemosyna
2713 4682 2816 4738 est,
2840 4673 2892 4728 id
2914 4683 2999 4728 est
3023 4688 3159 4742 opus
3186 4672 3597 4735 misericordiae,

2012 4781 2134 4835 qua:
2177 4779 2305 4836 erga
2351 4764 2580 4820 salutem
2623 4765 2879 4836 proximi,
2925 4774 2985 4820 ut
3030 4766 3084 4819 in
3111 4765 3371 4819 unitatem
3401 4772 3604 4818 sancta:

2013 4857 2267 4914 Ecclesiae
2293 4857 2430 4913 bene
2454 4841 2784 4929 proﬁciendo
2813 4858 3111 4928 perveniat,
3149 4850 3413 4920 docendi),
3438 4852 3600 4908 casti-

2010 4949 2209 5020 gando,
2285 4948 2604 5020 temporalia
2672 4948 2953 5004 commoda
3031 4947 3411 5018 impendenda,
3477 4945 3601 4998 vita:

2020 5122 2145 5182 stol.
2159 5124 2234 5198 ad
2265 5124 2467 5198 Galat.]

2092 5207 2113 5233 ο
2157 5195 2366 5251 Rursus
2393 5192 2532 5250 redit
2570 5192 2848 5250 Rabanus.

2088 5265 2115 5305 ἀ
2183 5265 2314 5332 Quae
2370 5274 2553 5321 notata
2619 5276 2726 5320 nOn
2783 5264 3017 5331 invenis,
3071 5264 3356 5332 avulgatis
3391 5259 3596 5318 Rabani

1986 5358 1988 5360 ν
2017 5307 3044 5406 exemgiiiiibdivi'HEunii"Kn"21.1332.
3071 5307 3355 5390 Claudius
3378 5307 3446 5388 de
3462 5307 3592 5406 fsuo

2017 5404 2244 5488 inseruit
2258 5425 2280 5488 ξ
2307 5405 2749 5488 an_potius_quia
2782 5404 3153 5475 operariorum
3183 5404 3509 5476 negligentia
3533 5417 3594 5457 ea

2015 5477 2280 5534 abstulit?
2304 5473 2850 5533 Judicaverit‘lector.

2089 5557 2114 5587 ο
2150 5546 2280 5604 Haec
2316 5561 2422 5603 non
2452 5554 2671 5604 exstant
2711 5547 2764 5602 in
2793 5546 3025 5616 vulgatis
3069 5545 3279 5616 Rabani
3316 5543 3590 5616 operibus.

2013 5614 2119 5674 Cur
2140 5617 2193 5674 id
2219 5619 2480 5688 evenerit,
2519 5616 2712 5674 lectori
2749 5614 3147 5689 diiudicandum
3186 5614 3454 5689 relinquo.
