3904 6174
862 318 1326 391 QUESTIONES
1363 318 1513 376 XXX
1547 318 1777 377 SUPER

1899 317 2059 377 BROS
2099 316 2361 378 REGUM.
2400 349 2472 362 -—-
2509 318 2713 378 LIBER
2751 318 2840 379 Ill.

3376 323 3481 379 730

224 440 472 508 “empta
497 434 870 500 monstrando,
894 433 1226 491 laboramus.
1256 431 1376 490 Duo
1403 441 1586 489 autem
1612 434 1808 505 reliqui
1837 434 1890 494 Α
1913 434 2169 490 stantiam
2219 437 2439 501 habent,
2488 436 2707 506 quidam
2738 436 2982 493 mitiores
3022 435 3091 492 ad
3126 437 3485 495 consolandos

226 545 465 601 menses,
490 529 688 600 quibus
712 529 769 584 in
792 528 1041 585 domibus
1062 528 1176 585 suis
1202 542 1444 594 manere,
1480 543 1544 585 ac
1571 529 1685 586 suis
1710 544 1804 584 ne-

223 619 570 679 cessitatibus
593 629 721 674 sunt
760 632 974 685 vacare,
1012 618 1286 690 permissi,
1311 619 1486 675 oratio
1520 626 1620 683 est,
1651 627 1705 673 et
1725 616 1806 687 je-

216 711 456 782 junium,
483 709 680 781 quibus
702 718 965 780 praeterea
1000 723 1086 776 ea,
1120 724 1240 779 qua:
1277 724 1405 780 erga
1427 710 1804 767 necessitatem

222 802 454 857 fratrum
484 799 620 856 loris
656 799 964 870 operamur,
1007 806 1208 855 nostrae
1232 798 1425 855 salutis
1458 799 1678 870 preprie
1701 816 1804 856 cu-

222 907 340 947 ram
370 891 517 945 intus
553 905 812 945 conversa
862 890 930 945 ad
958 889 1244 945 Dominum
1289 896 1493 956 mente,
1541 892 1800 962 gerimus.

220 982 286 1038 Et
307 981 568 1052 quoniam
591 979 666 1034 illi
694 979 866 1036 solum
892 978 1129 1050 perfecte
1147 976 1234 1033 vel
1270 993 1401 1046 suae,
1426 979 1513 1035 vel
1552 980 1805 1037 fraternae

217 1071 412 1128 salutis
444 1085 632 1126 curam
663 1078 875 1141 gemat,
905 1070 998 1140 qui
1039 1084 1099 1125 se
1127 1069 1415 1125 intuitione
1458 1070 1653 1125 divina:
1680 1085 1804 1141 gra-

218 1164 311 1220 tiae
342 1162 623 1218 humiliter
665 1161 923 1229 subdunt,
978 1170 1126 1218 recte
1166 1164 1411 1232 sequitur
1448 1163 1627 1236 (Verr.
1666 1165 1753 1238 14)
1785 1185 1797 1221 :

221 1273 241 1309 ι
275 1254 351 1311 Et
394 1253 689 1309 Adoniram
731 1262 844 1309 erat
887 1271 1045 1326 super
1082 1255 1447 1326 hujuscemodi
1494 1258 1798 1314 indictione.

214 1345 516 1403 Adoniram
567 1358 824 1414 namque,
877 1345 972 1414 qui
1022 1345 1189 1401 latine
1235 1346 1472 1404 dicitur“:
1542 1348 1802 1404 Dominus

211 1454 364 1494 meus
388 1436 642 1503 excelsus,
670 1452 831 1507 quem
858 1438 1069 1505 melius,
1100 1454 1262 1509 quam
1296 1440 1492 1511 ipsum,
1523 1457 1685 1512 quem
1704 1458 1802 1498 no-

212 1534 366 1589 mine
390 1532 635 1588 imitatur
668 1531 926 1599 insinuat,
965 1533 1254 1590 Dominum
1280 1534 1533 1592 videlicet
1558 1534 1802 1593 Salvato-

212 1625 369 1681 rem-t
404 1624 475 1679 Et
502 1631 634 1679 tunc
660 1622 956 1680 Adoniram
1001 1625 1269 1696 operariis
1318 1626 1502 1696 templi
1534 1629 1801 1698 praeponi-

213 1729 327 1784 tur,
355 1724 420 1771 ut
437 1731 536 1772 sua
566 1715 874 1786 provisione
898 1716 1001 1772 rite
1033 1716 1266 1782 ordinet,
1300 1717 1496 1788 quibus
1524 1720 1802 1776 mensibus

209 1807 415 1879 singuli
454 1807 525 1863 ad
563 1806 896 1878 oper’andum
923 1814 1140 1874 exeant,
1172 1808 1369 1879 quibus
1395 1808 1573 1865 denuo
1616 1811 1686 1867 ad
1712 1824 1798 1866 cu-

209 1901 449 1958 randum
495 1901 714 1958 domum
752 1916 906 1957 suam
946 1900 1192 1970 redeant,
1243 1918 1366 1960 cum
1414 1904 1701 1971 Dominus,
1747 1914 1804 1961 et

210 1992 467 2049 Salvator
517 1999 705 2048 noster
763 1999 974 2048 mentes
1026 2001 1339 2049 sanctorum
1385 1996 1801 2065 praedicatorum

208 2098 311 2138 sua
342 2081 663 2137 familiarius
687 2080 1044 2137 illustratione
1083 2081 1359 2147 informat,
1389 2085 1458 2139 ad
1489 2086 1802 2141 discernen-

207 2175 365 2241 dum,
397 2175 613 2246 quando
657 2182 928 2245 oporteat,
967 2174 1270 2231 aediﬁcandi
1317 2176 1613 2234 Ecclesiam
1663 2195 1801 2249 opus

207 2260 353 2324 inire
378 2286 392 2321 :
415 2267 779 2338 praedicando,
805 2267 891 2322 vel
903 2268 1006 2322 alia
1028 2268 1245 2338 pietatis
1267 2268 1443 2326 ollicia
1468 2274 1797 2343 praestando,

204 2367 266 2414 ct
297 2360 518 2430 quando
544 2373 765 2414 rursum
793 2358 1081 2415 conveniat
1124 2360 1193 2414 ad
1223 2375 1378 2415 suam
1407 2363 1645 2430 ipsorum
1673 2381 1803 2421 con-

203 2447 500 2504 scientiam
529 2446 965 2513 examinandam,
1000 2448 1152 2517 quasi
1182 2448 1251 2503 ad
1292 2448 1683 2519 inspiciendam
1706 2455 1803 2510 do-

209 2552 369 2593 mum
397 2552 576 2602 suam,
602 2537 819 2603 reverti,
860 2545 915 2592 et
939 2537 1079 2592 lianc
1104 2538 1461 2604 orationibus,
1489 2556 1552 2596 ac
1577 2540 1803 2610 jejuniis

208 2643 457 2700 superno
480 2627 784 2698 inspectore
801 2669 816 2694 ,
842 2642 905 2683 ac
928 2628 1209 2684 visitatore
1245 2629 1464 2698 dignam
1492 2631 1743 2688 reddere.
1775 2653 1793 2687 ι

288 2720 469 2793 (Vers.
498 2722 564 2778 15
584 2732 633 2777 et
661 2721 770 2795 16.)
810 2718 860 2775 F
862 2730 1052 2777 uerunt
1078 2723 1254 2793 itaque
1287 2720 1563 2778 Salomoni
1588 2735 1801 2797 septua-

203 2815 361 2883 ginta
383 2811 551 2868 millia
576 2830 777 2878 eorum,
803 2814 893 2886 qui
936 2830 1095 2869 onera
1117 2814 1420 2886 portabant,
1460 2825 1509 2871 et
1533 2818 1797 2887 octoginta

201 2902 381 2957 millia
423 2901 743 2959 [atomorum
784 2905 840 2959 in
886 2914 1081 2971 monte,
1126 2904 1320 2976 absque
1365 2906 1682 2978 prtep'ositis,
1706 2908 1798 2980 qui

200 3002 471 3065 prmerant
514 2994 740 3065 singulis
785 2995 1047 3066 operibus,
1094 3013 1311 3051 numero
1361 2999 1520 3052 trium
1569 2999 1795 3054 millium

198 3095 558 3141 trecentorum
595 3086 1008 3158 proripientium
1034 3087 1247 3159 populo,
1292 3099 1341 3143 et
1368 3089 1471 3155 his,
1497 3089 1589 3161 qui
1624 3091 1792 3161 facie-
1819 3125 1864 3188 C

200 3177 333 3232 bant
360 3193 509 3248 opus,
537 3186 642 3233 etc.
675 3195 692 3229 ι
725 3189 751 3218 ι
782 3175 1041 3234 Latomos
1060 3178 1247 3233 dicunt
1270 3179 1508 3250 lapidum
1531 3196 1789 3241 caesores.

197 3266 351 3322 Idem
378 3274 559 3322 autem
600 3266 839 3339 lapidum
865 3282 1121 3332 cmsores,
1151 3270 1294 3339 quod
1317 3278 1373 3326 et
1398 3270 1667 3343 lignorum
1690 3287 1796 3327 caa-

197 3372 362 3413 sores
390 3357 617 3426 ﬁgurate
640 3358 884 3429 designat
916 3375 930 3413 :
966 3360 1070 3415 hoc
1108 3368 1194 3415 est
1229 3368 1450 3417 sanctos
1474 3362 1794 3432 praedicato-

196 3463 316 3513 res,
359 3448 451 3519 qui
493 3457 703 3505 mentes
740 3449 1122 3520 .insipientium
1174 3454 1241 3507 de
1285 3452 1473 3509 labore
1510 3454 1662 3510 verbi
1696 3454 1789 3509 Dei

194 3546 486 3606 exercent,
525 3554 725 3610 eosque
755 3541 824 3597 ab
861 3556 942 3605 ea,
978 3542 1031 3597 in
1070 3557 1176 3612 qua
1220 3544 1331 3599 nati
1366 3553 1511 3613 sunt,
1562 3546 1793 3617 turpitu—

196 3632 354 3696 dine,
402 3647 467 3688 ac
504 3631 846 3688 deformitate
891 3641 1261 3692 transmutare
1311 3637 1679 3693 contendunt:
1727 3655 1793 3696 ac

197 3723 533 3795 regulariter
561 3724 836 3780 institutos
867 3725 1060 3780 unitati
1088 3724 1347 3793 ﬁdelium,
1383 3728 1616 3785 aediﬁcio
1643 3730 1794 3786 vide-

195 3815 333 3871 licet
369 3814 558 3870 domus
599 3813 719 3880 Dei,
748 3823 903 3884 aptos
929 3816 1156 3872 reddere
1181 3826 1396 3873 curant.
1424 3817 1580 3886 Quod
1608 3828 1790 3877 autem

192 3912 251 3960 et
271 3904 443 3975 ligna,
466 3911 523 3961 et
563 3903 770 3975 lapides
797 3906 852 3959 in
883 3913 1065 3960 monte
1114 3907 1395 3973 ceduntur,
1443 3917 1501 3963 et
1527 3924 1688 3974 caesa,
1726 3924 1792 3965 ac

193 4002 510 4067 praeparata
576 4002 809 4065 utraque
876 3995 1128 4061 materia,
1189 3997 1259 4054 ad
1327 4005 1541 4054 montes
1599 3998 1791 4055 domus

193 4086 420 4145 Domini
452 4086 799 4153 transfertur,
832 4095 982 4158 patet
1003 4101 1227 4156 sensus;
1255 4088 1383 4160 quia
1406 4103 1596 4145 omnes
1622 4090 1791 4146 homi—

193 4195 300 4236 nes
331 4180 385 4234 in
413 4188 597 4236 monte
625 4180 892 4250 superbiae
919 4180 1033 4235 nati
1072 4195 1259 4236 sumus
1284 4199 1296 4235 :
1329 4181 1456 4251 quia
1484 4181 1550 4236 de
1576 4195 1787 4252 praeva-

195 4270 469 4327 ricatione
494 4271 654 4342 primi
683 4270 938 4336 hominis,
968 4286 1134 4341 quam
1165 4271 1419 4342 superbia
1445 4270 1789 4344 fecit,'origi-

195 4377 329 4418 nem
357 4363 540 4418 carnis
568 4362 853 4418 traximus.
886 4360 1208 4433 Quicunque
1253 4364 1430 4435 gratia
1460 4363 1556 4420 Dei
1588 4380 1788 4434 praeor-

1903 523 2275 594 pusillanimes
2299 566 2313 596 ,
2344 536 2399 581 et
2424 525 2671 583 inﬁrmos
2696 524 3056 582 sublevandos
3080 527 3343 595 existunt,
3364 531 3485 601 qui-

1904 615 2027 671 dam
2051 616 2336 687 utriusque
2364 617 2582 672 virtutis
2624 631 2848 672 munere
2870 614 3081 687 praediti
3106 618 3175 673 ad
3204 633 3341 690 opus
3380 622 3486 678 Do-

1903 705 2036 760 mini
2072 707 2418 772 conveniunt,
2458 705 2648 777 quales
2687 707 2807 762 ﬁeri
2836 706 3005 763 voluit
3039 723 3154 774 eos,
3187 708 3255 765 de
3291 711 3487 780 quibus

1903 792 2142 866 loquitur
2164 794 2454 865 Apostolus
2475 795 2661 853 dicens
2688 806 2711 835 ε
2741 812 2755 850 :
2785 795 3043 868 Corripite
3060 798 3341 869 inquietos,
3372 816 3490 854 con-

1902 884 2149 941 solamini
2192 884 2576 957 pusillanimes,
2625 886 2871 957 suscipite
2921 886 3186 956 inﬁrmos,
3231 889 3488 959 patientes

1902 985 2061 1031 estote
2106 977 2176 1031 ad
2230 994 2407 1032 omnes
2452 976 2505 1049 (Ι
2535 972 2715 1032 Thess.
2745 994 2798 1045 v,
2831 977 2942 1045 14).
2971 978 3252 1050 Ρινωρυείιὶ
3284 990 3483 1045 autem,

1903 1067 1994 1136 qui
2034 1074 2302 1136 prmerant
2325 1067 2550 1136 singulis
2570 1068 2843 1138 operibus,
2884 1070 2985 1139 ipsi
3018 1080 3145 1126 sunt
3169 1086 3338 1127 sacra:
3359 1087 3489 1127 con-

1903 1157 2108 1214 ditores
2148 1156 2463 1230 Scriptum,
2495 1176 2725 1231 quorum
2772 1162 3084 1233 magisterio
3128 1164 3184 1218 in
3236 1164 3489 1220 omnibus

1902 1252 2201 1318 erudimur,
2257 1253 2527 1323 quomodo
2558 1254 2586 1293 ιι
2635 1254 2835 1310 inscios
2892 1254 3108 1321 docere,
3144 1263 3201 1311 et
3248 1265 3489 1311 contem-

1903 1351 2087 1412 ptores
2141 1344 2455 1413 corripere:
2515 1341 2659 1415 (Gal.
2719 1362 2795 1411 vi,
2844 1344 2899 1415 2)
2971 1346 3240 1415 quomodo
3273 1362 3372 1401 nos
3407 1348 3490 1401 ina

1906 1435 2076 1490 vicem
2127 1450 2295 1490 onera
2330 1444 2516 1491 nostra
2554 1446 2793 1508 portare,
2842 1445 2902 1492 ut
2951 1438 3268 1510 impleamus
3314 1439 3487 1510 legem

1904 1525 2126 1593 Christi,
2158 1527 2465 1583 conveniat.
2488 1548 2508 1581 ι

1977 1628 2000 1656 ο
2028 1615 2243 1684 Quanto
2264 1625 2444 1673 autem
2466 1618 2696 1689 quisque
2719 1618 2836 1690 plus
2857 1618 2910 1675 in
2927 1620 3294 1675 sustentandis
3306 1621 3489 1690 proxi—

1906 1721 2120 1762 morum
2146 1708 2587 1774 necessitatibus,
2616 1710 2729 1765 sive
2755 1711 2809 1763 in
2837 1710 3168 1781 castigandis
3192 1725 3379 1766 eorum
3402 1725 3488 1766 er-

1904 1799 2113 1855 ratibus
2136 1799 2366 1867 lahorat,
2397 1808 2545 1856 tanto
2571 1802 2804 1856 certiora
2837 1802 2890 1856 in
2919 1800 3101 1857 futuro
3130 1801 3373 1873 praemia,
3400 1802 3487 1858 vel

1904 1889 2103 1959 quietis
2129 1891 2434 1946 animarum
2459 1902 2583 1962 post
2609 1903 2863 1959 mortem,
2892 1895 2975 1950 vel
3002 1894 3176 1950 beata
3199 1910 3488 1967 corporum

1904 1981 2332 2039 immortalitatis
2356 1982 2385 2023 (ι
2415 1994 2716 2056 exspectat,
2769 1997 2794 2025 ο
2828 2004 2846 2037 ι
2887 1984 3038 2042 Unde
3088 1994 3236 2043 recte
3275 1987 3489 2059 praefati

1903 2071 2141 2142 operarii
2171 2073 2516 2143 septuaginta
2543 2073 2737 2141 millia,
2771 2083 2827 2131 et
2850 2076 3124 2147 octoginta
3168 2076 3337 2132 millia
3366 2093 3490 2135 esse

1902 2166 2282 2237 perhibentur.
2341 2165 2694 2240 Septuaginta
2746 2170 2917 2227 millia
2966 2171 3221 2228 videlicet
3267 2184 3492 2246 propter

1903 2260 2296 2316 sabbatismum
2350 2261 2658 2317 animarum
2716 2263 3019 2335 (septimus
3067 2265 3215 2321 enim
3259 2267 3374 2322 dies
3431 2267 3486 2323 in

1905 2347 2224 2417 Sabbatum,
2264 2350 2317 2407 id
2358 2360 2443 2407 est
2481 2354 2726 2424 requiem
2759 2368 3112 2412 consecratus
3153 2355 3279 2429 cst).
3325 2357 3487 2415 Octo-

1903 2441 2051 2513 ginta
2081 2441 2248 2497 millia
2270 2451 2494 2513 propter
2513 2459 2662 2514 spem
2688 2446 3128 2512 resurrectionis,
3152 2462 3273 2517 quae
3293 2456 3484 2505 octava

1904 2533 1992 2588 die
2018 2532 2097 2604 (id
2125 2540 2209 2588 est
2235 2543 2358 2604 post
2402 2534 2721 2607 Sabbatum)
2749 2537 2805 2591 in
2833 2538 3063 2595 Domino
3086 2540 3388 2609 praecessit,
3432 2550 3487 2597 et

1902 2622 1958 2679 in
2004 2623 2164 2679 nobis
2218 2640 2434 2696 quoque
2482 2634 2672 2682 octava
2714 2628 2822 2694 die,
2875 2630 3145 2697 similiter,
3190 2643 3247 2688 et
3291 2643 3482 2692 octava

1901 2726 2061 2773 aetate
2088 2717 2272 2774 futura
2304 2728 2575 2791 speratur.
2624 2721 2908 2794 Praepositi
2952 2734 3133 2781 autem
3183 2735 3341 2782 erant
3383 2730 3484 2784 tria

1901 2811 2070 2868 millia
2100 2814 2352 2880 trecenti,
2384 2822 2607 2885 propter
2634 2814 2794 2870 tidem
2826 2816 3084 2873 nimirum
3125 2827 3327 2874 sanctae
3359 2819 3482 2875 Tri-

1899 2904 2108 2972 nitatis,
2140 2920 2305 2974 quam
2331 2915 2517 2961 sancta
2548 2907 2707 2962 nobis
2735 2907 2949 2978 eloquia
2978 2910 3297 2980 praedicant.
3330 2910 3485 2979 Quod

1897 3011 2030 3052 vero
2056 3012 2154 3068 pro
2172 2997 2346 3053 tribus
2369 2998 2606 3055 millibus
2639 3001 2897 3056 trecentis
2929 3004 3233 3073 praepositis
3257 3004 3312 3059 in
3344 3003 3483 3060 libro

1899 3085 2345 3159 Paralipomenon
2359 3088 2444 3160 (II
2459 3087 2658 3155 Par-.11,
2674 3090 2785 3163 l8),
2802 3092 2907 3146 tria
2919 3092 3089 3149 millia
3101 3097 3343 3153 sexcenti
3356 3104 3483 3152 sunt

1894 3178 2109 3249 scripti,
2123 3179 2191 3235 ad
2217 3179 2461 3235 eamdem
2483 3196 2709 3251 prorsus
2719 3182 3030 3240 sublimium
3049 3185 3291 3241 virorum
3305 3185 3483 3257 perfe-

1894 3269 2129 3325 ctionem
2154 3270 2394 3340 respicit.
2428 3268 2562 3325 Nam
2589 3271 2716 3341 quia
2741 3272 2795 3328 in
2827 3275 3045 3330 senario
3075 3291 3303 3333 numero
3330 3277 3351 3315 τ
3381 3277 3483 3334 Do-

1893 3360 2073 3417 minus
2099 3360 2286 3416 mundi
2316 3371 2569 3417 ornatum
2599 3364 2912 3435 complevit,
2944 3374 3092 3423 recte
3116 3368 3171 3424 in
3202 3383 3268 3423 eo
3297 3368 3480 3438 perfe-

1893 3457 1981 3505 cta
2019 3449 2285 3506 bonorum
2322 3450 2499 3507 solent
2538 3467 2703 3523 opera
2732 3453 2974 3525 ﬁgurari.
3017 3456 3086 3511 Et
3118 3458 3248 3527 quia
3290 3467 3477 3515 sancta

1893 3540 2177 3614 Scriptura
2207 3559 2332 3600 cum
2378 3543 2483 3600 ﬁde
2528 3546 2790 3612 veritatis,
2844 3563 3010 3618 opera
3046 3547 3274 3617 iustitiae
3321 3551 3481 3607 docet

1891 3630 2165 3698 habenda,
2198 3642 2348 3690 recte
2371 3635 2650 3704 praepositi
2681 3650 2907 3705 operum
2936 3637 3122 3707 templi
3159 3637 3262 3691 tria
3290 3637 3477 3703 millia,

1890 3731 1950 3778 et
1992 3725 2234 3780 sexcenti
2265 3723 2432 3781 fuisse
2459 3727 2833 3795 perhibentur.
2866 3728 2978 3784 Nec
3019 3728 3475 3798 przetereundum,

1891 3813 2035 3884 quod
2066 3815 2184 3869 haec
2229 3814 2592 3885 septuaginta,
2644 3824 2701 3871 et
2734 3818 3011 3888 octoginta
3039 3816 3210 3873 millia
3256 3828 3477 3889 portan-

1894 3904 2026 3959 tium
2056 3919 2222 3960 onera
2253 3914 2310 3961 et
2338 3889 2662 3960 latomorum
2713 3922 2835 3961 cum
2867 3907 3174 3977 praepositis
3199 3908 3336 3975 suis,
3369 3925 3475 3965 non

1890 3992 2112 4050 fuerunt
2138 3995 2204 4050 de
2232 3994 2424 4061 lsrael,
2458 3997 2553 4051 sed
2581 3996 2647 4052 de
2677 3997 2988 4069 proselytis,
3022 3998 3074 4053 id
3115 4006 3201 4055 est
3230 3998 3472 4066 advenis,

1891 4088 1982 4158 qui
2005 4088 2359 4144 morabantur
2371 4088 2515 4144 inter
2525 4103 2640 4145 eos.
2666 4087 2944 4160 Scriptum
2966 4105 3200 4160 namque
3224 4099 3310 4147 est
3335 4092 3392 4147 in
3414 4091 3477 4146 li-

1889 4185 1991 4241 bro
2015 4185 2463 4257 Paralipomenon
2492 4185 2577 4259 (II
2594 4183 2800 4251 Ponti,
2823 4186 2910 4256 l7)
2939 4204 2953 4241 :
2982 4186 3293 4243 Nnmeravit
3312 4188 3475 4259 igitur

1892 4278 2147 4335 Salomon
2174 4296 2352 4335 omnes
2376 4281 2518 4335 viros
2543 4280 2852 4352 proselytos,
2873 4281 2964 4353 qui
2979 4290 3131 4336 erant
3150 4281 3207 4336 in
3232 4290 3372 4336 terra
3390 4280 3474 4337 Is-

1891 4369 2022 4436 rael,
2038 4379 2151 4441 post
2161 4369 2816 4443 dinumerationem,quam
2831 4371 3180 4428 dinumeravit
3197 4372 3370 4427 David
3381 4390 3471 4443 pa-

195 4453 373 4509 dinati
402 4469 590 4509 sumus
615 4455 682 4509 ad
712 4453 895 4517 vitam,
927 4453 1227 4509 excidimur
1262 4455 1684 4523 catechizando,
1730 4466 1786 4513 et
1810 4473 1863 4533 Ῑ)
1888 4470 1968 4514 ter
1986 4460 2133 4530 ejus:
2159 4471 2207 4515 et
2235 4462 2427 4515 inventi
2448 4471 2568 4515 sunt
2587 4471 2794 4516 centum
2807 4462 3188 4532 quinquaginta
3202 4462 3393 4529 millia,
3423 4474 3471 4518 et

194 4552 540 4602 sacramenta
573 4544 697 4600 ﬁdei
746 4544 1112 4615 percipiendo,
1140 4546 1207 4601 de
1235 4556 1419 4602 monte
1442 4547 1708 4618 superbiae
1729 4547 1781 4602 in

194 4644 443 4694 montem
484 4637 675 4693 domus
721 4636 935 4692 Domini
970 4636 1370 4705 transferimur,
1399 4625 1493 4710 qui
1523 4641 1666 4696 eruti
1714 4641 1783 4697 de

191 4734 469 4800 potestate
506 4729 876 4792 tenebrarum,
919 4726 986 4782 ad
1015 4743 1196 4784 arcem
1229 4730 1515 4797 virtutum,
1544 4747 1667 4801 quae
1700 4740 1785 4788 est

195 4822 252 4877 in
289 4821 501 4877 unitate
535 4829 735 4877 sanctis
774 4819 1050 4885 Ecclesiae,
1078 4821 1441 4890 pervenimus.
1475 4821 1783 4878 Notandum

194 4922 405 4981 autem,
443 4911 589 4986 quod
623 4912 784 4969 iidem
821 4911 1058 4982 operarii
1093 4911 1169 4965 ita
1202 4919 1363 4966 erant
1399 4910 1699 4979 distributi,
1724 4919 1783 4967 ut

192 5020 329 5076 pars
353 5006 411 5061 in
433 5012 617 5061 monte
636 5003 841 5075 lapides
864 5004 1140 5069 cederent,
1165 5018 1295 5073 pars
1321 5004 1451 5059 item
1476 5018 1643 5059 onera
1666 5020 1788 5074 por-

194 5102 403 5151 tarent.
447 5095 671 5152 Diversa
716 5102 844 5149 sunt
869 5108 1103 5163 namque
1128 5092 1270 5149 dona
1314 5093 1561 5165 spiritus,
1585 5101 1642 5148 et
1667 5094 1787 5163 qui-

194 5188 326 5245 dam
351 5187 614 5260 majorem
656 5186 868 5243 dicendi
905 5226 920 5252 ,
952 5201 1020 5241 ac
1037 5193 1322 5256 protervos
1347 5186 1609 5258 arguendi
1646 5201 1780 5242 con-

271 5418 300 5449 ι
337 5406 547 5477 Rursus
582 5406 840 5477 Rabanus
888 5403 1149 5477 occurrit,
1184 5421 1343 5477 quem
1375 5407 1657 5465 docentem
1685 5411 1778 5466 ha-

194 5477 320 5541 bes,
361 5477 486 5532 dum
529 5476 753 5533 lincolas
796 5476 1061 5531 invenies.

273 5549 301 5588 ιν
331 5545 582 5620 Maiores,
612 5548 706 5620 sed
734 5554 958 5620 praestat
985 5553 1169 5620 nostra
1196 5545 1376 5620 lectio.

272 5626 297 5653 α
338 5617 471 5686 Quae
498 5615 709 5675 lineolis
733 5615 923 5675 carent
959 5632 992 5672 a
1027 5615 1251 5673 Rabano
1274 5618 1422 5674 edito
1446 5620 1661 5675 absunt.

1890 4551 1996 4606 tria
2010 4550 2180 4606 millia
2194 4552 2445 4616 sexcenti,
2463 4550 2684 4622 fecitque
2703 4553 2728 4592 ⁸
2749 4567 2835 4605 eos
2846 4550 3177 4621 septuaginta
3194 4550 3364 4605 millia
3382 4569 3472 4623 qui

1890 4640 2120 4695 humeris
2148 4657 2310 4695 onera
2337 4640 2637 4712 portabant,
2665 4649 2774 4696 etc.
2805 4638 3072 4711 Proselyti
3103 4648 3285 4695 autem
3310 4656 3472 4696 voca-

1889 4730 2088 4787 bantur
2115 4732 2323 4799 Grasce,
2354 4733 2536 4803 quies
2581 4733 2701 4788 aliis
2727 4732 3035 4789 nationibus
3075 4733 3379 4804 progeniti,
3416 4733 3469 4788 in

1890 4824 2050 4879 ﬁdem
2078 4833 2133 4881 et
2163 4826 2498 4881 consortium
2548 4825 2730 4896 populi
2770 4825 2867 4881 Dei
2914 4834 3135 4894 accepta
3180 4825 3468 4880 circumci-

1889 4915 2043 4971 sione
2092 4917 2444 4973 transierunt.
2494 4917 2739 4972 Fuerunt
2782 4917 2964 4988 itaque
3004 4916 3239 4987 operarii
3278 4917 3470 4973 domus

1888 5007 2100 5087 quini
2135 5008 2202 5064 de
2245 5008 2372 5065 ﬁliis
2405 5009 2592 5075 lsrael,
2624 5008 2844 5064 fuerunt
2889 5009 2956 5065 de
3002 5009 3311 5080 proselytis,
3345 5008 3465 5063 fuco

1887 5107 2017 5154 runt
2040 5100 2106 5156 de
2134 5100 2405 5171 gentibus.
2447 5100 2526 5156 De
2565 5100 2703 5170 ﬁliis
2735 5101 2988 5157 videlicet
3027 5100 3214 5167 lsrael,
3245 5100 3467 5169 triginta

1886 5189 2076 5257 millia,
2101 5190 2195 5262 qui
2224 5190 2292 5246 ad
2336 5190 2706 5261 przecidendos
2738 5191 2807 5248 de
2851 5189 3058 5246 Libano
3091 5189 3284 5246 cedros
3312 5188 3465 5244 missi

1887 5406 2115 5461 mortuis
2142 5405 2407 5470 tribuunt,
2443 5402 2924 5475 accipiendaesint,
2951 5401 3115 5475 docet
3140 5401 3465 5475 Muratoriui

1885 5477 1940 5533 in
1964 5476 2126 5540 libro,
2151 5490 2311 5545 quem
2332 5474 2397 5529 de
2423 5472 2579 5532 Statii
2603 5482 2933 5528 mortuorum
2954 5472 3248 5545 inscripsit.

1958 5557 1981 5586 ο
2026 5546 2183 5602 Redit
2207 5560 2396 5601 rursus
2419 5545 2691 5600 Rabanus.

1961 5616 1980 5656 ί
2022 5617 2185 5673 Deest
2209 5615 2262 5670 in
2278 5615 2439 5672 editis
2461 5628 2561 5671 vox
2584 5614 2864 5680 Dominus,
2887 5629 3049 5685 quam
3072 5621 3249 5672 tamen
3270 5627 3463 5672 sensus

270 5687 297 5728 δ
339 5688 534 5745 Deesse
551 5689 764 5746 videtur
776 5698 889 5759 post
906 5686 1171 5759 judicium
1186 5698 1494 5759 extremum,
1519 5699 1611 5745 aut
1630 5691 1774 5748 aliud
1880 5687 2141 5759 exposcit.

197 5760 484 5829 ejusmodi.
543 5758 821 5831 Quomodo
865 5758 1167 5817 locutiones
1215 5758 1336 5825 ίιιω,
1393 5775 1512 5831 qua:
1551 5761 1774 5833 quietem

1955 5754 1980 5802 δ
2016 5755 2290 5831 Rabanus',
2317 5764 2373 5817 et
2396 5756 2562 5817 editio
2591 5754 2804 5828 vulgata
2834 5770 2899 5813 ea:
2925 5755 3020 5813 eis.
