3904 6174
424 334 512 390 151

1483 333 1755 390 CLAUDII
1797 330 2258 387 'l'AIlelNENSlS
2296 327 2601 385 EPlSCOPl

3557 327 3674 383 ’ἷδὲ

419 459 541 507 sunt
565 467 579 504 :
604 451 669 506 de
692 449 978 521 proselytis
992 448 1100 514 isti,
1117 448 1185 505 de
1205 450 1400 519 quibus
1422 467 1564 506 nunc
1586 450 1748 506 locuti
1770 466 1978 515 sumus,
2012 458 2059 519 Α
2089 444 2488 516 autemlapiles
2502 456 2606 496 non
2626 440 2799 495 solum
2815 438 3146 493 eaetneutarii
3167 436 3495 505 Salomonis,
3510 442 3678 498 sedet

420 541 656 612 lapidum
687 555 936 595 czesores.
972 539 1048 596 De
1073 542 1347 611 gentibus,
1374 540 1560 597 Hiram
1588 544 1724 613 ipse.
1750 550 1805 596 et
1846 542 1989 597 servi

418 631 552 700 ejus,
594 629 687 700 qui
733 643 859 683 cum
904 631 1078 685 servis
1106 630 1414 688 Salomonis
1449 633 1592 704 ligna
1616 635 1892 690 caedebant
1922 633 1990 688 de

417 721 636 777 Libano.
659 719 833 778 Omne
860 722 1029 794 igitur
1052 722 1335 778 hominum
1357 738 1547 794 genus,
1573 740 1671 794 per
1698 739 1836 795 quos
1861 723 1990 779 tedi-

415 812 625 867 ﬁcanda
654 819 773 868 erat
817 812 1083 879 Ecclesia,
1111 814 1167 868 in
1195 813 1424 870 aediﬁcio
1450 815 1636 885 templi
1670 815 1987 885 praecessit:

413 902 584 959 ιωιωί
632 891 887 972 nam'que,
931 903 1212 976 proselyti,
1245 912 1301 959 et
1348 904 1576 976 gentiles
1628 905 1877 961 conversi
1923 904 1991 959 ad

413 995 701 1049 veritatem
732 994 1009 1064 Evangelii
1057 1010 1239 1062 unam,
1269 996 1621 1067 eamdemque
1647 995 1847 1052 Christi
1891 997 1992 1052 Ec-

413 1084 658 1149 clesiam,
689 1073 803 1140 sive
823 1095 968 1143 recte
987 1087 1233 1154 virendo,
1268 1088 1380 1144 sive
1409 1089 1574 1144 etiam
1600 1089 1842 1145 docendo
1864 1105 1993 1145 con-

414 1182 649 1229 Slfllllllt.

486 1264 664 1334 (Verr.
710 1266 825 1338 27.)
867 1285 886 1318 ι
931 1267 1286 1341 Prwcepitque
1314 1286 1425 1337 rex,
1456 1279 1511 1324 ut
1533 1269 1770 1325 tollerent
1792 1270 1992 1340 lapides

413 1355 639 1426 grandes
663 1357 915 1426 pretiosos
944 1358 1001 1411 in
1031 1357 1428 1426 fundamentum
1468 1358 1663 1430 templi,
1691 1369 1739 1414 et
1764 1359 1992 1432 quadra-

414 1456 528 1498 rent
553 1462 659 1499 eos.
692 1445 1127 1501 Fundamentum
1153 1448 1338 1517 templi
1369 1448 1574 1503 nullum
1600 1456 1685 1503 est
1711 1448 1853 1503 aliud
1878 1464 1993 1519 my-

414 1538 550 1592 Stice
580 1537 1007 1609 intelligendum,
1038 1554 1201 1607 quam
1230 1539 1383 1605 illud,
1409 1541 1551 1610 quod
1576 1539 1817 1595 ostendit
1850 1541 1993 1609 Apo-

415 1626 585 1682 stolus
613 1627 797 1683 dicens
842 1626 895 1698 (Ι
938 1627 1060 1683 Cor.
1089 1644 1173 1694 ιιι,
1206 1627 1303 1702 ll)
1332 1644 1347 1683 :
1379 1628 1807 1684 Fundamentum
1852 1632 1991 1685 enim

416 1723 564 1776 a’iud
610 1739 760 1777 nemo
802 1733 967 1794 potest
1014 1741 1223 1795 ponere,
1271 1735 1462 1796 prmter
1488 1726 1564 1791 id,
1595 1724 1736 1797 quod
1761 1727 1988 1796 positum

415 1823 511 1879 est,
556 1812 793 1868 Christus
818 1814 993 1869 Iesus.
1039 1816 1140 1881 Qui
1166 1824 1452 1888 propterea
1485 1827 1631 1872 recte
1672 1815 1987 1871 fundamen-

418 1913 528 1958 tum
552 1904 744 1959 domus
771 1905 983 1960 Domini
1007 1913 1188 1977 potest
1216 1907 1421 1973 vocari,
1454 1907 1579 1976 quia
1608 1907 1749 1961 sicut
1787 1907 1865 1961 ait
1890 1905 1987 1961 Pe-

415 2003 535 2050 trus
567 1994 703 2067 (Aet.
736 2010 810 2061 ιν,
843 1995 929 2063 12)
972 2014 984 2050 :
1041 1995 1165 2050 Non
1190 2006 1264 2051 est
1312 1988 1459 2051 aliud
1505 1997 1598 2052 sub
1639 1998 1765 2052 etelo
1806 1996 1989 2051 datum

414 2089 711 2144 Itontinibus
742 2107 950 2157 nomen,
979 2091 1033 2144 in
1058 2108 1160 2163 quo
1187 2100 1421 2162 oporteat
1450 2107 1543 2146 nos
1571 2091 1740 2146 salvos
1765 2090 1903 2161 ﬁeri.
1931 2088 1988 2144 In

413 2179 557 2249 quod
584 2181 988 2236 fundamentum
1019 2180 1222 2250 lapides
1250 2180 1504 2252 grandes,
1543 2190 1599 2236 et
1635 2180 1859 2251 pretiosi
1894 2196 1991 2251 po-

414 2278 637 2336 nuntur,
664 2285 787 2325 cum
815 2271 1073 2341 praecipui
1096 2270 1272 2335 factis,
1296 2287 1360 2327 ac
1389 2271 1678 2326 sanctitate
1703 2270 1805 2325 viri
1833 2268 1990 2324 fami-

416 2361 537 2416 liari
566 2362 763 2417 mentis
809 2363 1099 2418 sanctitate
1138 2377 1237 2418 suo
1284 2363 1562 2419 adhzerent
1600 2360 1898 2426 conditori;
1930 2371 1991 2415 ut

413 2465 522 2519 quo
566 2449 778 2504 ﬁrmius
823 2450 879 2505 in
907 2450 999 2505 illo
1028 2466 1174 2521 spem
1224 2467 1375 2507 suam
1423 2458 1654 2522 ponunt,
1683 2466 1750 2506 eo
1797 2449 1990 2505 fortius

413 2543 645 2598 aliorum
692 2543 857 2597 vitam
889 2544 1143 2615 dirigere,
1175 2543 1338 2616 (quod
1384 2542 1832 2610 estlatitudinem
1867 2558 1991 2613 por-

412 2632 550 2704 tare)
583 2632 869 2688 suﬂiciant.
900 2632 1132 2705 Lapides
1159 2649 1311 2706 ergo,
1367 2634 1459 2705 qui
1491 2634 1547 2688 in
1576 2632 1988 2688 fundamentum

413 2723 593 2795 templi
625 2725 692 2779 ad
738 2726 1061 2793 portandum
1088 2725 1372 2781 aediﬁcium
1401 2738 1562 2779 onme
1609 2724 1983 2793 ponebantur,

419 2815 659 2885 pr0prie~
687 2822 816 2869 sunt
853 2816 1154 2885 prophetae,
1179 2822 1233 2870 et
1262 2813 1513 2885 apostoli,
1557 2814 1648 2883 qui
1686 2814 1907 2868 verbum
1937 2823 1993 2869 et

413 2915 753 2963 sacramenta
793 2908 1061 2973 veritatis,
1092 2909 1206 2963 sive
1241 2907 1546 2971 visibiliter,
1593 2907 1708 2961 sive
1746 2905 1991 2961 invisibi-

409 2999 553 3059 liter.
583 2999 651 3054 ab
678 3000 794 3070 ipsa
824 2999 923 3054 Dei
949 2999 1212 3069 sapientia
1234 3006 1609 3069 perceperunt.
1643 3016 1661 3048 ι
1700 3008 1727 3038 ι
1760 2995 1912 3053 Unde
1935 3005 1990 3052 et

411 3089 590 3154 nobis,
633 3088 726 3159 qui
752 3104 939 3146 eorum
965 3090 1151 3155 vitam,
1181 3089 1295 3144 sive
1326 3088 1629 3144 doctrinam
1672 3089 1986 3153 studemus,

2091 533 2422 593 caementarii
2455 532 2661 596 Hiram,
2693 529 2820 601 quia
2847 544 2915 583 ex
2949 537 3182 599 utroque
3218 528 3417 599 popqu
3457 530 3683 589 fuerunt

2090 627 2356 693 nonnulli,
2384 624 2474 695 qui
2503 625 2743 694 ipsorum
2763 634 2980 691 quoque
3026 620 3309 675 doctorum
3332 617 3678 686 sublimium,

2091 720 2200 775 imo
2214 720 2464 776 doctores
2475 716 2798 782 existerent,
2817 732 2837 766 ι
2852 710 2882 751 ἀ
2903 718 2962 765 et
2973 712 3129 783 quasi
3153 710 3485 783 quadrantes
3497 728 3597 770 eos
3611 718 3683 770 ad

2091 810 2477 867 sublevandam
2500 806 2692 863 domus
2712 802 2928 860 Domini
2955 802 3241 858 aediﬁcium
3257 814 3537 873 pararent.
3573 805 3676 860 Ne-

2092 918 2198 974 que
2210 903 2353 957 enim
2368 900 2468 960 soli
2494 896 2758 955 Jeremias
2771 904 2827 953 et
2836 895 3025 961 Isaias,
3043 907 3098 950 et
3114 895 3293 950 caeteri
3306 910 3375 950 ex
3389 896 3682 953 circumci-

2092 995 2243 1049 sione
2254 992 2550 1063 propbette,
2567 1003 2756 1045 verum
2767 987 2930 1043 etiam
2946 987 3135 1042 beatus
3147 985 3246 1040 Job
3258 1001 3384 1041 cum
3399 986 3531 1043 ﬁliis
3542 989 3687 1053 suis,

2091 1087 2185 1157 qui
2199 1094 2359 1142 erant
2379 1085 2445 1140 de
2465 1084 2736 1153 gentibus,
2767 1080 3063 1135 maximam
3092 1079 3233 1141 vitce,
3254 1078 3371 1135 sive
3396 1082 3681 1151 patientia:

2091 1180 2345 1246 formam,
2385 1178 2643 1234 doctrina:
2669 1175 2925 1232 salutaris
2953 1175 3221 1244 praeconia
3248 1177 3532 1245 sequentis
3570 1179 3677 1232 :evi

2091 1269 2403 1326 doctoribus
2445 1268 2829 1323 ministrarunt
2858 1284 2870 1319 :
2915 1280 3024 1334 quo
3052 1263 3281 1332 abiectis
3300 1266 3508 1330 verbis,
3541 1269 3679 1322 aeti-

2089 1362 2209 1428 hus,
2241 1359 2658 1432 cogitationibus
2686 1356 3055 1429 supervacuis,
3086 1356 3153 1410 ad
3182 1356 3517 1426 portandum
3537 1374 3676 1415 onus

2091 1458 2291 1506 sancta:
2314 1449 2569 1505 Ecclesiae
2590 1448 2756 1519 digni,
2789 1455 2844 1502 et
2868 1442 2981 1517 apti
3009 1447 3210 1502 inventi
3236 1455 3383 1502 sunt.

2165 1553 2189 1581 θ
2221 1539 2390 1595 Porro
2429 1536 2588 1593 Giblii
2625 1546 3051 1609 pra'paraverunt
3085 1535 3228 1606 ligna
3274 1546 3324 1591 et
3370 1535 3581 1608 lapides
3611 1542 3677 1593 ad

2090 1633 2461 1703 wdiﬁeandam
2476 1631 2709 1686 domum.
2732 1628 2946 1685 «Giblos
2961 1638 3046 1685 est
3062 1630 3255 1686 civitas
3277 1629 3335 1685 in
3359 1630 3525 1701 Syria
3548 1630 3673 1687 Phe-

2090 1725 2264 1789 nicite,
2295 1737 2327 1777 a
2352 1738 2459 1792 quo
2478 1719 2643 1777 Giblii
2681 1726 2807 1775 sunt
2840 1719 3039 1785 vocati,
3066 1717 3226 1789 cujus
3264 1720 3521 1775 meminit
3546 1721 3676 1775 Eze-

2016 1799 2063 1858 Β
2090 1816 2233 1873 chiel
2273 1816 2460 1871 dicens
2492 1814 2724 1885 (χχχιιι,
2754 1810 2810 1883 θῇ
2841 1829 2855 1866 :
2896 1810 3168 1882 Sapientes
3197 1812 3298 1878 tui,
3344 1811 3507 1883 Tyra,
3552 1814 3675 1884 facta

2089 1916 2211 1963 sunt
2235 1906 2604 1979 gubernatores
2631 1904 2728 1958 tui.
2777 1901 2937 1958 Senes
2959 1899 3138 1967 Giblii,
3162 1912 3213 1957 et
3229 1903 3519 1974 prudentes
3540 1906 3671 1975 ejus.

2091 1998 2195 2053 Pro
2224 2011 2331 2068 quo
2376 1995 2431 2050 in
2457 1994 2685 2049 Hebrzno
2725 1994 3071 2049 continetur:
3118 1991 3300 2056 Gobel.
3331 1995 3455 2049 sive
3482 1992 3672 2062 Gebat,

2089 2090 2233 2160 quod
2259 2089 2646 2156 interpretatur
2659 2085 2936 2156 diffiniens,
2960 2085 3072 2142 sive
3097 2085 3484 2142 determinans.
3526 2089 3676 2156 Quod

2088 2176 2411 2233 vocabulum
2446 2183 2570 2246 apte
2617 2175 2870 2230 convenit
2913 2176 2995 2231 eis
3039 2176 3130 2245 qui
3175 2176 3341 2232 corda
3387 2178 3671 2233 hominum

2090 2270 2157 2324 ad
2204 2267 2492 2324 aediﬁcium
2535 2265 2801 2336 spiritale,
2852 2267 2996 2335 quod
3046 2280 3113 2321 ex
3155 2265 3457 2322 virtutibus
3485 2268 3677 2323 anima

2091 2359 2443 2424 construitur,
2468 2364 2662 2428 parant
2697 2375 2709 2411 :
2750 2358 2828 2413 sic
2857 2358 3058 2412 etenim
3088 2357 3260 2413 solum
3299 2373 3433 2415 suos
3461 2361 3672 2416 audito-

2092 2464 2181 2504 res
2206 2449 2384 2514 ﬁdem,
2415 2456 2471 2504 et
2508 2462 2672 2517 opera
2712 2446 2938 2517 iustitiae
2981 2446 3251 2504 sufﬁciunt
3276 2450 3518 2516 docere,
3549 2452 3674 2506 dum

2091 2539 2191 2610 ipsi
2240 2536 2392 2609 prius
2426 2538 2595 2594 sacris
2624 2538 2832 2608 paginis
2853 2539 3054 2605 edocti,
3084 2540 3391 2612 diligenter,
3438 2559 3566 2615 qua:
3613 2546 3676 2600 sit

2092 2631 2224 2687 ﬁdes
2252 2631 2501 2697 tenenda,
2528 2645 2635 2700 quo
2658 2631 2920 2686 virtutum
2948 2631 3082 2687 ca-lle
3108 2632 3493 2701 incedendum,
3525 2645 3683 2691 certa

2091 2724 2408 2779 diﬁinitione
2433 2724 2679 2780 veritatis
2703 2724 3028 2779 didicerunt.
3056 2724 3190 2780 Nam
3221 2726 3424 2782 frustm
3456 2730 3562 2784 sibi
3601 2730 3673 2785 of-

2094 2816 2272 2872 ﬁcium
2317 2816 2556 2872 doctoris
2585 2826 2831 2887 usurpat,
2854 2818 2945 2886 qui
2983 2818 3364 2874 discretionem
3392 2822 3677 2877 catholica:

2094 2908 2217 2965 ﬁdei
2266 2910 2498 2979 ignorat,
2533 2923 2709 2979 neque
2747 2909 3115 2964 sanctuarium
3145 2909 3396 2977 Domino,
3447 2914 3545 2967 sed
3572 2916 3676 2968 rui—

2091 3015 2215 3054 nam
2243 3000 2347 3055 sibi
2374 2998 2665 3065 tediticant,
2697 2999 2789 3068 qui
2820 3000 3013 3055 docere
3040 2999 3176 3055 alios
3198 3001 3469 3071 regulam,
3512 3019 3674 3073 quam

2092 3089 2195 3159 ipsi
2240 3105 2349 3145 non
2398 3089 2723 3155 didicerunt,
2756 3092 3042 3147 cernantur.
3076 3093 3135 3148 In
3179 3094 3505 3150 {ediﬁcando
3547 3113 3676 3169 ergo

412 3197 512 3251 pro
544 3190 729 3237 nostro
757 3181 973 3236 modulo
1012 3181 1230 3245 imitari,
1260 3180 1507 3250 fundatas
1543 3180 1675 3236 dicit
1702 3179 1990 3251 Apostolus
2017 3185 2061 3245 C
2092 3180 2310 3235 domum
2340 3179 2553 3234 Domini
2579 3179 2758 3249 primo
2783 3190 2908 3236 sunt
2937 3183 3174 3254 ligna,et
3202 3185 3412 3254 lapides
3433 3190 3674 3244 emdendi

411 3272 574 3343 (Eph.
608 3288 668 3337 ιι,
708 3272 801 3343 20)
828 3286 842 3325 :
873 3288 1029 3342 super
1081 3271 1479 3342 fundamentum
1527 3270 1884 3342 apostolorum
1912 3280 1987 3325 et

414 3364 804 3434 prophetarum.
850 3362 958 3418 Sed
998 3371 1052 3418 et
1093 3361 1415 3434 generaliter
1463 3361 1792 3432 quicunque,
1837 3370 1893 3417 et
1921 3361 1987 3416 ﬁ-

411 3452 604 3508 deliter
632 3452 734 3523 ipsi
762 3452 991 3507 Domino
1033 3452 1327 3517 adhaerere,
1361 3460 1419 3508 et
1440 3452 1722 3522 impositas
1747 3452 1849 3507 sibi
1876 3451 1986 3505 fra-

408 3554 554 3599 trum
606 3544 955 3600 necessitates
980 3543 1192 3600 fortiter
1234 3543 1381 3600 ferre
1426 3544 1751 3610 didicerunt,
1783 3544 1837 3599 hi
1863 3560 1988 3615 pos-

408 3643 535 3691 sunt
584 3635 851 3706 lapidibus
914 3636 1209 3705 grandibus
1237 3677 1252 3702 ,
1315 3651 1389 3717 ac.
1433 3637 1687 3706 pretiosis
1734 3637 1981 3692 indicari.

412 3747 430 3778 ι
468 3728 497 3768 b
519 3728 621 3795 Qui
648 3730 784 3783 itcne
812 3728 1015 3799 lapides
1028 3729 1205 3797 primo
1229 3727 1505 3798 quadrari,
1534 3742 1598 3783 ac
1610 3729 1690 3784 sic
1718 3729 1772 3784 in
1797 3727 1988 3784 funda-

408 3826 590 3873 mento
636 3819 761 3887 poni
790 3818 1048 3888 iubentur
1092 3837 1105 3872 :
1139 3819 1464 3888 quadratum
1504 3833 1740 3888 namque
1781 3833 1943 3873 omne
1968 3857 1983 3882 ,

408 3924 731 3979 quocunque
773 3910 1026 3975 vertitur,
1065 3917 1213 3965 stare
1250 3907 1416 3963 ﬁxum
1442 3908 1877 3964 consuevit.~Cui
1903 3908 1987 3963 ni-

407 3999 607 4053 mirum
640 3999 824 4070 ﬁgurte
848 4000 1013 4055 corda
1041 3999 1412 4055 assimilantur
1428 3999 1748 4065 electorum,
1772 4013 1893 4069 qua:
1912 4000 1985 4054 ita

407 4092 461 4146 in
494 4091 614 4147 ﬁdei
659 4091 917 4146 ﬁrmitate
943 4092 1240 4146 consistere
1273 4092 1593 4156 didicerunt,
1622 4100 1681 4145 ut
1719 4091 1868 4145 nulla
1893 4105 1985 4145 oc-

407 4182 743 4238 currentium
773 4197 953 4237 rerum
979 4182 1325 4248 adversitate,
1349 4198 1449 4238 nec
1473 4183 1589 4253 ipsa
1613 4183 1777 4238 etiam
1810 4191 1985 4239 morte

407 4288 438 4324 a
484 4285 581 4324 sua
608 4271 928 4325 rectitudine
954 4271 1164 4340 possint
1187 4279 1331 4326 statu
1358 4272 1634 4343 declinari.
1669 4290 1688 4324 ι
1725 4283 1748 4311 ο
1787 4271 1983 4338 Quales

409 4359 658 4415 videlicet
704 4361 953 4416 doctores
998 4362 1258 4428 Ecclesia,
1284 4378 1415 4418 onon
1457 4365 1631 4420 solum
1662 4364 1730 4420 de
1756 4363 1939 4419 Iudaea
1963 4405 1977 4428 ,

406 4466 593 4505 verum
622 4452 784 4506 etiam
816 4452 882 4506 de
911 4452 1161 4524 gentibus
1184 4468 1281 4523 per
1310 4453 1494 4523 plures
1533 4455 1790 4524 suscepit.
1827 4453 1981 4510 Unde

2094 3269 2161 3324 de
2190 3276 2399 3334 monte,
2433 3270 2559 3339 quia
2587 3284 2700 3334 eos,
2731 3286 2868 3341 quos
2896 3272 2952 3326 in
2983 3272 3087 3328 ﬁde
3112 3275 3360 3331 veritatis
3391 3277 3675 3335 instituere

2091 3360 2403 3429 quaerimus,
2440 3360 2619 3430 primo
2666 3377 2890 3418 necesse
2930 3372 3031 3429 est,
3059 3373 3119 3419 ut
3148 3366 3537 3424 abrenuntiare
3564 3372 3669 3427 dia-

2091 3448 2233 3514 bolo,
2266 3465 2331 3504 ac
2361 3450 2427 3505 de
2457 3458 2604 3506 sorte
2622 3451 2812 3521 primae
2833 3454 3320 3522 praavaricationis,
3349 3458 3404 3513 in
3429 3474 3541 3529 qua
3565 3464 3671 3516 nati

2090 3555 2297 3604 sumus,
2322 3541 2614 3597 doceamus
2644 3546 2975 3600 renascendo
2997 3547 3136 3613 erui,
3164 3548 3358 3605 deinde
3387 3556 3666 3621 quaerendi

2089 3638 2215 3685 sunt
2264 3631 2473 3702 lapides
2519 3634 2765 3703 pretiosi,
2800 3644 2857 3691 et
2901 3639 3152 3708 grandes,
3200 3652 3365 3710 atque
3396 3644 3451 3698 in
3486 3644 3676 3701 funda-

2089 3731 2328 3778 mentum
2380 3725 2563 3795 templi
2593 3726 2849 3796 ponendi,
2879 3738 2939 3784 ut
2961 3731 3388 3800 meminerimus,
3421 3738 3665 3793 abdicata

2089 3816 2503 3872 conversatione
2532 3818 2726 3887 priori,
2757 3833 2944 3876 eorum
2972 3823 3025 3877 in
3054 3825 3303 3880 omnibus
3338 3828 3531 3896 vitam,
3554 3847 3664 3886 mo-

2083 3920 2282 3975 resque
2297 3906 2786 3979 inspicere,eosque
2800 3912 3001 3967 nostris
3014 3914 3354 3971 auditoribus
3373 3918 3663 3976 imitandos

2083 4008 2407 4064 proponere,
2432 4011 2569 4066 quos
2593 4014 2691 4069 per
2707 4000 2959 4056 virtutem
2993 4002 3316 4060 humilitatis
3356 4011 3662 4077 specialiter

2086 4083 2310 4138 Domino
2343 4084 2618 4141 adhaerere
2662 4089 2992 4145 noverimus.
3042 4111 3061 4144 ι
3107 4092 3138 4144 f.
3170 4095 3317 4160 Quos
3362 4098 3661 4155 invincibili

2084 4174 2283 4230 mentis
2297 4176 2590 4233 stabilitate
2608 4218 2622 4243 ,
2637 4180 2795 4249 quasi
2818 4183 3111 4251 quadratos
3122 4188 3354 4254 quodam
3374 4192 3557 4257 modo,
3583 4202 3659 4246 at-

2082 4278 2188 4334 que
2200 4266 2267 4321 ad
2279 4281 2468 4322 omnes
2482 4269 2840 4324 teutationum
2854 4270 3125 4338 incursus,
3150 4277 3458 4335 itnmobiles
3470 4283 3661 4351 perdu-

2084 4370 2208 4411 rare
2231 4357 2618 4427 conspicimus,
2631 4376 2770 4431 quos
2795 4364 3085 4431 pretiosos,
3108 4376 3164 4421 ct
3183 4370 3421 4437 grandes
3448 4374 3656 4435 merito,

2082 4460 2147 4499 ac
2174 4446 2315 4501 fama
2345 4450 2731 4519 comperimus.
2777 4451 2908 4508 Post
2932 4454 3347 4513 fundamentum
3376 4476 3512 4517 vero
3543 4462 3658 4517 tali-

406 4541 544 4594 bene
568 4540 634 4594 de
652 4539 919 4610 lapidibus
942 4542 1101 4612 hujus
1122 4543 1305 4599 mundi
1328 4544 1708 4614 grandioribus
1721 4543 1980 4614 pretiosis
2005 4533 2057 4592 D
2082 4537 2206 4603 thS.
2246 4553 2311 4593 ac
2336 4541 2500 4595 tantis
2525 4539 2794 4610 lapidibus
2820 4546 3201 4614 compositum,
3232 4549 3553 4605 aediﬁcanda
3582 4561 3660 4607 est

404 4642 458 4685 et
483 4632 761 4700 quadratis
785 4631 1033 4688 subditur
1059 4652 1072 4688 :

476 4722 657 4795 (γεγε.
686 4722 797 4796 18.)
832 4742 850 4774 ι
884 4723 1028 4789 Quos
1057 4728 1363 4783 dolaverunt
1387 4728 1708 4782 erementarii
1738 4727 1981 4783 Salomo-

384 4802 505 4877 nis,
536 4822 584 4867 et
627 4815 948 4868 crementarii
988 4814 1196 4869 Hiram.
1230 4817 1492 4871 Dolantur
1520 4832 1750 4888 namque
1779 4818 1980 4888 lapides

403 4902 648 4970 pretiosi,
675 4916 801 4957 cum
823 4902 983 4960 electi
1009 4906 1207 4974 quique
1228 4906 1645 4974 praecedentium
1667 4917 1979 4963 sanctorum

396 4991 782 5057 instructione,
810 5001 867 5047 et
884 4992 1164 5059 instantia,
1199 4995 1459 5065 quidquid
1487 4997 1541 5051 in
1576 5012 1635 5052 se
1659 4997 1860 5053 habent
1884 5014 1980 5073 np-

403 5083 549 5136 xium
565 5089 620 5136 et
641 5082 820 5145 inane,
848 5082 1174 5152 relinquunt,
1192 5096 1357 5155 atque
1379 5096 1504 5142 ante
1527 5097 1875 5156 conspectum
1898 5089 1980 5143 sui

403 5171 699 5227 conditoris
727 5172 899 5227 solam
925 5172 1104 5229 insitae
1136 5172 1361 5242 iustitia:
1399 5176 1662 5246 regulam,
1692 5177 1843 5245 quasi
1872 5185 1981 5230 sta-

402 5260 579 5315 bilem.
619 5262 967 5333 quadratum:
1012 5262 1243 5319 formam
1289 5267 1600 5322 ostendunt.
1658 5266 1981 5322 Dolaverunt

474 5471 498 5499 ι
536 5459 665 5526 Quce
688 5459 901 5517 lineolis
923 5458 1236 5517 notata'non
1282 5472 1429 5528 sunt,
1457 5479 1486 5518 a
1510 5463 1735 5520 Rabano
1757 5463 1970 5519 absunt.

477 5529 505 5567 δ
543 5529 670 5583 llaec
696 5545 884 5586 rursus
911 5532 1116 5587 Rabani
1144 5534 1306 5588 verba
1340 5544 1484 5589 sunt.
1974 5548 1979 5555 '

406 5599 669 5735 εῃῖηὲῐιιω
704 5609 886 5654 notata
929 5617 1033 5657 non
1060 5612 1206 5669 sunt,
1252 5605 1305 5658 in
1338 5605 1488 5660 edito
1529 5605 1738 5662 Rabani
1763 5621 1869 5662 non
1900 5604 1974 5660 le-

478 5730 505 5773 d
547 5733 749 5790 Desunt
773 5736 890 5792 haec
911 5754 1126 5809 quoque
1147 5742 1203 5798 in
1231 5741 1474 5799 Rabano.

2082 4628 2274 4685 domus
2300 4630 2535 4697 Domini,
2581 4635 2901 4703 praeparatis
2931 4637 3242 4707 diligentius
3273 4640 3458 4711 lignis,
3490 4659 3556 4698 ac
3585 4643 3656 4697 la-

2081 4721 2319 4790 pidibus,
2368 4738 2433 4777 ae
2460 4723 2672 4779 decenti
2720 4726 2910 4782 ordine
2947 4729 3248 4795 collocatis.
3277 4732 3409 4799 Quae
3437 4734 3567 4788 olim
3593 4734 3657 4789 de

2080 4815 2261 4883 prisco
2282 4830 2381 4870 suo
2410 4816 2518 4870 situ
2546 4819 2571 4856 8
2601 4815 2706 4887 (vel
2730 4818 2932 4890 radice)
2964 4819 3179 4875 fuerant
3211 4824 3515 4891 abstracta,
3537 4825 3653 4895 quia

2081 4911 2205 4972 post
2247 4904 2421 4973 prima
2460 4905 2582 4959 fidei
2613 4906 2934 4971 rudimenta,
2985 4920 3107 4980 post
3135 4910 3395 4966 collocata
3426 4913 3482 4967 in
3511 4914 3655 4968 nobis

2075 4989 2230 5059 juxta
2252 4994 2559 5064 exemplum
2587 4996 2899 5052 sublimium
2929 5000 3168 5056 virorum
3194 5000 3546 5059 fundamenta
3568 5005 3653 5059 hn-

2085 5083 2330 5138 militatis
2358 5084 2382 5123 ιι
2436 5103 2455 5135 ι
2491 5086 2769 5142 addendus
2809 5097 2894 5143 est
2938 5090 2991 5144 in
3029 5091 3195 5146 altum
3223 5094 3407 5162 paries
3432 5109 3649 5165 operum

2082 5173 2370 5239 bonorum,
2396 5177 2552 5246 quasi
2583 5193 2747 5248 super
2770 5170 3036 5250 impositis
3065 5184 3167 5239 sibi
3196 5184 3427 5241 invicem
3451 5184 3649 5240 ordini-

2081 5268 2182 5323 bus
2212 5268 2448 5339 lapidum
2482 5267 2654 5341 (Psal.
2683 5288 2911 5335 Lxxxut,
2944 5275 3000 5345 8)
3038 5278 3107 5329 ad
3149 5277 3529 5333 ambulandum
3549 5318 3564 5343 ,
3589 5292 3647 5331 ac

2152 5477 2173 5502 ε
2211 5464 2289 5517 Eu
2320 5464 2513 5518 iterum
2538 5464 2814 5521 Rabanus.

2160 5534 2179 5574 ί
2221 5534 2350 5600 Quae
2375 5534 2586 5590 lineolis
2609 5546 2816 5599 carent,
2845 5536 2898 5591 in
2922 5537 3145 5593 Rabano
3167 5555 3272 5593 non
3295 5550 3529 5595 eustant.

2157 5607 2180 5641 κ
2221 5605 2397 5659 Verba
2426 5604 2539 5660 haec
2586 5623 2597 5657 :
2649 5605 2727 5659 rel
2773 5607 2947 5661 radice
2984 5608 3147 5663 aliam
3188 5610 3471 5665 lectionem
3517 5608 3641 5662 indi-

2082 5685 2209 5729 cant
2226 5690 2242 5745 ;
2281 5674 2437 5730 nolui
2454 5682 2632 5729 tamen
2656 5676 2888 5731 demere.
2926 5677 3136 5741 Dentat,
3162 5681 3208 5735 si
3232 5680 3365 5745 vult,
3395 5680 3599 5736 Lector.

2149 5745 2175 5786 ιι
2216 5744 2608 5814 Subsequentia
2637 5745 2689 5801 in
2720 5746 2940 5804 Bahano
2968 5750 3222 5819 reperies.
