3924 6170
237 325 345 381 733

880 314 1342 384 ρυτΕδΤῙΟΝΕΒ
1378 311 1529 366 XXX
1569 284 1801 366 SUPER.
1835 308 2083 364 LIBROS
2116 307 2384 364 REGUM.
2420 316 2489 349 -‘—
2527 308 2730 363 LIBER
2771 308 2855 363 III.

3396 312 3499 368 736
3563 384 3575 401 Χ

231 437 626 510 proficiendum
655 433 719 488 de
744 432 931 487 virtute
952 434 1007 485 in
1030 432 1292 485 virtutem.
1322 429 1417 485 Vel
1442 436 1590 484 certe
1609 426 1816 497 lapides
1845 431 1895 487 Α
1918 425 2019 480 bus
2053 427 2291 496 propius,
2325 441 2387 481 ac
2428 425 2741 496 diligentius
2786 427 3121 482 intuentibus
3165 429 3499 497 apparebant
3540 489 3552 497 ρ

234 525 578 586 fundamenti
601 523 829 594 grandes
849 522 1098 592 pretiosi,
1123 530 1178 575 et
1189 519 1464 589 quadrati,
1490 518 1651 589 primi
1669 525 1814 580 sunt,

231 630 294 675 ut
318 632 480 688 supra
504 612 1143 679 diximus,Ecclesiarum
1171 610 1420 680 magistri
1448 608 1609 679 (Eph.
1628 623 1685 669 ιι,
1702 603 1815 676 20),

232 712 327 781 qui
350 708 420 763 ab
443 707 561 777 ipso
574 705 802 761 Domino
825 703 1052 759 verbum
1084 699 1594 757 audieruntsalutis.
1616 696 1820 768 Super-

231 800 397 872 positi
409 804 588 853 autem
611 795 832 850 ordines
850 793 1114 864 lapidum,
1138 792 1251 847 sive
1272 790 1563 861 lignorum,
1587 802 1821 857 sequen-

235 901 320 945 tes
332 903 433 945 suo
451 901 667 958 quoque
691 893 934 953 tempore
962 881 1298 946 sacerdotes,
1313 892 1545 948 quorum
1571 872 1655 930 vel
1675 890 1818 945 prm-

232 981 531 1039 dicatione,
555 992 621 1031 ac
647 974 953 1030 ministerio
980 972 1184 1028 fabrica
1205 970 1404 1027 crescit
1428 967 1702 1032 Ecclesiae,
1736 965 1819 1020 vel

232 1068 500 1143 (ornatur)
530 1059 814 1123 ordinatur
840 1066 1155 1120 virtutibus.
1190 1062 1387 1131 Quales
1427 1069 1607 1115 autem
1638 1058 1819 1114 colore

230 1162 441 1218 fuerint
461 1148 692 1228 lapides,
722 1155 917 1226 quibus
946 1156 1152 1210 factum
1181 1162 1264 1209 est
1281 1153 1575 1235 templum,
1601 1152 1656 1206 in
1680 1151 1820 1205 libio

228 1251 683 1318 Paralipomenon
714 1255 901 1315 aperte
924 1245 1256 1301 declaratum
1279 1251 1384 1308 est,
1415 1243 1628 1298 dicente
1651 1241 1819 1295 David

220 1343 302 1402 ad
332 1341 707 1403 Salomonem,
736 1351 858 1392 cum
882 1336 931 1388 ei
960 1335 1233 1404 impensas
1262 1331 1471 1402 templi,
1501 1340 1557 1385 et
1583 1345 1702 1400 quae
1724 1346 1819 1401 pa-

230 1437 477 1494 raverat,
518 1426 828 1482 ostenderet
859 1422 909 1495 (I
941 1419 1073 1476 Par.
1106 1437 1257 1485 xxxx,
1286 1420 1344 1492 2)
1385 1438 1397 1475 :
1445 1419 1663 1474 Omnem
1698 1435 1819 1490 pre-

230 1521 432 1574 tiosum
470 1516 718 1587 lapidem,
765 1523 815 1568 et
843 1528 1077 1566 marmor
1118 1512 1328 1583 parium
1370 1509 1819 1564 abundantissime

228 1609 547 1682 prteparavi.
600 1606 835 1661 Marmor
867 1612 1048 1658 autem
1097 1602 1310 1672 parium
1361 1611 1600 1655 marmor
1628 1599 1817 1656 candi-

229 1702 363 1757 dum
385 1698 604 1761 dicitur,
623 1696 781 1766 quale
794 1694 979 1749 eadem
1008 1692 1184 1748 insula
1200 1692 1423 1763 gignere
1452 1689 1755 1745 consuevit.
1789 1706 1809 1741 ι

231 1804 256 1831 ο
293 1789 452 1846 Unde
473 1793 629 1855 poeta
655 1784 721 1838 de
750 1782 840 1837 illa
865 1780 1041 1854 (Virg.
1067 1779 1340 1853 malim):

292 1900 528 1957 Olearon,
558 1900 847 1958 niveamque
867 1892 1043 1954 Paron,
1065 1907 1355 1958 sinuamine
1383 1897 1472 1957 pei-
1495 1907 1662 1955 aequor

294 1956 521 2026 Cyclada,
542 1960 633 2010 sed
656 1956 819 2008 crebri
842 1958 1053 2019 legimus
1075 1956 1200 2006 freta
1233 1956 1423 2006 colicita
1449 1959 1629 2006 ventis.

230 2067 405 2122 l‘livea
440 2070 576 2135 ergo
599 2063 774 2117 Paron
805 2062 1024 2126 dicitur,
1068 2074 1133 2114 eo
1159 2061 1302 2129 quod
1329 2058 1701 2115 candidissimi
1730 2075 1818 2130 ge-

231 2158 387 2213 neris
415 2160 654 2210 marmor
675 2154 874 2206 mittat.
904 2170 921 2202 ι
952 2151 1049 2205 Est
1068 2160 1250 2205 autem
1275 2166 1383 2204 una
1405 2150 1472 2205 de
1493 2149 1817 2221 Cycladibus

229 2248 453 2315 insulis,
482 2263 591 2318 quo
623 2244 876 2299 videlicet
899 2241 1076 2311 lapide
1106 2241 1365 2311 templum
1395 2241 1565 2295 fuisse
1610 2239 1816 2295 factum

227 2340 504 2410 Iosephus
550 2336 790 2391 insinuat
827 2334 1013 2388 dicens
1050 2347 1064 2385 :
1099 2331 1337 2385 Elevavit
1371 2332 1545 2401 itaque
1571 2330 1818 2400 templum

228 2444 404 2498 usque
430 2426 500 2481 ad
527 2436 787 2476 cameram
818 2438 881 2475 ea:
910 2420 1084 2491 lapide
1112 2419 1231 2474 albo
1256 2430 1611 2474 constructum
1637 2435 1655 2473 :
1686 2420 1714 2459 ὶ)
1740 2419 1819 2473 al-

228 2515 408 2571 titudo
436 2513 535 2582 fuit
561 2512 739 2581 viginti
760 2511 987 2581 quinque
1018 2509 1331 2574 cubitorum,
1360 2518 1408 2562 et
1437 2518 1667 2562 centum.
1707 2505 1819 2561 Nec

232 2603 487 2678 mysterii
523 2618 717 2659 sensus
743 2602 798 2656 in
839 2601 1024 2656 abdito
1051 2607 1172 2666 est;
1204 2599 1376 2655 cuivis
1406 2599 1605 2653 etenim
1633 2604 1816 2666 patet,

227 2696 367 2766 quia
398 2708 641 2748 marmor
665 2693 975 2757 candidum,
1009 2707 1076 2747 ex
1106 2706 1215 2762 quo
1242 2692 1433 2746 domus
1458 2689 1671 2744 Domini
1693 2704 1820 2744 cou-

228 2791 447 2838 structa
478 2790 584 2848 est,
612 2783 878 2837 mundam
922 2782 1217 2837 electorum
1257 2781 1548 2847 actionem,
1579 2782 1739 2836 simul
1764 2791 1818 2836 et

229 2873 627 2930 conscientiam
658 2873 727 2927 ab
753 2872 901 2927 omni
928 2888 1081 2926 urvo
1107 2871 1470 2941 corruptionis
1495 2871 1815 2941 castigatam

231 2966 501 3036 designat,
544 2964 728 3035 quales
754 2979 879 3018 esse
911 2962 1079 3019 voluit
1109 2964 1326 3033 sapiens
1355 2964 1443 3019 ille
1483 2963 1814 3018 architectus

228 3072 344 3121 eos,
381 3071 516 3127 quos
543 3062 707 3127 super
749 3055 1155 3111 fundamentum
1186 3056 1388 3112 Christi
1416 3056 1650 3121 locabat,
1684 3057 1816 3127 lapi-

231 3144 327 3205 des
356 3149 645 3219 pretiosos,
691 3163 826 3203 auro
864 3157 1197 3219 argentoque
1250 3147 1531 3204 redimitos
1565 3147 1651 3220 (Il
1692 3147 1814 3202 Cor.

232 3255 328 3305 vn,
368 3241 422 3310 I)
454 3258 466 3293 :
494 3237 826 3303 Charissimi,
852 3238 1052 3308 inquit,
1097 3239 1407 3293 mandemus
1454 3255 1548 3293 nos
1582 3238 1646 3292 ab
1676 3239 1817 3293 omni

232 3328 628 3401 inquinamento
654 3329 849 3395 carnis,
878 3338 926 3383 et
952 3329 1168 3400 spiritus
1185 3370 1199 3394 ,
1227 3330 1555 3399 perﬁcientes
1583 3330 1817 3399 sancti/i-

231 3420 492 3472 rationem
519 3419 575 3473 in
604 3420 787 3473 timore
837 3418 952 3474 Dei.
984 3441 1005 3473 ι
1043 3431 1066 3460 ο
1095 3419 1406 3476 Ᾰέόίῐίεἰυηι
1438 3422 1494 3476 in
1536 3423 1815 3493 superiore

234 3508 398 3578 hujus
421 3508 710 3563 voluminis
740 3517 893 3579 parte
939 3510 1107 3565 habes
1146 3525 1177 3565 a
1220 3510 1381 3567 beato
1415 3511 1555 3567 Beda
1600 3513 1816 3583 exposi-

236 3610 347 3653 tum
377 3594 428 3652 δ.

302 3690 463 3761 (ζ’-ηρ.
493 3708 616 3758 viii,
648 3693 699 3757 1,
730 3703 778 3746 et
800 3690 863 3745 II
886 3686 1016 3746 Par.
1046 3709 1100 3758 v,
1126 3691 1207 3762 2.)
1239 3689 1500 3746 Venerunt
1529 3694 1702 3746 cuncti
1729 3711 1812 3747 se-

235 3800 318 3838 nes
350 3799 420 3837 ex
446 3781 616 3836 Israel
641 3783 711 3836 ad
738 3799 907 3853 regem
936 3782 1272 3837 Salomonem
1318 3784 1369 3836 in
1400 3782 1723 3845 Jerusalem,
1755 3793 1814 3837 ut

233 3876 495 3945 deferrent
517 3888 695 3929 arcam
726 3875 931 3942 {cedet-is
960 3874 1173 3928 Domini
1202 3875 1266 3929 de
1292 3875 1501 3929 civitate
1532 3875 1727 3936 David,
1758 3877 1813 3929 id

234 3974 306 4019 est
339 3964 411 4018 de
442 3962 590 4029 Sion,
622 3974 668 4019 et
697 3965 929 4019 tulerunt
954 3964 1250 4019 sacerdotes
1278 3981 1456 4018 arcam
1484 3966 1692 4035 {aderis
1716 3966 1817 4020 ι)--

234 4056 390 4121 mini,
436 4054 823 4126 intuleruntque
851 4068 966 4109 eam
1011 4056 1067 4109 in
1093 4054 1264 4109 locum
1307 4072 1460 4108 suum
1501 4057 1554 4111 in
1599 4057 1814 4111 oraculo

235 4144 413 4216 tentpli
438 4145 493 4199 in
513 4154 693 4200 sancta
720 4155 1021 4200 sanctorum
1050 4146 1234 4201 subtus
1265 4146 1379 4201 alas
1407 4148 1655 4204 cherubin
1681 4164 1699 4203 :
1742 4151 1814 4203 si-

235 4236 445 4305 quidem
474 4236 723 4289 cherubin
747 4237 1108 4307 expandebant
1135 4236 1251 4292 alas
1287 4254 1411 4293 suas
1451 4256 1608 4311 super
1642 4239 1814 4294 locum

237 4338 398 4388 arcte,
426 4325 861 4396 protegebantque
891 4343 1090 4392 arcam,
1120 4336 1168 4382 et
1214 4338 1379 4383 vectes
1408 4330 1525 4400 ejus
1568 4331 1809 4402 desuper.

1844 1763 1892 1823 B

1844 3105 1891 3170 C

1920 522 2049 569 ante
2075 513 2375 579 oraculum,
2423 528 2529 570 non
2558 523 2739 569 tamen
2765 513 2881 568 ﬁeri
2906 522 3143 583 poterat,
3170 522 3230 569 ut
3254 516 3371 585 ipsa
3410 532 3496 571 eo-

1923 623 2041 662 rum
2077 608 2255 677 capita
2280 606 2409 663 ante
2438 607 2720 663 oraculum
2746 608 3066 671 eminerent,
3090 608 3219 678 quia
3244 609 3502 665 nimirum

1906 713 2141 753 necesse
2166 704 2305 763 erat,
2328 705 2389 752 ut
2412 697 2598 753 clauso
2617 699 2857 761 oraculo,
2875 706 2933 753 et
2950 713 3189 769 appenso
3208 708 3335 755 ante
3357 701 3499 755 ostia

1919 786 2059 853 velo,
2106 787 2208 856 ipsi
2238 795 2452 858 quoque
2473 797 2659 843 vectes
2684 789 2784 842 toti
2827 804 2951 843 cum
2978 803 3126 853 arca,
3154 797 3211 843 et
3237 789 3502 845 cherubin

1920 880 2251 936 abderentur
2278 881 2539 946 interius;
2569 880 2715 951 quod
2739 879 2861 935 ﬁeri
2901 890 3009 957 non
3034 887 3272 949 poterat,
3302 880 3348 934 si
3376 895 3504 950 pro-

1920 971 2191 1027 minentes
2209 971 2440 1027 ulterius
2457 980 2642 1027 vectes
2664 972 3029 1041 producendls
3053 972 3120 1026 ad
3145 970 3501 1026 claudendum

1918 1061 2075 1116 ostiis
2120 1060 2297 1116 locum
2346 1077 2451 1118 non
2501 1061 2715 1118 darent.
2759 1061 2999 1128 Quorum
3032 1063 3359 1132 positionem
3407 1076 3507 1116 ve-‘

1918 1151 2084 1207 ctiam
2115 1150 2395 1222 Scriptum
2426 1168 2535 1207 non
2584 1153 2705 1208 sine
2730 1168 2915 1216 causa,
2960 1153 3054 1209 sed
3089 1154 3270 1224 magni
3301 1153 3499 1207 intuitu

1920 1244 2246 1299 sacramenti
2292 1252 2401 1298 tam
2442 1243 2734 1314 diligenter
2761 1244 3015 1313 expedire
3060 1244 3273 1299 curavit
3317 1261 3330 1297 :
3379 1257 3505 1298 con-

1921 1342 2029 1389 stat
2058 1334 2230 1401 enim,
2260 1334 2405 1403 quod
2435 1334 2626 1389 domus
2658 1333 2843 1404 templi
2869 1333 3131 1399 exterior,
3161 1334 3505 1403 peregrinan-

1922 1433 2033 1479 tem
2077 1423 2134 1477 in
2177 1423 2339 1479 terris
2364 1424 2705 1479 Ecclesiam:
2750 1433 2936 1478 sancta
2966 1434 3279 1480 sanctorum
3321 1434 3501 1480 autem

1921 1517 2195 1571 internam
2223 1531 2474 1586 supernae
2496 1518 2689 1586 patria:
2717 1515 3030 1572 felicitatem
3058 1518 3323 1587 designat.
3370 1518 3503 1574 Item

1921 1607 2070 1662 illata
2103 1608 2157 1662 in
2184 1616 2371 1664 sancta
2396 1615 2710 1664 sanctorum
2745 1623 2893 1674 arca,
2924 1614 3258 1678 assumptam
3289 1607 3497 1664 Christi

1920 1699 2306 1765 humilitatem,
2337 1706 2394 1756 et
2444 1701 2589 1754 intra
2636 1700 2815 1754 velum
2851 1699 3012 1770 regias
3061 1699 3304 1754 caelestis
3349 1698 3504 1754 indu—

1917 1795 2063 1844 ctam
2097 1807 2110 1842 :
2142 1797 2324 1845 vectes
2350 1804 2500 1855 vero,
2539 1789 2737 1859 quibus
2765 1788 2957 1843 eadem
2986 1803 3115 1844 arca
3142 1787 3499 1857 portabatur,

1915 1879 2297 1951 pradicatores
2324 1881 2496 1947 verbi,
2527 1894 2626 1950 per
2664 1894 2801 1949 quos
2829 1879 2947 1947 ipse
2988 1881 3189 1935 mundo
3231 1877 3501 1942 innotuit,

1916 1974 2093 2044 typice
2139 1973 2480 2028 denuntiant.
2516 1970 2535 2010 τ
2573 1972 2920 2041 Apparebant
2962 1971 3107 2025 enim
3157 1969 3501 2025 summitates

1914 2048 2149 2119 vectium
2197 2062 2329 2117 foris
2356 2070 2480 2117 ante
2526 2060 2805 2115 oraculum
2834 2075 2942 2115 non
2971 2074 3206 2129 semper,
3239 2059 3333 2115 sed
3374 2075 3497 2115 cum

1915 2152 2053 2208 ostia
2074 2150 2314 2220 ejusdem
2341 2151 2550 2206 oraculi
2572 2151 2774 2221 aperiri
2802 2150 3165 2220 contingeret,
3195 2163 3373 2219 neque
3396 2149 3498 2205 hoc

1915 2242 2192 2307 omnibus,
2227 2241 2323 2296 sed
2353 2242 2422 2296 iis
2441 2241 2798 2307 solummodo,
2827 2240 2920 2310 qui
2941 2240 3166 2310 propius
3185 2239 3506 2295 accedentes

1917 2332 2176 2387 attentius
2218 2346 2307 2396 ea,
2346 2347 2468 2401 quae
2506 2333 2651 2387 intus
2697 2341 2880 2397 erant,
2925 2332 3247 2403 satagebant
3283 2333 3502 2394 intueri,

1916 2421 2036 2490 Ipsa
2068 2428 2250 2475 autem
2298 2436 2447 2486 arca,
2488 2421 2666 2491 qualis
2711 2430 2768 2476 et
2817 2424 3089 2492 quomodo
3137 2431 3284 2477 esset
3329 2423 3503 2492 posita

1920 2511 2067 2583 (solis
2096 2512 2185 2582 iis)
2214 2511 2389 2566 solum
2419 2512 2518 2577 eis,
2552 2513 2643 2581 qui
2667 2512 2950 2568 oraculum
2973 2513 3289 2579 intrassent,
3321 2513 3505 2568 videre

1918 2602 2139 2667 licebat,
2169 2603 2297 2672 quia
2346 2601 2525 2658 nullus
2549 2610 2861 2658 sanctorum
2893 2604 3073 2658 adhuc
3120 2603 3230 2657 vita
3271 2604 3503 2674 positus,

1920 2693 2138 2748 tametsi
2187 2693 2413 2747 multum
2447 2694 2501 2748 in
2546 2694 2831 2748 altitudine
2880 2710 2938 2749 se
2985 2695 3184 2750 mentis
3224 2695 3499 2760 attollens,

1918 2784 2012 2840 sed
2049 2784 2149 2839 soli
2188 2784 2333 2839 illius
2357 2784 2548 2853 patria:
2572 2784 2722 2839 cives
2749 2784 2977 2855 gloriam
3003 2784 3135 2839 inibi
3164 2785 3248 2840 sui
3278 2784 3504 2840 Redem-

1915 2875 2088 2946 ptoris
2116 2873 2306 2946 (plene)
2341 2875 2501 2945 plane
2543 2882 2887 2931 contuentur.
2922 2876 3063 2953 Sunt
3084 2883 3139 2930 et
3166 2885 3350 2932 vectes
3376 2892 3501 2932 cum

1918 2980 2044 3020 arca
2066 2966 2121 3020 in
2149 2966 2372 3021 oraculo
2396 2966 2682 3032 reconditi,
2710 2968 2834 3037 quia
2859 2968 3163 3024 absconditi
3186 2976 3313 3024 sunt
3332 2971 3497 3025 etiam

1922 3070 2067 3110 nunc
2090 3056 2314 3126 perfecti
2339 3057 2539 3127 quique
2566 3056 2746 3122 electi,
2777 3058 2871 3126 qui
2897 3073 2998 3114 nos
3024 3069 3417 3129 praecesserunt
3437 3062 3504 3116 dc

1923 3130 2124 3200 mundo
2154 3146 2207 3199 in
2237 3146 2421 3201 abdito
2460 3144 2642 3201 vultus
2682 3146 2797 3210 Dei,
2833 3162 2865 3201 a
2896 3148 3308 3203 conturbatioae
3331 3149 3503 3204 homi-

1921 3253 2073 3302 num,
2126 3252 2355 3307 quorum
2387 3246 2569 3291 tamen
2601 3238 2944 3293 summitates
2973 3238 3207 3293 vectium
3255 3254 3502 3295 nonnun-

1918 3342 2081 3397 quam
2105 3335 2294 3397 aperto
2319 3327 2539 3382 oraculo
2564 3326 2672 3393 bis,
2701 3327 2795 3397 qui
2836 3328 3180 3397 appropiant,
3214 3328 3498 3384 visuntur:

1917 3434 2041 3474 cum
2065 3416 2484 3488 perfectioribus
2511 3419 2836 3489 quibusque,
2860 3428 3024 3488 atque
3045 3420 3260 3475 oculum
3284 3422 3367 3476 sui
3389 3436 3495 3477 cor

1916 3508 2001 3565 dis
2024 3516 2138 3564 tota
2187 3509 2489 3564 intentione
2514 3508 2948 3578 purificantibus,
2977 3510 3159 3564 divina
3201 3512 3377 3580 gratia
3403 3510 3495 3565 ali-

1917 3602 2047 3672 quid
2074 3611 2375 3657 extremum
2405 3603 2474 3658 de
2502 3614 2860 3672 superantem
2899 3604 3095 3659 civium
3142 3604 3338 3673 gaudio
3367 3617 3491 3657 con-

1919 3693 2284 3762 templandum
2318 3693 2621 3747 donaverit.
2651 3693 2784 3759 Qum
2814 3693 3073 3746 nimirum
3114 3691 3498 3761 contemplatio

1917 3787 2023 3851 his,
2054 3786 2142 3854 qui
2175 3785 2332 3854 paulo
2360 3785 2571 3855 longius
2597 3793 2959 3848 recesserunt,
3002 3783 3223 3838 minimc
3247 3783 3495 3839 concedi-

1917 3884 2024 3940 tur,
2073 3874 2199 3943 quia
2245 3878 2446 3943 quanta
2493 3872 2732 3927 exterius
2774 3880 2957 3928 mente
3002 3886 3135 3941 vaga
3190 3883 3489 3938 remanent,

1918 3974 2066 4020 tanto
2100 3963 2300 4027 minus,
2326 3979 2448 4033 quae
2477 3964 2588 4017 sim
2612 3963 2824 4017 interna
2851 3963 3067 4032 gaudia,
3093 3963 3300 4018 vident.
3325 3982 3345 4015 ι

1989 4054 2169 4127 (Vers.
2217 4053 2331 4116 10.)
2360 4054 2565 4109 Deinde
2608 4054 2854 4124 sequitur
2881 4071 2893 4107 :
2925 4053 2993 4107 In
3031 4070 3158 4108 arca
3186 4065 3361 4109 autem
3391 4071 3494 4110 non

1914 4156 2028 4202 erat
2056 4145 2227 4210 aliud,
2254 4145 2353 4199 nisi
2376 4145 2497 4199 date
2523 4144 2718 4199 tabula:
2734 4144 2987 4215 lapidem,
3014 4161 3145 4216 quas
3172 4156 3419 4216 posuerat
3440 4148 3495 4200 in

1914 4255 1976 4292 ea
2006 4236 2209 4307 Moyses
2252 4237 2307 4291 in
2336 4234 2496 4300 Oreb,
2544 4235 2756 4305 quando
2789 4235 2981 4307 pepigit
3022 4235 3194 4305 {trdus
3242 4236 3495 4292 Dominus

1914 4344 2033 4381 cum
2058 4327 2184 4396 ﬁliis
2212 4325 2401 4392 Israel,
2430 4342 2550 4380 cum
2575 4326 2944 4397 egrederentur
2986 4327 3053 4382 de
3075 4336 3217 4382 terra
3251 4328 3491 4399 Egypti.

237 4415 470 4488 Cumque
495 4418 778 4471 eminerent
808 4429 990 4481 vectes,
1036 4432 1465 4492 apparerentque.
1487 4424 1810 4478 summitates
1839 4453 1892 4512 Β
1916 4418 2097 4484 Quaeri
2140 4425 2320 4487 potest
2354 4418 2623 4486 quomodo
2664 4417 2753 4472 hic
2780 4417 2926 4472 dicat
2951 4418 3095 4488 quod
3135 4420 3191 4473 in
3220 4435 3348 4474 arca
3386 4436 3493 4474 non

237 4521 415 4559 eorum
442 4505 571 4574 foris
595 4507 954 4560 sanctuarium
983 4517 1103 4561 ante
1131 4510 1425 4575 oraculum,
1458 4528 1560 4565 non
1595 4529 1814 4583 appare-

238 4598 359 4652 bant
400 4597 542 4652 ultra
568 4599 887 4652 extrinsecus
915 4612 934 4650 .'
964 4601 1054 4670 qui
1098 4610 1147 4652 et
1174 4600 1387 4669 fuerunt
1428 4603 1500 4656 ibi
1546 4620 1711 4674 usque
1755 4606 1811 4659 in

237 4696 542 4752 prasentem
563 4687 718 4741 diem.
740 4706 758 4737 ‹
782 4687 893 4743 Hoc
919 4688 1260 4744 manifestius
1288 4690 1340 4743 in
1360 4691 1808 4763 Paralipomenon

238 4774 508 4831 volumine
535 4777 793 4833 scribitur
843 4777 1027 4850 (Ιὸἱάι,
1056 4795 1190 4834 vers.
1223 4780 1278 4849 9)
1313 4797 1327 4834 :
1364 4793 1387 4819 ο
1432 4780 1686 4849 Vectium,
1728 4785 1810 4839 in-

239 4867 371 4935 quit,
401 4868 589 4939 quibus
618 4869 897 4938 portabant
918 4884 1118 4933 arcam,
1154 4870 1280 4939 quia
1306 4869 1585 4940 paululum
1615 4872 1810 4942 longiu-

242 4971 315 5010 res
335 4967 512 5023 erant,
540 4960 712 5030 capita
738 4960 988 5028 parebant
1013 4969 1135 5013 ante
1146 4958 1441 5013 oraculum.
1466 4957 1525 5013 Si
1553 4976 1670 5015 vero
1696 4965 1813 5033 quis

241 5047 509 5112 paululum
536 5048 718 5118 [uisset
745 5049 1087 5114 extrinsecus,
1111 5065 1200 5104 eos
1228 5049 1402 5104 videre
1426 5066 1529 5104 non
1551 5060 1809 5119 poterant.

245 5137 339 5196 Ubi
371 5143 689 5209 notandum,
717 5142 845 5212 quia
874 5143 998 5198 etsi
1032 5143 1213 5213 capita
1242 5143 1481 5198 vectium
1505 5145 1813 5201 accedenti-

306 5309 329 5335 ι
368 5297 499 5364 Quae
533 5296 744 5353 lineolis
776 5305 983 5361 carent,
1024 5296 1279 5351 Rabanus
1308 5296 1530 5351 minime
1555 5298 1736 5353 habet.

309 5367 333 5404 δ
350 5367 538 5437 Editus
556 5366 811 5423 Rabanus
828 5382 843 5421 :
859 5366 1083 5437 altitudo
1099 5365 1196 5435 fuit
1209 5368 1480 5437 sexaginta
1494 5366 1807 5422 cubitorum.

312 5446 333 5473 ε
377 5435 649 5493 Hactenus
672 5438 837 5493 etiam
868 5436 1141 5491 Rabanus.

309 5504 337 5545 ἀ
354 5506 614 5577 (Plurima
640 5508 846 5563 omittit
867 5508 1035 5563 codex
1062 5513 1264 5570 noster,
1296 5521 1413 5575 qua:
1439 5506 1602 5561 habet
1621 5507 1806 5577 vulga—

246 5581 327 5649 tus
350 5576 649 5649 Eucherius
673 5593 740 5634 ex
762 5578 903 5634 Beda
940 5577 1227 5649 desumpta
1240 5592 1259 5649 _;
1296 5577 1375 5649 ad
1387 5592 1555 5649 quem
1586 5576 1804 5649 quidem

248 5643 380 5702 idem
409 5648 577 5703 codex
625 5648 905 5704 [sectorem
943 5643 1157 5717 allegat.
1188 5645 1290 5700 llic
1331 5643 1509 5717 aliqiia
1545 5643 1691 5704 certe
1714 5648 1805 5703 de-

245 5724 383 5785 sunt,
410 5733 528 5791 qua:
557 5726 811 5776 notantur
834 5720 890 5775 in
920 5717 1059 5774 serie
1090 5717 1342 5789 capitum.

1916 4518 2063 4566 esset
2085 4508 2253 4573 aliud,
2283 4507 2386 4563 nisi
2416 4507 2536 4561 dua:
2562 4506 2757 4561 tabula:
2790 4507 3105 4571 testimonii,
3134 4523 3256 4562 cum
3282 4519 3493 4577 aposto-

1918 4602 2002 4656 lus
2029 4599 2247 4665 Paulus,
2270 4599 2531 4669 magister
2554 4598 2794 4668 gentium
2822 4597 2878 4651 in
2905 4596 3011 4652 lide
3036 4606 3091 4652 et
3117 4599 3361 4663 veritate,
3388 4600 3491 4655 Hc—

1915 4694 2099 4756 btrazis,
2117 4691 2169 4746 id
2191 4697 2275 4746 est
2293 4690 2418 4745 ﬁliis
2440 4689 2626 4754 Israel,
2646 4689 2850 4745 scribat
2867 4688 3055 4745 dicens
3074 4689 3262 4759 (Hebr.
3288 4705 3368 4756 ix,
3395 4692 3451 4762 2)
3476 4712 3486 4745 :

1918 4778 2333 4835 Tabernaculum
2359 4779 2496 4833 enim
2524 4777 2724 4848 factum
2750 4788 2825 4832 est
2853 4779 3100 4849 primum,
3131 4779 3186 4833 in
3209 4796 3315 4850 quo
3340 4792 3489 4834 erant

1915 4870 2252 4934 candelabra,
2283 4879 2332 4923 et
2360 4886 2555 4931 mensa,
2589 4877 2638 4923 et
2662 4869 2947 4941 propositio
2966 4887 3181 4940 panum,
3213 4888 3332 4941 quae
3354 4872 3488 4927 dici-

1918 4971 2006 5015 tur
2028 4967 2235 5014 sancta.
2260 4958 2391 5012 Post
2414 4957 2759 5013 velamentum
2786 4969 2962 5014 autem
2984 4961 3293 5028 secundum,
3317 4963 3491 5017 taber-

1919 5048 2191 5114 naculum,
2234 5047 2372 5118 quod
2399 5047 2598 5100 dicitur
2644 5057 2829 5102 sancta
2875 5060 3178 5105 sanctorum
3204 5068 3223 5106 :
3266 5068 3485 5108 aureum

1912 5142 2111 5215 liabens
2136 5141 2484 5208 thuribulum,
2508 5151 2558 5196 et
2577 5158 2755 5197 arcam
2781 5147 3072 5201 testamenti
3097 5147 3485 5204 circumtectam

1992 5298 2199 5369 {Beda
2228 5314 2347 5368 cap.
2380 5313 2478 5353 seu
2510 5298 2821 5369 quaestione
2854 5298 2917 5351 l4
2947 5314 3067 5369 qua;
3096 5309 3394 5369 sequuntur
3421 5303 3487 5358 li-

1913 5367 2085 5424 neolis
2108 5367 2502 5422 notata’tradit.
2535 5367 2788 5437 Rabanus
2809 5368 2926 5421 lucc
2954 5367 3155 5437 pariter
3177 5367 3365 5425 habet.

1990 5438 2008 5477 ί
2052 5437 2337 5500 Nonnulla,
2384 5452 2503 5505 quae
2530 5436 2758 5505 vulgatis
2798 5436 2975 5502 Beda),
3004 5446 3059 5493 et
3088 5438 3295 5493 Rabani
3330 5440 3483 5497 libris

1912 5508 2184 5580 leguntur,
2212 5496 2571 5580 praetermittit
2598 5496 2992 5580 IfigClaqdiué.
3023 5509 3106 5563 An
3139 5511 3262 5579 quia
3292 5496 3481 5580 parum

1910 5575 2100 5650 idonea
2145 5575 2233 5650 iis,
2278 5592 2398 5645 quae
2428 5576 2530 5633 sibi
2569 5575 2882 5645 cxiilicanda
2914 5575 3307 5649 proposuerat?
3334 5580 3476 5650 judi-

1910 5647 2115 5705 caverit
2143 5646 2355 5703 Lector.

2298 5764 2333 5783 ο
