3904 6174
413 324 522 384 735

1512 319 1786 379 CLAUDII
1826 315 2290 376 TAURINENSIS
2325 316 2636 376 EPISCOPI
2680 380 2683 382 _

3569 320 3700 377 756

414 452 483 492 sa:
505 435 647 490 omni
684 440 832 504 parte
857 448 1010 498 auro,
1037 431 1091 486 in
1132 447 1236 502 qua
1282 439 1395 486 erat
1426 448 1562 486 urna
1590 447 1756 485 aurea
1794 430 1992 485 habens
2021 434 2073 492 Α
2167 429 2296 484 Post
2319 428 2622 499 perfectum
2649 443 2808 484 omne
2835 444 2972 500 opus
3000 429 3194 486 domus
3221 429 3441 485 Domini
3485 438 3539 486 et
3562 431 3697 489 lon-

416 541 634 590 manna,
658 534 705 578 et
726 525 869 592 virga
893 522 1091 596 Aaron,
1120 538 1238 587 qute
1266 521 1598 593 fronduerat,
1629 531 1678 577 et
1703 521 1896 576 tabulae
1918 531 1968 575 te

415 613 677 669 stamenti.
706 611 847 666 Ecce
870 619 1009 667 teste
1037 609 1295 682 Apostolo
1320 611 1630 678 didicimus,
1655 612 1798 680 quod
1817 619 1873 666 et
1893 611 1995 665 ista

417 704 616 758 ibidem
646 701 865 757 fuerunt
909 720 922 756 :
955 718 1061 757 non
1093 703 1237 758 enim
1266 718 1431 758 ausus
1461 711 1546 758 est
1573 701 1718 756 aliud
1745 702 1826 757 eis
1861 701 1998 756 scri-

419 793 682 858 bere,nisi
695 793 840 864 quod
859 801 1066 849 certum
1081 795 1337 860 tepebant
1348 794 1424 850 illi
1445 813 1458 848 :
1481 793 1662 850 omnia
1675 794 1792 848 haec
1812 793 1864 846 in
1880 793 1995 862 ipsa

417 898 547 938 arca
572 883 761 950 fuisse,
793 886 886 940 sed
915 901 1021 941 non
1046 886 1259 956 plenius
1293 894 1538 957 apparet,
1584 885 1799 954 quando
1829 885 1998 940 intro-

415 974 598 1030 missa;
637 976 834 1032 ibidem
868 979 976 1033 sint
1014 993 1029 1034 :
1062 989 1288 1048 excepto
1311 980 1454 1048 quod
1499 979 1552 1033 in
1599 978 1738 1033 libro
1776 976 1998 1031 Numeri

414 1067 676 1136 scriptum
705 1077 787 1122 est
819 1068 1010 1139 (Num.
1040 1085 1170 1135 xvn,
1199 1071 1232 1124 9
1261 1079 1308 1123 et
1341 1069 1428 1140 10)
1461 1087 1474 1122 :
1518 1068 1748 1123 Protulit
1791 1069 1997 1138 Moyses

411 1174 590 1212 omnes
633 1159 806 1229 virgas
843 1159 908 1214 de
936 1169 1210 1231 conspectu
1240 1159 1455 1214 Domini
1484 1160 1552 1213 ad
1596 1169 1811 1214 cunctos
1854 1160 1997 1228 ﬁlios

410 1247 628 1303 Israel:
667 1248 1009 1320 videruntque
1035 1291 1050 1315 ,
1101 1260 1150 1304 et
1211 1259 1514 1321 receperunt
1568 1250 1768 1321 singuli
1821 1252 1995 1322 virgas

409 1356 555 1394 suas.
604 1339 851 1412 Dixitque
899 1341 1159 1396 Dominus
1197 1341 1266 1397 ad
1305 1341 1544 1413 Moysen,
1607 1340 1746 1410 refer
1796 1342 1996 1412 virgam

410 1433 588 1486 Aaron
631 1432 685 1486 in
711 1432 1109 1488 tabernaculum
1145 1434 1450 1497 testimonii,
1483 1443 1540 1487 ut
1568 1442 1802 1488 servetur
1831 1434 1904 1487 ibi
1939 1435 1996 1488 in

406 1524 614 1592 signum
644 1524 912 1579 rebellium
939 1525 1174 1594 filiorum
1206 1524 1378 1579 Israel
1401 1541 1419 1579 :
1450 1534 1499 1579 et
1523 1525 1791 1596 quiescant
1819 1541 2000 1596 quere-

407 1612 475 1667 lae
501 1630 680 1668 eorum
706 1632 739 1668 a
761 1632 865 1681 me,
891 1633 953 1669 ne
976 1616 1288 1670 moriantur.
1315 1617 1557 1684 Denique
1595 1623 1652 1670 et
1679 1616 1746 1670 de
1775 1631 1992 1682 manna,

411 1703 486 1758 ita
503 1705 557 1758 in
577 1704 765 1761 Exodo
786 1706 1048 1776 scriptum
1076 1715 1158 1761 est
1183 1705 1379 1776 (Exod.
1407 1721 1517 1773 xvx,
1543 1707 1634 1771 55,
1661 1706 1750 1779 54)
1779 1721 1794 1760 :
1822 1706 1994 1760 Dixit-

2099 536 2219 590 gam
2237 522 2538 576 orationem
2558 520 2864 577 Salomonis
2877 520 2997 593 (III
3013 520 3142 593 Reg.
3162 540 3237 587 lx,
3255 521 3333 593 5),
3349 532 3404 578 et
3421 525 3603 580 divina
3622 526 3697 582 ad

2099 625 2222 665 eum
2235 611 2452 666 oracula
2467 613 2608 666 facta
2624 613 2766 667 inter
2793 621 2987 668 caetera
3021 611 3191 669 refert
3211 613 3498 684 Scriptura
3515 613 3695 682 (Ibid.

2099 701 2185 766 ll,
2217 701 2308 771 26)
2338 702 2482 772 quod
2502 701 2733 758 classem
2761 703 2980 757 navium
3007 703 3200 758 lecerit
3218 719 3312 760 rex
3338 703 3610 760 Salomon
3640 705 3700 759 in

2096 790 2466 864 Asyongaber.
2531 792 2884 864 Asyongaber
2944 802 3131 865 portus
3165 803 3250 850 est
3302 797 3470 851 maris
3515 797 3699 852 Rubri

2099 883 2118 957 (
2127 883 2177 937 N
2183 903 2286 938 um.
2305 899 2498 949 χχχιιι,
2517 885 2607 956 55)
2632 894 2687 940 et
2715 884 2816 939 fuit
2834 885 3106 940 tricesima
3121 885 3299 956 prima
3315 887 3530 943 mansio
3553 887 3702 942 ﬁlio-

2099 991 2217 1029 rum
2250 973 2440 1042 lsrael,
2473 976 2691 1046 quando
2719 975 2949 1046 profecti
2991 985 3117 1031 sunt
3146 977 3212 1031 de
3242 976 3483 1047 [Egypto
3517 998 3530 1032 :
3575 978 3699 1047 ipso

2097 1066 2394 1120 etiamloco
2425 1075 2545 1136 post
2576 1064 2694 1139 (III
2711 1063 2840 1136 Reg.
2860 1082 2996 1131 χιιι,
3015 1065 3106 1136 49)
3125 1065 3314 1121 classis
3325 1065 3618 1138 Josapbat,
3637 1074 3700 1121 ut

2100 1154 2381 1226 Scriptura
2407 1163 2662 1222 testatur,
2693 1155 2745 1209 vi
2770 1156 3102 1224 tempestatis
3131 1155 3318 1211 attrita
3349 1164 3452 1211 est.
3487 1155 3695 1212 Classis

2098 1253 2231 1301 sunt
2269 1245 2484 1318 navigia
2535 1247 2706 1302 maris
2758 1261 2773 1300 :
2821 1243 3012 1302 classis
3060 1248 3226 1302 etiam
3279 1247 3424 1304 dicta
3466 1249 3692 1302 navium

2098 1338 2410 1394 multitudo.

2165 1427 2330 1500 (Ibid.
2349 1445 2424 1494 ιιι,
2441 1428 2530 1494 27,
2547 1428 2664 1502 28.)
2685 1429 2816 1485 Post
2833 1431 2950 1485 haec
2970 1429 3166 1484 iterum
3193 1426 3360 1483 refert
3382 1426 3690 1498 Scriptura,

2097 1521 2242 1590 quod
2272 1522 2520 1576 venerint
2546 1523 2688 1578 servi
2720 1523 2907 1577 Hiram
2938 1538 3060 1578 cum
3091 1521 3266 1577 servis
3306 1520 3689 1576 Salomonisin

2097 1613 2303 1681 eisdem
2341 1614 2573 1669 navibus
2597 1614 2652 1668 in
2678 1613 2868 1684 Ophir,
2917 1620 3301 1683 sumptumque
3330 1611 3456 1667 inde
3500 1628 3685 1666 aurum

2098 1707 2620 1778 quadringentorum
2669 1709 2859 1781 viginti
2905 1709 3230 1764 talentorum
3274 1705 3596 1762 detulerunt
3629 1706 3691 1760 ad

408 1811 509 1866 que
538 1794 746 1864 Moyses
792 1796 861 1850 ad
887 1797 1090 1863 Aaron,
1137 1813 1284 1850 sume
1326 1814 1416 1851 vas
1445 1814 1630 1864 unum,
1659 1809 1704 1852 et
1733 1800 1880 1853 mitte
1926 1799 2000 1854 ibi
2028 1793 2074 1851 B
2105 1811 2288 1868 regem
2319 1797 2664 1854 Salomonem
2694 1799 2749 1852 in
2777 1798 3104 1854 Jerusalem.
3137 1797 3330 1868 Ophir,
3355 1799 3525 1863 unde,
3554 1797 3691 1852 sicut

408 1903 557 1951 man,
586 1898 842 1958 quantum
870 1899 1034 1959 potest
1076 1905 1258 1961 capere
1282 1887 1499 1954 Gomor,
1528 1899 1576 1943 et
1604 1894 1791 1961 repone
1818 1907 1995 1945 coram
2091 1885 2207 1956 jam
2242 1887 2499 1954 diximus,
2537 1905 2728 1944 aurum
2765 1888 3094 1944 all'erebatur
3108 1888 3406 1953 Salomoni,
3436 1887 3691 1943 fuitunus

409 1976 635 2032 Domino
668 1980 737 2032 ad
780 1979 1094 2034 servandum
1125 1981 1181 2034 in
1219 1979 1579 2050 generationes
1612 1988 1830 2046 vestras,
1860 1981 1996 2034 sicut
2097 1980 2164 2034 de
2184 1981 2420 2048 posteris
2441 1978 2594 2053 (Gen.
2623 1997 2679 2048 ι,
2702 1980 2797 2048 25,
2820 1981 2911 2053 29)
2938 1980 3119 2036 Heber
3151 1981 3376 2036 nomine
3404 1980 3605 2052 Ophir,
3627 1996 3690 2036 ex

407 2071 653 2141 prwcepit
699 2069 956 2126 Dominus
1007 2071 1201 2143 Moysi.
1237 2069 1523 2143 Posuitque
1563 2072 1695 2126 illud
1739 2074 1918 2128 Aaron
1941 2075 1996 2128 in

407 2159 746 2215 tabernaculo
791 2161 1180 2216 reservandum.
1214 2161 1338 2215 Erat
1365 2169 1547 2216 autem
1591 2162 1644 2216 in
1681 2177 1810 2218 arca
1854 2178 1992 2218 urna

407 2262 573 2305 aurea
603 2251 811 2308 habens
839 2268 1061 2319 manna,
1091 2254 1218 2324 quia
1248 2255 1303 2308 in
1347 2255 1568 2311 homine
1595 2255 1812 2312 Christo
1840 2257 1995 2312 habi-

407 2349 488 2394 tat
519 2339 740 2413 (Coloss.
776 2359 836 2408 ιι,
863 2344 918 2413 9)
950 2345 1117 2400 omnis
1146 2345 1415 2416 plenitudo
1444 2345 1730 2402 divinitatis
1754 2365 1998 2419 corpora-

405 2431 546 2487 liter.
601 2433 733 2488 Erat
779 2443 960 2490 autem
996 2424 1153 2509 virga
1193 2437 1393 2502 Aaron,
1443 2453 1563 2508 quae
1605 2441 1788 2496 excisa
1819 2443 1996 2498 denuo

407 2524 685 2593 ﬂoruerat,
743 2529 868 2598 quia
902 2529 1084 2602 (Joan.
1136 2547 1190 2597 v,
1222 2531 1311 2596 22,
1346 2531 1439 2600 27,
1467 2533 1556 2599 29,
1585 2533 1672 2597 50,
1720 2534 1853 2606 etc.)
1899 2551 1995 2606 po-

406 2625 575 2673 testas
603 2618 780 2674 omnis
804 2621 1086 2690 judicandi
1119 2638 1286 2692 penes
1313 2639 1437 2678 eum
1467 2632 1571 2690 est,
1619 2626 1704 2680 cui
1725 2625 1992 2695 judicium

405 2707 462 2762 in
509 2708 818 2765 humilitate
871 2712 1141 2780 passionis
1196 2713 1485 2768 videbatur
1529 2729 1651 2770 esse
1697 2715 1988 2770 sublatum.

403 2797 574 2854 Erant
600 2808 656 2854 et
684 2799 876 2854 tabula:
903 2803 1232 2869 testamenti,
1264 2804 1391 2872 quia
1415 2803 1469 2857 in
1498 2803 1589 2858 illo
1609 2812 1735 2858 sunt
1762 2803 1989 2874 (Coloss.

408 2906 492 2956 ιιι,
538 2891 592 2962 5)
625 2908 803 2947 omnes
832 2894 1064 2949 thesauri
1100 2896 1392 2966 sapientiae,
1423 2906 1472 2951 et
1503 2897 1734 2951 scientia:
1764 2897 1991 2952 abscon-

404 2983 522 3037 diti.
552 2983 915 3040 Adhaerebant
939 2987 989 3040 ei
1019 2994 1222 3052 vectes,
1245 2987 1441 3057 quibus
1480 2987 1822 3057 portabatur,
1863 2988 1992 3059 quia

413 3075 690 3140 doctores,
720 3076 815 3144 qui
845 3077 1116 3146 quondam
1145 3077 1465 3134 laborabant
1491 3080 1546 3134 in
1575 3081 1740 3136 verbo
1767 3079 1989 3148 Christi,

2096 2070 2251 2141 cujus
2297 2071 2467 2141 stirpe
2507 2073 2786 2127 venientes
2831 2087 2862 2126 a
2909 2071 3072 2127 ﬂuvio
3111 2070 3383 2141 Copheua:
3412 2087 3591 2142 usque
3629 2072 3691 2126 ad

2096 2163 2375 2234 regionem
2420 2162 2601 2228 Indiae,
2635 2177 2754 2233 quae
2782 2171 3010 2218 vocatur
3039 2160 3242 2228 Hieria,
3291 2176 3388 2218 eos
3415 2161 3693 2216 habitasse

2095 2251 2262 2308 refert
2300 2251 2586 2322 Iosephus,
2619 2268 2648 2306 a
2681 2268 2787 2322 quo
2816 2260 2872 2307 et
2897 2252 3046 2324 regio
3083 2253 3199 2323 ipsa
3231 2252 3336 2308 tale
3367 2252 3691 2308 vocabulum

2093 2354 2177 2400 est
2205 2353 2516 2400 consecuta.
2551 2343 2705 2399 Unde
2730 2346 3069 2416 septuaginta
3095 2345 3422 2416 interpretes
3449 2347 3693 2402 derivata

2095 2435 2357 2490 vocabulo
2399 2449 2506 2490 non
2533 2434 2722 2504 Ophir,
2754 2436 2848 2492 sed
2878 2436 3076 2505 Ophira
3109 2435 3530 2491 transtulerunt.

2167 2524 2286 2598 (III
2322 2526 2450 2598 Reg.
2498 2543 2614 2598 cap.
2643 2543 2710 2593 ι,
2746 2526 2822 2598 1.)
2865 2527 2972 2582 Sed
3007 2538 3057 2581 et
3094 2529 3273 2598 regina
3319 2525 3464 2582 Saba
3507 2529 3694 2582 audita

2095 2618 2240 2688 fama
2265 2617 2588 2687 Salomonis,
2625 2619 2680 2674 in
2702 2620 2910 2674 nomine
2932 2617 3148 2674 Domini
3174 2620 3308 2673 venit
3335 2629 3544 2674 tentare
3567 2637 3689 2673 eum

2094 2712 2147 2765 in
2178 2713 2563 2783 a'nigmatibus.

2169 2802 2322 2859 Sicut
2347 2805 2490 2858 enim
2514 2805 2632 2860 lucc
2658 2807 2847 2876 regina
2873 2805 3019 2860 venit
3042 2819 3070 2859 a
3099 2804 3297 2860 ﬁnibus
3321 2815 3508 2871 terrm,
3537 2806 3592 2859 id
3615 2814 3695 2860 est

2094 2895 2264 2962 ludia,
2314 2903 2375 2950 ut
2419 2896 2640 2966 quidam
2687 2896 2894 2962 dicunt,
2926 2895 3116 2951 audire
3164 2895 3490 2965 sapientiam
3539 2896 3695 2950 Salo-

2096 2987 2292 3052 monis,
2321 2988 2395 3042 ita
2437 2989 2587 3044 venit
2628 2988 2871 3045 Ecclesia
2897 2997 3023 3058 post
3049 2987 3220 3042 multa
3249 2987 3448 3042 saecula
3474 2988 3545 3043 ad
3590 2987 3694 3043 Re-

2095 3079 2454 3149 demptorem,
2501 3089 2556 3134 et
2615 3079 2950 3136 eruditorem
3003 3094 3182 3145 suum,
3237 3089 3299 3134 ut
3347 3081 3416 3134 de
3456 3079 3691 3134 stultitia

405 3179 552 3218 nunc
577 3165 832 3234 praesenti
858 3166 1067 3222 visione
1094 3170 1332 3238 gaudent
1357 3168 1542 3240 gloria:
1570 3169 1773 3226 Christi
1806 3188 1819 3224 :
1844 3146 1988 3240 quod
2020 3146 2062 3208 Ο
2095 3146 2299 3226 erroris
2320 3213 2333 3238 ,
2361 3172 2663 3226 doctrinam
2692 3172 2999 3242 perciperet
3027 3172 3292 3227 veritatis.
3326 3170 3454 3227 Htec
3475 3180 3561 3226 est
3605 3172 3692 3226 illa

406 3253 549 3308 enim
598 3271 737 3310 unus
782 3258 1096 3313 earumdem
1126 3259 1262 3313 dixit
1308 3259 1530 3331 (Philip.
1561 3278 1600 3326 ι,
1637 3261 1730 3332 25)
1776 3281 1788 3315 :
1821 3260 1987 3332 Cupio

405 3344 639 3411 dissolvi,
686 3356 735 3402 et
763 3363 879 3402 cum
911 3346 1120 3405 Christo
1141 3367 1273 3417 esse,
1305 3353 1372 3407 de
1403 3354 1657 3408 omnibus
1693 3354 1878 3424 utique
1905 3355 1986 3409 sui

403 3435 587 3505 operis
609 3439 951 3494 consortibus
977 3440 1384 3512 intelligendum
1415 3443 1655 3513 reliquit.

478 3526 631 3598 (Cap.
657 3545 774 3594 vtu,
799 3529 910 3602 10.)
939 3529 1166 3585 Factum
1193 3542 1268 3587 est
1297 3550 1413 3587 cum
1441 3536 1666 3589 exissent
1695 3537 1988 3594 sacerdotes

403 3620 469 3674 de
507 3621 833 3687 sanctuario,
864 3621 1054 3676 nebula
1103 3623 1332 3694 implevit
1380 3624 1594 3679 domum
1620 3626 1836 3682 Domini
1879 3645 1898 3683 :
1941 3639 1988 3684 et

404 3727 510 3766 non
537 3720 778 3782 poterant
799 3714 1095 3769 sacerdotes
1120 3723 1263 3770 stare
1280 3725 1328 3770 et
1351 3717 1653 3773 ministrare
1673 3731 1885 3791 propter
1904 3738 1990 3777 ne-

403 3801 583 3856 bulam
624 3819 643 3857 :
674 3803 972 3874 impleverat
1001 3806 1140 3861 enim
1164 3807 1336 3877 gloria
1373 3807 1587 3864 Domini
1628 3810 1840 3865 domum
1876 3811 1988 3867 Do-

405 3895 558 3949 mini.
589 3907 616 3935 α
669 3914 688 3946 ι
723 3895 906 3952 Gloria
929 3897 1142 3954 Domini
1169 3900 1489 3974 intelligitur
1526 3903 1800 3972 Christus,
1837 3908 1992 3978 cujus

406 3984 512 4039 lide
560 3985 800 4056 repletus
826 3996 910 4044 est
952 3990 1250 4056 universus
1283 3993 1536 4050 mundus.
1571 3995 1646 4050 De
1683 4011 1790 4065 qua
1819 3997 1990 4067 gloria

405 4077 598 4151 (Num.
631 4095 742 4146 xrv,
773 4080 859 4148 19,
890 4081 982 4148 20,
1013 4081 1146 4154 etc.)
1174 4099 1299 4140 cum
1324 4100 1426 4156 pro
1452 4086 1676 4142 adorato
1701 4088 1868 4144 vitulo
1890 4090 1990 4143 Do—

403 4170 612 4225 minum
635 4171 1019 4240 deprecaretur
1039 4173 1271 4246 Moyses,
1302 4184 1364 4230 ut
1384 4186 1636 4246 parceret
1654 4178 1852 4248 populo
1874 4195 1992 4250 pec-

407 4260 604 4321 catori,
638 4261 915 4328 respondit
959 4261 1222 4320 Dominus
1265 4283 1278 4319 :
1313 4263 1585 4337 Propitius
1614 4283 1704 4321 ero
1734 4266 1862 4332 illis,
1911 4286 1993 4324 ve-

402 4357 695 4404 rumtamen
727 4351 839 4404 vivo
869 4369 982 4423 ego,
1007 4362 1054 4407 et
1081 4354 1202 4408 vivit
1231 4342 1418 4412 nomen
1441 4373 1634 4424 meum,
1658 4357 1785 4429 quia
1811 4357 1993 4430 imple-

402 4442 544 4496 bitur
567 4440 736 4512 gloria
766 4459 881 4499 mea
908 4447 1078 4500 omnis
1103 4455 1264 4502 terra.
1313 4448 1382 4503 Et
1407 4451 1839 4520 septuagesimus
1875 4453 1986 4521 pri-

401 4553 523 4593 mus
541 4538 782 4608 psalmus
806 4538 955 4594 canit
977 4539 1134 4611 (vers.
1176 4539 1264 4612 19)
1295 4557 1308 4594 :
1340 4539 1654 4612 Implebitur
1677 4541 1846 4612 gloria
1867 4543 1982 4612 ejus

400 4631 569 4684 omnis
583 4640 742 4685 terra.
753 4630 905 4686 Unde
916 4638 970 4685 et
981 4630 1158 4699 angeli
1174 4630 1482 4686 clamabant
1505 4631 1813 4701 pastoribus
1826 4631 1979 4703 (Luc.

402 4735 462 4782 ιι,
483 4718 572 4789 lxi)
591 4737 603 4772 :
622 4717 803 4774 Gloria
817 4721 871 4774 in
884 4719 1099 4774 excelsis
1112 4719 1220 4774 Deo
1230 4761 1245 4786 ,
1267 4730 1315 4775 et
1338 4721 1392 4775 in
1405 4730 1546 4775 terra
1561 4738 1668 4791 pax
1683 4722 1980 4778 hominibus

401 4809 550 4869 bona!
567 4810 866 4865 voluntatis.
898 4811 1053 4878 Quod
1067 4816 1248 4866 autem
1265 4812 1458 4866 nebula
1488 4812 1732 4882 implevit
1759 4814 1980 4868 domum

401 4900 638 4967 Domini,
660 4913 707 4956 et
731 4920 835 4957 non
859 4913 1096 4973 poterant
1121 4904 1417 4959 sacerdotes
1444 4906 1748 4960 ministrare
1771 4917 1980 4977 propter

402 4991 669 5059 nebulam,
697 4994 814 5048 ιιωο
839 4994 1109 5049 sententia
1139 4995 1404 5064 superbos
1433 4995 1742 5050 Judznorum
1768 4997 1986 5066 pontiﬁ-

400 5097 493 5138 ces
516 5097 582 5138 ac
610 5083 863 5140 doctores
887 5085 1150 5151 insinuat,
1182 5085 1272 5155 qui
1295 5086 1422 5141 dum
1450 5085 1760 5142 Nativitatis
1781 5086 1984 5144 Christi

402 5184 744 5231 sacramenta
798 5175 1124 5246 investigare
1165 5174 1472 5246 deSpiciunt
1498 5216 1514 5240 ,
1566 5176 1806 5231 debitum
1861 5177 1984 5234 ﬁdei

403 5279 515 5320 sua:
559 5266 922 5322 ministerium
954 5282 1053 5338 per
1095 5267 1298 5323 erroris
1329 5266 1579 5322 nebulam
1609 5267 1982 5337 perdiderunt.

401 5352 478 5406 ιω
504 5354 648 5409 enim
673 5370 860 5410 eorum
881 5364 1090 5412 mentes
1103 5355 1436 5412 inﬁdelitatis
1460 5357 1634 5428 caligo
1655 5357 1899 5429 replevit,
1926 5371 1985 5417 ut

402 5444 744 5515 exigentibus
781 5449 1012 5519 propriis
1041 5448 1270 5516 meritis,
1303 5464 1408 5504 non
1441 5455 1739 5519 agnoscant
1779 5449 1981 5505 cultum

401 5535 758 5593 credulitatis.
793 5559 810 5591 ι

2091 3262 2300 3333 regina,
2317 3262 2384 3316 de
2397 3278 2500 3331 qua
2514 3263 2578 3317 ad
2597 3263 2884 3318 Dominum
2899 3263 3098 3318 dicitur
3109 3261 3224 3335 (Ps.
3245 3279 3390 3327 xuv,
3413 3264 3501 3333 10)
3526 3265 3693 3319 εΑειιο

2091 3351 2153 3405 tit
2171 3351 2349 3421 regina
2364 3369 2395 3406 a
2413 3352 2613 3407 dextris
2641 3353 2766 3418 tuis,
2790 3354 2844 3406 in
2870 3353 3054 3407 vestitu
3078 3353 3332 3407 deaurato
3355 3354 3691 3407 circumamio

2091 3451 2174 3499 cta
2190 3445 2456 3510 varietate,
2487 3445 2540 3500 id
2556 3454 2641 3501 est
2652 3445 2990 3501 diversarum
3003 3445 3334 3501 circumdata
3348 3446 3594 3515 pretioso
3610 3447 3691 3501 de

2091 3547 2218 3587 core
2249 3533 2511 3589 virtutum
2537 3549 2552 3589 :
2595 3536 2709 3590 hmo
2738 3537 2900 3591 etiam
2928 3537 3170 3593 omnium
3196 3536 3541 3592 credentium
3563 3553 3683 3592 ma-

2091 3631 2175 3678 ter
2195 3631 2301 3690 est,
2327 3640 2448 3694 qua:
2467 3634 2626 3680 natos
2647 3626 2713 3681 ad
2729 3635 2980 3691 mortem,
3006 3635 3289 3698 regenerat
3314 3627 3384 3681 ad
3406 3626 3644 3682 salutem
3665 3643 3678 3680 :

2091 3729 2188 3785 per
2211 3730 2374 3786 quam
2402 3714 2653 3772 Christus
2680 3716 2800 3787 plus
2829 3718 3070 3772 restituit
3095 3717 3149 3771 in
3175 3717 3371 3789 gratia,
3400 3733 3564 3787 quam
3593 3733 3683 3788 pe-

2093 3807 2183 3862 riit
2223 3807 2276 3862 in
2323 3817 2555 3863 natura:
2608 3817 2664 3865 et
2703 3809 2834 3866 Adae
2878 3811 3300 3882 transgressoris
3355 3811 3686 3883 degenerem

2089 3898 2296 3968 prolem
2327 3899 2380 3953 in
2406 3899 2750 3970 adoptionem
2774 3901 2970 3956 divinae
2995 3900 3336 3971 paternitatis
3360 3902 3680 3971 assumpsit,

2092 3995 2147 4042 et
2171 3987 2240 4043 de
2284 3989 2537 4057 paradiso
2580 3990 3010 4056 exhaareditatis,
3061 3989 3183 4045 coeli
3232 3990 3468 4046 reddidit
3513 3992 3678 4046 cives.

2093 4075 2216 4131 Haec
2243 4085 2364 4147 post
2393 4094 2728 4151 synagogam
2755 4080 2975 4151 quidem
3000 4090 3214 4146 vocata,
3243 4081 3337 4136 sed
3365 4090 3497 4136 ante
3525 4097 3682 4152 syna-

2093 4181 2285 4238 gogam
2328 4170 2618 4239 promissa.
2667 4170 2796 4227 Haec
2819 4173 2964 4228 enim
2985 4170 3097 4240 jam
3146 4173 3201 4227 in
3230 4173 3406 4243 primo
3461 4174 3681 4234 homine

2092 4261 2433 4333 pmﬁgurata
2461 4276 2565 4321 est.
2597 4265 2732 4321 Nam
2760 4267 2902 4323 sicut
2946 4284 3014 4323 ex
3044 4268 3175 4323 Ada:
3200 4268 3370 4323 latere
3411 4269 3678 4325 fabricata

2093 4361 2179 4409 est
2205 4353 2314 4408 Eva
2342 4372 2356 4408 :
2408 4355 2482 4410 ita
2509 4371 2576 4411 ex
2606 4355 2809 4412 Christi
2836 4373 3084 4428 corpore,
3115 4368 3171 4414 et
3207 4358 3431 4415 vulnere
3466 4361 3678 4415 redem-

2091 4451 2185 4514 pta
2216 4445 2388 4500 crevit
2433 4445 2694 4504 Ecclesia.

2161 4534 2314 4608 (Cap.
2341 4551 2399 4603 Χ,
2419 4554 2549 4592 vers.
2569 4539 2650 4611 2.)
2685 4539 2933 4610 Ingresso
2974 4541 3153 4612 regina
3195 4541 3336 4597 Saba
3367 4541 3670 4596 Jerusalem

2088 4641 2204 4678 cum
2229 4624 2394 4680 multo
2415 4628 2688 4695 comitatu,
2719 4640 2766 4683 et
2791 4629 3006 4695 divitiis,
3035 4647 3152 4684 cum
3177 4630 3389 4685 camelis
3417 4633 3674 4701 portanti-

2087 4716 2182 4770 bus
2212 4726 2485 4784 aromata,
2541 4727 2587 4772 et
2620 4736 2812 4773 aurum
2849 4720 3112 4789 inﬁnitum
3162 4721 3336 4785 nimis,
3364 4731 3414 4774 et
3444 4738 3674 4792 gemmas

2085 4807 2361 4876 pretiosas,
2400 4810 2537 4862 venit
2575 4809 2645 4863 ad
2673 4809 3030 4876 Salomonem,
3076 4821 3124 4865 et
3172 4811 3345 4864 locuta
3372 4821 3449 4866 est
3481 4813 3531 4866 ei
3561 4814 3672 4866 uni-

2085 4913 2232 4952 versa
2259 4915 2376 4970 qua:
2405 4900 2625 4954 habebat
2652 4901 2705 4954 in
2728 4901 2882 4957 corde
2911 4919 3028 4957 suo.

2161 4990 2304 5061 Ergo
2351 4992 2404 5046 in
2451 4991 2622 5062 figura
2669 4994 2868 5064 regina:
2898 4995 3078 5064 hujus,
3115 4996 3354 5053 Ecclesia
3411 4998 3564 5052 venit
3605 5010 3669 5051 ex

2089 5081 2360 5149 gentibus,
2405 5091 2462 5136 et
2489 5082 2686 5138 ﬁnibus
2720 5091 2877 5139 terra:
2903 5085 3186 5156 imponens
3213 5087 3373 5142 finem
3402 5089 3667 5158 cupidita—

2090 5172 2516 5243 tibus,vitiisque
2527 5176 2778 5241 terrenis,
2794 5178 2984 5233 audire
2998 5179 3320 5250 sapientiam
3337 5180 3666 5242 Salomonis,

2089 5265 2239 5334 idest
2257 5266 2360 5319 viri
2376 5267 2586 5335 paciﬁci
2610 5267 2821 5322 Domini
2839 5271 3009 5324 nostri
3021 5269 3148 5326 Jesu
3178 5270 3383 5327 Christi
3413 5271 3578 5342 (Eph.
3598 5287 3656 5330 ιι,

2095 5356 2184 5427 14)
2215 5358 2304 5428 qui
2331 5357 2450 5427 fecit
2477 5368 2698 5430 utraque
2752 5377 2913 5414 unum
2940 5363 3152 5418 solvens
3184 5364 3502 5419 inimicitias
3535 5364 3666 5418 inter

2092 5449 2280 5514 Deum,
2312 5459 2366 5505 et
2395 5451 2668 5507 hominem
2703 5452 2756 5506 in
2787 5469 2951 5508 carne
2979 5471 3094 5510 sua.
3127 5454 3288 5510 Venit
3313 5464 3437 5526 post
3463 5463 3666 5510 veteres

2090 5548 2143 5594 et
2173 5538 2427 5610 profanas
2455 5541 2864 5612 superstitiones
2891 5545 3097 5610 audire,
3131 5555 3184 5601 et
3211 5546 3422 5602 discere
3450 5548 3516 5602 de
3545 5543 3664 5599 ﬁdei

479 5683 502 5710 ι
543 5671 671 5737 Qum
717 5683 1032 5742 sequuntur,
1075 5677 1452 5749 illustrantque
1485 5677 1662 5734 locum
1690 5677 1852 5742 hunc,
1882 5676 2164 5746 desumpta
2192 5688 2317 5737 sunt
2341 5695 2563 5749 prorsus
2627 5695 2694 5735 ex
2754 5681 2930 5753 capite
2986 5680 3020 5735 2
3076 5680 3345 5738 lsidoriin
3372 5679 3574 5737 librum
3603 5677 3661 5734 lll

408 5740 634 5812 Regum.
