3904 6174
265 214 376 270 ’157

913 209 1369 278 QUIESTIONES
1409 210 1554 265 XXX
1591 210 1818 268 SUPER
1854 207 2101 264 LIBROS
2140 207 2405 265 REGUM.
2448 237 2516 247 -—-
2553 207 2756 263 LIBER
2790 205 2874 261 Ill.

3422 212 3528 270 758

266 320 687 385 llluminatione,
727 327 780 375 et
801 317 1005 388 judicio
1042 319 1223 377 futuro
1251 340 1263 375 :
1313 322 1380 376 de
1405 322 1598 377 animae
1625 322 1845 377 immor—
1873 325 1925 384 Α
1948 333 2105 388 opera
2129 326 2242 384 tua,
2269 334 2426 388 quam
2455 334 2657 385 rumor,
2685 335 2835 390 quem
2865 318 3064 373 audivi.
3097 319 3230 376 Cum
3251 336 3382 393 ergo
3411 339 3534 394 per-

264 415 505 480 talitate,
537 412 602 467 de
630 426 725 481 spe
750 411 1183 477 resurrectionis,
1214 422 1268 468 et
1293 413 1482 484 gloria.
1516 411 1673 468 Venit
1717 427 1846 483 ergo

240 511 329 564 sin
356 503 661 561 Jerusalem
685 518 810 557 cum
861 505 1031 559 multo
1059 506 1319 559 comitatu
1345 522 1356 558 :
1390 505 1444 559 id
1468 513 1570 569 est,
1607 520 1714 560 non
1733 504 1848 576 jam

265 613 396 654 cum
420 610 531 650 una
565 601 772 648 tantum
800 603 958 666 gente
983 593 1310 659 Iudaeorum,
1341 594 1480 648 sicut
1503 595 1654 665 prius
1688 609 1847 664 syna-

266 701 409 758 goga
441 683 588 762 solos
612 683 806 738 habuit
848 680 1121 750 Hebraeos,
1153 684 1245 738 sed
1271 683 1436 738 totius
1462 683 1648 737 mundi
1675 683 1848 754 g'enti-

266 778 394 840 bus,
439 773 776 842 diversisque
819 772 1145 826 nationibus.
1203 772 1361 827 Venit
1409 786 1538 842 ergo
1585 773 1847 828 exhibens

263 881 496 924 munera
525 865 686 937 digna
722 862 954 926 Christo,
987 878 1196 928 aurum,
1223 871 1278 916 et
1302 877 1541 932 gemmas
1561 863 1843 933 pretiosas,

265 969 326 1010 ct
355 958 458 1012 hoc
489 953 710 1009 camelis
751 952 1092 1022 portantibus
1119 959 1383 1018 aromata,
1413 953 1466 1008 id
1499 962 1583 1008 est
1611 969 1678 1008 ex
1719 968 1846 1024 gen-

267 1045 355 1099 tili
382 1044 580 1114 populo
623 1041 989 1107 venientibus,
1034 1041 1128 1112 qui
1167 1041 1384 1097 fuerant
1419 1043 1569 1112 prius
1593 1043 1848 1099 vitiorum

268 1136 520 1192 foeditate
549 1132 784 1198 distorti,
813 1141 868 1186 et
896 1133 1158 1189 malorum
1184 1148 1349 1189 onere
1377 1134 1548 1201 curvi,
1575 1149 1638 1188 ac
1658 1150 1849 1206 pecca-

269 1238 458 1282 torum
487 1223 756 1294 pravitate
786 1222 1076 1293 dej‘ormes.
1115 1222 1248 1278 Cum
1277 1224 1361 1278 his
1390 1231 1646 1293 tanquam
1669 1239 1850 1278 mune-

268 1318 427 1372 ribus
474 1315 656 1386 regina
705 1314 820 1368 baac
869 1313 1167 1384 ingreditur
1216 1315 1282 1369 ad
1329 1313 1615 1384 paciﬁcum
1667 1329 1848 1385 regem

265 1407 572 1471 Christum,
604 1404 866 1460 exhibens
887 1419 1071 1459 secum
1096 1415 1339 1460 aromata
1362 1406 1505 1472 ﬁdei,
1534 1421 1726 1460 aurum
1753 1422 1851 1476 pu-

269 1498 475 1560 ritatis,
507 1497 785 1551 incensum
813 1495 1130 1564 pretiosum,
1163 1496 1581 1566 splendoresque
1610 1512 1850 1566 gemma-

268 1609 418 1657 rum,
447 1607 655 1646 morum
700 1590 911 1646 scilicet
943 1591 1195 1660 insignia,
1223 1602 1537 1648 ornamenta
1563 1594 1844 1648 virtutum.

1944 410 2091 464 venit
2117 409 2253 474 haec,
2286 411 2402 466 sive
2426 410 2691 476 Ecclesia,
2719 412 2831 466 sive
2861 426 3088 481 quaeque
3117 414 3296 469 anima
3333 426 3523 472 sancta

1945 497 2000 552 in
2024 506 2281 553 aeternam
2311 498 2636 566 Jerusalem,
2673 501 2727 554 id
2759 509 2841 554 est
2868 501 3127 554 visionem
3155 504 3326 572 pacis,
3355 513 3409 560 et
3432 507 3517 560 in—

1943 602 2128 656 gressa
2152 587 2316 643 fuerit
2341 589 2553 642 beatam
2585 589 2856 658 requiem,
2888 598 2944 644 et
2973 589 3198 660 gloriam
3223 592 3527 649 caelestium

1943 677 2357 746 promissorum,
2415 677 2585 731 multo
2615 678 2791 746 plura,
2821 687 2876 732 et
2903 679 3364 751 magnificentiora
3405 698 3531 753 per-

1945 767 2158 835 spiciet,
2185 782 2347 836 quam
2370 767 2421 821 ei
2452 775 2577 821 sunt
2603 768 2656 820 in
2683 768 2782 821 hac
2819 776 2961 821 terra
2988 784 3088 838 per
3109 785 3265 824 sacra
3288 771 3523 841 eloquia,

1943 872 2042 927 per
2063 859 2358 927 prophetas
2401 867 2564 928 atque
2591 857 2861 927 apostolos
2887 860 3150 914 nuntiata.
3191 861 3350 916 Nunc
3389 866 3529 917 enim

1947 958 2196 1018 tanquam
2220 950 2274 1004 in
2289 949 2553 1021 speculum
2579 952 2632 1005 in
2648 954 2924 1022 aenigmate
2951 971 2968 1006 :
2995 961 3122 1008 tunc
3149 964 3328 1010 autem
3353 958 3526 1013 oculis

1947 1039 2062 1093 suis
2074 1039 2309 1094 videbit:
2327 1039 2380 1092 id
2394 1050 2467 1094 est
2483 1041 2618 1110 facie
2633 1042 2701 1094 ad
2717 1041 2903 1109 faciem
2921 1042 2970 1112 (Ι
2987 1040 3354 1117 Cor.xm,12).
3371 1046 3529 1113 Cum,

1945 1126 2197 1196 inquam,
2222 1144 2557 1198 unaquaeque
2589 1132 2768 1184 anima
2813 1128 3008 1196 lidelis,
3041 1142 3098 1186 et
3133 1143 3321 1188 sancta
3353 1135 3406 1189 in
3436 1136 3529 1191 illo

1948 1217 2145 1272 saecqu
2157 1217 2314 1286 plena
2328 1219 2591 1273 bonorum
2614 1233 2837 1289 operum
2853 1222 3140 1288 fructibus,
3158 1223 3356 1279 divinis
3371 1224 3535 1281 fuerit

1947 1317 2271 1377 prtesentata
2302 1309 2696 1379 conspectibus,
2727 1310 2990 1366 exhibens
3019 1311 3072 1365 in
3100 1327 3180 1378 se,
3215 1313 3324 1369 imo
3349 1329 3407 1369 se
3449 1316 3537 1384 ip-

1948 1413 2062 1452 sam
2085 1398 2301 1452 Xenium
2322 1400 2432 1453 Deo
2448 1414 2567 1464 suo,
2583 1398 2862 1468 proferens
2875 1401 3034 1471 digna
3056 1403 3217 1471 ctelo,
3235 1413 3288 1458 et
3304 1406 3533 1461 valitura

1949 1488 2145 1543 oculum
2187 1488 2506 1557 multiplicia
2546 1505 2802 1555 munera,
2846 1505 3086 1561 gemmas
3118 1495 3530 1560 misericordiae,

1945 1579 2074 1650 justi
2082 1581 2168 1635 tiae
2183 1580 2504 1650 margaritas
2517 1581 2850 1636 diversorum
2862 1593 3177 1637 ornamenta
3194 1585 3530 1650 meritorum,

270 1683 398 1755 (III
432 1682 562 1752 Reg.
586 1698 640 1747 χ,
663 1682 720 1746 2,
738 1691 785 1735 et
811 1681 873 1734 ΙΙ
898 1679 1031 1753 Par.
1060 1699 1134 1747 ix,
1163 1683 1240 1755 1.)
1288 1683 1355 1736 Et
1371 1683 1545 1737 locuta
1565 1694 1638 1738 est
1662 1685 1708 1737 ei
1733 1684 1850 1738 uni-
1877 1675 1924 1733 B
1951 1672 2356 1727 idestaromata
2369 1673 2883 1742 compunctionis,et
2898 1689 3064 1728 suave
3080 1674 3276 1730 olentis
3290 1660 3536 1730 bﬁlsama

269 1789 449 1837 versa,
471 1788 586 1842 qua:
605 1771 822 1825 habebat
845 1772 899 1824 in
925 1772 1078 1826 corde
1098 1789 1194 1826 suo
1217 1789 1235 1826 :
1260 1772 1316 1828 Id
1343 1784 1425 1828 est
1448 1773 1656 1844 aperuit
1680 1775 1729 1828 ei
1760 1789 1857 1829 cor

270 1881 455 1928 suum,
486 1863 847 1918 manifestavit
867 1864 915 1918 ci
934 1865 1198 1920 occultam
1220 1867 1600 1921 conscientiam
1624 1882 1777 1922 suam
1800 1869 1853 1923 in

270 1952 652 2017 confessione,
694 1961 748 2007 et
787 1953 1118 2022 paenitudine
1162 1957 1577 2024 prmcedentium
1625 1957 1853 2013 delicto-

274 2058 420 2097 rum.
452 2042 741 2097 Videamus
771 2043 900 2112 quid
931 2053 1054 2114 agat
1083 2045 1198 2100 haec
1221 2045 1430 2116 regina.

359 2129 453 2201 (V.
478 2130 555 2202 4.)
587 2129 775 2184 Videns
788 2141 962 2184 autem
975 2132 1152 2202 regina
1169 2131 1310 2188 Saba
1326 2151 1526 2189 omnem
1545 2136 1854 2205 sapientiam

276 2218 607 2285 Salomonis,
653 2229 701 2273 et
739 2220 949 2272 domum
990 2237 1144 2290 quam
1197 2221 1570 2290 wdi/icaverat,
1621 2233 1671 2278 et
1715 2226 1855 2280 cibos

273 2326 474 2364 mensw
503 2310 642 2379 ejus,
689 2317 737 2362 et
777 2307 1104 2375 holocausta,
1143 2325 1260 2380 qua:
1286 2311 1534 2379 offerebat
1560 2312 1614 2365 in
1642 2313 1856 2367 domum

274 2402 513 2466 Domini,
543 2417 645 2454 non
671 2399 889 2454 habebat
919 2398 1057 2453 ultra
1088 2401 1351 2470 spiritum.

357 2488 496 2554 Quid
520 2499 636 2544 erat
680 2490 926 2555 rationis,
953 2497 1012 2543 ut
1047 2496 1352 2559 praepotens
1387 2490 1573 2560 regina
1599 2490 1818 2546 domum
1839 2532 1855 2560 ,

279 2595 566 2650 expensas,
617 2589 672 2635 et
723 2581 872 2635 cibos
905 2581 1085 2651 regios
1130 2588 1281 2635 tanto
1323 2595 1486 2650 opere
1531 2583 1858 2638 miraretur?

277 2669 426 2740 Ergo
469 2671 574 2724 hoc
614 2670 668 2724 in
697 2669 816 2725 loco
842 2670 1019 2739 aliqua
1051 2668 1252 2739 majora
1282 2686 1382 2726 nos
1417 2681 1631 2742 oportet
1672 2673 1854 2744 inqui-

278 2775 426 2814 rere.
455 2759 601 2815 Vidit
619 2776 748 2831 ergo
778 2760 1015 2816 Ecclesia
1039 2776 1106 2816 ex
1132 2762 1380 2832 gentibus
1409 2773 1738 2834 congregata
1770 2781 1856 2819 sa-

277 2850 539 2921 pientiam
565 2849 788 2915 Christi,
821 2851 872 2904 id
895 2859 979 2905 est
1000 2858 1120 2920 post
1148 2851 1384 2906 carnalia
1411 2853 1658 2908 instituta
1687 2855 1856 2926 genti-

279 2938 435 3006 lium,
473 2947 596 3008 post
640 2940 952 3005 humanam,
1000 2950 1056 2994 et
1088 2940 1374 2996 animalem
1405 2941 1704 2998 doctrinam
1742 2945 1857 3014 phi-

1957 1763 2226 1816 castitatis
2252 1761 2555 1832 proferens,
2586 1763 2728 1816 sicut
2755 1762 2885 1828 dixi,
2917 1779 3108 1816 aurum
3156 1762 3425 1818 inﬁnitum
3453 1766 3537 1820 ni-

1958 1851 2085 1916 mis,
2115 1851 2169 1906 id
2199 1861 2283 1906 est
2313 1852 2581 1922 integrum
2609 1851 2664 1904 in
2704 1865 2762 1905 se
2790 1851 3175 1922 reconsignans
3214 1853 3306 1922 pio
3331 1853 3539 1909 inaesti-

1957 1939 2155 1995 mabile
2180 1940 2413 2010 pretium
2445 1939 2816 2009 Redemptori,
2849 1940 3222 2008 spiritualibus
3254 1943 3453 2008 cordis,
3486 1952 3542 1998 et

1957 2032 2200 2102 corporis
2237 2031 2601 2086 oblationibus
2623 2031 2908 2100 pl.:citura,
2940 2040 2999 2086 ut
3038 2035 3209 2103 possit
3237 2035 3539 2090 cmlcstium

1961 2120 2300 2176 mirabilibus
2324 2121 2549 2184 inserta,
2577 2135 2764 2174 vocem
2805 2122 3133 2192 prophetica:
3160 2124 3544 2181 exsultationis

1957 2225 2236 2266 assumere
2260 2209 2431 2282 (Psal.
2464 2227 2588 2274 va,
2619 2210 2706 2282 I5)
2756 2230 2768 2264 :
2817 2211 3054 2266 Introibo
3083 2214 3296 2269 domum
3323 2226 3466 2270 tuam
3488 2219 3542 2271 in

1956 2302 2298 2356 holocaustis.
2325 2302 2476 2356 Tunc
2500 2303 2656 2355 beata
2685 2311 2739 2356 et
2764 2302 2988 2357 illustris
3031 2305 3210 2358 anima
3243 2306 3385 2361 inter
3423 2317 3536 2361 stu-

1956 2391 2166 2462 pendas
2191 2393 2616 2446 remuneratoris
2641 2394 2721 2446 sui
2754 2394 3045 2447 constituta
3069 2394 3310 2460 divitias,
3354 2395 3543 2451 incﬂ‘a-

1957 2480 2155 2536 bilibus
2199 2481 2401 2551 regina:
2442 2482 2602 2552 hujus
2631 2483 2814 2537 verbis
2839 2484 2918 2537 uti
2943 2485 3009 2539 ad
3041 2485 3210 2540 Deum
3235 2487 3436 2556 poterit
3463 2489 3541 2543 di-

1958 2587 2088 2628 cens
2114 2591 2126 2624 :
2168 2570 2333 2626 Verus
2363 2583 2439 2627 est
2466 2589 2657 2639 sermo,
2687 2591 2837 2644 quem
2863 2577 3042 2630 audivi
3066 2578 3122 2631 in
3149 2587 3290 2632 terra
3319 2596 3432 2634 mea
3453 2597 3541 2635 su-

1955 2681 2048 2734 per
2068 2664 2394 2719 sermonibus
2417 2666 2542 2719 tuis.
2577 2665 2788 2736 Majora
2814 2678 2936 2721 sunt
2959 2685 3113 2739 opera
3136 2678 3252 2736 tua,
3281 2687 3439 2742 quam
3456 2689 3539 2726 ru-

1955 2771 2089 2818 mor,
2139 2772 2290 2826 quem
2319 2757 2516 2811 audivi.
2565 2756 2678 2811 Hoc
2707 2769 2792 2812 est
2821 2759 3004 2814 dicere
3041 2777 3055 2812 :
3105 2775 3138 2815 o
3167 2761 3426 2828 Domine,
3471 2763 3539 2817 de

1957 2846 2398 2903 tribulationibus
2445 2849 2582 2904 meis
2626 2864 2820 2920 magna
2873 2851 3090 2919 quidem
3139 2866 3358 2922 sperare
3401 2867 3539 2922 pra:-

1957 2939 2160 3009 sumpsi
2207 2954 2222 2993 :
2263 2943 2355 2996 sed
2394 2939 2651 3010 majorem
2697 2944 2911 3012 percepi
2953 2944 3185 2998 veniam.
3221 2944 3500 3000 Manifesta
3524 2986 3540 3011 ,

279 3033 653 3103 losOphorum,
704 3030 911 3100 accepit
956 3031 1285 3086 intellectum
1332 3031 1557 3098 salutis,
1598 3041 1654 3088 et
1695 3035 1851 3099 vitae,
1882 3028 1925 3090 C
1957 3045 2118 3099 quam
2145 3046 2334 3095 cerno,
2365 3030 2668 3087 dulcedinis
2709 3034 3158 3103 magnitudinem,
3190 3037 3539 3107 cogitationis

277 3120 518 3192 inspexit
551 3119 851 3190 spiritualia
892 3120 1161 3175 mirabilia
1193 3121 1476 3186 bonorum,
1508 3124 1725 3193 agnovit
1769 3140 1860 3178 ve-

277 3229 408 3267 rum
437 3211 818 3268 fabricatorem
845 3213 968 3266 cmli
996 3228 1061 3268 ac
1112 3220 1292 3278 terrae,
1325 3221 1380 3268 et
1422 3216 1858 3283 potentissimum

274 3302 506 3356 humani
532 3302 741 3372 generis
765 3302 1117 3358 conditorem.
1147 3301 1222 3358 De
1249 3301 1402 3371 cujus
1431 3304 1695 3373 sapientia
1724 3305 1858 3360 dici-

283 3397 381 3442 tur
395 3388 544 3460 (Sap.
564 3406 639 3456 ιι,
656 3389 747 3460 21)
772 3409 783 3443 :
801 3389 990 3445 Omnia
1013 3392 1069 3445 in
1090 3407 1353 3457 mensura,
1369 3403 1416 3446 et
1429 3395 1676 3463 pondere,
1694 3403 1741 3446 et
1766 3411 1860 3448 nu-

273 3495 424 3532 mero
445 3482 775 3536 constituisti.
807 3483 946 3538 Vidit
967 3492 1021 3537 et
1050 3483 1265 3538 domum
1287 3500 1447 3553 quam
1472 3485 1854 3553 tediﬁcaverat,

274 3569 339 3624 id
357 3577 460 3635 est,
484 3571 904 3628 incarnationem
924 3574 1157 3629 hominis
1178 3577 1459 3646 assumpti.
1481 3577 1556 3632 De
1569 3593 1674 3647 qua
1696 3580 1856 3634 domo

275 3662 415 3717 dicit
437 3661 727 3733 Apostolus
764 3661 1062 3735 (Colman,
1098 3664 1152 3734 9)
1179 3682 1194 3744 ξ
1223 3663 1290 3716 In
1318 3681 1420 3734 quo
1452 3665 1650 3720 habitat
1686 3669 1854 3722 omnis

271 3751 549 3823 plenitudo
574 3754 861 3808 divinitatis
898 3753 1254 3824 corporaliter.
1289 3755 1436 3810 Vidit
1456 3764 1510 3810 et
1538 3757 1688 3812 cibos
1709 3757 1858 3812 Salo-

275 3844 493 3907 monis,
539 3843 787 3898 videlicet
827 3843 966 3906 illos,
1015 3844 1081 3898 de
1109 3843 1304 3912 quibus
1355 3844 1570 3900 dicebat
1625 3847 1733 3918 (Jo.
1778 3862 1851 3912 tv,

273 3932 373 4002 54)
397 3951 411 3986 :
440 3933 588 3987 Meus
609 3934 752 3988 cibus
773 3944 868 3999 est,
886 3943 943 3988 ut
967 3934 1161 4004 faciam
1189 3933 1504 3990 voluntatem
1527 3938 1692 4007 patris
1716 3938 1852 4008 ejus,

273 4023 368 4095 qui
390 4039 471 4077 me
495 4024 652 4078 misit.
682 4022 846 4079 Cibus
875 4023 1077 4079 Christi
1103 4031 1186 4078 est
1214 4024 1358 4080 salus
1383 4034 1588 4092 nostra,
1613 4026 1856 4082 reﬁcitur

277 4112 592 4168 coelestibus
613 4113 803 4182 epulis,
823 4113 1155 4184 profectibus
1180 4114 1402 4170 nostris.
1437 4116 1602 4172 Cibus
1627 4115 1742 4186 ejus
1765 4133 1854 4174 su-

280 4211 428 4262 mus,
475 4196 602 4251 dum
652 4196 900 4264 acquisiti
944 4197 1012 4252 ab
1057 4196 1320 4264 Ecclesia,
1353 4198 1407 4252 in
1444 4201 1686 4256 membra
1713 4199 1850 4270 ejus,

280 4294 586 4349 corpusque
631 4279 961 4334 transimus:
987 4281 1074 4336 vel
1099 4282 1254 4339 cibus
1292 4282 1408 4353 ejus
1452 4284 1639 4340 altaris
1673 4300 1853 4342 sacra-

1958 3133 2092 3173 mea:
2114 3135 2332 3175 sensum
2358 3130 2575 3191 superat
2597 3125 3017 3192 exspectationis
3042 3125 3285 3181 etfectus.
3315 3139 3340 3167 ι
3368 3127 3434 3182 Et
3457 3143 3538 3183 re-

1958 3223 2086 3263 vera
2123 3210 2195 3274 id,
2228 3212 2372 3281 quod
2401 3220 2558 3281 parat
2605 3213 2746 3267 Deus
2783 3213 3129 3284 diligentibus
3164 3231 3246 3281 se,
3290 3216 3396 3272 ﬁde
3427 3233 3540 3273 non

1957 3299 2454 3368 comprehenditur,
2497 3316 2590 3370 spe
2637 3317 2742 3356 non
2789 3304 3091 3374 attingitur,
3141 3306 3404 3361 eharitate
3425 3323 3535 3363 non

1959 3388 2196 3456 capitur,
2225 3389 2516 3455 desideria,
2536 3398 2591 3444 et
2619 3400 2741 3446 vota
2765 3393 3180 3460 transgreditur,
3201 3395 3409 3464 acquiri
3434 3410 3534 3464 po-

1955 3486 2086 3542 test,
2126 3480 2381 3534 aestimari
2411 3495 2517 3533 non
2547 3489 2746 3548 potest.
2777 3483 2992 3538 Videbit
3021 3484 3184 3538 homo
3217 3486 3409 3539 merita
3438 3500 3538 3540 sua

1957 3566 2329 3636 insuspicabili
2384 3569 2801 3624 retributionum
2850 3571 3099 3641 largitate
3150 3587 3494 3628 succrescere
3520 3613 3536 3638 ,

1955 3656 2176 3711 habebit
2205 3657 2270 3712 de
2297 3660 2644 3727 perceptione
2673 3659 2926 3727 fructum,
2959 3677 3064 3715 non
3089 3662 3309 3717 habebit
3341 3663 3407 3718 de
3444 3679 3533 3718 sa-

1956 3746 2143 3800 tietate
2172 3745 2469 3800 fastidium.

2026 3835 2179 3890 Fecit
2205 3838 2363 3890 etiam
2395 3853 2487 3892 rea;
2515 3837 2766 3894 Salomon
2795 3840 3042 3896 thronum
3069 3843 3135 3897 de
3181 3843 3332 3900 ebore
3370 3863 3533 3916 gran-

1955 3926 2094 3992 dem,
2121 3936 2168 3981 et
2194 3928 2393 3982 vestivit
2418 3945 2536 3982 eum
2559 3945 2689 3983 auro
2713 3929 2855 3998 fulvo
2891 3932 3065 3999 nimis,
3091 3935 3180 4005 qui
3205 3933 3425 3989 habebat
3447 3953 3538 3990 ses

1955 4017 2174 4088 gradus,
2198 4027 2245 4071 et
2263 4021 2535 4074 summitas
2558 4020 2732 4075 throni
2758 4022 2985 4078 rotunda
3011 4014 3123 4079 erat
3137 4025 3191 4079 in
3203 4035 3352 4096 parte
3365 4037 3535 4098 poste-

1957 4109 2108 4163 riori.
2138 4108 2386 4165 Thronus
2414 4112 2686 4167 eburneus
2711 4121 2967 4169 aeternam
2991 4115 3191 4186 judicis
3211 4125 3534 4188 potestatem

1954 4213 2091 4255 auro
2122 4199 2422 4256 divinitatis
2436 4200 2751 4272 fulgentem,
2770 4219 2931 4274 quam
2950 4206 2976 4246 ι)
2993 4207 3306 4264 Dominicus
3317 4208 3482 4264 homo
3503 4225 3534 4264 a

1955 4288 2119 4347 Patre
2147 4292 2375 4361 accepit,
2399 4292 2624 4363 ﬁguram
2649 4305 2892 4362 gestasse
2911 4312 3018 4352 non
3046 4298 3268 4354 dubium
3295 4309 3397 4357 est.
3423 4299 3532 4357 Sex

281 4377 464 4424 menta
495 4369 758 4437 caalestia,
789 4371 854 4425 de
875 4371 1071 4440 quibus
1098 4373 1295 4428 dicitur
1332 4371 1450 4446 (Ps.
1501 4391 1682 4430 Lxxvn
1701 4415 1716 4442 ,
1754 4376 1853 4445 24,
1883 4367 1936 4427 D
1961 4384 2161 4451 gradus
2191 4381 2350 4451 hujus
2375 4383 2554 4439 throni
2581 4400 2797 4441 omnem
2828 4396 3136 4442 creaturam
3175 4391 3442 4446 visibilem
3478 4400 3534 4447 et

279 4455 501 4512 etloan.
525 4475 596 4522 vt,
613 4458 701 4524 50,
725 4457 854 4530 etc.)
880 4477 894 4512 :
914 4459 1112 4514 Panem
1141 4461 1254 4516 ειειὶ
1280 4463 1420 4518 dedit
1443 4464 1538 4531 eis,
1559 4482 1744 4537 panem
1763 4486 1859 4522 an-

279 4548 514 4618 gelorum
542 4550 872 4604 manducavit
901 4550 1076 4605 homo.
1105 4552 1251 4608 Vidit
1274 4563 1329 4609 et
1356 4555 1670 4615 holocausta
1693 4560 1810 4630 ejus
1839 4577 1854 4616 :

279 4638 583 4694 orationem
597 4640 715 4695 sine
729 4639 912 4706 dubio,
928 4640 1486 4714 supplicationumque
1499 4650 1754 4720 mysteria
1769 4667 1782 4718 ;
1800 4661 1855 4707 et

280 4729 577 4800 obstupuit.
607 4731 682 4786 Ibi
717 4731 850 4788 vidit
870 4731 1272 4789 inaestimabiles
1286 4735 1502 4792 divitias
1515 4739 1725 4796 Domini
1747 4746 1850 4800 sui.

354 4811 450 4883 (V.
480 4813 512 4868 6
535 4823 582 4868 et
607 4815 776 4886 subs.)
803 4815 1052 4887 Dixitque
1077 4816 1146 4870 ad
1162 4834 1359 4888 regem:
1377 4822 1542 4876 Verus
1567 4833 1642 4878 est
1661 4842 1851 4892 sermo,

283 4919 433 4973 quem
449 4905 722 4960 audieram
746 4906 800 4959 in
823 4916 962 4960 terra
985 4921 1121 4970 mea,
1137 4923 1291 4978 super
1313 4910 1633 4965 sermonibus
1656 4914 1781 4980 tuis,
1807 4927 1856 4970 et

283 5010 438 5062 super
451 4996 706 5065 sapientia
719 5006 808 5050 tua
820 5011 838 5048 :
851 5007 899 5052 et
913 5014 1014 5051 non
1029 4997 1298 5052 credebam
1312 5002 1678 5066 narrantibus;
1692 5003 1852 5059 donec

283 5082 394 5152 ipsa
417 5084 551 5151 veni,
564 5095 613 5139 et
627 5087 732 5139 vidi
748 5087 910 5142 oculis
923 5089 1071 5153 meis,
1084 5088 1373 5157 etprobavi,
1391 5090 1532 5160 quod
1547 5091 1718 5147 media
1729 5111 1852 5163 pars

287 5178 524 5232 nuntiata
566 5179 694 5232 mihi
715 5195 818 5232 non
846 5179 1046 5248 fuisset.
1079 5178 1292 5249 Majora
1327 5191 1449 5235 sunt
1474 5183 1730 5254 sapientia
1757 5226 1771 5251 ,
1802 5197 1851 5240 et

318 5340 380 5412 ἰ
421 5329 874 5386 Remunerationis
921 5332 1165 5402 pretium.
1218 5333 1309 5388 Sic
1357 5334 1609 5406 vulgatus
1646 5338 1856 5396 Euche-

288 5411 417 5453 IIIIS.

358 5472 383 5508 δ
414 5468 636 5526 Locutio
651 5473 765 5527 haec
785 5486 884 5542 per
907 5484 965 5525 se
989 5469 1307 5528 Nestoriana
1332 5482 1415 5529 est
1438 5493 1451 5529 :
1479 5476 1574 5530 sed
1600 5477 1852 5535 miteﬁeri

291 5535 374 5612 illa
405 5551 582 5608 potest
623 5546 688 5595 ad
713 5535 835 5597 eum
859 5542 1096 5612 modum,
1140 5558 1246 5612 quo
1277 5545 1544 5599 miteﬁunt
1585 5550 1855 5605 nonnulla:

296 5605 510 5664 Patrum
556 5612 854 5668 locutiones
896 5611 1053 5682 hujus
1084 5605 1331 5680 'similes,
1367 5616 1488 5672 ideo
1538 5617 1849 5687 liberiores,

1957 4473 2301 4538 invisibilem,
2331 4488 2454 4543 qua:
2480 4489 2574 4528 sex
2601 4475 2792 4529 diebus
2817 4475 2958 4530 facta
2985 4485 3089 4542 est,
3120 4487 3175 4532 et
3195 4478 3410 4536 Christo
3430 4482 3534 4537 Do-

1957 4563 2104 4617 mino
2132 4577 2162 4617 a
2189 4563 2350 4617 Patre
2385 4561 2626 4631 subjecta
2659 4564 2833 4635 typice
2874 4565 3335 4622 demonstrabant.
3377 4569 3530 4636 Quod

1955 4657 2134 4705 autem
2163 4651 2276 4721 ipse
2305 4652 2532 4707 thronus
2563 4653 2616 4706 in
2648 4653 3003 4722 posteriorem
3051 4655 3135 4710 sui
3179 4665 3392 4727 partem
3443 4675 3532 4714 ro-

1954 4743 2154 4798 tundus
2175 4759 2294 4799 esse
2314 4743 2658 4811 describitur,
2675 4747 2780 4801 hoc
2799 4747 2985 4817 procul
3006 4748 3170 4803 dubio
3192 4751 3354 4804 datur
3374 4751 3532 4806 intel—

1953 4831 2067 4904 ligi,
2095 4836 2220 4903 quia
2247 4852 2488 4906 praesens
2516 4839 2767 4904 mundus,
2795 4840 2886 4909 qui
2907 4854 3004 4911 per
3032 4849 3203 4897 metas
3229 4851 3529 4913 temporum

1957 4922 2206 4989 volvitur,
2236 4923 2289 4979 in
2314 4940 2410 4980 sua
2433 4927 2776 4983 extremitate
2795 4943 2826 4982 a
2847 4928 3075 4984 Domino
3097 4931 3166 4986 sit
3181 4930 3528 5000 judicandus.

1953 5010 2024 5065 At
2044 5028 2172 5068 vero
2197 5015 2482 5071 duodecim
2507 5016 2742 5073 leunculi
2767 5034 2867 5088 per
2895 5034 2986 5075 sex
3014 5022 3215 5090 gradus
3236 5022 3349 5078 bini
3385 5031 3531 5080 stan-

1953 5109 2058 5167 tes,
2087 5113 2399 5161 sanctorum
2439 5108 2804 5178 apostolorum
2833 5111 3139 5183 signiﬁcant
3163 5122 3484 5184 potestatem
3511 5158 3527 5184 ,

1954 5195 2148 5263 quibus
2191 5197 2392 5252 dictum
2420 5207 2504 5254 est
2531 5215 2560 5252 a
2591 5200 2820 5256 Domino
2844 5200 3057 5274 (Matth.
3088 5219 3204 5271 nx,
3251 5203 3345 5278 28)
3377 5224 3392 5260 :
3431 5205 3527 5263 Se-

1958 5346 2086 5415 quia
2116 5358 2250 5430 ante.
2269 5359 2516 5430 extortum
2540 5354 2777 5430 Ecstorii
2809 5372 3049 5430 errorem
3084 5359 3327 5430 prolatae.
3359 5361 3529 5420 Caete-
3623 5335 3627 5338 ⁸

1958 5431 2078 5496 [ψη
2108 5434 2187 5496 _ex
2217 5420 2284 5474 iis
2314 5420 2438 5496 [nisi
2485 5421 2742 5495 fallimur]
2766 5435 2857 5496 est
2895 5420 3275 5496 locutio'nibus,
3310 5448 3432 5496 qua:
3472 5435 3526 5489 in

1957 5485 2179 5568 Claudio
2212 5485 2547 5557 reprehensa
2588 5485 2741 5562 sunt,
2763 5495 2916 5568 isque
2938 5513 3044 5554 non
3068 5485 3275 5558 temere
3292 5485 3526 5560 Nestorii

1957 5558 2190 5618 asseclis.
2203 5570 2610 5618 annumeratus.
