3924 6170
384 266 488 323 739

1485 265 1763 321 CLAUDII
1803 263 2266 322 TAURINENSIS
2303 264 2605 325 EPISCOPI

3536 272 3641 327 740

381 378 571 435 debitis
595 395 751 452 super
772 377 1045 431 duodecim
1073 375 1218 429 sedes
1239 376 1540 447 jadicantes
1561 377 1836 431 duodecim
1858 377 1956 431 tri-
1989 383 2037 442 Α
2063 379 2186 434 culo
2213 379 2398 445 simul,
2434 388 2490 434 et
2525 395 2635 434 uno
2685 388 2926 450 tempore
2972 384 3297 439 ostenditur.
3331 383 3471 440 Nam
3505 384 3644 444 bono

383 474 479 529 bus
517 471 706 527 Israel.

452 566 582 621 Post
617 564 891 631 aliquanta
915 561 1111 615 iterum
1143 555 1311 612 refert
1333 556 1614 628 Scriptum
1634 556 1787 629 (vers.
1816 557 1908 628 2⁵1)
1944 576 1956 611 :

386 659 539 726 Quod
584 658 705 727 fecit
736 655 1010 719 Salomon,
1061 662 1118 708 ut
1150 664 1297 709 tanta
1339 662 1470 708 esset
1509 652 1838 707 abundantia
1874 668 1964 706 ar—

381 748 523 818 genti
550 748 606 800 in
626 743 945 811 Jerusalem,
971 755 1171 815 quanta
1198 743 1455 814 lapidum.
1478 742 1605 797 Haec
1629 742 1829 799 locutio
1855 751 1963 799 trb-

382 836 527 905 pica,
554 849 664 888 non
691 834 909 904 propria
938 841 1023 888 est
1050 850 1063 886 :
1099 832 1205 888 tale
1232 840 1317 887 est
1338 832 1496 901 quale
1524 831 1580 886 in
1609 830 1806 888 Genesi
1834 833 1965 904 legi-

384 941 526 993 mus,
557 927 647 999 u_bi
679 926 813 981 dixit
839 927 981 981 Deus
1009 926 1077 981 ad
1101 924 1378 981 Abraham
1403 922 1549 995 (xm,
1582 923 1672 995 l6)
1697 942 1711 977 :
1739 922 1963 985 Faciam

384 1034 557 1072 semen
583 1025 731 1070 tuum
761 1016 913 1087 quasi
936 1014 1199 1085 pulverem
1223 1021 1398 1067 terra'.
1432 1010 1586 1078 Quod
1607 1027 1670 1068 ea
1695 1011 1967 1068 locutione

385 1109 591 1164 dictum
619 1114 720 1172 est,
752 1121 913 1176 quam
953 1104 1130 1159 (ἱηωί
1169 1110 1368 1157 vocant
1404 1101 1799 1172 hyperbolem:
1845 1117 1966 1173 quae

384 1201 571 1269 utique
610 1199 836 1269 tropica,
878 1211 982 1250 non
1012 1193 1231 1264 propria
1269 1200 1352 1247 est
1384 1210 1398 1246 :
1434 1207 1598 1261 quem
1645 1199 1824 1247 tamen
1854 1206 1967 1246 mo-

384 1292 533 1356 dum,
567 1298 629 1344 ut
649 1288 860 1344 eazteris
892 1286 1060 1355 tropis
1084 1284 1164 1338 uti
1198 1282 1374 1338 solere
1399 1282 1757 1352 Scripturam,
1782 1281 1960 1337 nullus

385 1383 478 1453 qui
505 1396 625 1436 eam
651 1378 858 1442 didicit,
887 1375 1129 1446 ambigit.
1176 1373 1281 1429 iste
1309 1380 1490 1428 autem
1521 1381 1730 1443 tropus,
1762 1372 1817 1426 id
1846 1379 1963 1437 est,

386 1476 577 1533 modus
605 1473 890 1530 locutionis
915 1470 995 1536 ﬁt,
1022 1468 1238 1539 quando
1274 1467 1329 1522 id
1354 1466 1501 1536 quod
1548 1466 1769 1530 dicitur,
1812 1464 1969 1536 longe

386 1576 473 1623 est
510 1566 740 1637 amplius
779 1579 941 1634 quam
987 1560 1130 1631 quod
1174 1575 1240 1616 eo
1265 1559 1411 1615 dicto
1444 1558 1801 1629 signiﬁcatur.
1834 1556 1968 1622 Quis

355 1669 359 1672 ’
387 1660 533 1714 enim
558 1674 665 1726 non
693 1658 892 1721 videat,
916 1654 1057 1726 quod
1084 1660 1203 1708 erat
1228 1644 1720 1720 incomparabiliter
1741 1648 1970 1718 amplior

2061 469 2234 535 illius,
2267 470 2441 526 bonos
2465 470 2745 534 Ecclesize,
2776 470 2919 529 malo
2941 481 3127 531 autem
3153 475 3315 538 illius,
3350 477 3524 535 malos
3545 479 3646 535 Ee-

2060 561 2240 617 clesize
2264 560 2599 632 signiﬁcatus
2622 571 2771 632 puto,
2791 571 3044 633 tanquam
3066 564 3121 619 in
3143 565 3354 622 unitate
3370 582 3533 623 παρ.
3554 568 3649 626 Sic

2062 650 2116 703 in
2156 650 2247 705 illo
2270 667 2377 706 uno
2404 651 2623 707 homine
2649 652 2821 711 boues
2857 653 2911 708 in
2937 653 3143 724 granis,
3172 656 3344 711 malos
3372 657 3425 713 in
3452 658 3645 727 paleis,

2062 754 2158 797 aut
2188 752 2338 799 certe
2365 743 2419 799 in
2463 745 2673 800 unitate
2703 760 2863 808 unius
2897 747 3099 816 segetis
3137 747 3310 803 bonos
3342 749 3396 803 in
3427 751 3648 813 tritico.

2066 833 2238 888 malos
2260 833 2314 888 in
2344 844 2366 874 ο
2395 835 2628 903 suauia.
2661 854 2682 888 ι

2134 919 2287 993 (Cap.
2327 939 2407 989 ιιι,
2439 923 2559 994 29.)
2605 923 2832 980 Factum
2874 936 2951 981 est
2987 928 3149 997 igitur
3183 930 3239 984 in
3273 938 3505 999 tempore
3530 930 3648 997 illo,

2065 1020 2118 1063 ut
2154 1010 2470 1069 Hieroboam
2494 1014 2829 1084 egrederetur
2848 1015 2913 1071 de
2939 1015 3294 1085 Hierusalem,
3323 1027 3373 1073 et
3394 1020 3646 1075 inveniret

2063 1114 2182 1153 eum
2212 1101 2377 1157 Altius
2424 1100 2673 1159 Silonites
2707 1104 2961 1175 propheta
2997 1105 3054 1160 iu
3092 1107 3193 1172 via,
3214 1119 3446 1177 opertus
3486 1110 3649 1179 pallio

2066 1207 2194 1246 novo
2218 1205 2237 1243 :
2279 1202 2430 1251 erant
2471 1204 2646 1250 autem
2685 1195 2792 1252 duo
2832 1205 3036 1251 tantum
3077 1197 3131 1252 in
3169 1214 3316 1269 agro.
3352 1199 3648 1270 Appreben—

2065 1282 2292 1354 deasque
2317 1285 2481 1340 Ahias
2502 1285 2723 1356 pallium
2751 1304 2905 1342 suum
2927 1305 3137 1353 novum,
3162 1306 3265 1359 quo
3284 1300 3494 1360 opertus
3512 1305 3645 1358 erat,

2065 1374 2219 1439 scidit
2244 1374 2298 1428 in
2320 1374 2596 1429 duodecim
2623 1386 2820 1445 partes,
2845 1385 2893 1431 et
2915 1378 2990 1431 ait
3015 1378 3085 1431 ad
3113 1377 3435 1435 Hieroboam
3457 1395 3479 1434 :
3507 1381 3648 1436 Tolle

2067 1463 2159 1516 tibi
2197 1463 2373 1521 decem
2408 1465 2683 1530 scissuras,
2728 1466 2840 1521 haec
2875 1468 3016 1521 enim
3047 1467 3173 1521 dicit
3211 1468 3474 1525 Dominus
3512 1470 3647 1526 Deus

2068 1554 2238 1610 Israel
2262 1571 2283 1611 :
2312 1555 2452 1612 Ecce
2477 1573 2570 1628 ego
2595 1558 2833 1623 scindam
2866 1574 3079 1629 regnum
3103 1559 3170 1614 de
3208 1576 3373 1617 manu
3407 1561 3647 1618 Salomo-

2068 1647 2171 1711 nis,
2212 1655 2258 1701 et
2288 1646 2424 1704 dabo
2465 1648 2557 1704 tibi
2596 1648 2774 1711 decem
2800 1650 2966 1709 tribus
2992 1665 3011 1703 :
3040 1666 3197 1720 porro
3228 1668 3337 1709 una
3377 1652 3542 1713 tribus
3571 1670 3647 1708 re-

388 1723 625 1821 lapiam'n
665 1723 948 1813 numerus,
968 1761 1133 1817 quam
1178 1743 1387 1815 argenti
1427 1742 1636 1812 pondus
1664 1742 1719 1795 in
1748 1741 1965 1796 civitate
1992 1727 2039 1786 B
2067 1737 2293 1791 manebit
2318 1739 2365 1795 ei
2392 1748 2604 1809 propter
2628 1755 2831 1795 servum
2863 1756 3033 1796 meum
3057 1740 3251 1808 Dauid,
3271 1752 3320 1798 et
3346 1742 3459 1799 alia
3488 1746 3648 1799 tribus

389 1840 721 1896 Jerusalem?

460 1932 614 2005 (Cap.
658 1930 761 2002 xi.)
815 1927 929 1983 Rex
976 1935 1149 1980 autem
1194 1922 1448 1980 Salomon
1484 1922 1678 1976 amavit
1726 1919 1967 1975 mulieres

393 2025 714 2096 alienigenas
739 2019 932 2075 multas
955 2036 971 2074 :
997 2017 1165 2089 ﬁliam
1190 2032 1393 2087 quoque
1419 2012 1798 2079 Pharaonis,et
1826 2011 1971 2068 Moa-

396 2116 610 2180 bitidas,
656 2121 704 2167 et
747 2107 1151 2171 Ammonitidas,
1187 2104 1479 2169 Idumtras,
1524 2112 1571 2158 et
1612 2103 1886 2168 Sidonias,
1920 2112 1967 2156 et

394 2207 637 2262 Hethteas
677 2202 788 2258 :de
822 2200 1079 2271 gentibus,
1110 2213 1265 2268 super
1308 2195 1494 2267 quibus
1542 2194 1676 2248 dixit
1714 2193 1969 2248 Dominus

391 2298 516 2368 ﬁliis
545 2293 735 2359 Israel,
764 2309 867 2347 non
892 2288 1262 2361 ingrediamini
1289 2286 1357 2340 ad
1400 2303 1489 2341 eas
1515 2299 1532 2337 :
1577 2301 1739 2356 neque
1764 2285 1830 2339 de
1863 2284 1970 2339 illis

390 2389 748 2461 ingredientur
793 2383 862 2438 ad
914 2391 1108 2437 vestras
1150 2396 1168 2435 :
1217 2379 1504 2434 certissime
1552 2377 1689 2432 enim
1742 2386 1971 2431 avertent

393 2480 552 2535 corda
597 2486 798 2541 vestra,
848 2485 901 2528 ut
946 2471 1239 2543 sequamini
1267 2470 1390 2524 deos
1419 2482 1620 2524 earum.
1667 2466 1766 2521 His
1796 2467 1971 2537 itaque

393 2567 666 2640 copulatus
695 2575 769 2621 est
802 2563 1053 2619 Salomon
1095 2560 1461 2615 ardentissimo
1508 2558 1703 2623 amore;
1732 2556 1972 2627 fuerunt-

389 2675 489 2729 que
515 2658 564 2711 ei
593 2671 782 2710 uxores
811 2654 962 2725 quasi
989 2650 1556 2722 reginw'septingenta',
1594 2658 1642 2703 et
1670 2647 1970 2702 concubinae

395 2758 654 2813 trecentm,
687 2755 736 2801 et
762 2752 1057 2799 averterunt
1080 2740 1324 2795 mulieres
1346 2756 1436 2794 cor
1455 2741 1589 2810 ejus.
1613 2737 1969 2793 Ammonendi

391 2847 519 2894 sunt
543 2837 740 2908 quibus
764 2836 869 2891 hoc
894 2833 1146 2889 sarculum
1176 2838 1547 2901 prosperatur,
1564 2830 1656 2899 qui
1687 2828 1845 2883 nullis
1874 2827 1971 2881 ad-

394 2928 743 2984 versitatibus
781 2923 940 2993 hujus
984 2921 1166 2977 mundi
1217 2919 1505 2983 feriuntur,
1541 2917 1682 2987 quod
1714 2915 1968 2971 Salomon

391 3024 512 3086 post
544 3024 818 3085 acceptam
848 3011 1183 3083 sapientiam,
1208 3025 1378 3080 usque
1406 3008 1473 3062 ad
1496 3006 1800 3062 idolatriam
1825 3007 1965 3062 ceci-

391 3108 537 3162 disse
585 3105 933 3168 describitur,
976 3102 1103 3172 quia
1150 3102 1284 3157 nihil
1322 3103 1375 3155 in
1402 3102 1503 3156 hoc
1532 3100 1754 3165 mundo,
1790 3099 1967 3170 prius-

393 3214 555 3269 quam
583 3198 830 3262 caderet,
857 3194 1199 3250 adversitatis
1227 3193 1481 3248 habuisse
1501 3200 1851 3258 memoratur,
1871 3190 1967 3247 sed

391 3300 705 3343 concessam
738 3283 1058 3354 sapientiam
1105 3280 1346 3335 funditus
1397 3282 1674 3336 deseruit:
1723 3295 1788 3335 eo
1824 3280 1968 3349 quod

392 3393 518 3434 eum
579 3377 729 3431 nulla
768 3376 961 3431 saltem
1019 3375 1242 3429 minima
1276 3373 1644 3428 tribulationis
1687 3373 1967 3442 disciplina

393 3467 702 3533 custodivit,
739 3467 843 3522 nisi
865 3474 1148 3538 postquam
1167 3465 1338 3520 Deum
1354 3464 1616 3529 deseruit,
1642 3472 1697 3518 et
1725 3478 1783 3519 se
1806 3479 1834 3517 a
1858 3462 1969 3519 Deo

393 3562 664 3615 desertum
707 3571 829 3613 esse
861 3559 1131 3629 cognovit.
1162 3565 1189 3594 ιι
1241 3572 1261 3605 ‹
1309 3552 1428 3609 Jam
1478 3568 1609 3609 vero
1651 3554 1719 3609 de
1757 3552 1969 3609 caeteris

394 3649 649 3721 operibus
684 3648 801 3719 ejus
829 3649 958 3719 quid
993 3648 1204 3703 dicam?
1231 3646 1367 3701 Eum
1411 3644 1758 3701 vehementer
1792 3644 1972 3716 arguit

393 3748 581 3796 sancta
602 3738 899 3809 Scriptura,
927 3746 1089 3808 atque
1114 3737 1463 3800 condemnat,
1498 3742 1553 3789 et
1586 3733 1721 3789 nihil
1749 3734 1815 3790 de
1853 3746 1971 3804 pm-

396 3831 625 3888 uitentia
659 3828 799 3899 ejus,
837 3829 923 3885 vel
962 3830 1016 3884 in
1049 3845 1171 3884 eum
1207 3826 1537 3898 indulgentia
1588 3826 1707 3892 Dei,
1747 3826 1969 3881 omnino

394 3898 803 3979 commemorat:
852 3919 961 3975 Nec
999 3933 1222 3989 prorsus
1248 3917 1508 3982 occurrit,
1543 3916 1688 3971 inter
1733 3916 1763 3957 ιι
1796 3927 1972 3987 poste-

396 4014 542 4068 riora
571 4010 688 4080 ejus
708 4011 849 4065 male
873 4016 1048 4081 gesta,
1082 4009 1224 4078 quod
1253 4008 1432 4063 saltim
1470 4007 1523 4061 in
1561 4006 1818 4078 allegoria
1843 4008 1971 4063 boni

395 4102 596 4173 aliquid
619 4099 921 4170 signiﬁcent
949 4116 962 4152 :
995 4099 1122 4153 hinc
1145 4096 1263 4165 ejus
1286 4097 1460 4153 ﬂenda
1489 4098 1824 4163 submersio;
1863 4096 1971 4153 nisi

401 4194 541 4249 forte
569 4191 691 4261 quis
717 4190 863 4244 dicat
885 4188 1138 4243 mulieres
1166 4188 1516 4259 alienigenas,
1540 4202 1768 4257 quarum
1790 4202 1974 4243 amore

403 4285 659 4351 deceptus
682 4288 787 4342 est,
819 4278 1154 4347 signiﬁcasse
1178 4277 1383 4333 electas
1410 4278 1681 4333 Ecelesias
1709 4278 1775 4333 de
1804 4278 1977 4347 genti-

2068 1836 2278 1897 propter
2303 1826 2657 1896 Hierusalem,
2698 1846 2858 1900 quam
2884 1829 3014 1902 elegi
3040 1848 3106 1886 ea:
3142 1834 3385 1889 omnibus
3415 1835 3649 1899 tribubus

2071 1916 2261 1983 Israel.

2139 2008 2165 2047 ἀ
2213 2027 2233 2060 ι
2269 2009 2404 2065 Illud
2432 2025 2580 2075 vero,
2609 2011 2752 2080 quod
2797 2021 2920 2081 post
2963 2021 3193 2069 mortem
3224 2012 3530 2079 Salomonis
3557 2018 3622 2073 de

2070 2113 2188 2153 cem
2214 2100 2387 2155 tribus
2429 2116 2461 2155 a
2505 2101 2704 2172 templo
2729 2110 2992 2172 separata:
3017 2110 3170 2167 sunt,
3205 2111 3260 2158 et
3283 2103 3406 2159 dua:
3432 2105 3649 2169 relictae,

2070 2190 2204 2248 satis
2228 2189 2450 2255 indicat,
2484 2192 2628 2262 quod
2651 2190 2720 2249 de
2749 2199 2862 2247 tota
2907 2192 3023 2263 ipsa
3052 2200 3214 2263 gente
3255 2194 3545 2264 Apostolus
3578 2197 3653 2250 ait

2073 2280 2261 2353 (Rom.
2291 2297 2373 2347 si,
2415 2280 2509 2354 5):
2542 2281 2794 2354 Reliquiae
2838 2299 2931 2353 per
2975 2283 3273 2339 electionem
3298 2284 3462 2341 salua:
3500 2286 3652 2355 facta:

2069 2384 2213 2429 ευηι.
2254 2392 2274 2425 ι

2141 2464 2294 2531 Quod
2339 2480 2475 2521 vero
2521 2465 2705 2520 unitas
2750 2465 2895 2535 pallii
2948 2466 3227 2536 prophetae
3269 2466 3324 2521 in
3370 2467 3654 2523 duodecim

2069 2563 2251 2625 partes
2282 2556 2452 2611 scissa
2488 2563 2591 2620 est,
2622 2570 2690 2610 ex
2713 2556 2911 2626 quibus
2932 2557 3186 2612 scissuris
3212 2556 3530 2612 Hierobosm
3556 2559 3656 2613 de-

2070 2659 2187 2699 cem
2216 2647 2442 2715 acccpit,
2485 2646 2590 2701 hoc
2621 2645 2880 2716 ﬁgurasse
2913 2646 3146 2710 videtur,
3185 2647 3328 2716 quod
3358 2647 3652 2703 concordia

2070 2738 2324 2794 Ecclesize
2350 2740 2418 2794 ab
2448 2739 2717 2796 hatreticis
2740 2741 3036 2805 conscissa,
3065 2741 3168 2811 ipsi
3212 2741 3460 2813 magistri
3502 2757 3657 2809 erro-

2070 2829 2167 2892 ris,
2192 2844 2222 2883 a
2251 2829 2447 2898 quibus
2472 2830 2653 2885 unitas
2674 2830 2847 2887 divisa
2868 2839 2970 2894 est,
3001 2831 3213 2901 plebem
3240 2832 3295 2887 iu
3320 2833 3507 2887 decem
3537 2843 3657 2888 tan-

2069 2936 2232 2991 quam
2267 2937 2481 2977 errores
2508 2938 2538 2976 a
2565 2921 2846 2977 catholicis
2871 2921 3137 2987 dividunt,
3165 2930 3219 2976 et
3246 2923 3529 2994 tyranuice
3553 2924 3655 2979 sibi

2071 3013 2341 3076 subditam
2363 3014 2627 3069 detinent.

1993 3070 2038 3133 Ο
2138 3070 2267 3158 Post
2292 3103 2459 3158 multa
2486 3103 2590 3159 alia
2612 3102 2781 3158 refert
2799 3101 3083 3174 Scriptura
3102 3102 3227 3158 libri
3249 3103 3479 3172 Regum,
3500 3112 3557 3158 et
3578 3104 3657 3157 di-

2068 3193 2145 3248 cit
2170 3192 2348 3264 (Rom.
2366 3209 2442 3258 ιι,
2461 3193 2550 3266 Al)
2573 3209 2589 3248 :
2611 3192 2830 3265 Reliqua
2851 3202 3024 3248 autem
3044 3192 3317 3247 verborum
3336 3191 3651 3257 Solemnis.

2067 3295 2115 3341 et
2149 3286 2347 3350 omnia,
2374 3302 2491 3356 qua
2525 3285 2678 3356 fecit,
2713 3295 2763 3340 et
2797 3285 3054 3356 sapientia
3088 3284 3202 3354 ejus
3227 3298 3247 3336 :
3274 3300 3395 3340 ecce
3416 3286 3656 3339 universa

2067 3376 2261 3446 scripta
2285 3376 2484 3430 suntin
2510 3374 2643 3430 libro
2671 3375 2941 3430 uerborum
2967 3375 3172 3429 dierum
3202 3372 3532 3430 Salomonis.

2138 3465 2196 3520 ln
2217 3465 2357 3520 libro
2386 3465 2855 3536 Paralipomenon,
2883 3480 3044 3536 quem
3071 3464 3260 3521 Gmco
3282 3465 3548 3521 vocabulo
3575 3475 3653 3519 ta-

2069 3557 2193 3612 liter
2214 3572 2605 3627 nuncupamus,
2629 3573 2789 3628 quem
2805 3574 2902 3614 nos
2914 3558 3105 3613 Latine
3129 3558 3515 3628 prateritorum
3534 3572 3655 3628 pos-

2069 3662 2255 3704 sumus
2274 3647 2473 3712 dicere,
2491 3648 2565 3702 ita
2582 3649 2648 3704 de
2668 3647 2958 3705 Salomone
2987 3648 3250 3719 scriptum
3275 3656 3362 3703 est
3398 3647 3485 3718 (Il
3526 3646 3651 3701 Par.

2070 3755 2149 3805 ιι,
2166 3738 2289 3807 29);
2314 3737 2536 3811 Reliqua
2563 3756 2683 3794 vero
2715 3756 2929 3811 operum
2955 3739 3253 3795 Salomonis
3276 3739 3591 3809 primorum,
3608 3749 3652 3792 et

2070 3834 2468 3888 nouissimorum
2514 3834 2708 3904 scripta
2753 3842 2877 3887 sunt
2928 3833 2985 3889 in
3033 3832 3200 3887 verbis
3255 3830 3479 3885 Nathaa
3541 3846 3652 3901 pro-

2068 3923 2256 3994 phetia,
2288 3931 2337 3978 et
2365 3923 2421 3977 in
2464 3921 2609 3977 libris
2650 3921 2798 3977 Allia
2828 3921 3069 3978 Silonitis
3096 3935 3114 3973 .'
3152 3921 3207 3974 iu
3236 3921 3435 3975 uisione
3459 3937 3654 3991 quoque

2071 4012 2225 4069 Addo
2254 4013 2473 4068 videntis
2507 4022 2690 4068 contra
2733 4012 3072 4069 Hieroboam.
3121 4010 3232 4066 Hos
3286 4010 3462 4066 libros
3500 4010 3653 4065 hodie

2070 4117 2356 4173 nusquam,
2388 4117 2565 4173 neque
2608 4103 2748 4174 apud
2784 4103 2931 4174 ipsos
2959 4101 3214 4157 Hebraeos
3240 4100 3475 4155 inveniri
3502 4112 3652 4170 posse

2072 4201 2415 4261 asseverant;
2481 4196 2622 4250 sicut
2670 4210 2772 4250 nec
2819 4195 3018 4250 librum
3068 4193 3336 4250 Bellorum
3401 4192 3648 4253 Domini,

2073 4285 2225 4356 cujus
2266 4288 2323 4342 in
2370 4287 2509 4344 libro
2559 4286 2917 4343 Numerorum
2972 4285 3178 4341 mentio
3218 4292 3301 4341 est
3356 4282 3496 4357 (ni,
3524 4282 3647 4351 lt):

401 4375 519 4427 bus.
554 4371 741 4425 Posset
761 4369 906 4424 enim
934 4368 1163 4423 fortasse
1187 4369 1291 4424 hoc
1314 4385 1420 4424 non
1454 4368 1686 4425 absurde
1709 4368 1969 4439 intelligi,

2077 4392 2252 4449 neque
2294 4377 2492 4432 librum
2531 4375 2810 4445 Justorum
2852 4377 2987 4449 (Jos.
3015 4392 3081 4438 ι,
3135 4374 3222 4445 l3)
3267 4392 3282 4428 :
3323 4389 3504 4443 neque
3540 4387 3649 4427 caro

396 4464 443 4520 si
466 4462 569 4517 illae
593 4468 815 4532 propter
842 4458 1187 4515 Salomonem
1216 4458 1533 4514 desererent
1560 4459 1691 4514 deos
1720 4472 1847 4513 suos
1866 4496 1880 4524 ,
1916 4466 1971 4513 et

399 4554 641 4611 colerent
663 4553 831 4607 Deum
855 4550 992 4620 ejus.
1016 4550 1149 4605 Cum
1191 4564 1321 4605 vero
1349 4551 1461 4621 ipse
1488 4559 1708 4621 propter
1732 4549 1852 4605 illas
1887 4548 1970 4605 oF-

398 4647 570 4705 l‘endit
610 4646 779 4701 Deum
820 4658 998 4707 suum,
1027 4650 1081 4697 et
1113 4642 1280 4698 coluit
1320 4642 1450 4698 deos
1492 4656 1696 4702 earum,
1741 4656 1848 4694 non
1886 4648 1971 4696 est

398 4742 527 4812 quid
554 4739 677 4794 inde
711 4738 837 4794 boni
881 4735 1072 4803 conjici
1101 4735 1302 4804 possit;
1330 4748 1428 4788 nec
1458 4742 1635 4787 tamen
1659 4733 1791 4787 nihil
1833 4732 1972 4787 arbi-

398 4830 652 4886 trandum
682 4836 769 4883 est
807 4827 933 4883 boni
977 4824 1181 4893 aliquid
1213 4822 1522 4894 signiﬁcare
1566 4823 1837 4893 potuisse,
1874 4823 1970 4879 sed

399 4922 632 4987 malum;
680 4925 901 4990 apparet
943 4917 1086 4971 enim
1115 4915 1172 4969 in
1214 4929 1442 4985 persona
1481 4912 1641 4982 hujus
1670 4912 1974 4971 Salomonis

399 5012 536 5066 mira
561 5007 904 5070 excellentia,
935 5014 989 5058 et
1013 5004 1294 5060 subversio
1324 5004 1598 5059 terribilis.
1634 5003 1787 5072 Quod
1810 5006 1977 5077 igitur

399 5100 455 5154 in
493 5099 589 5154 illo
617 5096 847 5153 diversis
871 5094 1203 5164 temporibus
1226 5094 1454 5160 exstitit,
1484 5094 1636 5165 prius
1658 5096 1889 5161 bonum,
1921 5105 1979 5152 et

400 5189 672 5261 posterius
699 5186 922 5252 malum,
955 5185 1057 5241 hoc
1085 5184 1139 5239 in
1165 5184 1405 5240 Ecclesia
1432 5184 1485 5239 in
1516 5184 1619 5240 isto
1663 5185 1840 5241 adhuc
1876 5201 1976 5242 sa:-

471 5382 498 5411 ι
532 5369 661 5425 llaec
697 5368 946 5441 perquire
1003 5379 1120 5489 cap.
1153 5363 1187 5419 6
1222 5363 1408 5421 lsidori
1449 5365 1502 5419 in
1544 5363 1609 5420 lll
1641 5364 1846 5436 Regum
1877 5387 1889 5422 :
1925 5370 1978 5423 in

472 5441 806 5489 mmentariis
827 5453 1039 5489 atroque
1112 5432 1269 5489 abani
1300 5435 1351 5489 in
1384 5437 1557 5489 locum
1583 5436 1745 5489 hunc.

405 5435 1039 5510 commentariis'quoque
1063 5435 1269 5510 Babani
1300 5435 1351 5489 in
1377 5437 1557 5510 locum
1583 5435 1745 5510 hunc.

478 5510 505 5549 δ
542 5505 970 5579 Εείἰιηοεοαὶνὶιξ
1001 5508 1125 5579 quid
1158 5505 1339 5561 saltem
1369 5506 1424 5559 in
1455 5505 1727 5576 allegoria.

480 5587 503 5617 ε
535 5577 706 5639 Ed“...
741 5581 979 5633 zizaniis.

475 5643 503 5684 ἀ
543 5645 831 5716 Desumpta
870 5656 995 5701 sunt
1039 5647 1153 5701 haec
1190 5661 1255 5701 ex
1303 5661 1420 5715 cap.
1465 5647 1514 5700 7.
1557 5645 1747 5701 lsidori
1787 5646 1841 5701 in
1880 5646 1973 5700 lib.

2075 4470 2221 4524 mina
2246 4467 2553 4525 Salomonis
2579 4484 2594 4524 :
2623 4484 2798 4539 neque
2820 4467 3213 4539 disputationes
3235 4465 3355 4537 ejus
3382 4463 3652 4535 sapientis-

2073 4563 2238 4618 simos
2278 4560 2346 4617 de
2390 4562 2659 4632 lignorum
2699 4568 2913 4629 natura,
2951 4559 3355 4633 herbarumque
3393 4556 3647 4617 omnium,

2074 4653 2311 4723 itemque
2346 4653 2738 4725 jumentorum,
2783 4651 3083 4717 volucrum,
3126 4647 3433 4718 reptilium,
3484 4653 3541 4716 et
3581 4644 3648 4716 pi-

2074 4745 2273 4809 scium,
2308 4743 2392 4799 vel
2416 4744 2558 4814 quod
2593 4743 2707 4812 jam
2746 4758 2811 4798 ex
2849 4740 2987 4796 libro
3016 4741 3169 4795 verba
3198 4739 3405 4793 dierum
3436 4734 3649 4807 protuli-

2075 4851 2218 4902 mus,
2248 4834 2339 4889 ubi
2369 4835 2499 4891 dicit
2527 4853 2542 4887 :
2574 4832 2793 4906 Reliqua
2824 4849 2941 4888 vero
2980 4847 3137 4903 opera
3177 4826 3483 4894 Salomonis
3519 4826 3648 4899 prio-

2074 4943 2216 4992 rum,
2256 4935 2303 4980 et
2344 4927 2741 4981 nouissimorum
2767 4925 2962 4995 scripta
2996 4931 3117 4978 sunt
3150 4921 3205 4976 in
3240 4919 3411 4974 verbis
3443 4918 3648 4972 Natbau

2077 5013 2375 5088 PrOplteta’,
2404 5017 2457 5071 in
2492 5016 2635 5071 libris
2664 5015 2811 5071 Allia:
2843 5015 3101 5080 Silonitis,
3144 5015 3200 5068 in
3239 5013 3436 5067 uisione
3460 5020 3649 5081 quoque

2077 5106 2229 5161 Addo
2269 5107 2488 5160 videntis
2528 5116 2710 5161 contra
2753 5104 3069 5159 Hieroboam
3108 5103 3276 5174 [ilium
3321 5099 3563 5161 Natltan,
3602 5102 3646 5148 et

2080 5197 2250 5261 multa
2297 5198 2602 5270 hujusmodi
2632 5198 2925 5264 volumina,
2968 5213 3089 5270 qua:
3130 5193 3415 5266 Scriptura
3444 5192 3644 5262 quidem

2084 5372 2149 5446 ill
2179 5374 2355 5446 (Reg;
2395 5383 2450 5429 et
2477 5372 2704 5431 fortasse
2743 5372 3337 5446 etianrsubsequentia
3370 5386 3438 5446 es
3471 5370 3644 5446 βομςφ

2086 5437 2298 5498 Ιεὶἀοιό
2319 5437 2606 5516 (desumpta
2649 5453 2803 5516 sunt;
2845 5444 2940 5499 sed
2966 5437 3485 5516 periifpoqo,_uisi
3522 5437 3645 5516 falli-

2085 5529 2228 5636 "Illlll',
2257 5514 2461 5637 reliqua
2486 5509 2614 5583 pars
2636 5509 3399 5577 Commentariorum—Isidori,
3422 5525 3538 5581 quae
3562 5509 3642 5562 hic

2084 5598 2112 5635 a
2156 5599 2250 5653 cga
2278 5599 2362 5639 ur.
