3904 6174
405 303 509 359 743

1495 296 1770 353 CLAUDII
1810 293 2280 352 TAURINENSIS
2318 293 2629 351 EPlSCOPl

3569 297 3676 353 7N

401 431 506 476 nos
535 419 588 471 in
625 413 900 485 prosperis
927 418 1130 483 portat,
1162 409 1289 479 quia
1337 408 1582 463 destituti
1627 409 1754 465 dum
1794 407 1990 464 cadere
2017 412 2066 469 Α
2095 407 2369 463 hominem
2415 407 2514 462 Dei
2549 407 2844 462 coercitum
2889 407 3067 478 potius
3109 409 3481 478 temporaliter
3511 427 3682 484 usque

399 508 708 576 incipimus,
739 513 795 556 et
840 511 1022 555 tamen
1067 497 1236 567 adjuti
1275 497 1595 562 retinemur,
1640 505 1695 552 et
1739 497 1985 552 doctrina

398 599 486 661 tit,
528 595 669 664 quod
705 594 758 646 in
786 592 996 662 lapsum
1026 589 1436 659 trepidavimus,
1467 597 1520 642 et
1545 589 1813 653 custodia,
1841 588 1986 657 quod

395 689 448 742 in
480 697 623 747 statu
648 698 1083 754 permaneamus.
1115 680 1285 735 Nemo
1317 694 1446 750 ergo
1476 695 1534 734 se
1565 680 1792 750 alicujus
1816 681 1988 734 virtu-

394 779 462 830 tis
494 777 741 838 aestimet,
776 774 939 828 etiam
967 786 1090 826 cum
1121 771 1251 840 quid
1282 768 1497 824 fortiter
1526 782 1551 809 α
1581 770 1784 839 poterit
1811 786 1823 822 :
1859 769 1984 838 quia

391 869 437 922 si
491 867 673 922 divina
723 863 990 934 protectio
1040 860 1270 922 deserit,
1323 859 1394 912 ibi
1446 870 1668 928 repente
1714 858 1986 914 enerviter

389 960 661 1023 obruitur,
694 957 785 1010 ubi
814 970 872 1010 se
899 953 1143 1007 valenter
1170 961 1316 1006 stare
1343 951 1372 990 δ
1403 950 1686 1020 gloriatur.
1735 949 1874 1016 Quid
1903 958 1986 1004 est

390 1051 536 1105 enim
561 1048 705 1119 quod
732 1047 815 1099 vir
837 1045 934 1099 Dei
959 1054 1147 1098 contra
1176 1042 1346 1096 altare
1372 1039 1634 1094 Samariae
1659 1039 1728 1094 ad
1753 1040 1984 1109 prophe-

392 1140 612 1194 tandum
644 1137 900 1200 directus,
930 1141 1196 1204 praesente
1228 1146 1354 1202 rege
1388 1130 1769 1185 auctoritatem
1798 1130 1983 1186 liberae

389 1229 538 1283 vocis
560 1226 822 1289 exercuit,
847 1225 1195 1295 ejusdemque
1219 1222 1362 1293 regis
1388 1229 1672 1276 extensum
1697 1221 1979 1276 brachium

2093 497 2161 551 ad
2199 507 2451 564 mortem,
2487 513 2652 568 quam
2681 497 2927 569 punitum
2971 515 3092 554 esse
3134 509 3258 569 post
3301 512 3555 557 mortem.
3608 504 3684 562 De

2089 605 2196 658 qua
2228 604 2287 642 re
2329 589 2621 658 Apostolus
2662 605 2784 645 cum
2818 599 3038 659 propter
3065 592 3092 630 ιι
3122 593 3484 661 quorumdam
3514 593 3686 649 otl‘en-

2088 695 2198 745 sas,
2225 691 2705 736 commemorasset
2747 681 3113 747 infirmitates,
3143 692 3456 754 mortesque
3481 687 3684 742 multo-

2087 785 2205 823 rum
2245 769 2297 840 (Ι
2332 769 2456 824 Cor.
2489 787 2541 824 ιιι
2563 812 2577 836 ,
2611 772 2674 826 51
2710 781 2758 824 et
2787 771 2876 842 5:2)
2907 789 2919 824 :
2953 772 2997 824 si
3029 772 3166 824 enim
3202 773 3566 842 nosmetipsos,
3603 777 3684 831 in-

2086 862 2224 930 quit,
2246 862 2636 932 judicaremus,
2664 878 2696 913 a
2732 861 2958 914 Domino
2991 877 3093 914 non
3116 861 3484 929 judicaremur
3510 879 3530 916 :
3562 883 3680 920 cum

2073 951 2390 1019 judicamur
2417 960 2610 1015 autem,
2650 967 2681 1003 a
2723 949 2947 1003 Domino
2972 951 3306 1019 rorripimur,
3334 962 3389 1004 ut
3422 969 3529 1007 non
3561 971 3680 1007 cum

2083 1040 2179 1093 hoc
2207 1040 2399 1094 nmndo
2426 1040 2755 1094 domne-mur.
2801 1039 2936 1094 Eum
2975 1055 3107 1094 sane
3148 1040 3279 1109 ipse,
3313 1043 3405 1110 qui
3449 1043 3679 1112 decepe-

2083 1139 2168 1184 rat
2193 1133 2347 1199 (vers.
2377 1131 2468 1201 50)
2503 1131 2556 1184 in
2588 1141 2940 1187 monumento
2969 1133 3190 1203 pr0prio
3217 1133 3348 1187 satis
3376 1135 3679 1190 honoriﬁce

2082 1221 2347 1289 sepelivit,
2394 1236 2560 1290 seque
2601 1220 2966 1290 sepeliendum
3005 1220 3160 1291 juxta
3202 1222 3316 1290 ejus
3361 1238 3487 1278 ossa
3519 1241 3676 1280 cura-

2082 1313 2159 1366 vit
2188 1333 2199 1366 :
2235 1313 2309 1366 ita
2339 1329 2564 1384 sperans
2597 1313 2748 1382 parci
2779 1327 2940 1382 posse
2967 1314 3183 1369 ossibus
3212 1315 3342 1377 suis,
3370 1330 3496 1370 cum
3524 1319 3677 1372 veni-

390 1318 446 1372 in
477 1328 498 1355 ο
532 1317 764 1386 rigorem
796 1315 1116 1369 mirabiliter
1144 1311 1426 1375 astrinxit,
1460 1311 1602 1380 quod
1639 1318 1820 1366 tamen
1853 1327 1980 1366 mox

389 1405 816 1461 misericorditer
851 1403 1013 1459 saluti
1044 1402 1316 1457 restituit?
1359 1398 1523 1468 Cujus
1560 1401 1613 1454 in
1644 1400 1862 1454 domum
1897 1401 1981 1454 in-
2083 1408 2165 1454 ret
2210 1410 2442 1471 tempus,
2491 1403 2708 1471 quando
2755 1403 3050 1458 secundum
3100 1403 3243 1458 illius
3287 1404 3529 1460 hominis
3579 1405 3672 1464 Dei

387 1499 588 1558 vitatus
617 1496 902 1552 comedere
945 1494 1136 1559 noluit,
1187 1492 1280 1563 qui
1327 1506 1396 1546 ne
1443 1493 1498 1546 in
1527 1493 1612 1547 via
1645 1493 1977 1559 comederet,
2079 1493 2419 1560 prophetiam
2447 1493 2553 1565 (IV
2570 1493 2699 1563 Reg.
2719 1509 2874 1560 ιιιιιι,
2895 1489 3107 1566 l6,’l7),
3135 1492 3309 1549 Josias
3337 1510 3431 1549 rex
3457 1495 3597 1552 Juda
3618 1501 3669 1554 in

389 1590 768 1658 prohibitionis
790 1588 1073 1643 dominica:
1099 1594 1368 1657 prmeepta
1395 1585 1650 1652 servavit,
1673 1585 1766 1655 qui
1793 1595 1976 1640 tamen
2077 1581 2167 1634 illa
2203 1591 2346 1636 terra
2375 1583 2669 1638 multorum
2706 1585 2849 1684 eruit
2877 1600 3002 1640 ossa
3033 1588 3670 1684 mortuorum‘neisdem-

386 1683 445 1736 in
470 1682 657 1736 eadem
683 1682 790 1744 via,
816 1687 868 1735 et
896 1680 1150 1734 seductus
1177 1677 1440 1742 comedit,
1456 1685 1510 1731 et
1533 1686 1720 1746 pastus
1743 1678 1970 1733 interiit.
2077 1686 2182 1740 que
2220 1673 2435 1729 ossibus
2473 1675 2738 1745 sacrilega
2766 1674 2981 1740 altaria,
3023 1691 3142 1745 qum
3176 1673 3520 1746 sculptilibus
3558 1679 3669 1737 fue-

389 1774 503 1840 Qua
535 1775 588 1827 in
619 1789 699 1838 re,
734 1773 862 1842 quid
913 1773 1096 1826 subtili
1143 1771 1577 1826 consideratione
1627 1771 1929 1843 colligimus
1957 1787 1963 1825 ε

2082 1768 2207 1816 rant
2231 1763 2547 1829 constituta,
2581 1763 2876 1820 funestavit
2904 1783 2916 1819 :
2950 1766 3192 1836 pepercit
3220 1767 3420 1838 quippe
3451 1768 3527 1824 illi
3556 1786 3668 1826 mo-

386 1864 535 1932 quid,
562 1871 622 1917 ut
651 1863 725 1917 ita
747 1862 976 1915 dixerim
999 1901 1012 1925 ,
1047 1859 1451 1914 formidandum
1480 1861 1841 1930 suspicamur,
1871 1862 1975 1916 nisi
2076 1865 2358 1920 numentO,
2388 1855 2480 1911 ubi
2517 1855 2735 1924 jacebat
2762 1857 3056 1926 Propheta,
3080 1859 3320 1930 quiante
3353 1876 3528 1917 annos
3557 1879 3666 1921 am-

384 1953 528 2022 quod
562 1952 790 2006 forsitan
822 1950 962 2020 apud
989 1949 1338 2018 semetipsum
1371 1949 1585 2012 tacitus,
1615 1957 1670 2004 et
1711 1965 1811 2019 pro
1840 1965 1977 2019 prae-

384 2043 555 2111 ceptis
581 2040 866 2095 dominicis
893 2055 1074 2110 regem
1117 2055 1174 2094 se
1215 2039 1604 2108 contempsisse
1633 2038 1659 2078 d
1689 2039 1971 2110 gloriatus,

382 2136 452 2187 ab
479 2135 688 2188 interna
732 2148 858 2188 mox
904 2131 1174 2186 soliditate
1219 2139 1507 2199 quassatus
1535 2137 1640 2184 est.
1671 2131 1738 2185 Et
1765 2131 1890 2186 inde
1918 2131 1972 2186 in

383 2241 546 2294 opere
595 2225 749 2295 culpa
782 2224 1064 2293 surripuit,
1094 2223 1235 2277 unde
1277 2221 1447 2291 gloria
1488 2222 1542 2275 in
1584 2221 1746 2277 corde
1789 2235 1813 2261 θ
1853 2238 1974 2276 sur-

385 2319 572 2388 repsit.
624 2317 777 2373 Utlle
816 2317 968 2372 falsis
997 2317 1273 2386 prophetae
1315 2315 1493 2370 verbis
1518 2315 1773 2385 deceptus
1799 2316 1972 2372 disce-

382 2420 497 2475 ret,
552 2411 675 2481 quia
727 2425 1068 2480 nequaquam
1117 2409 1348 2479 proprire
1402 2407 1734 2462 fortitudinis
1782 2406 1969 2473 fuerit,

381 2502 526 2570 quod
549 2501 616 2555 ad
646 2501 789 2570 regis
815 2500 976 2554 verba
1006 2498 1313 2553 restitisset.
1360 2497 1503 2553 Bene
1530 2505 1710 2552 autem
1747 2512 1815 2553 ex
1855 2495 1971 2566 ejus

380 2610 476 2649 ore
503 2595 693 2648 mortis
719 2593 1042 2648 sententiam
1073 2591 1301 2661 accepit,
1329 2590 1481 2659 cujus
1503 2591 1816 2646 seductione
1843 2591 1970 2647 vitae

381 2694 650 2756 praecepto
681 2684 947 2748 deviavit,
994 2691 1056 2738 ut
1095 2683 1220 2738 inde
1260 2697 1479 2752 pmnam
1515 2682 1783 2736 veraciter
1809 2681 1969 2738 adsu-

382 2786 590 2843 meret,
642 2777 783 2831 unde
838 2775 1172 2846 negligenter
1224 2773 1436 2844 culpam
1485 2773 1812 2830 admisisset.
1871 2774 1967 2831 Se—

381 2870 566 2938 quitur
596 2887 608 2922 :

449 2962 615 3030 (xm,
659 2957 785 3030 21.)
838 2977 855 3008 ε
903 2956 1032 3011 Ilwc
1076 2957 1094 2995 ι
1133 2957 1258 3010 dicit
1295 2955 1584 3022 Dominus,
1621 2957 1743 3027 quia
1783 2958 1963 3013 inobe-

376 3048 524 3101 diens
554 3047 700 3116 fuisti
723 3047 802 3100 ori
832 3045 1066 3110 Domini,
1097 3055 1146 3099 et
1185 3062 1288 3098 non
1323 3045 1595 3100 custodisti
1630 3047 1960 3115 mandatum,

2072 1944 2213 2013 plius
2238 1955 2625 2014 quatercentos
2652 1949 2754 2004 ista
2782 1951 3091 2019 predixerat
3121 1970 3133 2004 :
3164 1959 3217 2005 et
3244 1962 3471 2023 propter
3493 1955 3662 2024 ipsum

2073 2051 2172 2093 nec
2203 2036 2368 2104 illius,
2400 2039 2492 2107 qui
2520 2053 2644 2092 eum
2674 2041 2978 2105 seduxerat,
3021 2043 3298 2112 sepultura
3330 2045 3536 2100 violata
3561 2058 3658 2104 est.

2070 2124 2279 2181 Atl‘ectu
2309 2143 2542 2198 namque
2572 2128 2662 2183 illo
2691 2128 2850 2200 (Eph.
2877 2145 2932 2196 v,
2964 2131 3075 2198 29),
3104 2146 3213 2201 quo
3238 2149 3398 2189 nemo
3427 2151 3660 2206 unquam

2071 2233 2290 2274 carnem
2336 2235 2486 2273 suam
2519 2220 2644 2276 odio
2689 2221 2877 2287 habet,
2911 2223 3223 2292 providerat
3266 2226 3522 2282 cadaveri
3569 2244 3660 2283 suo

2071 2310 2162 2381 qui
2191 2309 2469 2366 occiderat
2498 2313 2781 2368 mendacio
2823 2314 3059 2368 animam
3100 2329 3275 2370 suam.
3319 2317 3396 2373 Ex
3429 2319 3535 2374 hoc
3565 2321 3657 2390 igi-

2071 2410 2178 2466 tur,
2212 2403 2357 2472 quod
2402 2417 2620 2458 carnem
2652 2419 2806 2459 suam
2835 2405 3065 2476 quisque
3114 2408 3436 2464 naturaliter
3463 2411 3652 2483 diligit,

2070 2505 2124 2551 et
2148 2497 2224 2551 illi
2253 2511 2414 2568 paena
2443 2498 2546 2554 fuit
2574 2500 2875 2569 addiscere,
2911 2518 3018 2558 non
3053 2519 3179 2559 eum
3211 2506 3456 2561 futurum
3484 2509 3538 2562 in
3574 2526 3654 2566 se-

2067 2589 2296 2660 pulchro
2323 2599 2540 2660 patrum
2567 2607 2812 2660 suorum,
2846 2602 2900 2648 et
2926 2594 3052 2650 huic
3079 2611 3207 2650 cura
3234 2599 3572 2668 prospicere,
3598 2613 3654 2656 ut

2066 2688 2386 2751 parceretur
2410 2683 2624 2740 ossibus
2665 2685 2799 2751 suis,
2828 2685 2873 2740 si
2900 2685 3058 2755 justa
3081 2703 3202 2742 eum
3226 2687 3460 2757 jaceret,
3504 2693 3652 2764 cujus

2067 2771 2414 2842 sepulchrum
2450 2789 2612 2831 nemo
2637 2774 2882 2832 violaret.
2917 2775 3077 2834 llunc
3104 2778 3358 2836 atl‘ectum
3385 2793 3652 2856 martyres

2066 2864 2268 2920 Christi
2310 2875 2582 2923 certantes
2607 2883 2707 2939 pro
2734 2870 2988 2938 veritate,
3016 2871 3282 2927 vicerunt.
3314 2872 3427 2930 Nec
3458 2876 3648 2932 mirum

2066 2956 2210 3026 quod
2263 2964 2742 3027 contempserunt,
2797 2960 2941 3030 quod
2997 2975 3104 3016 non
3161 2960 3377 3016 fuerant
3431 2976 3648 3032 peracta

2066 3055 2241 3102 morte
2266 3048 2515 3114 sensuri,
2549 3048 2639 3118 qui
2667 3064 2774 3104 non
2801 3059 3094 3120 potuerunt
3118 3052 3217 3118 eis,
3247 3068 3383 3123 quos
3408 3055 3649 3112 viventes

375 3138 514 3207 quod
551 3109 794 3207 prwcepit
833 3135 932 3189 tibi
966 3109 1223 3189 Dominus
1263 3136 1406 3189 Deus
1447 3147 1590 3202 tuus,
1637 3147 1686 3192 et
1730 3109 1962 3194 reversus
1991 3109 2034 3170 C
2067 3137 2392 3204 sentiebant,
2437 3139 2767 3195 cruciatibus
2795 3109 2957 3196 vinci.
3005 3141 3226 3199 Poterat
3257 3109 3445 3216 utique
3485 3147 3647 3212 Deus,

376 3244 450 3289 es,
485 3237 531 3279 et
567 3225 838 3279 comedisti
879 3241 1098 3295 panem,
1138 3235 1186 3278 et
1223 3225 1393 3278 bibisti
1430 3243 1622 3297 aquam
1651 3228 1707 3281 in
1743 3227 1875 3296 loco,
1908 3231 1964 3286 in

375 3334 478 3387 quo
514 3319 754 3386 pmicepit
785 3316 878 3381 tibi
905 3333 966 3369 ne
1003 3315 1295 3370 comederes
1327 3333 1544 3386 panem,
1575 3335 1740 3390 neque
1767 3321 1964 3377 biberes

375 3422 598 3477 aquam,
627 3422 730 3459 non
761 3405 1014 3475 inferetur
1039 3405 1262 3458 cadaver
1315 3416 1463 3459 tuum
1507 3407 1562 3460 in
1599 3407 1837 3478 sepulcro
1874 3428 1965 3482 pa-

376 3510 513 3552 trum
541 3507 750 3552 tuorum
770 3538 785 3563 ,
817 3504 871 3550 et
899 3495 1123 3566 reliqua.

452 3606 471 3639 ‹
511 3587 708 3655 Quanti
751 3589 866 3642 haec
907 3601 1068 3657 poena
1118 3587 1398 3657 pendenda
1440 3589 1531 3654 sit,
1573 3589 1619 3644 si
1665 3590 1958 3647 secundum

374 3680 722 3751 Evangelium
754 3680 1071 3748 cogitemus,
1101 3680 1190 3734 ubi
1228 3688 1352 3749 post
1379 3696 1576 3752 corpus
1604 3681 1845 3737 occisum
1876 3683 1958 3738 ni-

374 3773 449 3828 hil
471 3773 816 3827 metueudum
845 3786 969 3826 esse
997 3771 1307 3837 didicimus,
1335 3788 1404 3829 ne
1443 3775 1686 3830 membra
1716 3777 1741 3816 ε
1771 3776 1958 3831 exani-

373 3872 515 3918 mata
545 3864 840 3934 patiantur,
868 3877 966 3917 nec
991 3877 1150 3933 pcena
1177 3863 1400 3918 dicenda
1427 3872 1530 3920 est.
1561 3863 1619 3920 Si
1649 3874 1827 3921 autem
1855 3868 1955 3924 hu-

372 3970 592 4008 manum
628 3969 756 4023 erga
795 3969 945 4008 suam
983 3969 1203 4008 carnem
1235 3955 1638 4013 consideremus
1675 3956 1952 4028 affectum,

371 4046 544 4116 potuit
582 4046 704 4099 inde
745 4045 957 4108 terreri,
991 4046 1075 4100 vel
1104 4047 1418 4102 contristari
1444 4048 1619 4114 vivus,
1657 4050 1799 4119 quod
1829 4066 1955 4108 seno

371 4151 530 4193 surus
577 4151 682 4189 non
730 4143 852 4188 erat
881 4143 1147 4190 mortuus.
1180 4135 1248 4190 Et
1292 4137 1406 4191 haec
1447 4146 1566 4192 erat
1592 4153 1774 4207 pcena,
1818 4156 1952 4210 quo-

371 4228 520 4282 niam
552 4227 767 4281 dolebat
812 4226 1046 4290 animus,
1082 4227 1136 4280 id
1178 4227 1244 4281 de
1281 4243 1378 4283 suo
1415 4245 1642 4300 corpore
1686 4230 1946 4301 futurum,

370 4317 618 4387 quamvis
659 4331 782 4370 cum
824 4315 998 4382 fieret,
1046 4332 1152 4372 non
1199 4317 1448 4374 doleret:
1495 4321 1756 4378 hactenus
1803 4324 1948 4379 enim

371 4407 540 4463 voluit
569 4406 825 4463 Dominus
852 4422 1067 4462 servum
1100 4424 1257 4463 suum
1296 4409 1552 4479 plectere,
1583 4413 1675 4482 qui
1710 4431 1816 4469 non
1849 4430 1944 4470 sua
1970 4450 2024 4508 Ι)

369 4500 707 4555 contumacia
747 4491 1029 4569 spreverat
1063 4511 1389 4572 praeceptum
1427 4503 1544 4574 ejus
1573 4505 1820 4576 implere,
1850 4508 1945 4562 sed

273 4568 294 4586 ’
369 4591 544 4647 aliena
569 4592 866 4664 decipiente
893 4568 1105 4648 fallacia
1125 4568 1346 4650 obedire
1370 4611 1430 4651 se
1455 4568 1703 4662 credidit,
1730 4568 1945 4669 quando

369 4698 478 4739 non
514 4684 770 4739 obedivit.
808 4683 992 4755 Neque
1025 4686 1167 4740 enim
1196 4687 1492 4755 putandum
1529 4698 1632 4753 est,
1675 4690 1749 4743 ita
1779 4689 1947 4748 fuisse

369 4775 750 4844 interemptum
786 4790 971 4830 morsu
1003 4773 1215 4840 bestiae,
1245 4783 1304 4828 ut
1334 4777 1402 4831 ad
1429 4775 1748 4846 supplicium
1779 4788 1944 4837 tarta-

367 4880 538 4931 reum,
572 4863 688 4933 ejus
717 4865 908 4920 deinde
934 4865 1114 4918 anima
1143 4875 1444 4935 raperetur,
1476 4868 1691 4936 quando
1725 4870 1942 4938 quidem

364 4957 539 5027 ipsum
569 4955 685 5026 ejus
711 4970 907 5026 corpus
948 4955 1089 5010 idem
1123 4953 1208 5010 leo
1245 4955 1337 5028 qui
1375 4958 1668 5023 occiderat,
1703 4961 1943 5017 custodi-

362 5051 460 5115 vit,
494 5047 740 5118 jumento
769 5049 951 5115 etiam,
983 5065 1090 5121 quo
1119 5050 1438 5117 vehebatur,
1467 5052 1652 5117 illaeso,
1693 5061 1748 5108 et
1782 5054 1942 5110 simul

361 5157 486 5197 cum
537 5143 627 5198 illa
669 5143 891 5198 immani
939 5141 1055 5198 fera
1103 5143 1375 5214 intrepida
1419 5145 1703 5214 pmsentia
1745 5145 1812 5200 ad
1857 5148 1942 5202 sui

363 5233 574 5290 Domini
617 5233 777 5290 funus
809 5234 1076 5300 adstante,
1125 5251 1234 5306 quo
1260 5235 1492 5291 mirabili
1536 5236 1690 5307 signo
1719 5247 1944 5308 apparet

431 5386 456 5414 ιι
495 5373 693 5431 Potest.

433 5445 459 5483 δ
497 5443 848 5501 Gloriabatur.

433 5524 454 5585 ‘,
501 5514 711 5585 Βὶςονεο

431 5584 456 5623 ιι
499 5581 837 5636 Gloriabatur
860 5584 928 5637 ei.

437 5665 460 5692 ε
501 5651 762 5704 Surrexit.

440 5721 458 5759 ί
502 5718 890 5786 Subsequentia
931 5720 1139 5777 lineolis
1171 5737 1270 5791 pro
1308 5738 1455 5778 more
1493 5731 1679 5778 notata
1716 5721 1936 5778 tradidit

2064 3227 2155 3297 qui
2201 3225 2412 3283 leonem
2455 3229 2732 3300 pr0pheta:
2758 3246 2974 3302 corpus,
3016 3233 3160 3304 quod
3209 3235 3323 3305 ipse
3350 3236 3644 3303 occiderat.

2063 3315 2290 3372 ulterius
2331 3333 2438 3372 non
2469 3319 2718 3390 permisit
2761 3322 3047 3392 attingere,
3078 3332 3133 3378 et
3171 3322 3299 3380 fecit
3337 3327 3404 3382 de
3439 3343 3647 3398 perem-

2062 3413 2216 3476 ptore
2238 3411 2514 3465 custodem
2542 3429 2556 3466 :
2588 3421 2833 3482 poterat,
2873 3413 3126 3483 inquam,
3164 3430 3195 3470 a
3227 3431 3450 3472 suorum
3484 3419 3646 3474 inter-

2060 3495 2220 3553 fectis
2264 3500 2601 3570 Corporibus,
2652 3518 2836 3569 canes,
2882 3504 3080 3574 quibus
3121 3505 3341 3563 fuerant
3379 3511 3642 3583 projecta,

2058 3591 2347 3659 prohibere
2377 3609 2389 3646 :
2422 3601 2668 3663 poterat,
2709 3604 2764 3650 et
2806 3595 3045 3665 ipsorum
3084 3597 3366 3656 hominum
3397 3601 3644 3658 innume-

2058 3683 2321 3746 rabilibus
2349 3685 2523 3740 modis
2546 3694 2730 3742 tenere
2755 3689 3132 3755 saevitiam,'ne
3155 3692 3424 3748 cadavera
3464 3694 3642 3749 incen-

2057 3777 2217 3844 dere,
2259 3793 2359 3833 nec
2390 3780 2406 3819 ί
2442 3777 2497 3833 in
2539 3793 2665 3834 aera
2709 3779 3020 3853 dispergere
3063 3783 3326 3838 auderent
3357 3802 3371 3838 :
3404 3787 3501 3842 sed
3540 3785 3639 3841 hoc

2056 3881 2282 3941 quoque
2309 3871 2739 3942 experimentum
2783 3873 3067 3944 multiplici
3097 3876 3350 3932 varietati
3391 3880 3638 3934 tentatio-

2055 3979 2183 4018 num
2214 3963 2402 4019 deesse
2447 3979 2555 4020 non
2601 3964 2806 4030 debuit,
2850 3981 2918 4022 ne
2960 3965 3221 4022 fortitudo
3260 3967 3634 4034 confessionis,-

2053 4069 2173 4124 quae
2217 4053 2540 4109 immanitati
2591 4056 2984 4125 persecutionis
3030 4072 3128 4130 pro
3174 4061 3420 4132 corporis
3468 4061 3634 4117 salute

2053 4160 2162 4199 non
2193 4145 2438 4209 cederet,
2476 4161 2577 4216 pro
2641 4147 2874 4218 sepulcri
2919 4149 3127 4205 honore
3168 4152 3497 4224 trepidaret;
3542 4169 3631 4228 po-

2051 4243 2256 4290 stremo
2286 4251 2354 4290 ne
2391 4235 2526 4292 ﬁdes
2567 4239 2984 4295 resurrectionis
3017 4244 3488 4316 consumptionem
3517 4262 3633 4304 eor-

2049 4340 2241 4394 porum
2277 4325 2614 4381 formidaret.
2653 4328 2966 4385 Debuerant
2991 4345 3120 4400 ergo
3145 4341 3203 4389 et
3238 4333 3342 4389 ista
3370 4337 3626 4409 permitti,

2049 4422 2108 4468 ut
2139 4416 2301 4470 etiam
2334 4424 2457 4488 post
2489 4418 2604 4474 haec
2630 4419 2765 4474 tanti
2796 4420 3038 4478 horroris
3065 4423 3337 4494 exempla,
3367 4437 3630 4499 martyres

2050 4507 2104 4561 in
2132 4505 2331 4564 Christi
2360 4508 2700 4566 confessione
2725 4511 3013 4581 ferventes,
3043 4515 3202 4586 hujus
3228 4531 3444 4587 quoque
3470 4527 3630 4576 testes

2050 4598 2243 4653 fierent
2266 4599 2530 4667 veritatis,
2557 4602 2610 4656 in
2632 4619 2739 4672 qua
2760 4603 3084 4672 diditerant,
3113 4622 3229 4673 eos,
3256 4623 3288 4661 a
3309 4609 3507 4681 quibus
3534 4626 3629 4668 sua

2048 4704 2276 4761 corpora
2316 4691 2770 4760 interficerentur,
2815 4704 3002 4765 postea
3043 4698 3180 4752 nihil
3223 4697 3458 4767 habere,
3489 4704 3631 4774 quod

2048 4779 2291 4838 facerent
2323 4800 2335 4837 :
2369 4783 2622 4853 quoniam
2650 4787 2910 4859 quidquid
2939 4790 3166 4845 mortuis
3196 4791 3517 4864 corporibus
3553 4794 3630 4848 fa-

2047 4882 2254 4940 cerent,
2286 4874 2472 4945 utique
2501 4876 2636 4931 nihil
2661 4877 2937 4945 facerent,
2967 4881 3180 4952 quando
3207 4883 3262 4937 in
3289 4899 3457 4941 carne
3481 4889 3626 4943 omni

2045 4965 2158 5020 vita
2188 4975 2427 5032 carente,
2455 4982 2554 5024 nec
2579 4968 2783 5039 aliquid
2811 4971 3012 5027 sentire
3035 4981 3219 5042 posset
3246 4975 3340 5044 qui
3375 4976 3500 5032 inde
3524 4979 3625 5032 mi-

2047 5058 2242 5128 gravit,
2273 5072 2374 5112 nec
2396 5057 2601 5129 aliquid
2630 5059 2754 5115 inde
2780 5061 3028 5131 perdere,
3064 5065 3156 5133 qui
3183 5066 3407 5120 creavit.
3445 5086 3465 5120 ι

2116 5147 2484 5204 Praetermissa
2513 5149 2679 5205 multa
2701 5151 2826 5207 libri
2845 5153 3054 5226 Regum
3078 5155 3325 5222 historia,
3349 5157 3418 5212 ad
3439 5157 3622 5214 Achab

2045 5237 2414 5294 scelestissimi
2441 5239 2604 5310 regis,
2631 5248 2686 5295 et
2715 5241 2992 5315 sacrilegae
3020 5246 3205 5301 uxoris
3241 5244 3360 5316 ejus
3405 5245 3620 5305 Jenbel

2044 5371 2376 5442 Augustinus
2413 5385 2530 5442 cap.
2569 5371 2622 5437 7,
2649 5371 2783 5429 alias
2807 5391 2954 5429 num.
2982 5376 3036 5439 9,
3067 5375 3191 5432 libri
3217 5378 3283 5432 de
3305 5375 3451 5435 Cura
3477 5379 3617 5436 Hor-

2044 5440 2436 5517 tuo_ru_m__[alias
2463 5440 2528 5517 de
2553 5458 2679 5495 cura
2699 5445 2926 5515 gerenda
2952 5463 3048 5517 pro
3075 5449 3290 5502 mortuis
3303 5447 3350 5516 l..

2118 5511 2143 5550 ⁸
2181 5511 2321 5565 Edil.
2350 5512 2610 5567 exanima.

2114 5579 2141 5618 δ
2180 5579 2470 5645 Quasdam.

2121 5650 2136 5691 i
2183 5649 2344 5704 Deest
2374 5651 2428 5705 in
2457 5650 2586 5708 edit.
2616 5652 2672 5708 in
2705 5669 2858 5720 aera,
2895 5655 2988 5710 sed
3020 5656 3251 5715 habetur
3283 5679 3298 5716 :
3329 5679 3394 5718 ne
3422 5675 3614 5718 auem

2041 5719 2352 5790 dispergere.
2369 5781 2374 5786 _
