3904 6174
333 338 433 395 'iﬂ

1404 320 1678 379 CLAUDII
1716 314 2181 376 TAURINENSIS
2224 306 2534 368 EPISCOPI

3496 294 3597 361 758

332 453 530 522 quibus
568 450 707 505 bona
747 446 972 503 aedilicia
1011 442 1284 505 inchoare,
1320 450 1346 479 ι
1380 446 1436 492 et
1476 429 1718 491 claustra
1760 433 1915 487 bona!
1945 437 1991 494 Α
2024 427 2142 501 (ΙΙΙ
2175 426 2300 498 Reg.
2327 441 2460 489 xvn,
2486 406 2584 494 5)‘:
2623 420 2822 476 Recede
2841 421 2985 503 hinc,
3009 428 3057 474 et
3078 428 3210 473 vade
3234 427 3417 473 contra
3445 432 3605 473 orien-

332 543 582 607 actionis,
610 540 811 610 quibus
832 535 1019 608 perlici
1058 532 1318 587 debuerat
1347 530 1374 570 ιι
1412 526 1666 599 perdidit.
1706 522 1832 579 llazc
1860 530 1919 577 et

332 631 619 704 allegorica
646 643 811 684 sensu
836 625 1065 698 exposui
1084 665 1101 691 ,
1139 631 1201 679 ut
1230 619 1618 684 reminiscaris,
1652 632 1819 688 quam
1847 615 1921 671 sit

330 737 491 779 verus
513 718 754 791 Apostoli
782 733 984 784 sermo,
1011 716 1106 786 qui
1136 714 1268 770 dicit
1297 711 1347 784 (ι
1374 709 1501 766 Cor.
1530 725 1589 775 ι,
1624 707 1711 782 ll)
1737 725 1749 761 :
1779 705 1919 772 Quia

330 814 506 871 omnia
535 815 591 868 in
621 813 794 883 ﬁgura
819 808 1182 881 contingebant
1208 803 1334 869 illis,
1367 802 1564 873 scripta
1595 809 1715 856 sunt
1745 806 1919 852 autern

327 912 679 997 propter’nos.
718 920 738 956 ι
1203 916 1211 923 ·

401 1015 678 1087 Sequitur.
710 1012 956 1084 Dixitque
990 1008 1172 1065 Helias
1192 1006 1461 1063 Thesbites
1506 1004 1575 1060 de
1611 1000 1925 1057 habitatori-

332 1110 429 1165 bns
454 1107 662 1164 Galaad
695 1104 764 1161 ad
789 1105 994 1170 Achab,
1029 1101 1147 1157 vivit
1177 1099 1435 1155 Dominus
1464 1095 1605 1151 Deus
1641 1092 1835 1159 Israel,
1869 1092 1925 1146 in

333 1200 484 1271 cujus
521 1206 795 1268 conspectu
838 1204 938 1249 sto.
971 1204 994 1233 ε
1032 1211 1050 1245 t
1091 1190 1383 1271 Sciendum
1423 1196 1507 1243 est
1546 1185 1689 1258 quod
1719 1182 1927 1240 duobus

335 1270 511 1346 modis
556 1289 609 1344 in
645 1293 937 1356 conspectu
970 1281 1184 1340 Domini
1228 1270 1497 1344 venimus,
1531 1292 1641 1332 uno
1685 1274 1925 1348 quidem,

332 1398 440 1454 quo
482 1381 575 1437 hic
614 1386 836 1449 peccata
880 1384 1067 1433 nostra
1108 1371 1382 1429 subtiliter
1422 1368 1838 1442 perpendentes,
1874 1365 1927 1419 in

332 1475 452 1545 ejus
490 1486 592 1527 nos
620 1475 914 1539 conspectu
953 1464 1229 1537 ponimus,
1262 1470 1316 1517 et
1346 1459 1523 1517 ﬂendo
1551 1456 1927 1528 dijudieamus,

334 1564 440 1618 alio
467 1574 599 1616 vero
625 1559 786 1616 modo
827 1558 884 1612 in
926 1561 1222 1626 conspectu
1253 1548 1470 1606 Domini
1505 1547 1775 1612 venimus,
1807 1561 1929 1602 cum

336 1655 389 1708 in
420 1659 666 1710 extremo
684 1650 892 1722 judicio
926 1656 1053 1704 ante
1088 1643 1326 1701 tribunal
1344 1641 1547 1712 judicis
1571 1639 1885 1696 adsistimus
1916 1657 1928 1692 :

338 1760 464 1799 nam
488 1744 741 1815 quotiens
765 1738 1062 1796 conditoris
1087 1734 1260 1792 nostri
1283 1733 1580 1806 potentiam
1610 1731 1679 1788 ad
1712 1746 1931 1788 sensum

339 1836 668 1901 reducimus,
707 1833 906 1889 totiens
931 1830 986 1885 in
1017 1833 1313 1899 conspectu
1342 1824 1487 1880 illius
1512 1827 1742 1879 stamus.
1776 1821 1932 1877 Unde

342 1939 490 1985 recte
513 1942 656 1982 nunc
678 1941 776 1998 per
796 1914 975 1979 virum
1005 1919 1100 1976 Dei
1126 1918 1334 1973 Heliam
1364 1916 1566 1972 dicitur
1594 1934 1609 1971 :
1651 1913 1787 1968 Vivit
1817 1910 1929 1967 Do-

339 2021 515 2073 minus
539 2018 678 2073 Deus
704 2014 894 2080 Israel,
924 2014 978 2068 in
1007 2012 1159 2083 cujus
1186 2017 1459 2082 conspectu
1488 2018 1586 2063 sto.
1625 2027 1642 2060 ι

412 2140 439 2179 α
476 2136 661 2195 Helias
692 2136 838 2209 jam,
872 2150 979 2190 non
1011 2143 1075 2189 ut
1115 2131 1324 2189 solebat
1350 2129 1509 2196 lenis,
1541 2144 1606 2186 ac
1644 2128 1811 2194 mitis,
1839 2128 1937 2183 sed

344 2229 594 2297 immitis,
616 2243 679 2284 ac
704 2240 925 2284 severus
949 2224 1162 2281 accedit
1188 2221 1255 2278 ad
1285 2222 1461 2292 ipsum
1488 2219 1735 2291 corporis
1754 2226 1935 2288 captu,

345 2320 553 2377 accedit
580 2317 647 2375 ad
676 2331 858 2390 regem
887 2315 1101 2380 Achab,
1129 2322 1185 2369 et
1216 2311 1349 2368 dicit
1374 2312 1425 2368 ei
1459 2330 1472 2365 :
1516 2308 1652 2366 Vivit
1681 2310 1936 2363 Dominus

346 2414 489 2469 Deus
518 2413 765 2468 uirtutum
792 2408 935 2464 Deus
962 2405 1157 2474 Israel,
1191 2406 1248 2460 in
1271 2405 1425 2476 cujus
1452 2411 1727 2475 conspectu
1764 2400 1936 2465 adsto,

347 2506 392 2561 si
428 2502 583 2576 fuerit
612 2498 812 2575 pluvia,
845 2510 937 2555 aut
963 2516 1049 2554 ros
1075 2499 1131 2554 in
1166 2499 1247 2553 his
1275 2496 1452 2563 antiis,
1480 2496 1583 2550 nisi
1615 2495 1677 2555 in,
1700 2495 1809 2549 oris
1838 2493 1942 2548 mei

349 2610 606 2652 sermone.
637 2592 828 2665 Magna
854 2592 936 2648 vis
960 2590 1293 2663 prophetica:
1320 2588 1600 2660 dignitatis
1626 2606 1640 2642 :
1672 2587 1943 2643 humanus

351 2690 533 2742 sermo
558 2693 661 2751 est,
688 2693 745 2740 et
764 2684 978 2739 divinus
1002 2681 1230 2738 ell'eetus
1257 2699 1271 2736 :
1306 2681 1362 2735 in
1393 2679 1559 2736 terris
1582 2680 1747 2736 homo
1771 2678 1945 2749 loqui-

352 2790 464 2847 tur,
505 2786 561 2835 et
601 2775 830 2848 imperio
873 2773 990 2848 ejus
1033 2775 1286 2831 caelestes
1323 2771 1584 2829 obediunt
1621 2777 1939 2840 potestates.

352 2869 659 2927 Commovit
684 2881 903 2925 omnem
928 2875 1235 2925 creaturam
1263 2880 1405 2920 unus
1429 2878 1612 2919 sermo
1636 2861 1941 2933 Propheta,

350 2974 407 3019 et
446 2962 587 3018 miro
615 2956 778 3017 modo
800 2957 953 3015 humi
989 2972 1213 3023 sonans,
1244 2970 1374 3013 aera
1403 2952 1700 3012 concussit.
1729 2951 1943 3007 Turba-

355 3065 441 3112 tus
464 3063 549 3112 est
569 3052 793 3111 humani
823 3049 1294 3115 ministerii'ordo,
1317 3057 1373 3103 et
1394 3064 1425 3102 a
1454 3045 1668 3103 saeculis
1698 3044 1949 3101 instituta

2019 496 2142 585 tem,
2174 529 2223 574 et
2252 496 2574 571 abscondere
2616 515 2672 568 in
2712 496 2936 567 torrente
2960 508 3163 574 Caritlt,
3189 511 3278 581 qui
3306 518 3388 564 est
3426 520 3608 565 contra

2016 611 2326 672 Iordanem,
2356 617 2403 662 et
2432 606 2503 660 ibi
2524 606 2587 660 de
2616 613 2843 659 torrente
2865 602 3004 656 bibes
3028 612 3049 653 :
3074 603 3342 672 contisque
3366 602 3608 672 pra-cepi,

2021 714 2075 759 ut
2100 708 2321 775 pascant
2348 709 2397 755 te
2421 698 2514 752 ibi.
2540 696 2679 751 Abiit
2708 709 2851 765 ergo,
2875 701 2924 747 et
2949 691 3071 763 fecit
3083 692 3243 763 juxta
3268 691 3482 746 uerbum
3507 691 3616 746 Do-

2022 794 2172 848 mini.
2219 788 2373 846 Corvi
2411 802 2615 860 quoque
2653 784 2955 856 deferebant
3000 783 3048 838 ei
3075 799 3284 854 panem,
3335 792 3383 837 et
3430 798 3613 837 carnes

2021 899 2177 939 mane
2198 896 2217 935 :
2246 881 2489 936 similiter
2506 892 2715 949 panem,
2748 885 2797 930 et
2827 890 3011 928 carnes
3041 889 3247 943 uespere
3272 885 3290 923 :
3316 884 3364 927 et
3391 872 3519 926 bibit
3552 873 3619 925 de

2025 985 2280 1030 torrente.
2323 971 2451 1026 Post
2490 968 2603 1023 dies
2644 975 2823 1021 autem
2860 965 3091 1021 siccatus
3123 973 3198 1017 est
3239 972 3468 1027 torrens,
3513 979 3615 1017 non

2025 1064 2162 1119 enim
2191 1061 2398 1133 pluerat
2424 1072 2580 1131 super
2607 1068 2824 1111 terram.

2102 1152 2284 1209 Helias
2305 1151 2470 1222 igitur
2490 1155 2639 1205 recte
2658 1147 2755 1202 Dei
2789 1144 2903 1201 lilio
2930 1145 3266 1201 assimilatas
3293 1152 3402 1209 est,
3448 1144 3536 1199 cui
3565 1153 3619 1198 et

2031 1243 2352 1308 auctoritas,
2381 1249 2436 1295 et
2470 1252 2668 1295 nomen
2696 1236 2934 1314 veridice
2954 1236 3237 1306 congruit;
3263 1234 3449 1289 Helias
3474 1234 3617 1288 enim

2030 1337 2176 1391 Deus
2200 1349 2347 1388 meus
2381 1332 2771 1401 interpretatur
2802 1344 2818 1382 :
2847 1326 2992 1397 quod
3018 1341 3217 1407 nomen
3249 1326 3621 1381 substantiali-

2033 1434 2116 1481 ter
2138 1425 2234 1481 Dei
2264 1423 2377 1479 ﬁlio
2398 1423 2543 1477 inest
2567 1412 2593 1475 2‘
2612 1418 2993 1475 auctoritatem
3021 1417 3125 1473 sibi
3137 1417 3393 1471 videlicet
3418 1414 3622 1471 facien-

2033 1519 2110 1584 di,
2137 1517 2283 1590 quod
2317 1514 2449 1570 velit
2462 1509 3092 1585 originalitervindicans
3108 1527 3122 1563 :
3139 1510 3399 1580 quoniam
3414 1508 3622 1573 omnia,

2033 1623 2155 1680 quae
2177 1614 2304 1663 sunt
2324 1604 2527 1671 Patris,
2555 1617 2653 1658 sua
2678 1613 2895 1672 quoque
2914 1614 3037 1656 esse
3061 1607 3295 1655 testatur
3320 1608 3412 1656 est
3443 1617 3459 1652 :
3486 1599 3627 1653 thes-

2035 1701 2178 1755 bites
2205 1706 2389 1752 autem
2414 1694 2707 1764 captiuam,
2733 1690 2849 1746 sive
2877 1698 3183 1744 conuertens
3212 1688 3626 1759 interpretatur.

1959 1808 2008 1868 Β
2034 1788 2356 1847 DeDomino
2374 1782 2778 1841 bocPsalmista
2801 1780 2879 1836 ait
2892 1778 3063 1853 (Psal.
3087 1795 3255 1845 uvtt,
3280 1778 3372 1849 i9)
3403 1799 3418 1833 :
3443 1781 3632 1832 Ascen-

2034 1882 2163 1935 dens
2192 1881 2250 1935 in
2269 1877 2434 1933 altum
2448 1875 2707 1946 captivam
2740 1873 2893 1928 duxit
2915 1871 3287 1943 captivitatem.
3330 1869 3401 1924 Et
3432 1869 3630 1924 iterum

2036 1970 2210 2044 (Psal.
2239 1983 2377 2025 στιν
2402 1967 2460 2039 4)
2491 1986 2504 2021 :
2532 1964 2843 2023 Convertere
2887 1963 3112 2018 Domine
3138 1962 3491 2034 captivitatem
3514 1978 3626 2016 nos-

2039 2074 2201 2127 tram,
2242 2061 2379 2116 sicut
2403 2068 2607 2114 torrens
2628 2058 2683 2110 in
2711 2065 2915 2110 austro.
2938 2054 3018 2109 Ac
3036 2069 3105 2109 ne
3132 2052 3362 2109 forsitan
3413 2060 3630 2108 moveat

2036 2150 2365 2223 quempiam,
2418 2149 2561 2217 quod
2609 2145 2820 2200 Heliam
2874 2143 2972 2198 Dei
3019 2143 3456 2213 comparaverim
3498 2142 3627 2205 lilio,

2037 2244 2184 2315 legat
2202 2239 2489 2312 epistolam
2519 2238 2588 2293 ad
2620 2235 2901 2299 Hebrum,
2928 2243 2985 2290 et
3011 2234 3067 2288 id
3092 2233 3411 2305 Apostolum
3442 2242 3631 2302 protu-

2039 2336 2172 2392 lisse
2212 2333 2450 2405 reperiet
2481 2329 2711 2386 dicendo
2741 2326 2928 2400 (Hebr.
2951 2340 3045 2389 vn,
3077 2323 3173 2396 '5):
3221 2324 3634 2391 quodammodo

2039 2429 2124 2484 hic
2153 2422 2534 2481 Melchisedech
2589 2417 2914 2476 assunilam
2942 2416 3056 2486 tilio
3104 2415 3205 2470 Dei
3255 2425 3527 2487 permanet
3576 2414 3635 2468 in

2041 2532 2293 2578 (ternum
2330 2515 2576 2587 Pontifex
2598 2528 2617 2567 :
2648 2516 2762 2570 sine
2780 2520 2950 2583 patre,
2978 2510 3290 2571 sinuata,
3319 2506 3436 2559 sine
3448 2520 3637 2575 genea-

2042 2613 2203 2684 logia,
2233 2626 2398 2683 neque
2419 2608 2630 2663 initium
2643 2606 2849 2661 dierum
2870 2601 3088 2666 habens,
3103 2616 3268 2672 neque
3278 2598 3460 2669 ﬁnem.
3479 2598 3637 2664 quos

2044 2704 2232 2773 utique
2257 2701 2391 2756 nulli
2411 2700 2714 2762 hominum,
2736 2695 2847 2752 nisi
2877 2693 2975 2749 Dei
3007 2693 3119 2749 lilio
3155 2692 3285 2748 olim
3325 2704 3645 2762 congruere

2043 2794 2237 2866 potuit,
2270 2791 2361 2862 qui
2389 2806 2456 2846 ex
2487 2805 2615 2861 quo,
2646 2788 2732 2842 vel
2776 2787 2922 2842 unde
2968 2784 3235 2857 originem
3260 2781 3463 2845 trahat,
3487 2779 3645 2835 Scri-

2043 2886 2203 2957 ptura
2229 2883 2443 2954 penitus
2465 2894 2576 2935 non
2621 2878 2844 2934 indicat.
2900 2876 2957 2931 Id
3003 2876 3184 2946 ipsum
3227 2872 3417 2937 etiam,
3460 2880 3519 2925 et
3572 2871 3650 2925 de

2046 2974 2201 3033 Helia
2239 2973 2523 3044 Scriptura
2556 2974 2808 3035 testatur,
2857 2981 2981 3023 cum
3022 2965 3204 3021 subito
3246 2976 3446 3018 men
3494 2960 3649 3016 illius

2049 3065 2368 3130 introducit,
2395 3072 2452 3118 et
2490 3076 2523 3116 a
2575 3075 2681 3131 qua
2727 3059 2898 3123 tribu,
2948 3056 3033 3113 vel
3084 3053 3290 3110 familia
3336 3060 3491 3108 ortus
3541 3051 3649 3115 ﬁt,

355 3146 746 3202 elementorum
775 3142 1056 3200 harmonia
1088 3139 1401 3206 contabuit,
1429 3152 1553 3195 cum
1583 3137 1730 3192 sicco
1769 3134 1945 3192 humi-

2051 3154 2589 3228 minimc'prot'ertnr.
2616 3152 2856 3207 Terrena
2884 3148 3090 3213 Carltlt‘,
3120 3146 3217 3218 qui
3248 3145 3649 3215 interpretatur

357 3228 510 3307 dum,
545 3237 721 3295 calido
746 3232 1001 3308 frigidum
1028 3240 1322 3305 negaretur
1348 3250 1361 3286 :
1393 3232 1489 3288 sed
1534 3230 1801 3285 elementa
1833 3241 1950 3299 pm-

358 3346 485 3386 nam
510 3343 665 3387 suam
700 3327 824 3385 lauta
850 3326 1172 3396 suscipiunt,
1203 3322 1492 3380 dummodo
1525 3320 1607 3377 vel
1637 3321 1690 3375 in
1719 3316 1951 3375 salutent

360 3419 661 3485 hominum,
688 3416 772 3473 vel
807 3408 862 3470 in
903 3416 1165 3471 honorem
1193 3412 1483 3485 proficiant
1511 3408 1825 3467 conditoris.
1855 3405 1955 3463 Ju—

360 3515 520 3569 betur
543 3510 725 3567 Helias
748 3509 1023 3579 secedere,
1059 3522 1125 3563 ac
1159 3506 1331 3563 latere
1358 3521 1375 3559 :
1406 3504 1474 3560 ab
1504 3503 1696 3558 avibus
1721 3501 1876 3558 cibus
1900 3500 1952 3555 ei

360 3605 573 3663 coalitus
614 3605 956 3663 ministratur
1000 3620 1015 3657 :
1061 3602 1302 3659 siccatur
1341 3597 1539 3655 deinde
1581 3604 1820 3662 torrens,
1860 3596 1954 3651 de-

360 3697 552 3754 ﬁciunt
577 3695 789 3768 pocula.
819 3694 1127 3751 Procedens
1151 3692 1297 3748 enim
1323 3688 1471 3746 velut
1502 3687 1645 3759 ignis
1680 3686 1953 3745 sententia

362 3789 477 3860 ipsa
529 3784 927 3860 quodammodo
982 3793 1143 3841 terra:
1194 3780 1380 3839 vitalia
1436 3777 1781 3851 penetravit,
1828 3791 1956 3832 con-

362 3878 653 3950 festimque
693 3877 877 3934 omnia
925 3875 1170 3932 arefecit.
1222 3873 1380 3929 Nulla
1432 3886 1689 3944 agrorum
1732 3871 1952 3941 gratia:

363 3978 643 4041 pratorum
692 3968 839 4024 nulla
879 3975 1139 4023 venustas
1183 3984 1198 4020 :
1249 3965 1381 4034 ripa
1424 3977 1640 4032 quoque
1685 3961 1956 4032 virgultis,

364 4061 635 4132 quondam
672 4057 990 4114 ﬂorentibus
1042 4063 1321 4127 praetextae
1359 4052 1614 4124 squalore
1648 4052 1959 4120 turpissimo

367 4150 713 4213 fatiscebant,
750 4162 874 4204 cum
902 4145 1076 4201 fontes
1101 4143 1280 4213 aquis,
1306 4139 1529 4196 ﬁumina
1566 4140 1817 4197 cursibus
1852 4140 1962 4211 pri-

368 4246 649 4295 verentur.
678 4235 873 4307 lligrat
901 4233 1028 4290 inde
1061 4231 1350 4303 Propheta,
1375 4239 1432 4286 et
1455 4246 1523 4286 ex
1558 4228 1656 4287 Dei
1690 4240 1961 4301 praecepto

371 4326 566 4385 transit
611 4323 679 4382 ad
714 4330 1017 4398 przeparata
1059 4323 1302 4390 cellaria,
1347 4322 1621 4393 totiusque
1656 4320 1963 4378 atl'ectionis

368 4423 589 4488 oblitus,
618 4416 683 4477 de
710 4433 769 4476 se
794 4417 998 4491 cogitat
1030 4414 1147 4474 solo
1179 4434 1194 4472 :
1226 4431 1336 4472 non
1366 4423 1738 4472 commovetur
1763 4414 1958 4471 huma-

2051 3250 2275 3315 Divisio,
2296 3246 2416 3303 sive
2439 3243 2708 3309 concisis,
2726 3240 2946 3310 iudaieo
2971 3237 3173 3311 populo
3195 3249 3501 3308 congruere
3523 3249 3651 3291 cer-

2052 3340 2319 3398 tissimum
2346 3345 2432 3394 est
2459 3353 2473 3390 :
2503 3335 2595 3406 qui
2618 3333 2851 3406 populus
2876 3329 3103 3387 torrenti
3130 3327 3330 3384 merito
3354 3340 3649 3396 compara-

2053 3440 2161 3498 tur,
2193 3429 2319 3500 quia
2344 3429 2489 3498 quod
2530 3428 2599 3482 ad
2622 3423 3019 3481 observandum
3048 3436 3148 3492 per
3174 3421 3350 3492 legem
3377 3420 3428 3474 ei
3461 3416 3649 3472 fuerat

2052 3523 2313 3581 divinitus
2339 3519 2618 3585 traditmu,
2646 3523 2951 3587 opportuno
2976 3510 3219 3584 tempore
3242 3510 3650 3566 incarnationis

2056 3611 2348 3668 dominicas
2377 3608 2675 3664 ﬁniendum
2700 3614 2840 3670 erat,
2871 3603 3093 3674 quando
3121 3602 3350 3665 umbrae,
3374 3610 3433 3655 et
3453 3599 3657 3670 ἱππικαὶ--

2055 3716 2155 3758 nes
2176 3700 2327 3772 togis
2365 3698 2596 3770 explete
2646 3706 2966 3752 noscuntur.
3000 3705 3025 3733 ο
3066 3704 3087 3744 ι
3144 3690 3396 3747 Pascitur
3447 3689 3651 3744 deinde

2056 3794 2244 3851 Helias
2275 3803 2519 3863 tempore
2567 3790 2729 3846 famis
2777 3806 2808 3845 a
2844 3788 3031 3845 corvis
3085 3800 3246 3842 mane
3293 3783 3650 3839 an‘erentiltns

2056 3884 2756 3958 panem,etsdvesperam
2812 3886 3138 3937 carneszet
3190 3877 3475 3933 Manietmi
3536 3888 3647 3930 non

2060 3976 2372 4048 intelligunt
2390 3977 2446 4031 in
2473 3974 2582 4029 illis
2608 3973 2763 4028 libris
2786 3971 3093 4035 Christum,
3128 3971 3217 4025 cui
3243 3966 3649 4039 quodammodo

2068 4069 2296 4127 salutem
2345 4077 2591 4124 nostram
2614 4066 2903 4132 esurienti,
2962 4062 3292 4120 conﬂictum
3330 4069 3650 4130 peccatores

2076 4162 2095 4203 ε
2128 4162 2254 4218 ﬁdei
2284 4160 2557 4233 primitias
2575 4158 2967 4231 splritns‘nunc
3005 4155 3291 4219 habentes,
3324 4153 3378 4208 in
3414 4152 3525 4207 line
3558 4167 3644 4205 au-

2058 4264 2195 4322 tem,
2227 4253 2378 4309 velut
2412 4253 2481 4309 ad
2504 4260 2787 4323 vcsperam
2816 4248 2998 4306 saeculi
3041 4248 3207 4304 etiam
3251 4246 3437 4302 carnis
3467 4260 3642 4300 resur-

2060 4348 2387 4413 rectionem,
2439 4343 2847 4416 pereipientes?
2878 4360 2897 4396 ι
2951 4349 3132 4412 potest
3180 4349 3235 4395 et
3284 4353 3380 4410 per
3429 4353 3647 4409 panem,

2062 4449 2119 4498 et
2155 4454 2397 4504 carnem,
2454 4453 2591 4511 quas
2650 4451 2829 4503 mane,
2878 4444 2935 4493 et
2987 4449 3214 4506 vespere
3269 4434 3421 4490 corvi
3476 4432 3648 4489 Helias

370 4518 562 4581 “uale”
589 4529 689 4571 nec
713 4512 821 4570 una
841 4510 1077 4568 aecum"
1093 4509 1302 4603 [piem
1364 4523 1474 4603 “(in
1500 4507 1723 4603 "‘P‘c“
1748 4507 1817 4563 ad
1982 4524 2037 4584 Ῑ)
2061 4533 2279 4600 παθη-ε,
2323 4507 2604 4602 Scriptura
2641 4530 2980 4603 pronuntiat,
3027 4524 3251 4599 intelligi
3304 4527 3363 4581 in
3415 4526 3650 4596 panibus

365 4608 489 4679 jura
516 4617 743 4671 natum,
784 4620 893 4663 non
930 4601 1217 4673 parvulum
1257 4602 1358 4657 sub
1384 4600 1534 4657 sicco
1574 4600 1742 4656 ubere
1768 4598 1961 4654 matris

372 4701 760 4757 exhalantem:
804 4709 997 4753 senum
1048 4709 1115 4750 ac
1151 4693 1411 4763 iuvenum
1458 4690 1724 4763 profunda
1768 4690 1960 4745 inediae

374 4807 506 4848 nece
539 4790 703 4855 fessa,
738 4803 848 4844 non
882 4785 998 4858 jam
1027 4798 1281 4856 corpora,
1315 4782 1411 4838 sed
1451 4782 1716 4837 cadavera
1742 4779 1960 4835 turbido

375 4884 617 4955 prmterit
637 4881 810 4946 vultu,
840 4894 948 4935 non
972 4876 1223 4936 exoranti
1256 4873 1468 4940 colono,
1499 4889 1607 4930 non
1637 4872 1957 4946 supplicanti

376 4975 667 5047 reSpondet
698 4970 946 5043 agricolis
978 4987 991 5024 :
1034 4968 1130 5024 sed
1175 4965 1449 5024 crudelior
1485 4965 1640 5032 leris,
1682 4975 1739 5021 et
1784 4964 1961 5020 bellus

377 5069 604 5126 effectus
643 5063 950 5130 immanior,
986 5060 1287 5117 humanum
1313 5073 1477 5116 omne
1502 5057 1736 5128 despicit
1769 5071 1960 5128 genus.

448 5185 518 5240 Et
555 5183 755 5254 [munt
789 5186 867 5234 est
908 5174 1118 5232 verbum
1161 5170 1376 5229 Domini
1411 5170 1485 5226 ad
1524 5169 1735 5226 Heliam
1778 5170 1964 5226 dicens

452 5309 477 5336 ι
515 5293 765 5349 Domum.

452 5366 481 5405 ι’
521 5360 722 5417 Perdit.

418 5444 421 5447 ‘
454 5444 479 5473 ι
517 5416 652 5488 Haec
681 5429 850 5486 habes
888 5434 957 5496 tu
985 5423 1226 5496 Paterio,
1265 5423 1357 5496 qui
1397 5422 1514 5496 haec
1551 5416 1849 5495 desumpsit
1891 5437 1959 5478 ex

387 5504 507 5560 libr.
533 5517 608 5554 χι.
633 5498 913 5553 Moralium
932 5495 1179 5569 Gregorii
1202 5492 1386 5569 [nigrm
1405 5492 1517 5567 49].

453 5571 482 5612 d
522 5570 616 5624 Est
659 5569 715 5622 in
753 5562 1069 5637 exemplare
1110 5562 1225 5619 τοί
1260 5562 1520 5637 Christui,
1571 5577 1712 5634 quae,
1737 5574 1963 5632 prorsus

389 5642 713 5721 inepta-est:
749 5633 1014 5721 Deinceps
1035 5649 1166 5721 vero
1192 5641 1304 5696 aut,
1324 5633 1521 5721 talique
1551 5633 1840 5721 exparte,
1868 5644 1965 5685 ex-

388 5699 609 5776 scripsit
630 5711 866 5758 veterem
888 5699 1297 5776 translationem
1324 5699 1558 5776 honiiliaz
1578 5699 1964 5776 glriyspstomo

393 5770 637 5843 tribune,
686 5785 912 5843 qumque
959 5770 1153 5841 legitur
1197 5770 1253 5824 in
1297 5771 1533 5828 editione
1582 5770 1966 5828 Montlauconii

2061 4639 2225 4696 opera
2270 4622 2510 4693 pietatis,
2556 4636 2677 4692 qua:
2709 4621 2765 4675 in
2806 4619 3132 4691 peregrinis,
3181 4626 3237 4673 et
3256 4612 3646 4686 indigentibus.

2064 4715 2165 4771 sibi
2213 4722 2444 4770 testatus
2480 4723 2580 4768 ’est
2622 4712 2882 4768 Dominus
2929 4709 3048 4765 dari
3103 4707 3321 4781 (Matth.
3371 4723 3429 4771 ι,
3462 4706 3541 4778 4).
3590 4707 3645 4760 ln

2063 4805 2319 4860 carnibus
2335 4805 2522 4858 autem
2551 4800 2836 4873 castigatio
2869 4798 3218 4871 intelligenda
3248 4806 3333 4853 est
3376 4798 3643 4867 corporis,

2064 4897 2180 4952 sive
2216 4895 2516 4957 cruciatus,
2567 4908 2703 4964 quos
2724 4907 2849 4981 pro,
2867 4891 3053 4947 divino
3110 4904 3319 4952 amore,
3357 4887 3444 4943 vel
3473 4888 3642 4951 cultu,
3694 4885 3706 4896 '

2063 4987 2239 5042 sancti
2280 5000 2470 5040 omnes
2514 4984 2616 5040 sibi
2664 4978 2936 5048 intulisse,
2996 4979 3081 5036 vel
3128 4995 3158 5034 a
3205 4978 3644 5049 perSeeutoriltus

2064 5077 2351 5149 pertulisse
2379 5093 2551 5141 mane,
2579 5085 2629 5130 et
2663 5092 2891 5146 vespere,
2920 5075 2975 5130 id
3001 5079 3085 5130 est
3130 5074 3229 5129 sub
3255 5073 3428 5128 veteri
3474 5079 3643 5127 testa-

2064 5176 2263 5232 mento,
2292 5174 2349 5223 et
2376 5165 2690 5239 evangeliea
2722 5164 3131 5236 pradicatione,
3159 5164 3431 5235 leguntur.

2062 5297 2186 5352 pag.
2215 5279 2338 5352 730,
2368 5287 2425 5334 et
2448 5294 2591 5352 seq.,
2619 5287 2748 5352 tom.
2778 5276 2851 5343 H,
2890 5288 2947 5352 et
2980 5276 3293 5352 inscribitur
3330 5277 3388 5330 in
3424 5273 3636 5352 Petrus!

2063 5345 2400 5421 Idp'ostolum,
2442 5358 2491 5421 et
2528 5345 2587 5421 in
2624 5345 3232 5421 Heliam__l’_ropltetam,
3270 5356 3372 5421 aut
3413 5346 3483 5401 ad
3517 5357 3633 5401 eam

2232 5419 2491 5544 limis:
2528 5417 2807 5475 Claudius.
2836 5417 2972 5473 Vide
2990 5415 2997 5417 ἡ
3015 5431 3168 5472 num.
3202 5415 3240 5472 2
3268 5415 3445 5481 illius,
3474 5427 3638 5485 quam

2609 5565 2796 5641 nota-ta
2817 5556 3121 5641 desumpsit
3135 5557 3406 5641 _(:.laudius
3423 5566 3630 5641 θίξιν.

2063 5628 2133 5682 3t
2178 5629 2273 5683 lib.
2310 5626 2396 5683 xui
2432 5637 2619 5683 contra
2666 5628 2947 5691 Faustum,
2988 5626 3044 5684 et
3081 5629 3285 5686 Isidoro
3331 5642 3451 5694 cap.
3493 5626 3527 5681 8
3576 5626 3635 5677 in

2066 5694 2131 5758 Ill
2166 5699 2301 5768 Reg.
2343 5698 2396 5752 id
2423 5699 2600 5768 ipsum
2628 5699 2897 5754 tradente.

2146 5769 2165 5809 ί
2192 5768 2358 5836 Edit.,
2377 5768 2568 5840 ﬁdem.
2640 5803 2649 5811 ο
