3904 6174
358 307 468 370 ’149

997 319 1459 390 ΩΗᾸΣΞΤΙΟΝΕΞ
1499 327 1642 382 XXX
1685 327 1910 386 SUPER

2031 327 2198 390 BROS
2241 336 2502 395 REGUM.
2543 370 2613 381 -—
2648 340 2852 396 LIBER
2891 341 2981 397 IV.

3514 347 3620 405 750

424 423 580 498 (Cap.
602 431 804 496 ΜΠ,
823 431 875 497 8,
903 443 953 490 ct
981 437 1210 510 subseq.)
1235 440 1528 512 Postquam
1556 459 1688 500 vero
1712 445 1944 501 exsicca-
1971 447 2019 506 Α
2048 451 2274 518 con/ide,
2329 453 2502 522 inquit
2530 495 2544 518 ,
2594 464 2642 508 et
2701 453 2787 523 [ac
2840 455 3123 509 secundum
3170 457 3373 512 verbum
3427 480 3621 524 meum.

357 523 551 607 tusest
585 526 814 586 torrens,
848 524 1048 582 dicitur
1071 527 1236 586 Heliae
1263 548 1294 586 a
1329 533 1560 589 Domino
1606 552 1618 588 :
1652 534 1837 607 Surge,
1892 548 1940 592 et

354 605 484 697 vade
507 607 562 697 in
589 607 868 680 Sareptant
893 613 1252 685 Sidoniorttm,
1277 629 1324 675 et
1341 624 1572 678 manebis
1597 625 1703 678 ibi:
1722 605 1942 697 prisce/ti

351 695 491 749 enim
509 696 582 750 ibi
595 699 804 756 mulieri
817 703 1005 770 vidum,
1021 715 1075 759 ut
1088 717 1266 777 pascat
1283 717 1352 763 te.
1373 709 1636 781 Surrexit,
1658 725 1705 768 ct
1726 715 1855 768 abiit
1886 695 1940 769 iu

350 785 899 865 Sareptam.Cumque
914 799 1128 853 venisset
1146 800 1214 854 ad
1247 811 1452 872 portam
1485 805 1732 871 civitatis,
1774 824 1939 878 appa-

350 881 458 934 ruit
470 883 519 935 ei
535 885 725 938 mulier
735 888 892 941 vidua
908 890 1154 962 colligens
1169 892 1333 964 ligna,
1347 904 1396 948 et
1409 899 1605 951 vocavit
1619 915 1732 952 eam
1749 916 1766 952 :
1787 901 1942 954 dixit-

349 975 507 1042 queei
518 987 537 1024 :
553 976 622 1028 da
638 977 766 1029 mihi
778 979 1032 1047 paxillum
1046 999 1197 1053 aquae
1210 985 1264 1039 in
1279 1002 1416 1052 vase,
1433 997 1488 1041 ut
1502 988 1688 1043 bibam.
1707 987 1940 1060 Cumque

349 1069 444 1124 illa
473 1082 726 1142 pergeret,
755 1082 810 1127 ut
861 1076 1093 1145 a/ferret,
1140 1077 1384 1135 clamavit
1428 1092 1542 1153 post
1587 1094 1788 1155 tergum
1823 1087 1938 1156 ejus

346 1163 563 1218 dicens:
596 1165 732 1235 a/Ter
774 1166 901 1220 mihi
947 1179 996 1224 et
1046 1170 1331 1226 buccellam
1381 1176 1564 1244 panis,
1605 1177 1836 1243 obsecro,
1883 1179 1938 1233 in

349 1267 660 1322 manutua;
694 1275 812 1329 qua:
864 1263 1168 1332 respondit:
1195 1265 1315 1319 vivit
1340 1265 1594 1321 Dominus
1626 1267 1766 1323 Deus
1790 1280 1934 1336 tuus,

345 1351 473 1425 quia
499 1366 602 1403 non
624 1350 788 1404 habeo
813 1369 1021 1422 panem,
1050 1355 1150 1417 nisi
1195 1366 1448 1426 quantum
1491 1359 1722 1429 pugillus
1747 1377 1934 1430 capere

344 1449 513 1513 potest
535 1441 730 1511 farina:
756 1441 810 1496 in
839 1443 1052 1513 hydria,
1077 1453 1124 1499 et
1147 1446 1443 1516 pauxillum
1485 1448 1586 1502 olei
1616 1449 1670 1502 in
1710 1448 1930 1518 lecytlto.

346 1530 431 1584 En
459 1529 650 1601 colligo
679 1531 786 1585 duo
821 1531 986 1602 ligna,
1017 1542 1076 1587 ut
1131 1535 1421 1605 ingrediar,
1472 1546 1520 1591 et
1569 1537 1765 1607 faciam
1799 1537 1933 1593 illud

346 1624 475 1678 mihi
507 1633 556 1678 et
587 1623 700 1692 ﬁlio
729 1639 865 1688 meo,
895 1633 950 1677 ut
992 1626 1349 1691 comedamus,
1397 1637 1448 1680 et
1479 1628 1789 1683 mariamur.
1851 1629 1932 1683 Ad

344 1733 502 1788 quam
530 1715 712 1771 Helias
744 1717 843 1783 ait,
876 1717 982 1772 noli
1011 1719 1190 1772 timere
1215 1735 1234 1773 :
1275 1719 1366 1773 sed
1400 1720 1550 1786 vade,
1578 1729 1626 1775 et
1679 1720 1764 1790 [ac
1795 1721 1930 1775 sicut

2048 540 2154 595 Sed
2180 542 2328 612 prius
2360 544 2446 613 [ac
2480 544 2606 597 mihi
2635 544 2754 598 inde
2775 545 3197 612 subcinericium,
3232 548 3328 601 tibi
3357 562 3552 618 autem,
3575 565 3622 608 et

2043 635 2156 703 ﬁlio
2182 645 2272 690 tuo
2297 637 2458 706 facies
2492 648 2692 708 postea.
2719 648 2741 678 ο
2770 638 2814 694 0
2843 639 3185 714 magniﬁcum
3213 641 3458 700 mulieris
3504 647 3625 702 ani-

2044 729 2223 784 mum!
2258 729 2302 784 0
2325 729 2568 784 mirabile
2584 731 2778 785 mentis
2801 732 3158 802 propositum.
3189 732 3233 789 O
3249 750 3372 802 vere
3397 753 3623 794 venera-

2042 819 2147 872 bile
2172 835 2270 890 per
2298 820 2552 875 smculum
2582 821 2816 875 factum!
2854 830 3040 892 potum
3090 824 3246 893 petit,
3282 841 3408 880 mox
3440 827 3618 883 otl‘ert.

2043 911 2108 965 Et
2133 913 2275 982 quod
2305 914 2519 984 regibus
2546 913 2772 970 forsitan
2819 913 2935 984 jam
2988 917 3194 984 deerat,
3236 922 3379 990 quod
3427 923 3622 979 divites

2041 1017 2148 1056 non
2177 1003 2470 1071 habebant,
2504 1005 2607 1060 hoc
2641 1005 2797 1060 vidua
2843 1022 2910 1062 ex
2963 1008 3290 1065 abundantia
3340 1017 3617 1085 erogabat.

2038 1092 2220 1149 Poscit
2239 1111 2430 1166 panem
2459 1096 2528 1150 ab
2559 1113 2643 1162 ea,
2673 1112 2793 1167 qua:
2821 1113 2942 1153 cum
2971 1099 3079 1154 lilio
3101 1109 3221 1155 erat
3265 1103 3353 1158 die
3404 1113 3622 1174 postero

2041 1185 2320 1239 moritura.
2351 1186 2460 1241 Nec
2483 1187 2681 1242 habere
2710 1203 2768 1243 se
2794 1195 2973 1260 negat,
3001 1205 3158 1259 quem
3184 1192 3383 1249 fatetur
3412 1196 3620 1267 simpli-

2039 1275 2194 1354 citer,
2238 1291 2340 1331 nec
2374 1278 2567 1333 metuit
2618 1279 2850 1350 prodere
2882 1281 3189 1338 veritatem.
3236 1283 3304 1338 Et
3350 1301 3460 1340 non
3510 1296 3618 1343 tam

2036 1365 2352 1434 postulanti,
2412 1383 2574 1438 quam
2641 1371 3040 1440 quodammodo
3089 1373 3350 1445 exigenti,
3402 1392 3618 1434 onmem

2038 1473 2254 1512 causam
2291 1459 2555 1529 panditin
2591 1462 2863 1518 medium:
2918 1466 3277 1534 quantitatem
3322 1469 3520 1535 victus,
3566 1479 3622 1524 et

2037 1561 2316 1602 numerum
2335 1564 2712 1618 personarum,
2736 1561 2798 1608 ut
2822 1553 3089 1624 hospitem
3132 1573 3237 1611 non
3264 1558 3444 1614 minus
3488 1561 3619 1616 velit

2037 1637 2258 1705 habere,
2296 1656 2459 1710 quam
2479 1642 2736 1713 iudicem.
2771 1643 2890 1699 Non
2917 1645 3074 1711 dixit,
3100 1663 3206 1700 non
3237 1663 3457 1717 possum
3475 1648 3617 1705 face-

2035 1745 2097 1785 re
2121 1731 2262 1800 quod
2284 1732 2463 1802 jubes,
2497 1749 2596 1788 nec
2631 1734 2706 1788 ait
2739 1752 2752 1788 ε
2787 1735 3069 1792 considera
3094 1738 3329 1801 viduam,
3356 1755 3461 1795 non
3498 1749 3610 1795 tam

345 1785 544 1862 dixisti.
571 1805 941 1862 Verumtamen
963 1809 1187 1880 primum
1210 1811 1297 1880 {ac
1323 1811 1387 1865 de
1405 1813 1516 1882 ipsa
1547 1785 1781 1882 farinula
1806 1813 1929 1867 sub-
1958 1785 2004 1846 Β
2033 1821 2098 1875 de
2135 1785 2213 1885 se,
2245 1785 2407 1891 quam
2443 1785 2510 1876 de
2541 1823 2650 1878 lilio
2691 1826 3079 1880 tabescentem.
3141 1785 3440 1884 Considera
3487 1848 3613 1904 par-

345 1901 643 1956 cinericium
665 1918 852 1972 partem
872 1901 1170 1972 parvulum,
1195 1913 1241 1958 et
1269 1904 1406 1973 a/fer
1432 1906 1562 1958 mihi
1587 1907 1713 1969 ;tibi
1726 1916 1923 1973 autem,

343 2001 392 2048 et
432 1993 544 2062 [ilio
572 2003 658 2047 tuo
703 1992 866 2061 facies
890 2003 1091 2064 postea.
1142 1993 1272 2050 Htec
1295 2005 1470 2051 autem
1502 1997 1628 2050 dicit
1669 1996 1926 2052 Dominus

344 2085 484 2141 Deus
513 2085 684 2141 Israel
711 2102 728 2140 :
754 2086 945 2156 Itydria
961 2087 1153 2156 farina
1175 2105 1277 2142 non
1305 2089 1532 2159 deﬁciet,
1570 2107 1660 2144 nec
1691 2091 1925 2160 lecytlzus

343 2179 444 2232 olei
471 2179 754 2244 minuetur,
784 2195 946 2250 usque
967 2179 1038 2233 ad
1061 2181 1222 2246 diem,
1252 2199 1355 2252 qua
1383 2182 1604 2236 daturus
1638 2193 1713 2237 est
1740 2184 1927 2237 Domi-

343 2289 441 2327 nus
461 2271 690 2343 pluviam
713 2289 869 2342 super
895 2272 1082 2341 faciem
1112 2282 1284 2326 terrm.
1320 2271 1450 2338 Qum
1500 2274 1646 2338 abiit,
1707 2283 1754 2328 et
1806 2273 1928 2344 fecit

343 2362 491 2427 iuxta
518 2361 727 2415 verbum
763 2359 954 2426 Helice,
1000 2371 1048 2416 et
1078 2362 1300 2416 comedit
1330 2372 1378 2417 et
1419 2365 1543 2434 ipse,
1574 2375 1620 2419 et
1675 2364 1768 2419 illa
1797 2375 1846 2419 et
1899 2378 1925 2408 ι

342 2453 486 2521 ﬁlius
506 2453 642 2520 ejus,
667 2461 715 2505 et
740 2467 805 2505 ea:
843 2451 938 2505 illa
982 2452 1068 2507 die
1111 2452 1302 2522 hydria
1346 2453 1538 2523 farina:
1593 2471 1696 2509 non
1719 2455 1925 2525 defecit,

344 2543 576 2612 lccytltus
598 2542 700 2595 olei
723 2560 825 2597 non
847 2553 922 2598 est
946 2544 1268 2608 imminutus,
1291 2545 1449 2614 juxta
1471 2545 1678 2600 verbum
1694 2546 1926 2614 Domini,

343 2633 483 2704 quod
505 2633 707 2689 locutus
735 2635 917 2704 fuerat
939 2636 994 2692 in
1048 2653 1211 2691 manu
1264 2636 1454 2694 Melite.
1490 2637 1519 2678 δ
1579 2636 1650 2694 Ut
1711 2640 1926 2696 interim

343 2725 764 2797 omittam,quid
798 2727 1127 2785 intrinsecus
1154 2729 1321 2786 lateat
1373 2730 1734 2796 Sacramenti,
1785 2734 1927 2803 quod

341 2816 408 2871 de
431 2824 573 2872 terra
599 2816 768 2874 Israel
801 2821 870 2875 ad
895 2817 1171 2876 Sidoniam
1195 2821 1427 2876 mittitur
1465 2823 1763 2891 regionem,
1786 2825 1928 2880 unde

340 2913 502 2975 caput
529 2907 790 2975 omnium,
813 2916 870 2966 et
889 2924 1053 2966 causa
1087 2911 1356 2967 malorum
1385 2910 1602 2969 Iezabel
1624 2927 1742 2970 orta
1783 2914 1882 2969 luit
1908 2933 1922 2947 ’

2029 1912 2276 1966 vulorum
2298 1913 2546 1979 chorum,
2575 1930 2674 1970 nec
2700 1931 2786 1970 me
2810 1916 2916 1971 illis
2953 1917 3192 1984 auferas,
3239 1934 3339 1976 nec
3388 1930 3615 1978 matrem

2027 2003 2254 2072 patiaris
2286 2013 2436 2058 tanta
2469 2005 2714 2060 orbatam
2743 2007 2896 2075 prole
2949 2008 3270 2080 derelinqui.
3325 2009 3444 2068 Non
3495 2015 3612 2069 ait:

2030 2101 2084 2147 tu
2129 2107 2188 2148 es
2230 2094 2437 2165 utique,
2489 2095 2582 2166 qui
2633 2093 2830 2151 Orbem
2897 2105 3077 2164 terrm,
3135 2099 3295 2156 famis
3345 2105 3615 2160 sententia

2029 2185 2423 2240 condemnasti.
2450 2186 2544 2253 Te,
2586 2201 2746 2243 omne
2781 2189 3062 2244 hominum
3103 2207 3271 2263 genus
3327 2193 3614 2263 irascente,

2029 2273 2276 2343 deperiit.
2304 2275 2508 2330 Deinde
2538 2277 2778 2332 transisti
2819 2279 3050 2347 patriam
3095 2297 3108 2333 :
3141 2288 3344 2336 terram
3397 2298 3614 2338 omnem

2028 2377 2166 2430 pene
2187 2365 2360 2433 gentis
2390 2374 2512 2430 tuae,
2536 2373 2592 2420 et
2614 2367 2945 2436 provinciam
2976 2371 3274 2440 peragrasti
3304 2390 3316 2424 :
3345 2389 3614 2445 nusquam

2029 2450 2268 2520 locuples
2292 2452 2552 2519 obviavit,
2583 2456 2675 2524 qui
2697 2457 3022 2512 esurientem
3045 2460 3368 2529 susciperet,
3397 2472 3453 2518 et
3482 2465 3610 2521 reli—

2030 2550 2178 2597 ceret
2199 2542 2554 2614 jejunante‘m.
2594 2547 2706 2616 Ego
2763 2548 2861 2603 tibi
2917 2549 3030 2605 Sola
3080 2553 3318 2619 occurri,
3370 2563 3464 2610 aut
3506 2572 3614 2628 ego

2024 2632 2140 2704 jam
2175 2633 2287 2688 sola
2327 2636 2586 2701 remansi,
2620 2652 2739 2708 qua:
2784 2647 2981 2708 przetcr
3014 2645 3258 2713 pectmia:
3291 2653 3615 2716 egestatem,

2031 2722 2198 2777 etiam
2224 2723 2364 2778 mole
2388 2724 2663 2798 apprimor
2686 2726 2936 2791 ﬁliorum,
2963 2744 3085 2798 qua:
3119 2740 3326 2786 tantam
3357 2743 3607 2790 natorum

2029 2813 2238 2886 plebem
2268 2813 2424 2888 plaga
2449 2817 2564 2888 ipsa
2592 2819 2767 2889 patior
2797 2821 3122 2891 graviorem.
3176 2822 3324 2880 Exeo
3368 2826 3611 2891 domum,

2030 2921 2136 2960 non
2174 2915 2234 2960 ut
2249 2907 2428 2977 spicas
2457 2908 2726 2980 colligam,
2759 2913 2854 2966 sed
2879 2911 3045 2982 ligna,
3078 2927 3184 2969 non
3221 2923 3281 2968 ut
3304 2917 3610 2973 alimoniam

340 2994 470 3050 illud
497 2996 740 3052 breviter
770 3000 1190 3072 perstringetur,
1243 3003 1385 3071 quod
1410 3004 1589 3074 pergit
1616 3005 1683 3059 ad
1710 3004 1924 3060 viduam
2028 2995 2289 3064 deferam.
2317 3001 2410 3054 θεά
2440 2999 2696 3056 Γοωθηιθ-
2744 3003 2889 3070 QUOS
2946 3005 3168 3078 “inme
3219 3006 3455 3063 liberare
3505 3024 3611 3064 non

339 3088 565 3158 penuria
585 3088 943 3156 laborantem,
976 3099 1030 3146 et
1051 3091 1104 3146 in
1122 3091 1237 3163 ipso
1265 3094 1411 3159 vim,
1441 3095 1740 3168 mortisque
1792 3112 1923 3152 con-
1951 3151 1993 3169 ﬂ
2029 3103 2269 3159 possum,
2301 3105 2468 3146 conor
2484 3091 2663 3148 saltim
2696 3108 2726 3148 a
2755 3093 2960 3167 frigore
2987 3095 3292 3152 defensare.
3311 3096 3471 3154 Certe
3486 3099 3613 3169 quia

339 3176 469 3234 ﬁnio
510 3181 881 3247 constitutam,
931 3197 1052 3251 quae
1091 3183 1319 3247 exierat,
1346 3192 1406 3238 ut
1440 3184 1582 3256 ligna
1620 3185 1918 3258 colligeret,
1947 3176 1994 3216 υ
2028 3185 2136 3231 lam
2169 3179 2402 3235 crudelis
2431 3195 2508 3246 es.
2535 3188 2595 3235 ιιι
2623 3197 2730 3239 non
2767 3184 3102 3252 εοηδίάθτοε,
3163 3187 3307 3258 (Ιιιοά
3341 3185 3610 3262 iniungas.

341 3279 395 3327 et
418 3279 530 3326 tam
557 3272 681 3337 sibi,
723 3287 886 3343 quam
918 3273 1160 3343 parvulis
1213 3283 1513 3330 extremam
1560 3276 1735 3331 vietus
1795 3277 1922 3330 sub-
2022 3267 2117 3323 ἱηο
2137 3283 2266 3324 sane
2292 3280 2578 3326 οοηιθηιιιε
2598 3287 2718 3327 0880
2750 3273 3035 3341 debueras,
3067 3284 3127 3330 ιιι
3173 3277 3459 3333 "(illiscum
3504 3294 3572 3348 Ρίι
3593 3313 3608 3322 -

338 3361 598 3418 stantiam
647 3371 990 3432 procuraret.
1040 3363 1114 3420 At
1165 3364 1348 3422 Helias
1394 3365 1584 3422 videns
1631 3367 1916 3423 mulierem
2023 3359 2160 3414 rilcl’
2195 3359 2386 3414 6681⁸0⁸
2418 3361 2562 3430 (μιοά
2614 3363 2895 3429 minans":
2930 3364 3190 3437 νειρτὶυε
3238 3368 3447 3424 Sineres
3484 3383 3610 3439 1³³1⁸·

338 3451 589 3523 squalore
632 3451 960 3519 confectam,
989 3469 1098 3510 nun
1137 3463 1405 3521 movetur,
1457 3472 1563 3512 non
1597 3466 1918 3525 cunctatur,

2031 3449 2178 3504 vulos
2223 3450 2440 3518 satiari;
2494 3459 2620 3508 tunc
2665 3453 2760 3508 tibi
2808 3455 2956 3525 quod
3003 3458 3375 3525 remansisset,
3404 3459 3608 3524 otl'erri,

339 3556 446 3598 non
478 3550 695 3598 revocat
713 3545 926 3613 pedem,
957 3546 1050 3601 sed
1077 3545 1272 3615 ingerit
1299 3562 1378 3612 se,
1401 3555 1458 3604 et
1494 3549 1785 3617 immergit,
1830 3549 1918 3604 lit-
2021 3543 2115 3597 sed
2141 3542 2486 3612 singulariter
2504 3544 2602 3599 tibi
2630 3547 2883 3618 praecipis
2911 3546 3028 3603 ﬁeri
3055 3549 3208 3604 cibos
3227 3591 3241 3614 ,
3265 3559 3322 3604 et
3369 3567 3474 3605 non
3519 3567 3610 3607 so-

337 3647 445 3704 que
473 3635 522 3689 ei
543 3634 657 3704 ipse
676 3637 893 3704 gravior
919 3635 1098 3692 fame:
1127 3644 1183 3693 et
1218 3639 1350 3694 dicit
1372 3641 1437 3693 ad
1465 3655 1581 3694 eam
1613 3660 1625 3695 :
1667 3641 1748 3696 Da
1791 3645 1920 3697 mihi
2021 3633 2130 3689 lum
2160 3634 2523 3704 singulariter.
2553 3637 2649 3691 sed
2681 3646 2732 3691 te
2768 3638 2850 3692 vis
2869 3639 3122 3708 primitus
3159 3640 3386 3695 satiari:
3449 3641 3598 3697 nulla

337 3737 525 3794 parum
549 3741 719 3796 aquae,
743 3735 801 3780 ut
825 3727 1014 3781 bibam.
1043 3726 1110 3793 0,
1137 3729 1183 3783 si
1209 3729 1328 3795 tibi,
1352 3731 1509 3785 beate
1537 3731 1716 3797 homo,
1758 3734 1921 3788 vidua
2023 3736 2075 3780 te
2102 3726 2424 3782 miserorum
2449 3729 2700 3782 convenit
2725 3744 2871 3793 cura,
2906 3743 3007 3783 nec
3035 3730 3148 3800 ipsa
3185 3738 3392 3786 natura:
3417 3732 3608 3806 religio

340 3815 753 3887 respondisset:
785 3819 1012 3890 etjusta
1058 3826 1112 3874 ιθ
1163 3833 1301 3874 voce
1351 3821 1617 3891 repellens
1666 3823 1917 3879 diceret:
2025 3816 2354 3884 interpellat.
2404 3815 2672 3882 Parvulis,
2719 3826 2775 3873 et
2819 3820 3146 3876 lactentibus
3186 3830 3490 3877 extremum
3538 3826 3607 3880 de

340 3904 482 3973 Quid
510 3907 651 3976 petis
680 3923 710 3962 a
759 3923 867 3974 me,
926 3910 1070 3979 quod
1122 3911 1372 3965 omnibus
1431 3911 1736 3967 abstulisti?
1781 3913 1920 3980 Quid
2023 3905 2410 3974 ipsisdcntibus
2426 3906 2641 3963 auferre
2663 3909 2744 3964 vis
2765 3909 2944 3965 cibum
2978 3930 2991 3964 :
3022 3911 3117 3966 sed
3141 3911 3230 3965 illa
3261 3913 3455 3968 horum
3473 3916 3605 3971 nihil

337 3997 539 4066 qmeris
569 4013 600 4052 a
628 3999 875 4065 muliere,
905 4000 1047 4070 quod
1072 4001 1271 4056 mundo
1289 4001 1530 4073 negasti?
1554 4003 1667 4058 bzec
1680 4006 1921 4060 omnium

2031 4004 2117 4051 aut
2151 3998 2283 4067 egit,
2335 4007 2427 4052 aut
2477 3999 2640 4066 dixit;
2704 4000 2950 4070 quinimo
3000 4003 3265 4074 intrepida
3308 4006 3500 4073 currit,
3551 4016 3606 4062 et

338 4088 658 4156 necessitas,
713 4097 771 4145 et
832 4091 949 4146 hac
991 4093 1242 4161 penuria,
1303 4094 1416 4148 oris
1466 4095 1544 4150 tui
1601 4098 1924 4154 auctoritate

335 4182 552 4250 prolata
580 4189 681 4237 est.
719 4183 835 4253 Ego
857 4200 888 4238 a
914 4193 968 4239 te
1006 4185 1179 4240 debeo
1209 4185 1435 4251 satiari;
1489 4194 1542 4240 et
1567 4194 1623 4241 tu
1673 4188 1828 4243 venis
1855 4191 1922 4244 ad

336 4272 463 4326 me?
499 4269 608 4327 Sed
638 4273 782 4327 nulla
827 4275 1023 4329 horum
1054 4275 1266 4342 mulier,
1311 4290 1411 4332 nec
1452 4277 1635 4344 corde,
1687 4293 1789 4335 nec
1827 4296 1924 4336 ore

338 4376 436 4415 usa
465 4376 716 4417 sermone
742 4371 844 4418 est.
878 4363 998 4420 Mox
1044 4365 1238 4421 devota
1281 4382 1459 4432 mens,
1488 4375 1545 4422 et
1597 4371 1922 4440 evangelicae

2023 4089 2286 4158 imperata
2315 4099 2672 4148 consummat.
2709 4093 2837 4149 Erat
2861 4094 2917 4149 in
2959 4094 3049 4150 illo
3099 4103 3342 4166 tempore
3390 4108 3602 4168 specta-

2023 4182 2200 4236 culum
2231 4181 2435 4253 angelis
2475 4183 2888 4255 hominibusque
2936 4187 3304 4256 gratissimum
3337 4206 3351 4243 :
3402 4188 3426 4228 ι’
3455 4192 3599 4259 quod

2023 4272 2164 4328 inter
2195 4283 2402 4345 gentes,
2435 4275 2564 4329 etin
2589 4284 2732 4331 terra
2755 4277 3003 4347 profana,
3039 4278 3198 4333 vidua
3258 4281 3454 4337 mulier
3483 4281 3597 4352 jam

2027 4373 2152 4422 tunc
2175 4375 2318 4422 esset
2347 4366 2454 4422 lilia
2481 4367 2732 4435 Abraha,
2772 4371 2942 4425 multo
2969 4371 3290 4441 hospitalior
3342 4374 3458 4444 ipso
3507 4389 3605 4444 pa-

337 4466 445 4506 non
474 4452 694 4523 indigna
736 4454 1024 4519 mercedis,
1078 4455 1289 4526 frigidae
1346 4459 1598 4527 poculum
1645 4463 2194 4554 propheL'eDl'eMe.
2217 4457 2388 4511 multo
2407 4458 2704 4554 humanior
2722 4459 2844 4554 fidei
2894 4460 3316 4554 genitorechn.
3349 4479 3500 4527 mu,
3543 4461 3602 4524 2.

339 4542 517 4597 defert
539 4543 762 4599 sitienti.
788 4544 951 4598 Addit
971 4560 1184 4614 quoque
1234 4547 1446 4614 Helias,
1477 4558 1530 4604 et
1557 4551 1726 4605 dicit:
1776 4542 1992 4620 λίπετ’
2023 4548 2189 4618 ete.).
2232 4549 2364 4603 Erat
2416 4549 2632 4618 quidem
2679 4549 2953 4604 Abraham
3009 4553 3330 4621 hospitalis,
3372 4562 3426 4609 ct
3475 4567 3604 4625 erga

337 4633 467 4685 mihi
489 4634 644 4687 etiam
675 4635 826 4705 panis
872 4635 1156 4688 buccellam
1184 4637 1239 4690 in
1285 4654 1465 4695 manu.
1507 4639 1578 4694 At
1601 4641 1690 4695 illa
1729 4659 1743 4695 :
1783 4641 1922 4697 Vicit

337 4723 596 4780 Dominus
637 4725 776 4780 Deus
813 4735 956 4791 tuus,
980 4727 1025 4778 si
1077 4735 1153 4779 est
1193 4728 1322 4780 mihi
1367 4731 1544 4798 panis,
1581 4733 1684 4784 nisi
1732 4749 1921 4786 manus

335 4811 490 4881 ple-na
521 4813 713 4883 [arium
737 4816 795 4868 in
822 4815 1033 4885 hydria.
1065 4813 1148 4868 Ea
1178 4813 1366 4885 colligo
1401 4819 1510 4870 duo
1531 4817 1698 4888 ligna,
1724 4828 1782 4872 ut
1835 4822 1919 4874 irt-

333 4902 568 4970 gradiar,
597 4914 646 4958 et
677 4904 869 4974 faciam
888 4903 1024 4959 illud
1064 4905 1212 4971 milii,
1250 4915 1297 4959 et
1321 4905 1434 4976 ﬁlio
1469 4924 1601 4972 meo,
1635 4912 1919 4964 ctmandu-

333 4993 592 5061 subimus,
636 5005 685 5050 et
737 4997 1045 5052 moriemur.
1071 4997 1200 5053 εδεξά
1230 4999 1396 5069 quid?
1417 4998 1498 5055 Ad
1531 4999 1646 5056 haec
1693 5001 1907 5058 Helias:

405 5181 435 5211 ι
467 5168 666 5239 Domus
692 5169 829 5239 ejus.

409 5239 438 5279 δ
466 5238 922 5313 suspicor'multa
958 5254 1025 5295 ex
1053 5241 1358 5312 Augustino
1392 5243 1459 5298 ad
1488 5243 1646 5313 huius
1682 5245 1786 5301 loci
1816 5262 1908 5300 es-

337 5307 681 5385 plicationem
714 5322 989 5385 resumpta
1011 5307 1168 5385 esse}
1201 5313 1294 5368 sed
1340 5313 1516 5385 locum
1556 5307 1717 5385 quem
1774 5316 1912 5370 indi-

340 5393 479 5452 cem,
507 5379 743 5452 nondum
766 5379 963 5450 reperi.
995 5380 1078 5435 An
1118 5396 1421 5438 sermonem
1452 5379 1682 5452 aliquem
1717 5399 1912 5438 consu-

341 5447 444 5504 luit
497 5446 783 5514 Claudius,
822 5446 931 5520 quo
963 5465 1108 5506 nunc
1157 5446 1781 5509 destituimurt'ludieet
1835 5454 1911 5507 le-

340 5529 479 5574 ctor.

415 5600 436 5628 ε
475 5588 603 5662 Qua:
619 5599 937 5662 sequuntur,
971 5604 1250 5662 compares
1270 5599 1397 5662 opto
1430 5608 1552 5648 eum
1574 5608 1830 5662 “numero
1875 5592 1912 5646 3

341 5658 500 5730 illius
530 5658 761 5730 humilia:
787 5676 908 5730 quae
951 5662 1006 5714 in
1057 5659 1164 5730 SS.
1201 5658 1418 5717 Petrum
1467 5674 1516 5716 et
1562 5661 1774 5718 Heliam
1831 5663 1912 5716 in-

2022 4639 2336 4707 peregrinos
2360 4653 2553 4709 magno
2592 4641 2840 4695 detentus
2886 4639 3102 4706 affectu,
3159 4644 3251 4697 sed
3294 4652 3415 4698 erat
3476 4659 3604 4698 vere

2022 4731 2266 4800 opulens,
2299 4739 2418 4784 erat
2442 4731 2614 4798 dives,
2641 4734 2831 4787 aderat
2851 4733 2898 4785 ei
2927 4731 3241 4801 possequod
3272 4733 3454 4797 vellet,
3474 4734 3599 4802 quia

2025 4823 2201 4876 minor
2227 4829 2349 4876 erat
2375 4822 2604 4886 animus,
2634 4838 2797 4894 quam
2832 4819 3080 4887 facultas,
3112 4836 3214 4878 nec
3256 4837 3448 4877 sensus
3484 4823 3604 4875 aui-

2027 4930 2170 4969 mum
2193 4915 2508 4983 superabat;
2537 4916 2652 4970 haec
2678 4929 2828 4980 vero,
2853 4930 2972 4984 qum
3009 4930 3116 4970 non
3147 4915 3320 4970 solum
3372 4916 3599 4978 marito;

2025 5007 2119 5061 sed
2174 5013 2230 5059 et
2254 5005 2597 5059 facultatibus
2651 5007 2894 5070 viduata,
2950 5021 3054 5060 non
3109 5006 3283 5060 solum
3331 5005 3602 5060 natalibus

2017 5184 2103 5230 est
2130 5191 2159 5229 a
2195 5173 2594 5230 Montfaueonio
2618 5191 2740 5246 pag.
2801 5175 2906 5231 729
2957 5177 3086 5231 tomi
3123 5176 3184 5229 ll.
3247 5175 3406 5232 Plura
3453 5177 3598 5233 enim

2019 5247 2304 5316 desumpta
2326 5262 2389 5300 ex
2424 5262 2487 5300 ea
2516 5257 2661 5309 sunt,
2687 5246 2782 5316 sed
2837 5261 2960 5302 cum
2997 5247 3173 5316 aliqua
3221 5248 3532 5304 diversitate
3580 5267 3596 5303 :

2018 5332 2082 5370 ex
2112 5315 2228 5384 qua
2254 5317 2471 5384 quidem
2497 5331 2577 5375 re.
2603 5315 2802 5384 liquido
2831 5325 3062 5379 constat,
3098 5315 3209 5384 jam
3238 5319 3433 5374 dudum
3467 5319 3599 5373 fuis—

2017 5401 2075 5440 se
2099 5400 2218 5440 eam
2249 5386 2523 5439 homiliam
2549 5385 2815 5439 latinitate
2851 5385 3128 5448 donatam,
3155 5395 3208 5439 et
3253 5387 3481 5441 fortasse
3542 5389 3598 5443 in

2016 5469 2202 5509 earum
2242 5469 2470 5508 numero
2497 5468 2638 5520 esse,
2662 5471 2800 5525 quas
2845 5455 3185 5511 transtuliss.-
3212 5458 3595 5513 ('Zassiudorum

2016 5525 2292 5579 discimus.

2081 5594 2108 5634 ἀ
2139 5594 2534 5665 Subsequentia
2557 5593 2671 5665 fere
2701 5595 3024 5665 omgnia,sed
3051 5609 3174 5665 cum,
3198 5594 3376 5665 aliqua
3414 5596 3599 5652 diver-

2011 5663 2172 5719 sitate
2196 5679 2265 5719 ex
2295 5664 2514 5718 homilia
2543 5665 2598 5719 in
2627 5663 2729 5721 SS.
2775 5663 2986 5724 Petrum
3029 5674 3076 5722 et
3127 5663 3338 5721 lleliain
3376 5665 3434 5722 in
3472 5680 3590 5724 rem

343 5729 622 5801 scribitur,
653 5738 708 5786 et
746 5729 890 5786 inter
920 5730 1081 5788 dubia
1117 5729 1485 5804 Chrysostomi
1519 5748 1684 5804 opera
1732 5733 1911 5803 posita
2010 5730 2165 5788 suam
2191 5733 2760 5794 transtulitClaudius.

3229 5911 3288 5918 __._
3313 5905 3351 5916 ,Α
3403 5889 3476 5913 -ἐο-
