3904 6174
402 227 500 286 75!

399 344 604 409 tenuis,
633 342 728 399 sed
753 351 807 398 et
833 341 1089 414 temporis
1136 340 1274 408 malo
1308 344 1623 407 constricta,
1664 346 1730 398 acl
1777 354 1985 400 tantam

401 433 694 488 devenerat
713 439 1105 503 paupertatem,
1137 441 1193 485 ut
1226 433 1279 486 in
1309 433 1471 487 domo
1499 435 1652 500 nihil,
1689 436 1789 492 nisi
1840 437 1984 505 quod

401 534 623 596 augeret
653 524 868 588 famem,
914 520 1439 594 possiderepotcrat,
1480 527 1830 596 parvulorum
1867 536 1985 583 tur-

403 621 467 673 ba
519 621 629 691 ipsa
692 617 869 675 inedia
929 617 1148 689 gravior
1194 627 1298 685 est,
1352 620 1447 675 sed
1494 620 1548 676 in
1602 620 1687 675 bis
1734 623 1987 677 omnibus

400 692 558 762 malis
576 706 813 762 liberalis
834 707 1070 775 animus,
1114 717 1170 764 et
1219 725 1376 765 mens
1424 710 1620 767 devota
1670 713 1983 781 prtestabat.

398 802 597 875 Pergit,
623 811 679 859 et
708 812 768 857 ut
789 812 1125 880 praeceperat
1144 804 1306 861 homo
1329 805 1447 875 Dci,
1476 805 1708 865 ﬁdeliter
1727 809 1984 879 complet,

397 892 622 963 suscipit
645 893 1088 975 Prophetam,et
1109 897 1323 967 recipit.
1351 897 1470 964 Quo
1496 913 1628 969 ergo
1654 913 1768 965 ore,
1792 900 1989 968 quibus

395 984 620 1040 vocibus
659 983 800 1040 hanc
833 983 1086 1040 feminam
1117 985 1365 1043 laudem?
1400 1008 1418 1039 α
1445 988 1585 1042 Nihil
1619 990 1750 1045 mihi
1767 990 1986 1059 dignum

395 1072 656 1137 occurrit,
681 1072 823 1143 quod
853 1080 1013 1155 tanta:
1028 1074 1247 1130 virtutis
1270 1077 1509 1137 animum
1540 1076 1988 1149 valeatcxrequa-

398 1185 475 1223 re.
506 1164 801 1222 Considera
825 1168 993 1232 enim,
1024 1169 1479 1238 quemadmodum
1501 1171 1683 1227 studio
1733 1171 1983 1226 humani-

399 1260 525 1314 tatis
554 1274 767 1313 onmem
799 1257 923 1314 inde
949 1259 1196 1332 despexit
1219 1261 1483 1318 naturalis
1505 1259 1759 1328 allectus,
1788 1278 1896 1318 non
1919 1261 1987 1319 de

398 1366 477 1416 se,
505 1365 610 1405 non
659 1346 726 1403 de
749 1349 989 1419 parvulis
1021 1368 1033 1402 :
1064 1349 1199 1405 nihil
1253 1365 1426 1411 canta
1464 1351 1661 1407 mentis
1709 1353 1988 1423 proposito

400 1440 761 1506 revocaverit,
788 1456 889 1495 nec
909 1441 1115 1510 proprii
1132 1458 1294 1499 sexus
1322 1442 1633 1510 inﬁrmitas,
1661 1458 1763 1500 nec
1788 1454 1988 1503 mater-

398 1552 465 1590 na
491 1551 621 1606 erga
656 1533 911 1606 parvulos
962 1519 1175 1590 viscera
1224 1535 1463 1606 pietatis.
1519 1526 1732 1592 Occidit
1780 1544 1989 1592 naturae

405 1625 579 1681 ofﬁcia
614 1625 1001 1697 hospitalitatis
1029 1625 1247 1691 intuitu,
1278 1635 1334 1680 et
1357 1625 1581 1682 effectus
1633 1634 1718 1682 est
1760 1627 1989 1685 devotus

400 1736 528 1791 erga
553 1721 820 1789 hospitem
864 1722 1061 1776 matris
1117 1721 1352 1791 animus,
1426 1719 1662 1777 ﬁliorum
1690 1732 1714 1761 ιι
1768 1721 1989 1777 crudele

400 1811 730 1882 sepulcrum.
762 1809 1035 1878 Quantum
1051 1811 1197 1865 enim
1220 1811 1288 1865 ad
1309 1810 1458 1869 illam
1513 1819 1739 1881 spectat,
1788 1811 1988 1867 mortui

404 1911 530 1977 sunt
566 1892 796 1972 parvuli,
853 1909 908 1956 et
961 1901 1241 1972 genitricis
1291 1901 1689 1971 quodammodo
1740 1901 1990 1957 manibus

401 1993 935 2064 strangulati,atque
957 1993 1154 2064 sepulti
1209 1991 1485 2060 Quantum
1536 2001 1719 2049 autem
1767 1994 1836 2048 ad
1893 1991 1988 2049 Dei

399 2080 845 2149 misericordiam,
871 2098 976 2137 non
1005 2083 1202 2140 mortui
1230 2090 1357 2139 sunt
1377 2097 1525 2148 vere,
1548 2098 1652 2139 nec
1694 2082 1856 2150 fame,
1903 2083 1989 2139 vel

400 2174 576 2230 inedia
615 2173 921 2247 consumpti
973 2175 1147 2246 :quia
1202 2175 1303 2231 soli
1349 2174 1565 2232 caeteris
1610 2174 1987 2246 pereuntibus,

398 2265 808 2321 convaluerunt.
867 2264 1165 2325 Confestim
1202 2265 1536 2336 siquidem,
1601 2274 1657 2322 et
1719 2265 1988 2336 Propheta

401 2365 604 2411 tantam
629 2355 788 2435 ﬁdem
824 2355 1005 2412 divina
1050 2356 1300 2413 mercede
1340 2371 1697 2414 remunerans
1748 2357 1865 2412 ait:
1905 2355 1991 2413 Vi-

399 2452 469 2504 ri:
496 2448 778 2515 Dominus,
799 2451 922 2521 quia
947 2450 1135 2520 hydria
1169 2448 1361 2521 farina:
1382 2459 1489 2505 tua:
1522 2466 1636 2504 non
1679 2449 1903 2521 deﬁciet,
1937 2459 1988 2504 et

400 2558 489 2595 ras
518 2540 618 2596 olei
639 2558 741 2597 non
763 2540 1123 2597 imminuetur.
1155 2538 1321 2596 Facta
1345 2548 1431 2596 est
1468 2541 1638 2612 igitur
1684 2555 1878 2599 manus
1904 2541 1988 2596 vi-

400 2630 519 2687 dua:
545 2645 787 2702 perenne
813 2629 1072 2696 torcular,
1099 2638 1154 2685 et
1181 2630 1324 2686 mola
1373 2628 1577 2702 iugiter
1605 2629 1876 2687 fundens:
1922 2632 1991 2687 Et

405 2723 539 2793 quid
602 2723 725 2779 dico
773 2722 1021 2778 mulieris
1073 2723 1326 2777 manum?
1373 2722 1432 2778 ln
1484 2722 1651 2780 verbo
1703 2723 1989 2794 Prophetas

403 2823 515 2869 tota
540 2815 731 2872 domus
761 2815 935 2870 viduae
962 2815 1178 2885 piorum
1217 2814 1500 2872 cellarium
1529 2815 1670 2873 facta
1714 2825 1819 2883 est,
1879 2832 1987 2873 non

403 2907 475 2963 ibi
517 2922 626 2974 ros,
661 2923 768 2962 non
792 2906 993 2977 pluvia,
1031 2919 1138 2961 non
1164 2906 1311 2963 veris
1341 2921 1493 2972 aura,
1515 2922 1625 2962 non
1639 2907 1798 2965 calidi
1818 2907 1984 2974 soles,

404 3014 508 3053 non
539 2998 754 3057 nimbus
783 2996 1143 3075 necessarius,
1182 3011 1286 3052 non
1310 3006 1581 3063 aratrum,
1597 3013 1703 3053 non
1727 2998 1985 3069 agricola,

404 3089 779 3154 non'colonus,
807 3087 903 3144 sed
931 3087 1134 3153 omnia,
1166 3095 1222 3142 et
1244 3086 1297 3142 in
1329 3086 1584 3143 omnibus
1629 3102 1810 3149 sermo
1854 3088 1989 3149 Pro,-

402 3183 579 3252 pheta:
607 3179 809 3234 affatim
861 3179 1039 3233 viduae.
1068 3177 1453 3233 ministrabat.
1490 3197 1510 3230 ι
1563 3177 1857 3235 Sciendum
1906 3187 1987 3234 ta-

404 3286 529 3339 men
554 3270 698 3342 quod
737 3269 791 3324 in
840 3267 984 3323 LXX.
1020 3267 1408 3337 interpretibus
1456 3269 1570 3325 tunc
1624 3269 1819 3333 vidua,
1877 3284 1983 3325 non

404 3344 574 3425 unum
602 3369 810 3418 tantum
849 3360 1038 3424 ﬁlium,
1071 3360 1165 3417 sed
1180 3359 1365 3430 plures
1383 3358 1638 3415 habuisse
1665 3368 1933 3414 narratur.
1955 3359 1983 3399 δ

406 3434 596 3519 ltlulier
630 3468 777 3516 vero,
810 3467 931 3525 qua:
962 3449 1127 3506 fuisse
1149 3449 1205 3504 iu
1240 3448 1764 3522 Sareptascribitur,
1800 3449 1985 3505 Eccle-

404 3548 499 3603 sire
534 3555 716 3617 typum
742 3542 1013 3615 gestabat,
1042 3556 1165 3612 quae
1212 3555 1241 3594 a
1295 3553 1394 3595 suo
1448 3538 1673 3595 diutius.
1707 3539 1987 3599 conditore

404 3640 646 3702 deserta,
675 3635 928 3708 populum
959 3641 1124 3691 recta:
1152 3631 1278 3687 fidei
1308 3629 1559 3707 nescivit,
1587 3633 1743 3702 quasi
1778 3648 1987 3704 paupe-

408 3748 519 3787 rem
575 3745 743 3801 egena
795 3728 934 3797 stipe
992 3724 1289 3788 nutriebat,
1317 3722 1373 3777 id
1401 3730 1487 3777 est
1534 3722 1705 3779 verbo
1748 3721 1983 3779 fructum

403 3831 686 3895 expertem
707 3817 956 3878 docebit.
988 3817 1163 3872 donec
1186 3814 1467 3871 adveniret
1496 3827 1677 3870 sermo
1709 3813 1989 3884 propheti-

404 3931 521 3978 cus,
550 3912 641 3983 qui
672 3925 738 3967 ex
759 3911 963 3966 siccato
999 3907 1196 3964 vellere
1231 3905 1464 3971 lsraelis,
1521 3912 1583 3958 ut
1611 3914 1739 3977 pote
1801 3904 1986 3960 clausa

404 4004 526 4060 coeli
555 4002 744 4071 ianua,
773 3999 912 4055 fame
931 3996 1340 4067 periclitabatur
1380 3994 1436 4049 in
1465 3991 1690 4049 Judaea:
1745 4008 1865 4062 quae
1916 3992 1988 4048 ob

407 4100 511 4153 hoc
547 4095 693 4151 dicta
717 4102 801 4148 est
831 4092 1010 4156 vidua,
1042 4089 1170 4158 quia
1192 4096 1251 4141 ut
1278 4095 1404 4156 pote
1438 4085 1680 4156 gentilis,
1714 4100 1815 4149 nec
1859 4085 1991 4140 dunt

408 4188 586 4242 fuerat
611 4184 794 4240 divino
823 4181 989 4237 cultui
1020 4177 1348 4247 mancipata,
1376 4191 1481 4233 nec
1505 4190 1675 4247 sacrae
1712 4174 1846 4247 legis
1891 4176 1987 4253 ba-

406 4277 570 4335 bebat
596 4273 875 4336 notitiam;
910 4270 1140 4339 Sarepta
1161 4278 1343 4324 autem
1372 4268 1591 4333 civitas,
1637 4283 1759 4340 qua:
1814 4267 1984 4325 inter-

407 4376 657 4444 pretatur
688 4384 700 4420 :
737 4365 1033 4421 incendium
1072 4364 1186 4423 sive
1214 4363 1490 4419 tribulatio
1514 4365 1689 4435 panis,
1719 4364 1802 4420 vel
1835 4366 1987 4438 panis

407 4462 672 4537 angustia,
695 4474 934 4533 praesens
957 4457 1305 4530 accipiendos
1330 4465 1418 4512 est
1474 4454 1724 4523 Mundus,
1770 4457 1824 4527 in
1880 4474 1989 4528 quo

407 4554 716 4625 incendium
748 4553 995 4623 pessimm
1024 4549 1320 4621 conflagrat
1346 4550 1696 4619 cupiditatis:
1714 4549 1804 4604 ubi
1827 4550 1989 4605 rebus

406 4646 758 4717 supervacuis
784 4641 1133 4714 adquirendis
1155 4643 1309 4711 quasi
1351 4642 1655 4713 aucupandi
1708 4656 1839 4697 cura
1886 4642 1989 4696 im-

405 4737 760 4809 pendebatur.
795 4733 898 4789 Ubi
923 4733 1055 4788 dirae
1089 4732 1402 4800 cupiditatis
1433 4731 1985 4802 incendium,.panis-

406 4845 513 4903 que
537 4826 835 4899 spiritualis
877 4833 1034 4879 antea
1084 4820 1251 4878 ﬁebat
1298 4825 1571 4892 angustia.
1607 4821 1768 4892 Ergo,
1812 4832 1879 4889 ut
1919 4824 1985 4880 de

406 4922 559 4985 llelia
590 4918 871 4988 Scriptura
898 4915 1224 4986 pronuntiat
1242 4954 1260 4980 ,
1284 4914 1544 4968 Dominus
1571 4922 1759 4970 noster
1786 4916 1854 4971 ad
1887 4930 1985 4970 na-

408 5015 614 5068 tionum
645 5008 943 5064 Ecclesiam
990 5003 1233 5071 veniens,
1293 5011 1349 5058 et
1391 5018 1511 5057 eam
1555 5011 1709 5058 extra
1772 5013 2017 5074 portam.

405 5105 662 5170 civitatis,
691 5101 926 5173 patrium
950 5097 1205 5154 videlicet
1231 5095 1480 5152 inolitum
1534 5111 1779 5152 errorem
1828 5106 1988 5166 repe-

408 5199 575 5262 riens,
597 5210 705 5250 non
733 5206 853 5249 eam
896 5188 1085 5259 signis,
1114 5194 1172 5242 et
1210 5185 1569 5249 mirabilibus,
1627 5185 1987 5256 maximisque
2039 5212 2043 5216 -

407 5287 693 5358 portentis,
720 5290 784 5341 ut
819 5279 1008 5339 Israeli
1056 5277 1278 5343 fecerat,
1330 5276 1400 5330 ad
1437 5273 1843 5347 confessionem
1903 5275 1986 5332 sui

480 5401 646 5456 gnate
666 5400 833 5455 habet
853 5392 1227 5456 interpretatio
1249 5388 1658 5446 Montfanconii.
1671 5387 1859 5443 Videre
1873 5398 1986 5442 erat

408 5474 607 5527 riscera
633 5469 882 5539 projecta,
898 5476 946 5539 et
967 5456 1281 5539 Prophetam
1296 5470 1591 5537 susceptum
1613 5475 1636 5539 :_
1650 5468 1813 5539 totum
1845 5456 1989 5539 ﬁlio-

411 5547 528 5594 nm’t
542 5529 748 5593 turbauit
762 5529 1057 5601 sepulcrum
1069 5529 1240 5601 effecit
1253 5548 1273 5595 ;
1286 5529 1542 5601 quatiunt
1552 5530 1693 5601 enim
1704 5529 1805 5598 fuit
1819 5529 1989 5601 vidua

413 5552 528 5594 rtm't
542 5552 748 5593 turbam
762 5552 1057 5655 sepulcrum
1069 5552 1240 5601 enecet
1253 5552 1273 5595 ,'
1286 5552 1542 5601 quantum
1552 5552 1693 5583 cm
1704 5552 1802 5598 "ut
1819 5552 1989 5583 "aut:

413 5612 469 5663 in
484 5626 538 5680 pr
549 5609 772 5678 uposito,
794 5605 822 5680 i_
836 5604 875 5655 li
901 5604 1095 5655 mortui
1129 5608 1274 5680 sunt,
1311 5599 1404 5655 sed
1426 5598 1525 5653 Dei
1548 5598 1861 5680 benignitate
1880 5598 1993 5680 fite-

412 5668 654 5744 tuinest,
694 5683 748 5729 ut
774 5673 1018 5736 viverent,
1048 5681 1094 5724 et
1123 5668 1409 5724 incolumes
1440 5679 1628 5723 essent.
1672 5668 1677 5669 ⁷
1746 5682 1827 5690 πο
1932 5679 1941 5691 .

1472 234 1746 290 CLAUDII
1788 233 2251 301 TAUNNENSIS
2289 233 2593 290 EPlSCOPl

2014 3048 2058 3111 C

3527 241 3609 295 πθ

2015 348 2062 407 Λ
2092 343 2326 398 nominis
2350 343 2686 414 provocavit,
2736 345 2829 397 sed
2861 344 3022 398 verbo
3063 344 3230 400 eidem
3284 352 3615 405 tantummodo

2090 433 2376 502 imperavit
2404 434 2591 490 dicens
2631 434 2754 488 :Da
2774 434 2902 488 mihi
2933 435 3216 503 pauxillum
3252 439 3470 506 aque-is
3495 456 3615 504 sane,

2090 534 2146 579 ut
2169 524 2360 590 bibam,
2385 536 2432 579 et
2458 526 2747 611 buccef‘lattt
2766 528 2921 597 panis
2949 527 3015 585 in.
3026 542 3183 581 manu
3210 538 3318 582 tua.
3342 530 3480 600 Aqua
3496 534 3619 589 enim

2091 614 2143 668 in
2177 628 2325 679 vase,
2354 614 2488 669 ﬁdes
2518 616 2831 686 accipienda
2858 624 2944 671 est
2978 616 3158 671 cordis
3208 617 3376 689 (Rom.
3423 635 3475 685 ι,
3525 622 3618 691 l0),

2087 723 2190 775 qua
2218 701 2453 761 creditur
2474 709 2544 762 ad
2565 708 2853 778 justitiam.
2904 708 3206 764 Buccellam
3234 726 3360 765 vero
3398 713 3538 783 panis
3577 716 3620 770 in

2089 813 2271 861 manu,
2298 798 2682 853 misericordia:
2705 811 2791 853 est
2818 798 3224 868 intelligendum
3236 815 3383 868 opus,
3398 818 3498 871 quo
3511 803 3621 860 ﬁles

2089 897 2147 943 et
2168 904 2331 959 opera
2360 889 2578 947 vinculo
2607 890 2712 945 sibi
2742 891 2975 959 quodam
3024 890 3370 946 indissoluhili
3425 908 3622 949 connec-

2090 990 2296 1036 tuntur.
2327 982 2431 1039 Ubi
2475 983 2620 1041 enim
2652 997 2758 1037 una
2784 981 3064 1049 defecerit,
3113 981 3282 1037 altera
3310 985 3510 1053 penitus
3547 1001 3622 1039 ne-

2089 1087 2361 1142 quaquam
2390 1075 2574 1129 stabit.
2609 1074 2765 1141 Quod
2789 1081 2963 1130 antea
2980 1073 3217 1130 Jacohus
3238 1074 3315 1128 ait
3335 1074 3618 1145 Apostolus:

2089 1164 2174 1235 (tt,
2198 1163 2291 1235 26)
2314 1164 2445 1233 ﬁdes
2473 1166 2586 1221 sine
2623 1165 2862 1237 operibus
2892 1175 3102 1219 mortua
3138 1175 3235 1219 est.
3263 1165 3330 1221 Et
3355 1182 3505 1235 opera
3528 1170 3623 1224 sine

2090 1252 2212 1320 ﬁde,
2238 1254 2418 1309 inania
2451 1254 2770 1321 rcdlnntur,
2802 1264 2858 1311 et
2884 1254 3107 1313 frivola.
3136 1256 3375 1312 Ecclesia
3420 1274 3536 1329 ergo
3581 1262 3620 1314 in

2090 1353 2215 1415 typo
2243 1345 2387 1401 illius
2417 1346 2663 1401 mulieris
2684 1347 2879 1412 viduae,
2902 1345 3059 1415 juxta
3088 1347 3299 1404 Domini
3337 1360 3621 1419 pneceptunt

2087 1436 2159 1491 ad
2184 1435 2513 1493 afferendum
2539 1437 2716 1492 eidem
2750 1452 2947 1507 aquam
2987 1438 3284 1509 pergendo.
3322 1439 3623 1507 quodammo-

2089 1528 2157 1583 do
2193 1527 2351 1583 ﬁdem
2396 1528 2479 1583 sui
2517 1528 2699 1584 cordis
2738 1536 3109 1598 prteparatam
3132 1530 3367 1585 ostendit
3415 1530 3621 1587 Domino.

2024 1682 2031 1685 _
2089 1618 2290 1674 Panem
2353 1618 2455 1681 sibi
2519 1619 2807 1676 conﬁtetur
2855 1621 3084 1675 necdum
3148 1619 3346 1685 fuisse,
3402 1621 3623 1692 condigna

2017 1699 2062 1759 Β
2091 1710 2344 1769 videlicet
2373 1725 2541 1781 opera
2583 1710 2780 1768 divina:
2839 1711 3094 1787 culturae,
3145 1712 3241 1767 sed
3296 1712 3537 1767 modicum
3579 1728 3623 1769 se

2089 1811 2322 1869 testatur
2348 1804 2554 1858 habere
2580 1802 2774 1858 farinae
2799 1804 2852 1858 in
2897 1803 3202 1874 hydria,,et
3244 1803 3499 1874 paululum
3541 1804 3621 1858 olei

2088 1891 2142 1945 in
2176 1890 2408 1962 lccytho.
2441 1889 2706 1960 Pugillum
2760 1889 2951 1948 farina:
3001 1892 3057 1946 in
3114 1892 3327 1964 hydria,
3369 1892 3622 1955 naturalem

2090 1982 2293 2037 indicat
2322 1982 2514 2052 legem,
2544 1997 2663 2054 qum
2692 1983 2873 2040 divina
2904 1982 3198 2054 largitione
3238 1984 3473 2039 humana:
3495 1994 3619 2038 natu-

2090 2088 2163 2128 rae
2215 2072 2376 2127 insita
2426 2080 2531 2138 est,
2591 2089 2689 2143 per
2728 2088 2890 2144 quam
2942 2073 3278 2129 discernitur
3324 2073 3523 2139 bonum,
3558 2072 3622 2128 vel

2088 2163 2310 2229 malum,
2344 2171 2419 2230 et,
2454 2165 2671 2235 utquod
2704 2165 2807 2220 sibi
2858 2164 3151 2235 quisquam
3207 2164 3320 2221 ﬁeri
3374 2180 3470 2220 non
3517 2164 3620 2233 vult,

2087 2256 2112 2296 ἀ
2143 2257 2233 2312 alii
2265 2256 2379 2312 ullo
2407 2265 2652 2330 tempore
2674 2272 2780 2314 non
2806 2258 2990 2314 faciat.
3022 2259 3321 2319 Paululum.
3340 2275 3457 2315 vero
3478 2260 3561 2314 olei
3581 2261 3620 2313 in

2087 2352 2320 2425 lccytho,
2358 2352 2700 2408 rationabilis
2723 2353 3071 2422 accipiendas
3097 2363 3187 2410 est
3215 2354 3513 2416 intellectus,
3548 2368 3621 2422 per

2087 2459 2250 2515 quem
2280 2453 2526 2500 creatura
2550 2442 2802 2515 intelligit
2835 2453 3178 2510 creatorem,
3209 2453 3263 2500 et
3290 2446 3389 2515 piis
3413 2443 3621 2514 operitus

2087 2537 2260 2592 cidem
2290 2536 2343 2607 pl
2364 2551 2505 2591 icere
2532 2537 2761 2593 studet-2
2794 2552 2914 2607 qua:
2937 2537 3148 2593 idcirco
3186 2539 3322 2593 dixit
3350 2556 3365 2592 :
3393 2553 3445 2593 se
3470 2550 3620 2607 parum

2088 2625 2310 2692 habere,
2364 2627 2489 2697 quia
2530 2628 2760 2682 necdum
2804 2641 2904 2698 per
2954 2627 3233 2698 baptismi
3266 2626 3623 2682 Sacramentum

2089 2717 2383 2787 spiritualis
2406 2717 2594 2787 gratia:
2614 2724 2901 2787 acceperat
2925 2716 3128 2773 donum
3143 2757 3156 2770 .
3183 2717 3259 2772 ibi
3275 2728 3442 2773 tamen
3461 2716 3624 2779 farina,

2088 2807 2400 2879 oleumque,
2418 2822 2513 2864 ore
2530 2808 2848 2879 prophetico
2860 2807 3105 2865 benedici
3114 2818 3215 2863 Lur
3240 2826 3254 2863 :
3278 2806 3328 2863 id
3345 2814 3423 2862 est
3438 2805 3629 2868 fructus,

2087 2905 2143 2953 et
2168 2897 2415 2975 hilaritas
2446 2898 2890 2964 charitatis,sive
2923 2898 3098 2969 gratia
3120 2899 3374 2970 corporis
3399 2896 3624 2957 dominici.

2090 2998 2145 3046 ct
2180 2989 2493 3047 chrismatis
2519 2991 2703 3047 unctio
2731 2989 3059 3046 indefectivo
3086 2991 3266 3046 verbo
3292 2988 3508 3046 etniestis
3528 3001 3621 3041 nino

2090 3094 2220 3135 nere
2266 3078 2612 3137 fecundatur.
2668 3077 2834 3148 Cujus
2887 3080 3166 3134 hactenus
3206 3080 3264 3135 in
3314 3079 3446 3134 vasis
3484 3076 3624 3131 oleum

2088 3177 2265 3248 gaudii
2296 3175 2611 3247 spiritualis,
2634 3184 2690 3231 et
2710 3175 3103 3231 benedictionis
3126 3175 3310 3231 farina
3332 3189 3429 3229 non
3450 3169 3624 3232 defecit,

2088 3267 2327 3332 caeteris,
2365 3282 2487 3337 qua:
2532 3281 2640 3323 non
2671 3266 2916 3329 credunt,
2964 3264 3247 3337 gentibus,
3283 3264 3450 3334 inopia
3503 3261 3626 3332 panis

2088 3358 2289 3423 divini,
2322 3366 2376 3412 et
2411 3358 2631 3431 venatui
2675 3357 2874 3415 deditis
2903 3357 3101 3412 inutili.
3132 3357 3293 3425 Quod
3342 3363 3504 3410 autem
3548 3351 3622 3413 ait,

2087 3450 2195 3527 duo
2220 3466 2278 3503 se
2304 3448 2446 3519 ligna
2477 3447 2748 3519 colligere,
2786 3463 2855 3504 ex
2908 3447 3104 3517 quibus
3168 3449 3427 3505 modicum
3475 3442 3623 3499 farina:

2086 3550 2345 3613 coqueret
2374 3540 2517 3612 quod
2536 3539 2790 3608 habebat,
2820 3549 3010 3611 etcum
3043 3540 3176 3599 ﬁliis
3225 3541 3335 3597 suis
3358 3535 3621 3597 comedens,

2089 3635 2278 3690 mortis
2290 3631 2403 3702 jam
2425 3632 2651 3688 exitium
2666 3639 3036 3702 exspectaret,
3063 3632 3139 3689 ita
3167 3631 3518 3703 accipieadum
3532 3632 3622 3680 est:

2088 3727 2143 3781 in
2166 3726 2377 3781 duobus
2401 3724 2564 3795 lignis
2584 3740 2692 3781 non
2722 3723 2894 3781 solum
2950 3724 3085 3795 ligni
3114 3724 3356 3790 nomine,
3377 3722 3464 3779 sed
3492 3718 3622 3774 etiam

2089 3833 2314 3874 numero
2368 3817 2636 3887 lignorum
2686 3817 2875 3872 crucis
2932 3818 3260 3888 mysterium
3283 3811 3622 3886 prcesignahal;

2089 3924 2187 3978 per
2207 3923 2369 3979 quam
2398 3908 2519 3970 sibi,
2544 3916 2601 3963 et
2622 3906 2745 3965 ﬁliis
2768 3907 2972 3974 suis,id
2986 3915 3077 3962 est
3099 3908 3324 3980 populo,
3344 3901 3623 3976 quiChristo

2090 3999 2265 4055 fuerat
2285 3999 2611 4062 crediturus,
2636 4012 2831 4067 panem
2860 3998 2986 4054 vita:
3013 4009 3297 4070 perpetua;
3320 3997 3431 4052 dari
3462 3990 3629 4051 ,οι-θὼρ

2090 4091 2201 4153 bat,
2228 4090 2518 4167 praeteritis
2556 4088 2794 4159 peccatis
2804 4104 2904 4159 per
2929 4089 3212 4145 lavacrum
3229 4081 3619 4162 baptismimori:

2090 4179 2181 4234 illo
2208 4179 2461 4237 videlicet
2490 4193 2712 4256 genere,
2761 4180 2905 4249 quod
2956 4180 3222 4236 Dominus
3275 4181 3329 4235 in
3375 4174 3622 4246 Evangelia

2088 4273 2402 4341 prmdicavit
2445 4272 2553 4345 (Jo.
2583 4287 2675 4338 xx,
2703 4271 2836 4344 29):
2868 4271 3019 4326 Beati
3062 4274 3157 4344 qui
3192 4290 3295 4329 non
3332 4271 3559 4330 uiderant,
3585 4272 3620 4317 tt

2095 4363 2447 4419 crediderunt.
2485 4363 2588 4418 Per
2609 4377 2805 4434 panem
2835 4378 2965 4420 vero
2988 4363 3423 4427 suboinerieium,
3459 4370 3623 4430 paer

2068 4442 2203 4509 [lum
2235 4451 2363 4507 illud
2386 4452 2498 4522 jam
2530 4451 2931 4524 prreﬂgumbat,
2964 4455 3109 4523 quod
3163 4455 3221 4509 in
3279 4453 3485 4509 exordio
3524 4442 3618 4501 fidei

2089 4544 2382 4600 observare
2408 4551 2598 4615 gentes
2625 4559 2722 4613 per
2742 4544 3026 4613 epistolam
3067 4544 3310 4615 Apostoli
3361 4537 3621 4598 decrevisse

2091 4636 2369 4707 leguntur:
2389 4645 2409 4673 ο
2431 4633 2497 4688 Ut
2518 4635 2584 4689 ab
2606 4632 2924 4689 idololatria:
2943 4650 2998 4688 se
3019 4630 3619 4692 tantummodocultsma

2089 4727 2458 4797 fornicatione,
2480 4743 2545 4779 ac
2559 4724 2832 4795 suﬂ‘ocatis
2857 4725 3197 4780 abstinerent.
3223 4722 3504 4783 Ilaecenim,
3522 4729 3619 4786 qua

2090 4818 2314 4877 rudibus
2341 4818 2539 4883 adhuc,
2569 4825 2626 4871 et
2653 4816 2780 4873 feris
2802 4817 3111 4875 hominibus
3130 4818 3202 4875 ab
3223 4814 3481 4885 Apostolis
3513 4823 3619 4863 ωηο

2092 4910 2213 4966 silio
2242 4907 2473 4978 sapienti
2492 4906 2703 4963 indulta
2725 4920 2871 4972 sunt,
2906 4907 2973 4963 ad
2994 4908 3450 4979 eorupuationem
3485 4910 3618 4955 etan-

2091 5002 2279 5072 gelica:
2308 4998 2727 5071 praedicationis,
2753 5000 2820 5054 ad
2847 5013 3010 5069 quam
3038 5000 3373 5071 postmodum
3387 4990 3617 5048 introduc-

2093 5094 2131 5147 ti
2162 5098 2306 5156 sunt,
2333 5089 2490 5145 valde
2519 5090 2758 5160 exigua,
2803 5096 2859 5143 et
2907 5104 3075 5159 parva
3130 5088 3294 5143 fuisse
3340 5080 3611 5139 nocendi"?-

2097 5185 2253 5252 Qu‘od
2275 5171 2466 5235 autem
2479 5179 2556 5233 ait
2577 5174 2590 5230 ὲ
2616 5170 3206 5248 miltiprimitus'facito
3224 5218 3236 5240 ,
3264 5177 3361 5229 hoc
3385 5168 3531 5226 voluit
3560 5160 3631 5229 ad

2093 5282 2278 5332 omnes
2300 5270 2583 5327 credentes
2616 5282 2683 5324 ex
2724 5268 2995 5341 gentibus,
3037 5277 3098 5322 ut
3151 5283 3253 5356 twn
3290 5264 3394 5320 suis
3441 5252 3614 5315 meritis

2161 5389 2191 5430 ιι
2221 5386 2384 5440 Multa
2406 5382 2693 5455 bisaﬁlnia
2729 5382 2902 5455 gocet
2936 5378 3317 5455 Berengaudus
3348 5374 3405 5455 is;
3448 5369 3617 5455 At???

2089 5458 2283 5533 lypsim
2309 5456 2375 5510 ad
2418 5468 2482 5509 ea
2511 5453 2693 5507 verba.
2721 5451 2789 5506 Et
2817 5468 2934 5505 cum
2965 5443 3623 5539 apertiissetsigiliumqusf-

2090 5542 2275 5652 “Tia
2304 5591 2600 5665 exemplari
2621 5600 2706 5648 est
2740 5609 2753 5648 τ
2792 5591 2885 5646 alii
2902 5601 3132 5663 tempore
3149 5602 3265 5645 nos!
3287 5582 3457 5654 [πίστι
