3904 6174
293 297 393 354 757

926 290 1385 363 ρυᾸΞΞΤΙΟΝΕΞ
1424 291 1574 347 XXX
1613 290 1838 349 SUPER
1877 291 1886 347 l

1992 291 2126 350 ROS
2160 292 2428 353 REGUM.
2471 323 2541 335 —-
2578 294 2782 351 LIBER
2821 293 2910 350 IV.

3460 290 3573 355 758

292 418 467 470 minus
504 404 612 484 ipse
637 419 713 467 est
741 410 883 466 Deus
909 424 927 462 :
965 409 1201 480 dixitque
1229 406 1415 463 Helias
1442 407 1511 462 ad
1559 423 1667 475 eos,
1697 423 1884 479 appre-
1910 409 1958 473 Α
1986 407 2255 483 significat
2282 410 2572 480 reprobum
2590 451 2607 476 ,
2648 425 2746 481 per
2773 409 3071 481 pharisaeos
3089 449 3104 475 ,
3145 416 3310 480 atque
3338 412 3565 477 scribas,

292 504 508 559 hendite
529 518 707 557 omnes
742 498 1033 571 Prophetas
1059 498 1304 569 infames,
1335 509 1385 553 et
1419 515 1483 554 ne
1513 515 1650 553 unus
1673 498 1882 571 quidem

290 595 510 667 effugiat
543 592 607 647 de
626 592 753 648 illis.
784 590 931 659 Quos
959 592 1404 663 apprehendentes
1445 592 1694 647 continuo
1726 589 1880 644 duxit

290 703 377 742 eos
416 682 603 740 Helias
630 683 699 738 ad
739 692 1023 738 torrentem
1067 680 1250 749 Cison,
1292 692 1339 738 et
1382 681 1452 736 ibi
1495 697 1583 737 eos
1617 680 1884 736 trucidare

290 776 558 852 pra’cepit.

363 863 836 923 Clementissimus
874 863 1021 920 enim
1045 864 1209 931 Deus,
1240 864 1334 935 qui
1377 879 1486 920 non
1541 861 1885 920 obliviscitur

291 955 567 1020 misereri,
597 969 700 1013 nec
735 953 790 1008 in
822 954 903 1009 ira
916 954 1160 1010 continet
1187 954 1568 1011 miserationes
1588 969 1736 1021 suas,
1757 971 1883 1010 rur-

292 1062 416 1105 sum
443 1047 514 1102 ad
542 1044 797 1101 lsraelem
838 1045 1006 1101 lilium
1048 1062 1205 1101 suum
1241 1046 1491 1119 dignatus
1513 1054 1599 1103 est
1643 1047 1883 1113 mittere,

293 1148 355 1195 ut
376 1138 581 1195 eisdem
616 1136 857 1208 pluviam
898 1136 1223 1207 evangelica:
1250 1137 1655 1208 praedicationis
1681 1136 1885 1193 tribue-

294 1238 399 1283 ret.
437 1228 573 1285 Tres
594 1227 741 1283 enim
771 1226 899 1282 anni
926 1226 1105 1293 famis,
1136 1228 1423 1284 scientiam
1449 1236 1655 1284 sancta:
1705 1226 1887 1284 Trini-

297 1321 427 1376 tatis
457 1319 654 1393 populo
679 1317 1008 1385 Judzeorum,
1041 1319 1125 1375 vel
1157 1320 1210 1375 in
1236 1328 1349 1376 toto
1382 1322 1607 1388 mundo,
1641 1319 1883 1398 defuisse

295 1409 718 1483 praesignabant.
749 1408 937 1466 Achab
966 1426 1119 1479 vero,
1148 1409 1305 1481 cujus
1329 1426 1524 1468 nomen
1555 1411 1884 1485 interpreta-

298 1513 390 1559 tur
417 1501 584 1572 frater
598 1501 787 1572 patris,
814 1515 844 1554 a
866 1516 976 1571 quo
1001 1500 1167 1556 etiam
1212 1501 1308 1557 Dei
1364 1503 1661 1574 prophetas
1694 1503 1887 1585 linter-

1985 516 2079 557 seu
2111 500 2417 568 haereticos,
2446 515 2555 557 non
2592 500 2723 565 Deo,
2759 500 2854 556 sed
2877 498 3098 555 Diabolo
3127 501 3332 556 auctori
3358 512 3569 570 ecrum,

1986 592 2054 647 ab
2101 591 2234 663 ipsis
2300 592 2561 648 oblatum.
2624 591 2986 647 Transactum
3043 591 3286 647 meridici
3335 601 3568 667 tempus,

1984 683 2259 753 vergentis
2287 682 2473 738 mundi
2510 680 2850 753 signiﬁcabat
2894 696 3145 745 cursum,
3192 681 3246 737 in
3293 683 3448 753 cujus
3479 700 3572 739 ve-

1985 789 2200 844 sperum
2248 774 2509 829 Dominus
2552 770 2713 828 Jesus
2762 770 3011 829 Christus
3056 771 3111 826 in
3142 788 3329 828 verum
3366 774 3573 829 sacriti—

1985 867 2150 933 cium,
2177 866 2321 937 quod
2367 866 2483 936 ipse
2515 872 2601 921 est
2621 905 2637 931 ,
2681 879 2740 919 se
2770 863 2943 935 ipsum
2986 862 3133 919 Patri
3159 863 3227 918 ad
3258 863 3569 934 deponcnda

1985 959 2207 1014 humani
2236 957 2454 1032 generis
2477 956 2671 1013 delicta
2693 955 2907 1013 obtulit.
2946 953 3130 1009 Altare
3153 956 3296 1024 quod
3323 955 3389 1008 ab
3422 954 3573 1010 llelia

1985 1061 2231 1109 curatum
2273 1058 2393 1116 est,
2447 1065 2513 1106 ex
2548 1048 2833 1105 duodecim
2874 1046 3141 1118 lapidibus
3183 1055 3570 1113 restauratum,

1987 1144 2200 1202 Sanctae
2242 1142 2525 1199 Trinitatis
2559 1139 2876 1212 accipienda
2920 1146 3005 1195 est
3047 1135 3338 1203 confessio,
3372 1152 3491 1208 qua:
3517 1136 3573 1194 in

1983 1234 2186 1291 Iudaeis
2212 1234 2344 1290 olim
2371 1274 2387 1300 ,
2433 1232 2519 1286 vel
2560 1232 2612 1287 in
2654 1229 2925 1286 hmreticis
2953 1228 3228 1287 destructa
3262 1225 3381 1294 fuit,
3409 1242 3439 1281 a
3463 1224 3570 1281 Do-

1986 1329 2133 1385 mino
2157 1343 2255 1399 per
2277 1325 2560 1397 Apostolos
2585 1325 2638 1379 in
2670 1323 2913 1379 Ecclesia
2943 1322 3235 1378 reformata
3261 1329 3365 1376 est.
3399 1317 3572 1391 Ligna

1986 1436 2138 1485 vero,
2174 1434 2297 1489 quae
2345 1432 2510 1488 super
2535 1416 2725 1473 Altare
2770 1414 3070 1486 composita
3098 1412 3346 1478 fuerant,
3394 1411 3575 1467 crucis

1985 1510 2284 1583 patibulum
2312 1509 2718 1581 prmsignabant
2739 1547 2755 1575 ,
2791 1507 2974 1578 inqua
3002 1506 3332 1563 dominicum
3356 1501 3574 1559 aﬂixum

300 1592 473 1647 lectos
495 1590 816 1662 pronuntiat
846 1588 1148 1659 Scriptura,
1175 1590 1482 1661 principum
1528 1590 1885 1646 Sacerdotum
1980 1612 2072 1659 εει
2097 1617 2296 1671 corpus
2318 1641 2335 1668 ,
2384 1601 2529 1672 quod
2555 1615 2743 1658 verum
2771 1639 2788 1665 ,
2833 1607 2891 1654 et
2928 1596 3257 1686 acceptabile
3296 1595 3403 1652 Deo
3424 1593 3575 1649 Patri

300 1695 489 1757 typum
514 1684 753 1755 gerebat.
770 1680 925 1752 Quod
950 1690 1130 1738 autem
1154 1683 1285 1739 dicit
1307 1683 1492 1740 Achab
1513 1685 1582 1741 ad
1607 1683 1814 1740 Heliam
1832 1696 1881 1737 σε

1986 1689 2091 1747 fuit
2129 1690 2503 1747 holocaustum
2527 1689 2579 1744 ιι.
2624 1687 2867 1757 Quatuor
2905 1685 3109 1758 hydria:
3154 1683 3372 1754 repleta:
3411 1698 3571 1752 aqua,

306 1773 451 1833 Tune
492 1789 545 1828 es
572 1771 685 1839 ille,
708 1773 797 1844 qui
821 1771 1106 1827 conturbas
1143 1771 1316 1827 Israel
1333 1773 1358 1827 ?
1387 1774 1492 1828 hoc
1523 1773 1698 1844 ipsum
1729 1782 1787 1829 et
1819 1773 1886 1829 de
1914 1765 1960 1826 Β
1990 1784 2211 1839 tandem
2242 1796 2469 1837 numero
2494 1779 2870 1854 signiﬁcabant
2909 1775 3199 1849 Eyangeh'a
3224 1817 3239 1842 ,
3286 1775 3342 1830 in
3377 1775 3575 1854 quibus

303 1866 557 1933 Domino,
585 1863 942 1920 Sacerdotum
969 1863 1244 1934 principes
1272 1864 1476 1919 dixisse
1501 1862 1678 1919 Pilato
1705 1864 1890 1935 legun-

306 1968 396 2013 tur
419 1956 568 2029 (Luc.
592 1973 749 2022 χχιιι,
771 1955 826 2029 2)
845 1973 860 2011 :
876 1954 1180 2011 Invenimus
1200 1958 1341 2012 hunc
1366 1955 1742 2012 subvertentem
1763 1973 1887 2028 gm—

303 2056 404 2101 tem
437 2057 687 2101 nostram.
716 2046 816 2101 Hie
839 2047 1006 2113 enim,
1061 2054 1124 2101 ut
1156 2047 1417 2103 Dominus
1443 2046 1523 2103 cis
1548 2046 1746 2117 legitur
1791 2061 1887 2102 ex-

301 2140 615 2213 probrasse,
646 2137 741 2193 [iiii
773 2138 925 2194 fuere
958 2140 1129 2209 patris
1156 2140 1240 2196 sui
1264 2139 1492 2207 diaboli,
1541 2140 1695 2212 cujus
1722 2155 1888 2214 opera

305 2232 483 2286 facere
510 2230 852 2295 studuerunt,
880 2239 943 2285 ut
968 2231 1094 2286 vita:
1121 2247 1235 2287 sua:
1258 2240 1540 2288 auctorem
1567 2233 1886 2309 crucifigen-

303 2325 432 2378 dum
468 2321 634 2393 impie
662 2320 1104 2391 proclamarent:
1145 2320 1246 2376 Vos
1270 2322 1409 2377 enim
1442 2321 1541 2394 (ait
1598 2322 1885 2394 Dominus)

304 2415 488 2487 (Joan.
517 2428 640 2478 vm,
662 2410 754 2484 44)
778 2411 841 2466 de
869 2412 1077 2469 diabolo
1104 2425 1252 2484 patre
1280 2415 1424 2478 estis,
1462 2424 1510 2468 et
1541 2431 1698 2484 opera
1721 2415 1887 2484 patris

307 2501 467 2560 vestri
495 2500 669 2571 facere
706 2499 880 2555 vultis.
918 2496 1010 2556 ille
1038 2502 1183 2556 enim
1207 2495 1476 2557 homicida
1504 2512 1600 2568 est,
1632 2512 1680 2557 et
1705 2503 1888 2558 abini-

306 2594 380 2647 tio
418 2591 646 2646 mendax
667 2588 860 2664 (Epist.
885 2590 974 2646 Jo.
999 2609 1081 2659 ιιι,
1113 2592 1168 2663 8)
1195 2609 1209 2646 :
1242 2603 1290 2646 et
1310 2594 1367 2646 in
1388 2593 1599 2647 veritate
1622 2610 1887 2665 nunquam

305 2682 468 2737 stetit.
498 2680 703 2737 Abdias
729 2690 908 2737 autem
940 2682 1094 2753 cujus
1120 2698 1319 2738 nomen
1350 2683 1746 2753 interpretatur
1783 2702 1888 2739 ser-

302 2788 400 2830 vus
412 2771 646 2840 Domini,
672 2775 764 2845 qui
789 2777 977 2842 etiam,
1000 2790 1065 2833 eo
1091 2787 1356 2848 tempore,
1381 2794 1488 2849 quo
1514 2776 1702 2834 Achab
1748 2778 1886 2835 Pro-

302 2863 498 2934 phetas
527 2865 1382 2940 Dominiprazceperattrucidari,
1413 2880 1632 2925 centum
1646 2869 1888 2942 Prophe-

304 2967 391 3013 tas
420 2959 475 3013 in
512 2960 787 3030 speluncis
813 2962 1112 3029 celaverat,
1153 2963 1357 3018 victum
1411 2963 1616 3018 eisdem
1646 2964 1886 3034 quotidie

301 3046 714 3116 administrans,
745 3048 866 3106 illos
905 3051 1305 3120 quodammodo
1362 3053 1743 3125 prtesignahat,
1791 3055 1884 3124 qui

1988 1873 2243 1943 baptismi
2270 1844 2711 1937 Sacrametitum,
2740 1868 2885 1940 quod
2902 1867 2957 1922 in
2977 1844 3196 1923 nomine
3222 1844 3434 1922 Sancta:
3454 1844 3575 1920 Tri-

1988 1966 2176 2022 nitatis
2201 1966 2378 2031 datur,
2405 1965 2637 2020 habetur
2659 1969 3009 2034 praeceptum.
3047 1958 3193 2031 Ignis
3220 1974 3456 2031 quoque,
3480 1958 3573 2030 qui

1988 2058 2194 2130 lapides
2224 2058 2412 2114 altaris
2436 2098 2453 2124 ,
2505 2064 2560 2112 et
2588 2070 2706 2127 qua
2739 2069 2901 2126 super
2921 2068 3043 2109 eum
3068 2052 3308 2118 fuerant,
3335 2067 3435 2108 nec
3463 2068 3570 2109 nou

1986 2161 2046 2207 et
2065 2166 2263 2220 aquam
2299 2148 2531 2214 voravit,
2578 2146 2841 2203 Sanctum
2881 2144 3244 2217 pmsignabat
3284 2142 3570 2213 Spiritum.

1988 2242 2079 2311 qui
2109 2256 2217 2295 non
2243 2239 2415 2295 solum
2441 2237 2755 2308 Apostolos,
2790 2235 2887 2292 sed
2919 2244 3145 2291 cunctos
3165 2235 3448 2291 credentes
3476 2250 3573 2307 per

1988 2335 2267 2391 lavacrum
2313 2330 2741 2402 regenerationis
2799 2330 2853 2385 in
2902 2326 2998 2384 Dei
3047 2327 3370 2384 sacrificium
3411 2343 3568 2389 assu-

1990 2425 2110 2488 mit,
2132 2430 2189 2477 et
2215 2420 2536 2477 sanctiﬁcat.
2575 2418 2723 2473 Falsi
2748 2431 2878 2472 vero
2901 2415 3186 2487 Propheta:
3205 2456 3220 2481 ,
3252 2415 3344 2485 qui
3373 2415 3442 2471 ab
3467 2414 3572 2469 lle-

1984 2512 2061 2567 lia
2106 2508 2379 2570 interfecti
2410 2509 2709 2580 leguntur,
2764 2508 3007 2562 adversae
3064 2505 3391 2576 accipienda:
3446 2514 3571 2562 sunt

1989 2608 2309 2672 potestates,
2334 2598 2401 2655 de
2423 2597 2621 2668 quibus
2646 2596 2932 2651 Dominum
2967 2595 3023 2650 in
3061 2608 3222 2650 cruce
3257 2595 3574 2665 pronuntia-

1990 2697 2068 2751 vit
2095 2693 2387 2765 Apostolus
2413 2691 2800 2762 triumphasse,
2828 2691 2943 2747 sive
2979 2690 3056 2745 illi
3095 2692 3393 2762 accipiendi
3421 2700 3572 2763 sunt,

1986 2787 2082 2857 qui
2104 2787 2393 2845 adversum
2415 2783 2703 2839 Dominum
2735 2783 2898 2854 impie
2928 2782 3294 2856 proclamasse
3323 2783 3576 2858 leguntur
3646 2838 3653 2849 κ

1989 2879 2208 2949 (Matth.
2236 2894 2411 2943 xxvu,
2437 2875 2532 2951 25)
2564 2895 2577 2932 :
2613 2874 2843 2948 Sanguis
2863 2878 2980 2949 ejus
3000 2894 3158 2950 super
3181 2895 3277 2934 nos
3294 2918 3312 2947 ,
3335 2888 3387 2935 et
3419 2896 3575 2952 super

1987 2971 2126 3042 filios
2153 2979 2377 3027 nostros.
2408 2969 2564 3038 Quod
2589 2968 2777 3039 utique
2807 2969 3143 3039 temporibus
3159 2970 3495 3042 Vespasiani,
3518 2980 3575 3028 et

1993 3061 2102 3123 Τιιὶ
2121 3061 2419 3131 expletum,
2450 3061 2546 3132 qui
2576 3060 2707 3133 legit
2733 3059 3029 3134 Josephum
3058 3062 3572 3136 historiographum,

300 3152 371 3191 ex
411 3138 746 3209 principibus
798 3137 1108 3195 Judmorum
1137 3140 1336 3196 occulti
1379 3142 1626 3212 discipuli
1675 3143 1887 3198 Domini
1912 3147 1962 3211 C
1994 3168 2098 3209 non
2125 3152 2350 3210 habebit
2375 3151 2707 3222 ambiguum.
3184 3175 3191 3181 -

228 3277 249 3285 -
300 3236 462 3282 erant
497 3226 677 3299 (Joan.
710 3244 824 3294 xxx,
856 3230 970 3303 38),
1002 3232 1107 3287 hoc
1133 3241 1219 3288 est
1256 3232 1613 3301 Nicodemus,
1641 3244 1699 3291 et
1728 3244 1889 3292 cuztc-

303 3317 373 3384 ri,
405 3332 541 3387 quos
563 3316 904 3390 Evangelista
934 3322 1269 3392 pronuntiat.
1319 3321 1603 3396 Propheta:
1654 3324 1803 3393 Baal,
1833 3335 1888 3385 et

303 3410 581 3480 prophetae
603 3410 894 3478 Lucorum,
918 3413 1243 3480 scribarum,
1259 3423 1315 3470 et
1343 3415 1744 3474 Pharisreorum
1799 3425 1889 3489 ty-

307 3514 433 3569 pum
451 3499 729 3569 gerebant,
758 3501 849 3571 qui
863 3518 1034 3558 sacrae
1054 3501 1216 3573 Legis
1241 3504 1575 3577 negligentes
1587 3513 1883 3577 praecepta,

305 3590 563 3663 pupulum
607 3595 843 3664 propriis
891 3596 1274 3653 traditionibus
1320 3601 1721 3668 pervertcbant,
1770 3598 1890 3670 qui-

306 3679 411 3737 bus
444 3679 535 3734 Ve
558 3679 798 3736 futurum
822 3684 1083 3740 Dominus
1106 3683 1306 3756 legitur
1360 3687 1698 3756 praedixisse.
1754 3688 1889 3744 Car-

308 3769 483 3829 melus
502 3788 632 3828 vero
648 3789 806 3829 mons
826 3775 918 3844 qui
949 3773 1347 3847 interpretatur
1362 3779 1580 3834 scientia
1615 3782 1890 3837 circumci-

305 3865 489 3929 sienis,
520 3864 723 3920 Christi
763 3865 1147 3939 praetigurahat
1173 3867 1496 3936 Ecclesium,
1524 3868 1579 3925 in
1623 3887 1728 3941 qua
1779 3888 1888 3928 non

303 3956 552 4028 prmputii
576 3958 922 4014 circumcisio
947 3960 1263 4031 accipienda
1308 3961 1396 4027 sit,
1448 3962 1590 4017 scire
1644 3962 1890 4032 praeeipi-

306 4063 435 4102 mur
462 4065 475 4101 :
506 4063 605 4118 per
633 4048 1103 4104 circumcisionem
1126 4050 1272 4105 enim
1304 4051 1572 4122 praeputii,
1609 4051 1793 4107 carnis
1822 4051 1888 4105 li-

301 4137 545 4193 bidinem
575 4137 820 4205 luxuriae,
847 4147 1008 4209 atque
1034 4140 1304 4194 luxuriam
1351 4140 1630 4195 sciendum
1663 4150 1748 4196 est
1795 4141 1888 4196 ab-

302 4229 678 4284 scindendam.
707 4229 815 4287 Per
843 4231 1021 4286 cordis
1062 4245 1196 4286 vero
1243 4230 1732 4297 circumcisionem,
1788 4232 1890 4287 im-

306 4318 522 4374 mundae
551 4320 909 4390 cogitationes
962 4320 1325 4392 intelligenda":
1351 4328 1478 4376 sunt
1524 4323 1885 4392 amputandae.

305 4410 508 4466 Bovem
538 4427 691 4478 vero,
719 4426 880 4483 quem
917 4412 1099 4469 Helias
1125 4413 1454 4469 mactavitin
1490 4413 1886 4478 holocaustum,

2058 3245 2261 3302 Deinde
2282 3245 2515 3303 historia
2535 3245 2800 3316 sequitur,
2822 3253 2881 3300 et
2904 3245 3036 3301 dicit
3069 3260 3085 3276 ·
3122 3256 3146 3285 ο
3183 3245 3428 3301 Ascendit
3462 3242 3576 3301 He-

1988 3332 2090 3393 lius
2124 3335 2182 3391 in
2202 3334 2443 3391 tertium
2469 3333 2702 3391 Carmeli
2722 3374 2740 3401 ,
2787 3343 2836 3392 et
2862 3352 3059 3407 pronus
3100 3336 3155 3391 in
3177 3346 3373 3391 terram
3400 3335 3576 3408 posuit

1984 3423 2177 3494 faciem
2199 3439 2352 3480 suam
2390 3425 2528 3479 inter
2569 3440 2772 3495 genua;
2809 3424 2837 3465 ἀ
2878 3433 2929 3481 et
2961 3425 3214 3499 errorabat
3245 3412 3575 3483 Dominum}

1987 3514 2220 3587 dixitque
2248 3515 2319 3573 ad
2347 3532 2568 3586 puerum
2611 3532 2801 3582 suum,
2843 3517 3097 3583 ascende,
3139 3526 3189 3572 et
3235 3518 3577 3590 circumspice

1987 3613 2169 3659 contra
2196 3620 2342 3658 mare
2365 3613 2560 3676 septem
2587 3605 2803 3661 vicibus.
2839 3604 2992 3671 Quod
3013 3622 3131 3661 cum
3160 3605 3390 3676 fecisset,
3417 3609 3576 3680 septi-

1986 3710 2075 3749 uta
2105 3694 2211 3750 vice
2232 3695 2481 3765 apparuit
2523 3694 2779 3750 nubecula
2820 3711 2986 3766 parva
3033 3696 3185 3767 quasi
3222 3697 3445 3752 hominis
3489 3714 3575 3754 ue-

1987 3785 2200 3854 stigium
2242 3783 2528 3839 ascendens
2570 3783 2635 3840 de
2680 3800 2860 3851 mare,
2917 3793 2967 3838 et
3004 3785 3175 3841 subito
3218 3787 3574 3845 contenebrati
3617 3810 3625 3818 ’

1989 3883 2110 3929 sunt
2131 3873 2265 3940 caeli,
2297 3882 2344 3928 et
2374 3873 2518 3944 facta
2543 3883 2617 3929 est
2641 3873 2822 3944 pluria
2845 3874 3082 3945 grandis.
3113 3873 3267 3943 Quod
3290 3878 3437 3932 enim
3464 3876 3570 3933 He-

1986 3965 2092 4041 lias
2119 3974 2352 4031 exorat,
2402 3974 2464 4020 ut
2488 3965 2672 4036 pluvia
2706 3966 2976 4022 tribuatur
2999 3982 3032 4021 a
3058 3970 3169 4025 Deo
3188 4008 3204 4035 ,
3232 3969 3336 4026 hoc
3359 3985 3574 4042 quoque

1988 4059 2278 4117 Dominum
2307 4057 2506 4114 fecisse
2529 4073 2628 4129 pro
2656 4057 2771 4114 suis
2797 4058 3097 4131 discipulis,
3129 4069 3189 4118 et
3218 4063 3310 4134 qui
3336 4078 3434 4135 per
3453 4080 3575 4122 ver-

1990 4151 2117 4206 lum
2148 4148 2357 4205 illorum
2384 4149 2643 4205 credituri
2670 4157 2848 4220 erant,
2869 4150 3211 4225 Evangelista
3232 4157 3570 4226 pronuntiat.

2063 4239 2367 4295 Misisti-um
2396 4239 2586 4309 Helia,
2614 4241 2701 4297 cui
2717 4239 2929 4311 iussum
2947 4252 3033 4300 est
3058 4245 3416 4317 contemplari
3438 4263 3572 4305 con-

1993 4338 2077 4385 tra
2107 4344 2289 4395 mare,
2337 4332 2584 4388 omnium
2615 4335 3023 4405 prophetarum,
3049 4338 3141 4408 qui
3170 4349 3299 4396 ante
3326 4340 3573 4398 Salvato-

1948 4484 1962 4500 _
1994 4422 2070 4476 ris
2097 4422 2385 4477 adventum
2420 4421 2656 4491 fuerunt,
2691 4434 2877 4497 typum
2920 4438 3163 4500 gestasse
3199 4447 3308 4487 non
3350 4433 3573 4491 dubium

303 4509 470 4570 atque
499 4501 555 4556 in
578 4500 754 4557 frusta
767 4504 1021 4570 concidit,
1034 4513 1191 4560 vetus
1207 4504 1609 4576 intelligendum
1623 4514 1708 4562 est
1723 4515 1888 4562 testa-
1916 4486 1967 4545 D
1990 4518 2095 4576 est,
2122 4511 2319 4583 quibus
2344 4511 2399 4567 in
2421 4486 2651 4584 gratiam
2675 4486 2908 4582 spiritus
2920 4486 3112 4572 gancti
3135 4535 3232 4590 per
3250 4486 3576 4578 ίοωιῖἷιᾶᾇζ

306 4602 571 4659 mentum,
603 4609 671 4649 ex
686 4610 792 4665 quo
805 4596 870 4649 ad
894 4595 1253 4652 confutandas
1275 4595 1897 4671 Iudaicassuperstitio—'

304 4697 426 4748 nes,
454 4697 517 4738 ea
534 4699 655 4755 quae
671 4686 737 4741 de
754 4685 845 4740 illo
861 4687 1064 4759 scripta
1083 4687 1314 4751 fuerant,
1349 4689 1601 4745 multisin
1636 4690 1770 4746 locis
1796 4708 1890 4746 ex-

303 4775 543 4831 cussisse
553 4777 836 4833 Dominum
852 4775 1036 4833 Iesum
1051 4779 1365 4850 evangelica
1380 4781 1761 4850 pranlicatione
1776 4800 1889 4838 ma-

303 4864 563 4932 nifestat,
603 4880 726 4922 eum
765 4868 969 4925 dixisse
1013 4870 1269 4926 scribitur
1304 4869 1519 4944 (Matth.
1568 4890 1696 4942 χιιι,
1741 4874 1831 4948 42)
1870 4895 1883 4930 :

311 4956 434 5012 Non
463 4959 682 5029 legistis,
706 4962 845 5033 quod
866 4961 1066 5017 dictum
1095 4971 1190 5027 est,
1222 4962 1448 5035 lapidem
1472 4982 1623 5037 quem
1649 4968 1892 5038 reproba-

306 5056 488 5100 rernnt
517 5047 864 5117 adiﬁcantes,
895 5051 979 5105 hic
1006 5051 1178 5122 factus
1200 5062 1275 5107 est
1301 5053 1354 5108 in
1379 5064 1535 5124 caput
1570 5056 1751 5126 anguli
1773 5058 1799 5111 ?
1823 5056 1892 5113 Et

307 5138 696 5210 intellexerunt,
728 5143 920 5214 inquit,
950 5147 1157 5212 scribta,
1187 5157 1234 5201 et
1262 5146 1515 5219 pharisa'i
1533 5149 1671 5221 quod
1703 5148 1766 5204 de
1788 5150 1893 5206 illis

306 5232 518 5300 diceret,
542 5242 676 5303 etc.,
703 5250 824 5309 quae
857 5236 909 5291 in
942 5234 1232 5309 Evangelio
1269 5239 1630 5310 reperiuntur.
1694 5239 1891 5295 Bovem

306 5336 438 5381 vero
463 5325 695 5383 alterum
732 5342 762 5382 a
798 5325 947 5383 falsis
993 5327 1274 5401 Prophetis
1313 5330 1543 5385 electum
1570 5373 1583 5396 ,
1637 5332 1890 5405 populum

309 5476 566 5604 aut?
589 5481 791 5604 οιῖιξεει
814 5490 941 5537 sunt
963 5482 1014 5537 in
1028 5483 1290 5553 superiori
1310 5482 1605 5555 Scriptura:
1626 5485 1765 5548 loco.
1784 5489 1878 5544 sed

468 5565 499 5603 n
556 5566 609 5604 v.
711 5591 725 5604 .

468 5565 528 5603 ιιι
556 5566 609 5604 ν.
638 5565 725 5604 Π.

378 5618 409 5659 ιι
452 5618 607 5676 Vers.
636 5618 724 5677 54.
769 5619 987 5694 Implctc
1009 5630 1236 5692 quatuor
1261 5623 1473 5697 ltydrias
1504 5642 1662 5699 aqua.

1988 4617 2112 4671 pus,
2142 4603 2286 4673 quod
2322 4611 2449 4659 ante
2487 4605 2778 4661 adventum
2825 4605 3123 4665 Salvatoris
3148 4612 3459 4681 prarcessit,
3489 4612 3575 4670 in-

1988 4693 2361 4748 carnationem
2402 4694 2548 4750 illius
2585 4696 2895 4766 prmstolare
2931 4698 3116 4755 datum
3146 4709 3248 4757 est.
3296 4700 3574 4762 Nubecula

1990 4800 2157 4854 parva
2182 4825 2198 4851 ,
2237 4800 2356 4856 qua:
2385 4786 2534 4844 velut
2565 4787 2854 4861 vestigium
2896 4790 3130 4847 hominis
3167 4793 3477 4850 ascendisse
3504 4796 3572 4855 de

1993 4877 2126 4930 mari
2173 4878 2519 4944 describitur,
2569 4879 2862 4948 Dominus,
2910 4898 2974 4937 ac
3022 4881 3349 4955 Redemptor
3386 4868 3569 4945 noster

1990 4968 2337 5040 accipiendus
2382 4978 2505 5026 est:
2552 4971 2695 5027 sicut
2738 4973 2885 5031 enim
2937 4975 3222 5046 vestigium
3267 4985 3571 5034 extremum

1992 5060 2235 5132 corporis
2264 5061 2566 5120 membrum
2609 5072 2725 5130 est,
2774 5065 2845 5119 ita
2875 5081 3090 5137 quoque
3122 5068 3384 5129 Dominus
3410 5069 3573 5133 Iesus

1996 5150 2246 5216 humilis,
2280 5160 2336 5205 ct
2372 5167 2607 5222 pamts,
2664 5170 2727 5213 ac
2758 5172 2964 5229 pauper
3004 5162 3058 5214 in
3106 5162 3309 5217 mundo
3336 5164 3573 5221 existere

1994 5241 2184 5307 voluit,
2213 5243 2302 5312 qui
2334 5260 2433 5299 nos
2470 5259 2500 5298 a
2534 5258 2767 5318 peccato
2808 5254 3114 5307 mundarct.
3156 5253 3286 5310 Caeli
3315 5264 3573 5314 contene—

1998 5334 2139 5389 bruti
2183 5344 2341 5399 sunt,
2392 5335 2516 5409 quia
2563 5340 2735 5394 sancti
2770 5341 3151 5413 praedicatores
3196 5346 3362 5404 divini
3410 5347 3573 5405 Verbi

2050 5486 2528 5576 ἐμγῨςξιτξιηηερύ
2576 5508 2697 5576 cum
2728 5495 2907 5575 aliquo
2947 5499 3258 5559 discrimine
3288 5502 3571 5576 \‘ulgatam

1987 5560 2377 5631 intercthanc
2407 5560 2928 5631 interpretationem.

2057 5627 2292 5752 ¢L\'til'l).fl
2328 5631 2439 5685 lum:
2486 5627 2732 5688 exorabat
2770 5636 3074 5708 hominum,
3115 5645 3167 5700 in
3208 5644 3430 5717 Vulgata
3459 5664 3567 5707 non

2059 5714 2083 5752 s
2110 5715 2173 5752 ἰιι
2207 5736 2220 5751 .

1989 5713 2220 5753 οιειειιιι.
