3904 6174
332 305 433 361 75)

1407 291 1685 349 CLAUDII
1721 288 2186 348 TAURINENSIS
2224 289 2539 348 EPISCOPI

3494 290 3596 347 769

330 415 530 473 occulti
585 410 951 470 Sacramentis
999 414 1123 464 sunt
1175 406 1401 477 repleti:
1435 405 1612 478 pluria
1655 404 1797 476 facta
1842 414 1915 460 est
1943 411 1993 471 Α
2023 405 2224 461 tatibus
2267 408 2607 462 servabatur.
2640 426 2658 459 ι
2709 406 2839 462 Post
2883 405 2999 462 haec
3042 405 3290 476 sequitur
3325 424 3339 461 :
3379 402 3599 477 (gms:

320 526 521 580 magna
546 548 561 573 ,
612 505 737 576 quia
782 498 1126 571 evangelicus
1172 499 1349 554 imber
1389 513 1489 568 per
1534 495 1914 567 Apostolorum
2012 494 2336 571 projecitque
2357 517 2433 567 se,
2458 510 2507 554 et
2534 501 2781 554 dormivit
2811 501 2866 553 in
2902 500 3085 554 umbra
3097 500 3356 571 juniperi.
3388 498 3456 553 Et
3482 517 3599 556 ecce
3637 518 3644 529 ’

328 596 767 669 praedicationem
817 591 983 646 totius
1025 591 1214 645 mundi
1256 590 1456 661 rigavit
1488 589 1641 643 flues.
1708 586 1916 643 Currus

327 686 513 744 Achab
538 727 554 752 ,
582 699 743 756 quem
771 682 955 738 Helias
995 681 1256 739 accinctis
1278 680 1475 736 lumbis
1498 679 1745 751 praeibat,
1793 678 1917 732 Dia-

326 778 434 833 boli
462 774 777 846 accipienda
806 780 1050 843 potestas
1091 783 1214 838 est,
1257 772 1344 827 cui
1382 785 1410 825 a
1436 769 1669 826 Domino
1716 769 1915 824 dicitur

329 869 549 943 (Matth.
572 884 646 933 tv,
679 865 807 937 10):
840 864 988 919 Vade
1030 874 1167 919 retro
1226 862 1497 941 Satanas;
1541 878 1646 916 non
1690 860 1913 915 tentabis

325 957 609 1012 Dominum
639 953 805 1009 Deum
832 962 1002 1006 tuum.
1052 948 1113 1005 In
1160 957 1369 1004 tantum
1408 948 1553 1003 enim
1581 945 1789 1001 Diaboli
1816 960 1915 1016 po—

324 1055 497 1104 testas
529 1046 583 1100 in
612 1045 845 1099 adventu
880 1038 1095 1095 Domini
1122 1039 1300 1094 inanis
1330 1037 1560 1102 exstitit,
1587 1043 1644 1091 et
1672 1033 1912 1100 infirma,

325 1146 511 1191 utnec
546 1134 600 1188 in
627 1145 823 1202 porcos
849 1128 1164 1185 dominandi
1194 1126 1421 1182 haberet
1458 1124 1732 1181 licentiam
1760 1142 1779 1177 τ
1807 1123 1914 1179 nisi

323 1228 374 1284 ei
401 1227 595 1284 fuisset
618 1224 966 1297 permissum.

397 1317 550 1391 (Cap.
580 1313 719 1383 ιιι.)
754 1311 1016 1368 Nuntiata
1041 1320 1194 1376 sunt,
1226 1308 1425 1379 inquit,
1454 1305 1672 1362 Iezabel
1703 1314 1911 1370 cuneta,

324 1426 442 1483 qua:
463 1415 695 1480 gesserat
719 1402 926 1470 Helias,
956 1412 1003 1457 et
1028 1400 1468 1474 quemadmodum
1508 1397 1800 1468 Prophetas
1828 1412 1915 1451 oc-

324 1502 533 1558 cidisset
562 1497 756 1553 Bahal.
819 1495 952 1563 Qua:
990 1495 1169 1550 statim
1211 1494 1454 1548 nuntium
1488 1492 1628 1547 misit
1677 1491 1747 1545 ad
1795 1505 1915 1544 eunt

323 1595 503 1649 dicens
523 1606 543 1645 :
571 1591 684 1647 Iure
707 1589 837 1645 mihi
860 1588 1059 1659 faciant
1086 1585 1196 1653 Dii,
1230 1594 1281 1640 et
1301 1585 1412 1639 Itth
1432 1583 1653 1649 addant,
1686 1582 1789 1636 nisi
1814 1581 1915 1635 hac

324 1689 454 1739 hora
477 1698 596 1738 eras
624 1696 817 1752 ponant
847 1677 1080 1732 animam
1109 1685 1256 1730 tuam
1296 1674 1431 1729 sicut
1479 1673 1712 1727 animam
1758 1671 1914 1725 unius

2015 590 2242 662 Angelus
2282 590 2495 645 Domini
2523 591 2688 661 tetigit
2729 607 2849 645 eum
2870 631 2886 656 ,
2926 590 3162 661 dixitque
3190 588 3269 657 ill~
3288 628 3301 641 .
3339 603 3529 659 surge,
3555 599 3604 644 et

2016 682 2245 736 comede.
2284 680 2649 753 Respexitque,
2687 692 2735 735 et
2760 680 2885 736 vidit
2913 678 2987 734 ad
3002 689 3159 750 caput
3189 696 3344 734 suum
3371 679 3603 734 subcinc-

2015 773 2203 827 ricium
2225 790 2438 845 panem,
2464 781 2511 826 et
2535 790 2627 827 vas
2659 789 2829 843 aquae.
2871 769 3233 842 Comeditque,
3260 788 3323 825 ac
3349 770 3507 836 bibit,
3545 788 3606 825 ae

2016 878 2226 917 rursum
2270 860 2533 918 dormivit.
2604 860 2894 933 Tetigitque
2935 878 3054 915 eum
3099 860 3328 916 secundo
3378 861 3607 931 Angelus

2014 963 2067 1008 et
2091 952 2267 1009 dixit:
2308 971 2490 1025 surge,
2528 963 2576 1009 et
2601 954 2813 1013 comede
2837 970 2858 1009 :
2905 954 3123 1026 grandis
3150 954 3287 1008 enim
3330 953 3428 1008 tibi
3450 958 3607 1008 restat

2015 1043 2117 1099 ria.
2159 1041 2592 1116 Consurgensque
2620 1044 2865 1111 comedit,
2892 1053 2940 1098 et
2963 1043 3121 1109 bibit,
3149 1052 3197 1098 et
3226 1041 3518 1097 ambulauit
3553 1044 3607 1098 in

2016 1134 2326 1206 fortitudine
2366 1136 2469 1190 cibi
2495 1134 2639 1189 illius
2669 1134 3023 1207 quadraginta
3054 1134 3270 1201 diebus,
3302 1142 3353 1189 et
3376 1133 3608 1206 quadra-

2015 1228 2160 1299 ginta
2188 1228 2425 1282 noctibus
2467 1245 2634 1300 usque
2672 1227 2746 1281 ad
2780 1238 3008 1282 montem
3032 1226 3132 1282 De'i
3163 1238 3187 1267 ο
3221 1226 3418 1299 Oreplt.
3471 1227 3609 1295 Quid

2016 1318 2179 1390 igitur
2204 1316 2456 1374 Iezabel?
2482 1319 2595 1376 lucc
2621 1319 2821 1390 faciant
2843 1319 2972 1373 mihi
2988 1317 3114 1387 ﬂii,
3156 1329 3207 1374 et
3226 1320 3344 1375 luce
3361 1322 3564 1378 addant
3585 1345 3605 1394 ;

2016 1410 2118 1464 nisi
2135 1425 2358 1480 posuero
2387 1410 2620 1465 animum
2660 1420 2826 1478 tuam,
2873 1410 3010 1465 sicut
3057 1412 3293 1465 anintam
3335 1414 3495 1469 unius
3543 1434 3606 1473 es:

2015 1498 2141 1555 illis.
2172 1499 2241 1554 Et
2266 1499 2465 1554 audivit
2504 1497 2710 1567 Helias,
2742 1510 2790 1555 et
2814 1500 2951 1572 fugit
2978 1502 3114 1555 siam
3144 1499 3351 1555 dierum
3373 1504 3608 1574 quadra-

2015 1591 2160 1662 ginta
2200 1588 2219 1628 ¹
2261 1589 2641 1646 Oviolentiam
2688 1590 2872 1647 verbi!
2923 1588 2967 1647 Ο
3010 1590 3321 1647 formidinis
3365 1594 3609 1671 eminep-

2018 1684 2178 1749 tiam!
2227 1683 2411 1740 audito
2455 1684 2700 1740 mulieris
2744 1683 2931 1748 verbo,
2971 1684 3108 1756 fugit
3148 1684 3351 1749 Helias,
3399 1696 3456 1741 et
3478 1686 3607 1761 fugit

324 1792 391 1830 ea:
417 1773 544 1829 illis.
589 1771 751 1838 Quod
768 1769 987 1825 audiens
1027 1765 1214 1821 Helias
1258 1765 1431 1820 timuit
1474 1762 1646 1829 ualde,
1680 1771 1738 1851 et
1779 1759 1907 1851 abiit
1935 1772 1983 1832 Β
2013 1790 2118 1830 non
2142 1790 2269 1841 una,
2310 1790 2415 1847 ηοη
2447 1774 2675 1843 duabus,
2708 1792 2817 1831 non
2840 1775 3016 1851 tribus
3039 1774 3251 1841 diebus,
3278 1774 3376 1831 sed
3404 1759 3605 1849 iam

322 1877 648 1935 quocumque
672 1876 790 1915 eum
817 1856 1013 1929 ferebat
1038 1854 1300 1920 uoluntas,
1323 1853 1559 1925 uenitque
1578 1853 1634 1906 in
1656 1850 1912 1905 Bersabee

324 1953 505 2019 ludat,
533 1961 587 2006 et
610 1948 720 2005 illic
751 1947 959 2018 reliquit
987 1960 1207 2017 puerum
1232 1959 1408 1999 suum.
1449 1940 1571 2013 Ipse
1590 1948 1766 1995 autem
1790 1952 1909 2010 per-

324 2047 462 2100 rexit
498 2043 555 2098 in
597 2048 863 2096 desertum
907 2037 1101 2102 locum,
1151 2037 1293 2091 riam
1323 2035 1479 2089 unius
1512 2033 1638 2088 diei.
1679 2031 1913 2102 Cumque

323 2135 545 2190 venisset
566 2131 713 2196 illuc,
741 2137 790 2186 et
823 2128 1037 2184 sedisset
1063 2127 1241 2182 subter
1259 2141 1419 2180 unam
1430 2124 1761 2195 juniperttm,
1792 2121 1866 2177 ait
1891 2134 1910 2173 :

323 2224 506 2296 suﬁicit
530 2223 659 2277 mihi
687 2220 933 2286 Domine,
965 2217 1091 2273 tolle
1127 2216 1359 2271 animum
1382 2230 1572 2269 mecm.

394 2329 421 2359 ι
456 2336 474 2368 ι
502 2313 839 2379 Sancti.vi‘ri,
872 2312 966 2382 qui
1010 2310 1329 2367 sublevante
1353 2308 1550 2378 spiritu
1595 2304 1664 2360 ad
1700 2316 1912 2360 summa

324 2408 632 2479 rapiuntur,
662 2404 918 2475 quamdiu
960 2403 1014 2458 in
1042 2403 1147 2457 hac
1173 2402 1281 2457 vita
1307 2407 1464 2465 sunt,
1502 2413 1576 2454 ne
1597 2398 1777 2467 aliqua
1807 2396 1914 2451 ela-

322 2500 469 2555 tione
491 2497 825 2570 superbiant,
853 2494 1174 2567 quibusdam
1200 2489 1586 2548 tentationibus
1608 2487 1915 2559 reprimun-

324 2602 442 2656 tur;
475 2597 536 2643 ut
562 2600 905 2658 nequaquam
931 2590 1141 2637 tantum
1167 2580 1432 2652 prolicere
1459 2577 1708 2644 valeant,
1739 2591 1913 2647 quan-

287 2664 293 2677 ’
321 2694 437 2739 tum
466 2680 688 2744 volunt;
721 2677 817 2734 sed
844 2690 913 2731 ne
938 2673 1269 2730 extollantur
1301 2669 1557 2741 superbia
1583 2710 1599 2736 ,
1644 2669 1707 2723 fit
1739 2668 1794 2723 in
1830 2668 1913 2724 eis

321 2776 565 2846 ipsarum
594 2770 840 2842 quaulam
875 2780 1129 2822 mensura
1154 2765 1436 2819 virtutum.
1499 2761 1637 2818 Hinc
1661 2768 1745 2816 est
1764 2761 1912 2816 enim

323 2867 466 2940 quod
502 2864 685 2922 Belias
712 2905 727 2930 ,
773 2862 899 2919 dum
934 2868 1014 2915 tot
1037 2856 1331 2913 virtutibus
1356 2856 1411 2910 in
1435 2854 1543 2910 alta
1560 2852 1908 2925 profecisset,

322 2961 559 3033 quadam
588 2969 845 3013 mensura
868 2965 1166 3023 suspensus
1189 2956 1305 3014 est,
1354 2945 1483 3002 dum
1511 2944 1730 3000 Iezabel
1759 2950 1910 3016 post-

320 3053 563 3114 modum,
588 3046 835 3119 quamvis
862 3043 1148 3113 Reginam,
1201 3047 1383 3095 tamen
1422 3034 1799 3093 mulierculam
1829 3033 1914 3089 fu-

2015 1882 2108 1922 sus
2135 1874 2219 1921 est
2244 1865 2299 1920 in
2325 1881 2390 1922 co
2413 1881 2593 1921 sermo
2618 1866 2892 1935 mulieris,
2927 1875 2982 1922 et
3007 1867 3138 1938 quid
3164 1874 3371 1938 ageret,
3401 1871 3604 1926 nescie-

2012 1957 2127 2022 bat,
2156 1956 2292 2011 tanti
2332 1956 2543 2012 itineris
2586 1958 2779 2028 spatio,
2812 1967 2958 2013 metu
2987 1960 3322 2030 exagitante,
3343 1960 3599 2031 jactatus,

2013 2045 2163 2103 velut
2191 2063 2315 2103 cum
2360 2046 2578 2118 Zephiri
2608 2045 2824 2103 ﬂatibus
2861 2065 3026 2104 cursu
3061 2049 3308 2120 impulsae
3335 2050 3492 2106 navis
3518 2065 3601 2104 ar-

2011 2138 2200 2195 borem
2222 2139 2497 2196 violentus
2521 2156 2587 2193 ex
2618 2140 2846 2195 adverso
2885 2132 3043 2196 turbo
3071 2141 3369 2213 corripuit,
3416 2140 3601 2212 imple-

2014 2241 2239 2303 tumque
2269 2230 2501 2298 reﬂexit,
2533 2232 2607 2287 ita
2637 2231 2921 2303 PrOpheta:
2951 2233 3192 2287 animum
3229 2234 3491 2288 virtutum
3514 2246 3600 2287 ve-

2011 2321 2081 2379 lis
2124 2321 2470 2393 navigantem
2516 2321 2757 2376 mulieris
2802 2322 3034 2392 perculit
3079 2336 3293 2388 sermo,
3327 2330 3598 2391 totamque

2011 2411 2130 2484 ejus
2172 2426 2368 2467 navem
2424 2426 2523 2483 per
2574 2427 2764 2467 omnes
2826 2410 3175 2467 formidinum
3234 2410 3432 2466 ﬂuctus
3492 2418 3597 2465 tur-

2011 2503 2140 2559 bato
2169 2511 2383 2559 rectore
2414 2501 2642 2573 jactavit
2663 2543 2678 2569 ,
2727 2501 2856 2572 quid
2878 2517 3007 2574 ergo
3037 2511 3097 2557 tu
3130 2500 3348 2557 Helias?
3373 2509 3432 2556 tu
3460 2501 3597 2556 enim

2013 2616 2096 2669 es,
2124 2601 2221 2673 qui
2255 2599 2422 2657 verbo
2465 2599 2741 2655 clauseras
2763 2598 2959 2656 coelum
2988 2639 3004 2666 ,
3052 2607 3106 2654 et
3130 2597 3484 2654 fraudaveras
3509 2596 3596 2650 im-

2011 2690 2162 2758 bres,
2190 2690 2283 2761 qui
2316 2690 2676 2745 mandaveras
2697 2690 2809 2745 aeri
2835 2731 2850 2758 ,
2898 2698 2952 2745 et
2978 2690 3190 2746 divinos
3223 2688 3377 2760 ignes
3408 2687 3596 2743 eduxe-

2012 2790 2125 2844 ras,
2162 2778 2253 2847 qui
2283 2775 2449 2832 falsos
2491 2776 2784 2833 salubriter
2820 2776 3051 2832 interfici
3074 2776 3317 2849 iusseras
3352 2773 3598 2829 sacerdo-

2014 2878 2098 2926 tes
2125 2910 2141 2936 ,
2189 2869 2281 2940 qui
2312 2860 2639 2925 constanter
2667 2869 2723 2924 in
2762 2867 2955 2925 faciem
2992 2869 3423 2942 exprobraveras
3448 2866 3593 2937 Regi,

2014 2952 2158 3032 quod
2188 2961 2322 3030 ipse,
2354 2968 2412 3016 et
2456 2960 2648 3017 domus
2684 2978 2783 3015 sua
2818 2960 3069 3033 populum
3101 2970 3348 3016 everteret
3388 2958 3556 3016 Israel
3576 2974 3594 3011 :

2012 3050 2105 3122 qui
2133 3050 2350 3107 dixeras
2382 3070 2395 3106 :
2440 3052 2576 3107 vivit
2598 3050 2861 3108 Dominus
2894 3067 2909 3109 :
2947 3051 3007 3109 Si
3030 3054 3128 3107 erit
3161 3052 3372 3124 pluvia,
3403 3064 3495 3108 aut
3519 3069 3597 3107 ros

322 3143 441 3213 giit.
496 3138 777 3208 Perpendo
820 3135 1018 3205 quippe
1072 3130 1220 3185 hunc
1258 3128 1413 3183 mirae
1456 3123 1676 3182 virtutis
1706 3124 1908 3191 virum,

2016 3142 2120 3197 nisi
2141 3142 2195 3196 in
2219 3142 2370 3197 verbo
2397 3143 2503 3197 oris
2526 3143 2630 3197 mei
2660 3156 2677 3195 :
2704 3143 2796 3214 qui
2827 3142 3045 3199 domum
3076 3123 3285 3211 viduae,
3329 3145 3599 3217 spicarum

322 3236 503 3306 ignem
536 3231 603 3286 de
631 3228 769 3286 calo
797 3226 1043 3290 trahere,
1080 3229 1137 3278 et
1160 3219 1397 3277 secundo
1415 3216 1911 3289 quinquagenarios

320 3326 470 3379 viros
495 3336 623 3377 cum
652 3319 770 3374 suis
795 3316 1047 3373 omnibus
1082 3311 1346 3385 petitione
1384 3309 1564 3365 subita
1596 3320 1913 3363 concrema-

323 3431 385 3469 re
415 3432 433 3468 :
463 3412 632 3468 verbo
663 3407 832 3466 caelos
861 3422 894 3461 a
916 3405 1113 3478 pluviis
1138 3401 1394 3459 claudere
1416 3417 1431 3455 :
1459 3397 1627 3455 verbo
1645 3396 1816 3453 oculos
1841 3398 1912 3453 ad

320 3510 536 3585 pluvias
566 3506 801 3578 aperire,
830 3504 1184 3561 suscitantem
1207 3508 1481 3564 mortuos,
1508 3504 1739 3553 ventura
1764 3507 1913 3567 quae-

321 3584 431 3674 que
475 3598 863 3671 praeﬁdentem
899 3613 913 3650 :
960 3601 1017 3650 et
1041 3607 1171 3650 ecce
1211 3605 1406 3647 rursus
1447 3590 1627 3645 animo
1650 3584 1911 3652 occurrit,

320 3708 429 3763 quo
461 3705 664 3763 pavore
696 3698 822 3744 ante
860 3698 1028 3742 unam
1062 3681 1437 3739 mulierculam
1465 3681 1494 3722 ιι
1522 3679 1677 3753 fugit.
1728 3677 1915 3735 Consi-

262 3774 272 3784 ’
320 3786 454 3840 dero
490 3782 667 3837 virum
721 3780 917 3835 timore
962 3774 1273 3849 perculsum
1320 3774 1388 3830 de
1434 3787 1601 3828 manu
1639 3783 1663 3811 ο
1696 3770 1912 3827 Domini

320 3882 552 3932 mortem
602 3880 820 3944 petere,
864 3885 967 3927 nec
1012 3869 1258 3940 accipere
1298 3885 1311 3922 :
1353 3867 1421 3922 de
1468 3881 1633 3920 manu
1666 3862 1913 3919 mulieris

319 3975 553 4023 mortem
594 3964 848 4036 fugiendo
888 3963 1082 4019 vitare.
1143 3960 1433 4029 Quaerebat
1473 3959 1618 4013 enim
1656 3964 1909 4024 mortem,

320 4061 448 4114 dum
498 4056 749 4128 fugeret,
797 4054 986 4110 dicens
1025 4068 1042 4107 :
1076 4052 1274 4123 Sit/ﬁcit
1310 4050 1476 4115 mihi,
1511 4047 1635 4103 tolle
1676 4049 1911 4103 animam

319 4166 517 4215 meum,
552 4164 718 4219 neque
743 4146 880 4201 enim
904 4143 1092 4200 melior
1111 4159 1227 4197 sum
1249 4157 1411 4213 quam
1432 4150 1609 4211 patres
1633 4139 1756 4192 mei.
1804 4136 1913 4193 Un-

319 4242 549 4309 dc‘crgo
574 4238 653 4293 sic
676 4243 889 4307 potens,
921 4242 983 4288 ut
1009 4241 1088 4289 tot
1111 4232 1233 4288 illas
1260 4232 1485 4287 virtutes
1514 4228 1711 4286 faciat?
1757 4226 1911 4283 Unde

321 4330 403 4385 sic
431 4328 680 4382 infirmus
698 4367 714 4393 ,
744 4333 811 4381 ut-
831 4326 907 4380 ita
935 4324 1192 4379 feminam
1221 4322 1607 4394 pertimescat?
1655 4319 1758 4375 nisi
1782 4321 1910 4389 quia

321 4418 729 4493 dispensatione
775 4417 996 4490 superni
1044 4423 1208 4471 nutus
1237 4429 1489 4469 mensura
1530 4412 1727 4468 occulti
1752 4411 1912 4466 libra-

2013 3248 2221 3302 aream,
2255 3243 2311 3290 et
2340 3235 2582 3292 torcular
2610 3235 2823 3292 feceras
2851 3236 2987 3302 olei,
3029 3236 3121 3307 qui
3153 3236 3407 3293 omnibus
3431 3238 3595 3308 impe-

2013 3338 2238 3380 raveras
2271 3323 2557 3381 elementis
2579 3366 2595 3394 ,
2643 3341 2952 3381 sermonem
2994 3342 3140 3382 nunc
3178 3326 3486 3382 meretricis
3510 3341 3602 3380 au-

2013 3412 2195 3479 diens,
2227 3413 2517 3484 expavisti,
2570 3423 2627 3470 et
2657 3430 2765 3469 una
2793 3414 3109 3470 muliercula
3139 3415 3429 3488 profugum
3457 3414 3598 3483 fecit.

2013 3506 2340 3579 timorisque
2366 3509 2665 3579 captiv'um.
2694 3508 2739 3566 Ο
2766 3524 2878 3564 rem
2910 3509 3264 3579 stupendaml
3307 3510 3446 3565 Vide
3471 3509 3601 3564 duos

2013 3588 2169 3667 istos,
2198 3598 2424 3656 Petrum
2449 3609 2506 3656 et
2539 3598 2749 3656 Heliam
2769 3642 2785 3668 ,
2814 3600 3132 3672 magnificos
3157 3600 3327 3666 viros,
3353 3609 3412 3656 et
3442 3596 3600 3656 caste.

2014 3691 2092 3747 ris
2120 3691 2402 3759 clariores,
2431 3692 2578 3748 velut
2609 3693 2745 3749 duas
2779 3692 3061 3747 civitatum
3092 3706 3249 3747 arces
3289 3690 3344 3745 in
3376 3690 3601 3746 sublime

2012 3793 2313 3854 porrectas,
2348 3801 2380 3841 a
2408 3785 2729 3841 mulieribus
2762 3783 3001 3856 fatigari.
3042 3783 3237 3840 Petrus
3265 3778 3601 3854 timet'pueb

2002 3874 2166 3949 lam:
2204 3875 2424 3932 Iezabel
2467 3877 2708 3933 deterret
2753 3875 2983 3931 Heliam.
3060 3874 3126 3930 Et
3187 3874 3315 3946 quia
3363 3873 3601 3943 ejusdem

2015 3963 2189 4036 culpat
2228 3966 2368 4022 vitio
2398 3974 2628 4037 uterque
2660 3964 2930 4036 subjacuit
2950 4007 2967 4033 ,
3025 3964 3311 4020 amborum
3339 3965 3601 4020 naturalis

2015 4054 2308 4112 inﬁrmitas
2334 4072 2503 4111 unum
2542 4058 2736 4113 sortita
2767 4064 2851 4111 est
2876 4057 3231 4127 proditorem.
3290 4052 3453 4126 Fugit
3475 4070 3601 4127 ergo

2016 4145 2202 4203 Helias
2247 4149 2389 4203 viam
2438 4150 2797 4223 quadraginta
2845 4149 3077 4205 dierum.
3134 4147 3236 4204 Ubi
3278 4156 3367 4202 est
3394 4146 3497 4201 zeli
3527 4147 3601 4201 tui

2015 4237 2178 4293 ardor
2204 4238 2581 4313 incontinens,
2626 4239 2716 4295 ubi
2743 4239 3061 4295 constantia:
3094 4236 3350 4291 ﬂamma?
3386 4235 3486 4292 Ubi
3512 4251 3603 4289 au-

2014 4330 2242 4387 ctoritas
2274 4331 2543 4388 libertatis
2570 4373 2583 4397 ,
2636 4347 2758 4388 cum
2802 4331 3021 4387 dicebas
3047 4349 3059 4382 :
3091 4330 3213 4384 vivit
3244 4328 3526 4394 Dominus,
3556 4327 3600 4381 si

2014 4421 2113 4474 erit
2155 4422 2335 4494 pluria
2381 4439 2540 4495 super
2573 4432 2766 4476 terram
2793 4463 2809 4486 ,
2854 4420 2939 4476 vel
2968 4435 3092 4475 cum
3129 4418 3333 4491 Regem
3358 4417 3603 4473 cominus

319 4482 484 4570 minis
509 4482 906 4582 appendhnuir,
950 4516 1012 4565 ut
1046 4508 1151 4580 ipsi
1193 4507 1366 4562 sancti
1413 4504 1511 4561 Dei
1558 4505 1822 4569 homines,
1855 4513 1910 4557 et

2014 4517 2304 4588 arguebas,
2335 4523 2593 4586 tantaque
2623 4512 2892 4569 mirabilia
2921 4511 3127 4568 faciens
3149 4526 3316 4566 unum
3345 4507 3605 4564 adultera

319 4605 552 4660 multum
574 4601 790 4657 valeant
827 4616 922 4673 per
943 4599 1243 4671 potentiam
1272 4597 1405 4663 Dei,
1445 4603 1501 4652 et
1531 4610 1749 4650 rursum
1775 4608 1908 4664 qna-

318 4698 445 4751 dam
476 4708 729 4749 mensura
761 4690 1029 4747 moderati
1057 4697 1297 4760 suntper
1320 4686 1690 4742 infirmitatem
1720 4684 1908 4739 suam?

317 4786 377 4843 lu
406 4787 513 4843 illis
550 4784 843 4840 virtutibus
873 4781 1055 4836 Helias
1088 4779 1216 4850 quid
1248 4778 1316 4833 de
1343 4777 1370 4818 ἀ
1409 4776 1639 4832 Domino
1683 4790 1909 4844 accepe-

318 4886 441 4943 rat,
475 4878 530 4932 in
577 4875 698 4937 istis
726 4871 1134 4928 infirmitatibus
1158 4869 1288 4940 quid
1313 4868 1380 4923 de
1424 4882 1484 4922 se
1526 4882 1645 4921 esse
1669 4875 1902 4937 poterat,

318 4969 668 5041 agnoscebat.
707 4964 800 5020 llla
823 4963 1081 5035 potentia:
1109 4962 1282 5019 virtus
1311 4960 1412 5016 fuit
1447 4977 1463 5015 ε,
1494 4960 1596 5016 ista
1621 4960 1911 5017 infirmitas

318 5072 505 5116 enatos
537 5057 773 5114 virtutis.

400 5161 505 5215 «in
552 5159 660 5215 illis
708 5155 1000 5212 virtutibus
1030 5154 1353 5211 ostendebat
1397 5155 1524 5225 quid
1570 5162 1903 5224 acceperat:

320 5253 375 5305 iu
402 5250 521 5307 istis
553 5247 962 5306 inﬁrmitatibus
992 5246 1095 5302 hoc
1123 5245 1266 5316 quod
1296 5254 1612 5316 acceperat,
1637 5244 1909 5300 custodie-

319 5343 434 5397 bat.
473 5343 531 5398 ln
556 5342 838 5398 miraculis
878 5339 1286 5408 monstrabatur
1314 5336 1496 5393 Helias
1536 5356 1549 5391 :
1590 5336 1645 5393 iu
1672 5336 1905 5393 inllrmi-

392 5490 418 5519 ι
457 5473 855 5557 Subseqyentia
903 5473 1004 5557 tibi
1054 5472 1272 5557 ‘praabet
1304 5470 1575 5557 “Pa‘terius
1599 5512 1614 5540 ,
1667 5471 1899 5542 ideoque

318 5541 728 5625 Gregorius
758 5561 854 5599 XIX
903 5541 1093 5599 Murali
1123 5558 1275 5599 num.
1304 5541 1338 5598 9
1360 5550 1416 5597 et
1440 5543 1525 5599 l0.
1600 5620 1607 5625 _

393 5616 420 5657 ιν
436 5612 446 5614 ἡ
463 5612 698 5680 Fugerit.

394 5698 414 5719 ε’
458 5681 576 5735 Dei.

390 5753 415 5794 6
456 5751 587 5807 Deo.

2013 4626 2120 4665 non
2166 4609 2341 4665 tulisti
2389 4608 2738 4665 sermonem?
2774 4606 2881 4663 Sed
2908 4606 3224 4671 considera,
3272 4604 3405 4676 quid
3438 4604 3495 4659 in
3515 4604 3602 4660 bis

2011 4704 2352 4759 ostendatur.
2410 4701 2551 4770 Quid
2578 4700 2818 4765 scilicet,
2864 4699 3120 4773 quamdiu
3148 4698 3355 4754 homini
3388 4695 3603 4752 Domini

2012 4795 2187 4867 gratia
2215 4801 2563 4864 cooperatur,
2589 4792 2770 4847 omnia
2803 4790 3039 4847 secunda
3064 4797 3209 4856 sunt,
3238 4790 3423 4844 omnia
3450 4787 3601 4844 fida:

2012 4886 2282 4940 elementa
2310 4882 2575 4946 serviunt,
2601 4882 2952 4954 et‘principcs
2975 4888 3416 4952 prosternuntur,
3446 4892 3604 4950 reges

2016 4975 2247 5031 adorant
2273 5015 2287 5039 ,
2330 4972 2512 5043 populi
2541 4980 2889 5027 venerantur.
2920 4968 2979 5025 Si
3005 4984 3134 5024 vero
3161 4982 3240 5034 se,
3272 4966 3441 5024 semel
3467 4982 3600 5038 per-

2013 5067 2268 5124 fectionis
2294 5107 2309 5131 ,
2358 5063 2443 5120 vel
2473 5062 2832 5133 correptionis
2860 5077 3025 5117 causa
3057 5074 3353 5132 supernum
3398 5056 3468 5111 ab
3497 5056 3602 5111 ho.

2013 5158 2161 5214 mine
2189 5156 2486 5227 suspendat
2516 5153 2777 5209 auxilium
2799 5193 2813 5219 ,
2845 5150 3129 5207 confestim
3152 5147 3416 5219 fragilitas
3442 5153 3599 5201 natu.

2012 5267 2086 5305 ne
2113 5252 2481 5304 monstratur:
2518 5260 2644 5303 mox
2670 5244 2958 5313 insurgunt
2985 5255 3104 5311 quae
3124 5238 3450 5294 videbantur
3474 5254 3598 5294 esse

2011 5338 2295 5411 subjecta:
2328 5351 2450 5406 quae
2478 5335 2630 5406 prius
2665 5340 2723 5388 ut
2762 5331 3052 5388 Dominum
3096 5326 3411 5384 metuebant
3462 5325 3598 5383 inci-

2080 5484 2104 5514 ,
2768 5480 2775 5489 .

2080 5543 2121 5628 τ’
2144 5472 2599 5628 (ιῖιῗὲἓὲφιιηλῑξεν
2633 5542 2802 5628 habes
2833 5533 3126 5628 numer}
3173 5518 3379 5628 crebrol
3394 5533 3595 5628 allega-

2002 5625 2071 5670 αθ
2107 5604 2344 5671 Ιιόιηίιίιε
2375 5604 2445 5670 in'
2479 5612 2586 5669 SS.
2629 5610 2846 5666 Petrum
2899 5618 2948 5663 et
2989 5607 3237 5668 Heliam.
3284 5604 3380 5665 sed
3408 5604 3591 5661 verbis

2002 5686 2289 5759 aliquando
2319 5683 2687 5755 transpositis,
2712 5689 2767 5738 et
2789 5696 2979 5738 eorum
3007 5678 3195 5736 ordine
3224 5677 3532 5732 immutate.
