3924 6170
259 292 359 353 τοι

903 278 1362 362 oums'nosss
1401 290 1547 350 xxx
1588 297 1814 355 SUPER
1854 300 2097 361 LIBROS
2139 303 2401 361 uncum.
2438 338 2511 349 —
2543 307 2745 364 unus
2784 307 2870 364 tv.

3403 310 3511 366 762

259 413 416 485 piunt
440 421 558 467 esse
591 408 803 463 terrori.
840 407 1218 479 lesabel,quae
1248 410 1636 478 interpretatur
1653 408 1830 477 [luxus
1860 406 1908 468 Α
1934 418 1989 463 et
2007 418 2212 482 septem
2275 417 2502 474 minium
2549 421 2791 476 virm-um
2836 422 3131 477 ειεριοηεω
3181 423 3505 481 aenigma

255 521 445 569 cantes,
478 504 776 573 Synagoga:
804 504 1034 572 gestavit
1057 511 1261 573 typum,
1299 516 1419 569 qua:
1454 499 1608 555 vanis
1643 515 1830 568 super-

252 595 564 653 stitionibus
592 594 849 661 serviens,
883 595 935 648 in
960 593 1281 664 Evangelica
1304 589 1685 661 praedicadoue
1709 605 1830 645 crc-

251 691 382 745 dere
406 689 609 757 noluit,
657 697 715 745 et
754 697 1030 744 auctorem
1076 689 1203 743 vitze
1231 702 1574 758 persequens,
1606 684 1747 739 sicut
1773 692 1828 739 et

247 778 465 835 Iezabel
497 778 729 844 Heliam,
773 780 1115 847 exstinguere
1152 778 1356 848 magis,
1409 792 1572 846 quam
1601 777 1825 832 credere

249 873 463 929 maluit.
503 872 642 927 Puer
676 872 843 928 Helia:
866 914 881 938 ,
912 872 1003 943 qui
1034 874 1087 927 in
1117 870 1404 936 Bersabee,
1433 870 1527 941 qui
1553 871 1821 940 interpre-

247 972 394 1019 tatur
440 972 626 1034 puteus
671 963 982 1034 juramenti,
1014 962 1266 1019 dimissus
1310 970 1395 1016 cst
1421 1001 1437 1027 ,
1477 958 1824 1015 Sacerdotale

245 1052 622 1123 accipiendum
655 1060 740 1108 est
767 1044 1121 1108 ministerium
1143 1093 1158 1117 ,
1209 1050 1351 1121 quod
1378 1051 1580 1122 templo
1608 1050 1823 1106 Domini

242 1146 299 1201 in
326 1142 661 1200 Hierusalem
679 1186 695 1213 ,
722 1145 887 1200 cu'tui
913 1144 1267 1200 exhibebatur
1295 1145 1495 1200 divino.
1535 1143 1820 1199 Desertum

238 1251 398 1301 vero,
444 1235 511 1289 ad
554 1235 698 1304 quod
727 1235 814 1288 via
852 1235 1012 1289 unius
1054 1235 1159 1289 diei
1184 1233 1366 1289 Helias
1393 1233 1592 1304 legitur
1629 1248 1822 1302 perve-

237 1329 423 1393 nisse,
472 1335 526 1382 et
559 1327 657 1381 sub
701 1327 893 1385 arbore
925 1324 1159 1397 iuniperi
1189 1327 1485 1397 quievisse,
1534 1325 1818 1380 universus

236 1417 589 1490 accipiendus
614 1424 699 1473 est
721 1416 977 1482 mundus,
1006 1417 1097 1487 qui
1130 1424 1351 1487 propter
1375 1416 1676 1471 daemonum
1706 1414 1819 1470 cul-

237 1518 354 1565 tum
410 1510 464 1564 in
508 1507 745 1580 maligno
784 1504 961 1564 fuerat
985 1508 1227 1579 positus,
1272 1508 1340 1562 ad
1365 1522 1525 1578 quem
1555 1507 1816 1561 Dominus

234 1602 425 1659 relicta
454 1600 655 1665 Iudaea,
680 1617 780 1673 per
809 1601 1194 1672 praedicatores
1216 1617 1343 1658 suos
1369 1601 1603 1656 transire
1628 1601 1817 1670 digna—

234 1704 326 1750 tus
353 1703 459 1760 est,
495 1700 551 1749 et
583 1691 658 1748 ibi
686 1692 842 1763 quasi
872 1691 1092 1758 dormit,
1125 1693 1253 1747 dum
1285 1707 1385 1763 per
1408 1688 1658 1747 fidem'in
1692 1704 1814 1745 cor-

1928 500 2121 569 virtus,
2151 520 2311 574 quam
2338 525 2439 565 nec
2464 526 2623 567 error
2654 513 2925 567 humanus
2952 513 3234 579 inclinare,
3262 531 3363 571 nec
3388 517 3506 572 ina-

1927 590 2013 645 nis
2040 592 2225 662 glerim
2267 598 2523 667 cogitatio
2569 602 2746 671 potuit
2792 601 3006 658 elevare
3052 602 3381 677 (Vers.18.)
3428 607 3504 663 lli

1926 695 2102 736 omnes
2138 700 2243 739 non
2286 700 2629 744 curvaverant
2668 708 2837 761 genua
2883 701 3007 746 ante
3050 693 3264 760 Bahal;
3309 697 3401 751 sed
3444 696 3504 751 in

1925 774 2103 828 stabili
2135 776 2339 845 poplite
2367 777 2435 831 ad
2461 778 2635 834 instar
2664 781 2901 836 caelestis
2938 783 3211 838 exercitus
3246 799 3332 839 me
3362 799 3507 839 sem-

1922 875 2022 930 per
2049 864 2300 918 adorant.
2358 865 2567 938 Fugisti
2597 882 2755 939 ergo,
2809 885 2916 924 non
2942 872 3082 939 quod
3113 871 3167 925 in
3198 881 3251 926 te
3277 873 3391 927 solo
3424 873 3507 927 fu-

1924 964 2018 1004 ror
2043 952 2303 1008 adultera
2328 956 2611 1012 desmviret
2628 998 2643 1022 ,
2695 958 2789 1014 sed
2814 960 2957 1029 quod
2983 959 3081 1014 tibi
3109 960 3252 1016 hanc
3276 961 3500 1016 electio-

1921 1055 2043 1096 nem
2071 1045 2317 1113 genuerit
2343 1048 2657 1118 magnitudo
2682 1050 2940 1104 virtutum
2959 1091 2974 1116 ,
3017 1060 3076 1104 ut
3106 1058 3218 1105 tam
3243 1067 3504 1123 arrogan-

1921 1140 2029 1186 tem
2053 1130 2224 1189 ferres
2250 1135 2318 1190 de
2341 1151 2539 1207 genere
2579 1138 2812 1194 humano
2855 1141 3180 1195 sententiam
3208 1182 3222 1204 ,
3268 1156 3502 1211 erasqtte

1918 1221 2192 1293 paulisper
2233 1239 2354 1279 mea
2403 1227 2579 1297 gratia
2608 1229 2960 1292 deserendus,
2992 1237 3047 1283 et
3074 1229 3175 1284 nisi
3208 1230 3303 1284 tibi
3335 1238 3501 1284 tanta:

1919 1314 2170 1372 elationis
2198 1316 2350 1372 frena
2378 1318 2646 1375 laxassem
2673 1363 2687 1387 ,
2723 1321 2933 1391 lapsum
2958 1323 3265 1378 inclu'reres
3285 1324 3501 1393 gravio-

1917 1418 2055 1470 rem,
2083 1413 2138 1460 et
2167 1405 2408 1463 disceres
2442 1409 2580 1464 bona
2622 1410 2762 1464 facta
2799 1426 2906 1465 non
2943 1418 3049 1466 tuae
3093 1412 3281 1466 virtuti
3327 1413 3499 1466 ascri-

1914 1491 2044 1548 bere
2067 1535 2083 1560 ,
2127 1496 2221 1551 sed
2250 1496 2466 1552 divinas.
2525 1497 2641 1554 Non
2677 1499 2842 1569 igitur
2867 1499 2973 1554 alia
3007 1515 3073 1555 ex
3099 1514 3266 1555 causa
3293 1499 3501 1570 fugisti,

1915 1585 2021 1639 nisi
2041 1586 2184 1654 quod
2211 1627 2227 1652 ,
2263 1589 2551 1645 secedente
2589 1591 2764 1661 gratia
2802 1605 2923 1646 mea
2963 1591 3158 1645 mulier
3204 1598 3258 1645 te
3296 1591 3500 1647 minaci

1916 1691 2167 1736 sermone
2203 1680 2487 1736 deterruit.
2546 1681 2961 1739 Consideremus
3003 1697 3135 1752 ergo
3180 1688 3381 1752 quanta
3408 1684 3499 1737 vis

231 1785 394 1841 dibus
425 1753 661 1840 fidelium
684 1753 996 1855 requiescit.
1035 1753 1213 1839 Arbor
1239 1753 1371 1840 vero
1396 1780 1634 1851 iuniperi
1657 1796 1813 1851 agre-

1920 1765 2081 1820 fucrit
2104 1768 2159 1821 in
2183 1769 2443 1825 adultera:
2471 1784 2741 1836 sermone,
2768 1773 2941 1843 gratia
2970 1774 3273 1837 recedente,
3297 1780 3497 1843 quanta

231 1877 361 1942 stis,
391 1885 555 1948 atque
593 1875 792 1932 inculta
812 1917 828 1941 ,
855 1872 1153 1930 Ecclesiam
1189 1874 1549 1948 praesignabat
1581 1886 1648 1928 ex
1677 1886 1808 1942 gen.

232 1966 400 2044 tibus,
430 1945 552 2036 quae
581 1980 858 2021 sacrarum
896 1945 1296 2036 Scripturarum
1327 1945 1667 2033 nequaquam
1698 1961 1813 2018 fue—

232 2067 320 2113 rat
342 2058 554 2113 exculta
576 2059 880 2130 praeceptis,
905 2060 972 2113 ad
994 2073 1158 2129 quam
1180 2057 1533 2112 lsraelitic‘um
1565 2054 1811 2126 Regnum

234 2149 591 2203 transiturum
620 2147 909 2203 Dominum
938 2148 1250 2218 praedixisse
1271 2187 1286 2213 ,
1325 2146 1661 2218 Evangelista
1688 2161 1812 2215 pro-

228 2240 449 2295 nuntiat
478 2237 693 2311 (Matth.
727 2255 840 2303 xxI,
863 2238 951 2310 45)
978 2257 991 2293 :
1016 2238 1298 2307 Auferetur
1339 2256 1371 2292 a
1405 2239 1545 2293 vobis
1571 2234 1811 2309 (Judmis)

235 2332 498 2403 Regnum,
528 2331 736 2402 inquit,
764 2341 812 2387 et
849 2332 1060 2385 dabitur
1085 2334 1225 2402 genti
1254 2330 1471 2401 facienti
1495 2328 1814 2384 voluntatem

238 2420 355 2476 Dei.
393 2420 553 2475 Viam
577 2435 708 2475 vero
731 2420 890 2475 unius
917 2420 1051 2486 diei,
1083 2435 1244 2490 quam
1274 2419 1453 2477 Helias
1481 2418 1654 2487 egisse
1684 2417 1814 2486 legi-

233 2519 346 2574 tur,
372 2509 553 2576 unitas
575 2509 918 2582 intelligenda
942 2520 1028 2567 est
1060 2510 1366 2576 Trinitatis,
1393 2526 1554 2580 quam
1579 2524 1811 2575 evange-

232 2601 342 2655 lica
367 2600 683 2670 pricdicatio
720 2602 931 2658 cunctis
979 2603 1289 2658 nationibus
1335 2601 1650 2657 introduxit.
1711 2600 1816 2655 Pa-

231 2692 325 2748 nis
354 2693 768 2760 subcinericius,
812 2703 870 2751 et
899 2711 1200 2766 vasaquat,
1233 2695 1358 2765 quid
1382 2694 1526 2750 aliud
1552 2685 1811 2759 indicant,

229 2782 341 2837 nisi
372 2783 614 2852 gentium
650 2786 1055 2854 pmnitentiam,
1106 2793 1161 2841 et
1204 2786 1562 2857 lacrymarum
1590 2783 1813 2840 eli'usio-

223 2888 376 2938 nem,
409 2873 605 2944 quibus
630 2874 889 2930 Dominus
915 2876 1072 2932 valde
1096 2864 1373 2933 reficitur?

303 2965 485 3038 (Vcrs.
524 2966 578 3029 8,
608 2967 659 3031 9,
699 2966 843 3039 etc.).
884 2965 1014 3023 Post
1051 2968 1163 3022 lucc
1196 2968 1441 3038 pervenit,
1476 2966 1669 3037 inquit,
1702 2965 1813 3022 He-

223 3059 331 3113 lias
357 3057 427 3112 ad
454 3068 679 3114 montem
722 3057 822 3113 Dei
844 3072 870 3098 εί
897 3056 1091 3129 Oreph,
1141 3067 1188 3111 et
1231 3059 1423 3113 mansit
1461 3057 1515 3111 in
1540 3058 1804 3128 spelunca.

1914 1857 2250 1916 fortitudinis
2274 1863 2610 1933 magnitudo.
2656 1862 3025 1933 Quadraginta
3042 1863 3244 1919 diebus
3275 1866 3498 1921 oberrat

1914 1950 2128 2022 fugiens
2157 1951 2340 2008 Helias
2363 1969 2465 2024 per
2489 1954 2654 2019 invia,
2681 1961 2737 2009 et
2756 1955 2993 2019 deserta,
3020 1956 3273 2026 tantique
3287 1956 3493 2025 ingenii

1915 2044 2002 2097 vir
2030 2050 2174 2099 metu
2199 2052 2579 2101 consternatus
2607 2061 2714 2100 non
2737 2046 2903 2102 sentit
2931 2049 3184 2104 esuriem.
3220 2047 3495 2120 Quidvngis

1914 2133 2132 2190 Helias?
2175 2136 2267 2191 ubi
2299 2144 2423 2202 est,
2459 2145 2523 2192 ut
2561 2152 2703 2207 saepe
2717 2139 2832 2209 jam
2855 2140 3096 2204 memini,
3126 2140 3215 2195 illa
3246 2131 3499 2197 omnibus

1913 2226 2180 2294 stupenda
2203 2226 2436 2282 ﬁducia?
2477 2227 2571 2283 ubi
2599 2242 2664 2283 os
2687 2228 2819 2284 illud
2857 2228 3237 2284 metuendum?
3275 2228 3363 2284 ubi
3393 2229 3499 2284 lin-

1913 2328 2017 2383 gua
2042 2316 2300 2371 terribilis
2325 2316 2552 2371 alternis
2579 2317 2855 2389 imperans
2874 2317 3194 2373 elementis?
3235 2319 3340 2373 Sed
3378 2320 3497 2375 hate

1920 2402 2037 2467 tibi,
2068 2410 2128 2456 ut
2166 2404 2315 2465 dixi,
2366 2407 2691 2460 constabant
2735 2407 2911 2476 gratia
2958 2407 3319 2463 ministrante.
3360 2411 3495 2464 Vide

1915 2509 2045 2564 ergo
2073 2496 2527 2563 quemadmodum
2571 2497 2788 2552 levitate
2839 2498 3011 2567 culpa:
3055 2499 3390 2569 permittitur
3410 2499 3496 2569 ja—

1915 2597 2039 2638 cere
2069 2591 2251 2638 tantus
2286 2583 2584 2655 Propheta,
2619 2597 2685 2640 ut
2714 2588 3032 2643 emendatus
3052 2588 3309 2643 elationis
3338 2590 3491 2655 vitio,

1914 2682 2080 2743 atque
2108 2684 2391 2746 correptus
2415 2718 2430 2743 ,
2462 2678 2672 2749 integro
2705 2679 2969 2736 vestiatur
3007 2681 3413 2750 moderationis,
3439 2691 3497 2739 et

1914 2764 2217 2822 clementiae
2241 2768 2572 2825 indumento.
2607 2789 2625 2823 ι

1989 2876 2008 2909 ι
2037 2856 2159 2913 1am
2185 2875 2316 2930 ergo
2337 2861 2534 2916 eruditi
2563 2876 2771 2926 sumus,
2802 2863 3028 2918 et‘docti
3058 2855 3112 2917 in
3145 2862 3310 2918 Petro
3334 2872 3496 2935 atque

1915 2944 2068 3001 Helia
2084 2987 2098 3009 ,
2125 2948 2587 3017 quemadmodum
2609 2964 2705 3004 eos
2732 2949 2992 3005 Dominus
3016 2951 3376 3007 nostrilcausa
3404 2968 3498 3023 pa-

1916 3034 2049 3091 titur
2090 3036 2468 3093 circumscribi
2523 3037 2756 3094 delicto:
2804 3040 3251 3107 quemadme
3282 3040 3404 3097 illos
3434 3042 3498 3096 tl-

226 3151 302 3205 Et
334 3166 453 3204 ecce
472 3166 640 3204 sermo
661 3148 871 3205 Domini
900 3149 970 3203 ad
994 3117 1112 3204 eum
1149 3148 1382 3219 dixitque
1404 3147 1502 3201 illi.
1554 3117 1694 3214 Dauid
1722 3149 1807 3202 hic

1920 3129 2027 3193 dei,
2048 3128 2379 3198 pietatisque
2415 3127 2724 3199 signiferos,
2766 3137 2822 3184 et
2850 3130 3079 3200 generis
3101 3128 3325 3184 humani
3349 3130 3498 3185 colu-

221 3242 346 3311 agis
369 3239 552 3294 Helias
578 3240 604 3294 1’
641 3249 696 3294 at
738 3238 828 3296 ille
852 3239 1114 3311 respondit
1140 3255 1159 3294 :
1204 3239 1404 3293 zelatus
1426 3254 1543 3292 sum
1572 3255 1666 3309 pro
1703 3238 1810 3294 Do-

220 3333 373 3386 mino
421 3330 532 3384 Deo
581 3330 940 3395 exercituum,
989 3330 1115 3401 quia
1168 3328 1554 3400 dereliquerunt
1596 3338 1807 3399 pactum

220 3424 467 3501 Domini,
496 3422 595 3492 ﬁlii
620 3421 811 3486 Israel,
836 3421 1030 3476 altaria
1057 3429 1151 3476 tua
1172 3420 1572 3484 destruxemnt,
1616 3430 1664 3474 et
1689 3436 1809 3490 pro-

218 3518 550 3588 phetastuos
576 3511 1117 3585 occideruntgladio:
1161 3523 1209 3567 et
1252 3511 1529 3568 derelictus
1572 3528 1688 3568 sum
1713 3527 1809 3582 ego

218 3610 398 3675 solus,
420 3619 469 3664 et
496 3615 739 3681 quwrunt
768 3605 1000 3660 animum
1024 3621 1216 3669 meam,
1252 3616 1308 3657 ut
1341 3604 1585 3673 auferant
1613 3619 1748 3656 eam.

302 3701 334 3742 ιι
362 3720 382 3751 ι
410 3700 645 3773 Fugiens
669 3714 797 3770 ergo
825 3696 1007 3753 Helias
1028 3696 1178 3751 venit
1212 3695 1277 3749 ad
1296 3694 1583 3765 quemdam
1606 3693 1807 3762 locum,

218 3800 274 3849 et
315 3789 648 3847 obdormivit
677 3788 775 3856 ibi,
803 3795 860 3845 et
894 3787 1041 3842 venit
1061 3785 1128 3841 ad
1154 3801 1278 3841 eum
1310 3783 1587 3840 Dominus.
1635 3781 1812 3839 Domi.

219 3896 333 3939 nus
361 3881 571 3937 scilicet
589 3879 655 3936 ad
671 3895 884 3935 servum
907 3886 964 3934 et
989 3878 1067 3932 ait
1086 3875 1205 3948 (III
1230 3874 1354 3947 Reg.
1373 3892 1489 3941 xix,
1518 3874 1603 3946 l5)
1631 3893 1643 3928 :
1672 3874 1812 3941 Quid

221 3987 285 4031 tu
324 3973 409 4029 hic
437 3970 657 4027 Helias?
690 3971 824 4026 velut
862 3979 1050 4025 notans
1090 3984 1207 4023 eum
1255 3966 1458 4021 timoris
1489 4005 1506 4029 ,
1549 3975 1596 4019 et
1651 3965 1808 4036 fugae.

223 4065 377 4135 Quid
404 4072 482 4129 tu,
510 4062 705 4134 inquit,
728 4063 819 4118 hic
842 4060 1057 4117 Helias?
1077 4067 1304 4131 putasne
1327 4056 1546 4127 fugisti?
1578 4065 1633 4111 et
1661 4055 1815 4111 furor

223 4166 281 4212 te
317 4154 477 4210 unius
510 4153 838 4211 mulierculas
898 4149 1181 4222 profugum
1241 4146 1407 4205 fecit?
1458 4146 1557 4203 Ubi
1598 4154 1683 4203 est
1725 4144 1815 4201 illa

224 4246 574 4306 constantia?
621 4246 712 4301 ubi
741 4243 995 4300 libertas?
1038 4243 1195 4298 Disce
1238 4241 1305 4296 de
1346 4246 1544 4294 caetero
1581 4252 1686 4292 non
1719 4237 1814 4292 tibi

226 4341 337 4413 ipsi
368 4338 659 4405 conlidere,
706 4352 807 4394 nec
832 4336 1087 4407 promite,
1123 4349 1246 4390 cum
1277 4348 1365 4388 res
1388 4329 1625 4387 secundo
1652 4344 1814 4386 cursu

226 4432 509 4495 feruntur,
541 4430 809 4498 imputare
838 4427 1046 4481 virtuti.
1087 4423 1470 4480 Verumtamen
1503 4419 1684 4476 Helias
1728 4434 1815 4475 re—

226 4523 486 4595 spondet,
532 4529 589 4577 et
640 4521 814 4577 dicit:
863 4518 1008 4573 aliud
1058 4516 1277 4586 quidem
1333 4521 1516 4569 mente
1553 4512 1812 4577 retinens,

227 4613 385 4671 aliud
411 4627 506 4669 ore
530 4611 848 4681 depromens
890 4605 908 4679 (
925 4604 1069 4661 γεγε.
1099 4605 1189 4675 ll)
1224 4624 1238 4659 :
1273 4603 1494 4658 Domine
1525 4601 1818 4672 Prophetas

229 4715 357 4761 tuas
383 4703 685 4756 occiderunt
709 4715 731 4753 :
772 4698 966 4753 altaria
990 4707 1081 4749 tua
1107 4693 1454 4750 demolierunt
1468 4710 1487 4758 ;
1532 4701 1581 4747 et
1615 4708 1708 4761 ego
1733 4706 1815 4745 re-

232 4796 395 4850 lictus
420 4808 538 4848 sum
564 4788 729 4854 solus,
752 4797 799 4844 et
825 4795 1068 4858 qua'runt
1093 4783 1327 4838 animam
1351 4799 1540 4836 vneam.
1574 4776 1689 4835 lloc
1710 4784 1815 4844 est,

236 4888 360 4942 hate
387 4882 665 4956 cogitatio,
694 4896 813 4950 qua:
852 4886 1058 4933 tantum
1089 4875 1413 4945 Prophetam
1437 4872 1504 4928 de
1529 4860 1644 4942 ipso
1673 4864 1819 4941 deje-

237 4977 319 5031 cit
362 4972 581 5043 fastigio
624 4970 941 5025 meritorum
968 5006 984 5031 ,
1048 4966 1497 5031 communemque
1546 4960 1818 5016 hominem

240 5063 659 5124 demonstravit.
694 5060 937 5128 Denique
961 5073 1086 5113 mox
1116 5068 1239 5111 cum
1269 5051 1494 5123 corripit
1528 5064 1708 5107 sermo
1742 5048 1822 5103 di—

240 5159 420 5213 vinus.
450 5155 567 5209 Non
595 5154 693 5218 ita,
723 5150 916 5220 inquit,
946 5157 1030 5204 est
1054 5146 1235 5201 Helias
1259 5160 1273 5198 :
1297 5142 1517 5203 falleris.
1549 5150 1605 5196 et
1631 5138 1824 5196 huma-

242 5264 330 5303 nm
360 5243 707 5317 cogitationis
726 5239 931 5310 laqueis
954 5236 1203 5293 irretiris.
1243 5232 1586 5288 Nonideireo
1615 5230 1821 5301 fugisti,

243 5353 349 5396 nec
399 5346 454 5395 te
497 5338 644 5403 ideo,
688 5333 832 5405 quod
857 5330 1002 5387 solus
1026 5341 1211 5393 esses,
1254 5324 1462 5393 Regina
1508 5321 1823 5394 perterruit.

244 5429 362 5487 Nec
403 5430 548 5486 enim
598 5435 655 5483 tu
698 5440 761 5482 es
804 5418 1207 5482 tantummodo,
1251 5415 1343 5487 qui
1374 5429 1481 5471 non
1510 5413 1827 5471 adoraveris

245 5522 417 5579 Bahal
438 5536 458 5575 τ
488 5528 619 5577 sunt
660 5516 793 5574 mihi
822 5512 1010 5570 ﬁdeles
1029 5507 1211 5564 famuli
1235 5547 1251 5574 ,
1296 5514 1425 5562 sunt
1453 5504 1606 5560 multi
1642 5502 1823 5567 amici,

327 5642 352 5671 ι
394 5627 591 5685 Horeb.

1910 3235 2066 3275 muas
2091 3259 2108 3285 ,
2157 3219 2468 3289 permiserit
2496 3227 2641 3274 metu
2677 3220 2992 3276 dominante
3015 3221 3278 3289 quassari,
3310 3228 3374 3274 ut
3401 3235 3498 3290 po.

1909 3310 2160 3380 pulcrum
2184 3311 2720 3380 essentexemplum,
2760 3326 2791 3364 a
2825 3311 2934 3366 Deo
2968 3298 3073 3366 sibi
3100 3325 3207 3365 non
3236 3312 3494 3383 peccandi

1910 3399 2145 3470 gratiam
2190 3399 2414 3455 minime
2450 3399 2833 3465 condonatum,
2883 3414 2951 3457 ne
2972 3417 3097 3456 cum
3129 3401 3231 3472 ipsi
3263 3417 3295 3456 a
3321 3402 3495 3474 culpis

1909 3499 2115 3556 essent,
2143 3504 2209 3546 ac
2233 3491 2378 3549 vitiis
2405 3490 2569 3547 alieni
2586 3533 2604 3559 ,
2636 3492 3017 3562 peccatoribus
3042 3493 3146 3547 diri
3175 3492 3491 3556 existerent,

1910 3590 1965 3636 et
1994 3582 2272 3648 crudeles;
2325 3583 2420 3637 sed
2447 3598 2569 3639 cum
2611 3583 2752 3639 forte
2786 3583 2911 3652 quis
2942 3582 3104 3636 fuerit
3136 3582 3333 3636 delicto
3358 3596 3497 3650 prm—

1909 3681 2122 3739 ventus,
2147 3689 2259 3729 non
2280 3675 2467 3729 statim
2488 3674 2769 3744 abjiciant,
2797 3679 2903 3727 non
2932 3671 3294 3726 condemnem
3311 3668 3496 3739 jacen-

1912 3764 1983 3820 tis
2030 3763 2323 3819 allectum:
2371 3764 2467 3817 sed
2514 3762 2897 3829 impartiantur
2932 3759 3145 3814 viscera
3188 3758 3495 3823 charitatis,
3594 3752 3597 3759 ’

1911 3856 2195 3926 porrigant
2214 3868 2458 3919 manum,
2485 3861 2540 3908 et
2563 3853 2779 3923 erigant
2800 3851 3030 3927 lapsum,
3054 3866 3205 3919 spem
3227 3852 3279 3905 ei
3303 3851 3498 3907 divinae

1916 3944 2221 4001 clementia
2277 3944 2660 4013 promittentes
2684 3980 2701 4009 ,
2755 3942 2941 4011 sicque
2987 3942 3150 3997 etiam
3218 3957 3279 3997 se
3316 3944 3500 4000 vivere

1917 4026 2164 4107 exemplo
2200 4036 2441 4108 ipsorum
2486 4033 2866 4091 commendent
2909 4033 3312 4105 magistrorum.
3372 4033 3500 4092 Hac

1916 4138 2102 4185 autem
2141 4129 2347 4184 idcirco
2384 4127 2620 4183 diximus
2646 4167 2661 4193 ,
2710 4141 2818 4183 non
2865 4125 3044 4196 iustos
3088 4124 3498 4194 culpando,sed

1912 4228 2234 4292 peccatores
2259 4220 2327 4274 ad
2357 4233 2507 4290 spem
2531 4217 2819 4289 erigendos
2841 4216 3185 4287 protulimus.
3225 4216 3290 4271 Et
3319 4217 3497 4288 primo

1916 4312 2135 4383 quidem
2157 4312 2387 4366 virtutes
2410 4324 2602 4365 eorum
2648 4308 2983 4364 extulimus:
3024 4324 3169 4364 nunc
3206 4308 3392 4378 culpas
3417 4308 3497 4361 in-

1918 4402 2140 4458 tulimus
2162 4440 2179 4466 ,
2223 4409 2283 4456 ut
2324 4408 2382 4455 et
2397 4399 2563 4469 justis
2593 4398 2825 4454 formam
2852 4397 3096 4462 cautelae,
3121 4407 3175 4453 et
3209 4397 3502 4468 peccatori-

1919 4494 2021 4548 bus
2048 4491 2242 4546 sslutis
2264 4498 2482 4561 portum
2504 4489 2875 4545 ﬁdelissimum
2907 4497 3353 4542 monstraremus.
3387 4506 3409 4540 s

1991 4581 2184 4637 Merito
2212 4580 2475 4652 quaeritur
2497 4579 2771 4649 quomodo
2807 4576 2950 4631 licite
2985 4575 3373 4631 sacriﬁcaverit
3395 4573 3503 4632 Bo-

1922 4672 2022 4727 lias
2054 4680 2211 4727 extra
2239 4670 2500 4741 templum
2526 4668 2657 4734 Dei,
2697 4665 2915 4738 quando
2948 4672 3004 4719 et
3033 4664 3209 4734 ignem
3251 4665 3319 4733 de
3360 4662 3502 4719 emlo

1920 4763 2253 4833 hupetravit,
2279 4771 2334 4817 et
2357 4763 2651 4832 prophetas
2669 4759 3055 4815 daemoniorum
3066 4756 3321 4811 convicit.
3346 4756 3497 4822 Quod

1921 4856 2055 4909 mihi
2087 4868 2192 4909 non
2217 4855 2429 4909 videtur
2447 4853 2552 4907 alia
2582 4853 2791 4907 ratione
2813 4850 3045 4909 defendi.
3073 4862 3233 4919 cpiam
3251 4847 3357 4911 illa,
3391 4860 3499 4916 qua

1922 4945 2232 5000 defenditur
2257 4953 2314 5000 et
2341 4943 2575 4998 Abraha:
2611 4943 2815 4997 factum
2837 4982 2854 5007 ,
2914 4941 3130 5011 quando
3175 4937 3341 4993 tilium
3387 4936 3502 4995 Deo

1917 5037 2107 5107 jussus
2128 5036 2303 5089 voluit
2348 5033 2652 5089 immolare.
2712 5032 2848 5086 Cum
2885 5030 3032 5084 enim
3063 5025 3364 5095 jubetille,
3405 5024 3500 5095 qui

1926 5134 2098 5204 legem
2134 5131 2415 5188 constituit
2441 5127 2642 5199 aliquid
2669 5127 2807 5191 ﬁeri,
2829 5125 3046 5195 quodin
3062 5123 3179 5193 lege
3202 5120 3499 5191 prohibuit,

1921 5225 2099 5296 jussio
2132 5226 2248 5295 ipsa
2290 5238 2391 5293 pro
2437 5223 2555 5294 lege
2599 5220 2846 5283 habetur,
2891 5215 3148 5287 quoniam
3193 5221 3381 5268 auctor
3419 5224 3504 5270 est

1928 5319 2083 5390 legis.
2124 5317 2243 5372 Non
2259 5317 2406 5371 enim
2436 5316 2627 5370 deesse
2650 5317 2871 5383 possent
2895 5304 3150 5363 miracula
3176 5302 3277 5358 alia
3306 5313 3504 5372 praeter

1932 5409 2280 5473 sacriﬁcium,
2313 5407 2508 5478 quibus
2527 5407 2930 5473 superarentur,
2969 5406 3024 5450 ct
3055 5395 3507 5450 convincerentur

1934 5501 2211 5572 prOpbcue
2251 5498 2534 5553 lucorum:
2568 5492 2663 5548 sed
2690 5486 2923 5562 Spiritus
2962 5487 3078 5555 Dei,
3125 5484 3216 5558 qui
3253 5483 3501 5544 fucratin

329 5660 355 5742 ἱ
394 5660 758 5772 ιιίεῖῖξυοιιιω
801 5692 968 5750 habes
1015 5701 1239 5745 numero
1271 5683 1299 5739 i
1343 5683 1535 5739 crebro
1568 5679 1809 5751 allegataa
1845 5673 2078 5733 humilia:
2102 5670 2167 5726 de
2195 5671 2296 5725 SS.
2338 5663 2495 5719 Petro
2523 5672 2569 5718 et
2597 5660 2772 5717 Helia.

319 5819 361 5833 ρ

236 5836 319 5865 ,ε
