3924 6170
367 308 478 366 763

1436 295 1712 354 CLAUDII
1752 294 2214 351 TAURINENSIS
2253 295 2561 352 EPlSCOPl

3518 297 3615 352 76‘

373 425 522 480 Helia
547 465 563 490 ,
611 421 870 493 quidquid
895 421 952 475 in
976 421 1080 474 hac
1107 433 1166 474 re
1193 419 1354 485 fecit,
1388 425 1580 476 contra
1615 418 1792 489 legem
1829 427 1948 471 esse
1975 413 2025 472 A
2050 409 2075 448 δ
2104 411 2260 480 plene
2283 427 2379 466 nos
2407 411 2609 479 aliquid
2633 411 2699 465 de
2727 409 2818 464 illo
2839 425 3164 479 cognoscere
3187 426 3293 466 non
3316 425 3478 482 posse
3504 429 3620 470 seu-

375 532 480 571 non
511 523 712 586 potest,
734 516 856 582 quia
882 512 1040 567 dator
1065 519 1150 567 est
1175 510 1328 582 legis.

444 604 560 657 Alia
589 603 764 656 adhuc
782 601 1002 669 insuper
1017 601 1246 670 quaestio
1270 601 1510 658 animum
1539 600 1714 672 pulsat
1739 617 1750 654 :
1777 615 1946 670 quare

375 688 798 760 interpellaverit
825 688 1008 746 Helias
1045 689 1366 756 Dominum,
1417 691 1561 759 quod
1589 689 1750 744 Israel
1791 689 1944 744 dere-

374 783 501 838 licto
527 783 636 836 Deo
665 781 956 850 prOphetas
979 792 1005 821 ι
1031 781 1292 836 occiderit
1319 820 1334 844 ,
1389 788 1446 834 et
1472 779 1588 848 ejus
1616 779 1950 834 destruxerit

375 871 565 926 altaria
590 913 604 937 ,
658 888 782 927 eum
814 872 867 926 in
909 871 1026 943 lege
1065 871 1194 926 olim
1234 870 1445 940 iussum
1477 869 1691 936 fuisset,
1719 886 1824 924 non
1853 885 1946 925 eos

375 980 533 1035 posse
555 965 788 1034 amplius
810 964 1009 1019 habere
1039 963 1248 1030 altaria,
1281 979 1442 1032 quam
1472 977 1667 1028 unum,
1713 964 1946 1032 primum

377 1055 431 1108 in
459 1054 827 1119 tabernaculo,
873 1054 1067 1108 deinde
1090 1055 1145 1109 in
1173 1056 1405 1123 templo,
1437 1053 1540 1108 nisi
1571 1053 1713 1122 quod
1743 1053 1947 1124 liquide

376 1143 537 1198 datur
561 1144 808 1214 intelligi,
835 1145 976 1213 quod
999 1151 1285 1213 postquam
1320 1145 1504 1199 decem
1534 1143 1708 1200 tribus
1729 1159 1758 1198 a
1786 1144 1947 1198 domo

377 1235 545 1289 David
573 1235 792 1299 excisae,
841 1242 898 1289 et
918 1250 948 1289 a
978 1234 1209 1303 templo,
1259 1243 1317 1290 et
1349 1233 1686 1290 Hierusalem
1710 1243 1837 1288 sunt
1861 1248 1947 1290 se-

377 1335 598 1398 paratm,
646 1326 742 1390 illi,
774 1326 866 1395 qui
914 1327 968 1381 in
1008 1326 1194 1382 decem
1227 1327 1490 1391 tribubus,
1531 1342 1652 1396 qua:
1681 1328 1947 1382 vocaban-

378 1431 469 1477 tur
493 1421 750 1490 Ephraim
773 1461 790 1487 ,
835 1421 1070 1477 cultores
1115 1421 1280 1476 divini
1321 1421 1555 1476 nominis
1578 1429 1738 1475 erant
1762 1439 1775 1474 :
1807 1428 1862 1474 et
1888 1428 1948 1474 ut

377 1513 671 1583 putandum
698 1521 780 1568 est
819 1512 885 1566 ad
930 1512 1019 1566 illa
1046 1512 1238 1566 altaria
1271 1511 1640 1576 recurrebant,
1670 1527 1789 1580 qua:
1817 1511 1946 1565 olim

377 1613 668 1662 erexerant
704 1605 1052 1670 Patriarchm,
1083 1605 1357 1661 Abraham
1377 1644 1394 1670 ,
1443 1603 1594 1660 Isaac
1620 1643 1634 1669 ,
1671 1614 1727 1658 et
1757 1602 1946 1666 Jacob.

379 1697 512 1751 locis
532 1696 978 1766 competentibus,
1002 1696 1094 1752 ubi
1117 1698 1200 1754 eis
1220 1697 1362 1752 Deus
1388 1703 1732 1766 apparuerat,
1757 1695 1825 1750 ad
1844 1695 1950 1749 hoc

381 1788 575 1842 altaria
601 1789 838 1844 cultores
866 1788 1034 1843 divini
1057 1789 1288 1844 nominis
1307 1829 1321 1854 ,
1354 1797 1410 1843 et
1443 1789 1488 1843 si
1519 1803 1624 1842 non
1656 1787 1723 1842 ad
1749 1787 1956 1841 sacrill-

381 1882 633 1947 candum,
670 1889 847 1936 tamen
876 1881 945 1935 ad
985 1881 1248 1936 orandum
1280 1882 1450 1936 Deum
1486 1889 1700 1951 patrum
1735 1895 1956 1934 suorum

381 1973 751 2028 recurrebant.
805 1970 932 2027 Haec
979 1971 1223 2027 videntes
1271 1971 1514 2043 sacrilegi
1561 1971 1814 2026 Israelita
1833 2010 1848 2034 ,
1901 1977 1959 2024 et

381 2061 644 2115 idolorum
671 2059 906 2115 cultores
924 2100 942 2125 ,
973 2059 1359 2126 destruebant,
1387 2069 1450 2115 ut
1471 2074 1572 2114 nec
1592 2059 1666 2116 ibi
1690 2059 1840 2114 locus
1873 2073 1958 2113 es-

383 2135 489 2216 set,
514 2153 606 2207 ubi
649 2152 764 2207 veri
811 2152 1126 2207 sdoratores
1163 2152 1450 2207 Dominum
1472 2159 1856 2222 precarentur;
1903 2158 1959 2205 et

383 2247 488 2301 hoc
513 2256 612 2312 est,
638 2248 780 2316 quod
807 2247 860 2301 in
887 2248 1151 2317 superiori
1176 2248 1457 2319 parteiam
1481 2250 1818 2320 prmissum
1848 2258 1956 2315 est,

384 2337 526 2404 quod
566 2337 952 2392 instauraverit
990 2321 1172 2393 Helias
1217 2337 1388 2394 altare
1426 2339 1642 2395 Domini
1683 2342 1825 2408 quod
1867 2338 1962 2394 de-

384 2437 650 2484 structum
687 2429 881 2485 fuerat.

455 2517 635 2590 (Vers.
669 2520 778 2592 ll).
817 2521 1069 2590 Dixitque
1109 2521 1369 2576 Dominus
1395 2524 1462 2577 ad
1510 2520 1760 2576 Heliam:
1798 2521 1962 2591 Egre-

387 2613 509 2671 dere
529 2623 576 2668 et
602 2623 684 2668 sta
705 2614 760 2668 in
787 2623 959 2667 monte
982 2631 1158 2668 coram
1186 2615 1432 2680 Domino,
1481 2625 1530 2669 et
1565 2631 1681 2668 ecce
1708 2614 1963 2668 Dominus

385 2707 590 2771 transit,
616 2717 665 2761 et
691 2705 920 2776 Spiritus
941 2709 1157 2777 grandis
1174 2750 1188 2773 ,
1220 2720 1268 2763 et
1292 2710 1444 2778 fortis
1485 2709 1783 2764 subuertens
1823 2726 1965 2763 mon-

386 2806 480 2859 tes,
505 2806 553 2849 et
577 2806 847 2850 conterens
880 2806 1054 2865 petras
1079 2809 1198 2852 ante
1221 2799 1527 2853 Dominum.

458 2885 610 2952 Quod
641 2893 820 2940 autem
859 2887 935 2940 ait
960 2895 1085 2942 ante
1122 2887 1407 2942 Dominum
1449 2890 1772 2958 pra’cessisse
1811 2890 1966 2960 spiri-

389 2987 501 3030 tum
527 2976 801 3045 grandem,
829 2987 925 3031 etc.
955 2978 1071 3046 ejus
1102 2980 1388 3034 adventum
1419 2978 1686 3050 signiﬁcat
1713 2982 1778 3036 ad
1801 2980 1963 3036 corda

387 3067 724 3122 credentium
747 3069 1071 3138 quibusdam
1117 3069 1362 3134 occultis,
1410 3079 1466 3125 et
1503 3070 1856 3126 inelfabilihus
1892 3073 1964 3126 si-
1989 3084 2034 3145 ρ

389 3156 508 3226 gnis
550 3173 672 3211 esse
715 3157 1076 3226 profuturum.
1134 3158 1268 3212 Nam
1293 3159 1438 3228 quod
1478 3162 1554 3214 ait
1596 3161 1958 3217 :Subvertens

388 3257 586 3302 montes
631 3257 680 3301 et
721 3258 988 3302 cauterem
1026 3257 1199 3318 petras
1241 3261 1362 3303 ante
1401 3240 1684 3305 Dominum
1709 3292 1724 3314 ,
1755 3253 1859 3306 hoc
1881 3260 1965 3306 est

391 3338 536 3405 quod
560 3337 850 3408 Apostolus
875 3340 951 3392 ait
983 3338 1068 3408 (11
1101 3337 1224 3393 Cor.
1270 3357 1323 3404 x,
1353 3341 1408 3404 4,
1445 3341 1499 3411 5)
1531 3359 1544 3394 :
1571 3343 1731 3396 Arma
1761 3343 1964 3397 militias

393 3437 582 3480 nostra:
625 3443 728 3480 non
767 3428 1024 3493 carnalia,
1071 3428 1161 3483 sed
1185 3429 1507 3499 spiritualia,
1553 3431 1622 3484 ad
1656 3432 1967 3486 destructio-

391 3531 506 3569 nem
531 3514 968 3583 utunitionum...,
993 3528 1042 3572 et
1063 3535 1266 3573 omnem
1288 3519 1614 3574 altitudinem
1637 3520 1966 3577 extollentem

391 3624 447 3662 se
467 3607 536 3661 ad
543 3624 713 3662 uersus
742 3608 1014 3663 scientiam
1036 3610 1152 3665 Dei.

464 3698 640 3767 (Vers.
668 3700 755 3766 li,
784 3699 896 3771 12).
950 3700 1074 3755 Non
1117 3701 1172 3756 in
1199 3703 1388 3773 spiritu
1427 3702 1684 3758 Dominus
1710 3743 1724 3768 ,
1768 3712 1818 3757 et
1855 3712 1968 3774 post

391 3791 970 3860 spiritumcommotio:
1006 3809 1112 3846 non
1153 3793 1209 3847 in
1237 3795 1580 3848 commotione
1601 3794 1879 3860 Dominus,
1921 3804 1971 3849 et

393 3893 508 3952 post
549 3885 941 3938 commotionem
988 3885 1124 3955 ignis
1147 3900 1165 3937 :
1191 3902 1296 3938 non
1339 3886 1394 3940 in
1439 3887 1556 3955 igne
1598 3885 1874 3950 Dominus,
1923 3897 1970 3940 et

394 3979 508 4039 post
535 3971 704 4040 ignem
726 3972 911 4026 sibilus
946 3989 1092 4028 aura:
1113 3976 1304 4028 tenuis.
1337 3975 1366 4015 δ
1400 3992 1418 4026 ι
1447 3973 1682 4045 Spiritus
1705 3985 1833 4031 ante
1863 3976 1969 4031 Do-

396 4061 601 4115 minum
622 4061 819 4116 evertit
851 4071 1064 4118 montes
1082 4104 1098 4129 ,
1140 4073 1197 4119 et
1234 4074 1416 4136 petras
1443 4067 1696 4130 conterit,
1723 4051 1847 4136 quia
1875 4082 1970 4137 pa-

397 4166 518 4217 vor,
547 4151 639 4220 qui
668 4167 737 4204 es
765 4153 993 4207 adventu
1021 4155 1138 4224 ejus
1159 4156 1338 4220 irruit,
1360 4164 1418 4210 et
1431 4156 1766 4210 altitudinem
1793 4155 1974 4211 cordis

395 4243 569 4300 nostri
613 4238 815 4308 dejicit,
863 4251 920 4296 et
960 4243 1215 4298 duritiam
1265 4245 1561 4315 liquefacit.
1619 4244 1725 4300 Sed
1761 4245 1972 4314 spiritui

394 4329 798 4394 commotionis,
845 4338 902 4384 et
928 4331 1037 4402 igni
1061 4347 1168 4387 non
1190 4333 1370 4388 inesse
1394 4333 1564 4390 Deum
1598 4334 1728 4389 dicit
1771 4351 1784 4387 :
1816 4333 1871 4388 ιιι
1902 4333 1976 4388 si-

2055 500 2221 555 timus
2249 519 2261 554 :
2293 502 2434 555 unde
2464 502 2600 556 bene
2626 502 2734 556 illic
2755 501 3036 556 subditur:
3067 501 3221 567 Quod
3243 519 3360 556 cum
3392 505 3622 560 audisset

2055 591 2104 646 11
2112 592 2237 647 elias
2261 610 2279 647 :
2310 599 2510 664 operuit
2537 593 2731 648 vultum
2753 609 2906 647 suum
2929 592 3112 664 pallio,
3157 603 3204 647 et
3226 610 3462 665 egressus
3488 599 3623 652 stetit

2053 683 2109 736 in
2138 684 2270 738 ostio
2295 683 2574 753 speluncaz.

2127 784 2151 811 ε
2188 792 2206 824 ι
2232 772 2368 840 Quid
2399 783 2480 828 est
2513 771 2655 842 quod
2701 770 2969 840 Propheta
3013 787 3136 826 cum
3178 788 3366 829 vocem
3411 775 3626 830 Domini

2053 880 2236 920 secum
2263 865 2531 935 loquentis
2559 865 2786 925 audiret,
2817 864 2869 917 in
2896 863 3166 933 spelunca:
3194 880 3305 918 sua:
3330 866 3471 920 ostio
3496 876 3624 933 stat,

2053 954 2322 1010 etfaciem
2352 954 2526 1009 velat?
2572 954 2673 1007 nisi
2699 953 2822 1022 quia
2853 953 2979 1007 dum
3020 968 3114 1023 per
3156 953 3624 1024 contemplationis

2054 1048 2280 1118 gratiam
2330 1063 2432 1102 vox
2483 1062 2726 1116 superna:
2753 1045 3120 1116 intelligentia:
3156 1046 3288 1100 litin
3321 1056 3520 1112 mente,
3554 1057 3626 1102 to-

2055 1148 2140 1194 tus
2171 1141 2332 1194 homo
2373 1139 2484 1209 jam
2529 1139 2667 1193 intra
2695 1137 3003 1208 speluncam
3028 1153 3134 1192 non
3160 1148 3264 1202 est,
3301 1139 3428 1211 quia
3467 1138 3487 1178 ί
3518 1140 3628 1194 ani-

2053 1247 2201 1288 mum
2223 1233 2428 1287 -carnis
2476 1248 2604 1287 cura
2658 1246 2765 1285 non
2807 1231 3066 1300 possidet,
3105 1229 3198 1286 sed
3247 1240 3354 1285 stat
3388 1232 3443 1285 in
3467 1232 3621 1296 ostio,

2053 1319 2178 1388 quia
2225 1315 2568 1371 mortalitatis
2615 1315 2892 1384 angustias
2937 1315 3087 1370 exire
3131 1315 3442 1369 meditatur.
3521 1315 3626 1370 Sed

2045 1406 2157 1476 jam
2186 1408 2276 1477 qui
2306 1408 2359 1461 in
2387 1406 2525 1461 ostio
2555 1405 2819 1474 spelunca:
2847 1404 3127 1470 consistit,
3168 1413 3223 1459 et
3260 1406 3422 1460 verba
3451 1407 3546 1460 Dei
3574 1407 3625 1461 in

2053 1513 2184 1552 aure
2220 1496 2398 1552 cordis
2444 1494 2688 1565 percipit,
2739 1509 2961 1548 necesse
3002 1502 3121 1560 cst,
3169 1503 3228 1548 ut
3255 1494 3447 1548 faciem
3473 1495 3624 1558 velet,

2053 1591 2179 1660 quia
2209 1590 2336 1644 dum
2363 1603 2460 1658 per
2485 1601 2770 1658 supernam
2799 1586 3027 1656 gratiam
3061 1586 3129 1640 ad
3158 1585 3353 1639 altiora
3386 1588 3412 1627 8
3435 1586 3629 1640 intelli-

2056 1681 2250 1751 gentia:
2285 1680 2568 1744 ducimur,
2611 1687 2813 1748 quanto
2861 1676 3112 1732 subtilius
3159 1677 3432 1742 levamur,
3482 1685 3630 1731 tanto

2057 1788 2269 1843 semper
2314 1786 2412 1842 per
2449 1768 2808 1824 humilitatem
2848 1767 3207 1838 nosmetipsos
3235 1766 3506 1822 intellectu
3537 1783 3632 1820 no-

2053 1873 2166 1920 stro
2204 1876 2450 1933 premere
2480 1861 2756 1923 debemus,
2799 1874 2898 1913 nec
2931 1873 3189 1913 conemur
3231 1857 3408 1929 (Rom.
3445 1873 3545 1919 ιιι,
3576 1857 3628 1926 5)

2053 1954 2169 2024 plus
2195 1968 2395 2022 sapere,
2431 1967 2587 2021 quam
2630 1957 2829 2020 oportet
2867 1965 3066 2019 sapere,
3115 1947 3205 2002 sed
3245 1965 3428 2018 sapere
3449 1950 3517 2001 ad
3556 1965 3634 2001 so—

2056 2045 2355 2108 brietatem;
2423 2057 2491 2096 ne
2544 2041 2670 2096 dum
2723 2037 2884 2092 nimis
2943 2038 3234 2093 invisibilia
3287 2037 3630 2102 discutimus,

2057 2134 2404 2196 aberremus,
2442 2146 2509 2186 ne
2530 2130 2583 2185 in
2610 2129 2696 2183 illa
2722 2138 2914 2184 natura
2946 2129 3263 2200 incorporea
3295 2129 3538 2199 corporei
3563 2129 3634 2182 lu-

2059 2227 2220 2280 minis
2250 2223 2447 2294 aliquid
2472 2238 2780 2294 qumramus
2808 2241 2820 2274 :
2851 2236 3036 2275 aurem
3069 2221 3214 2275 enim
3240 2220 3518 2274 intendere
3537 2260 3552 2284 ,
3581 2228 3634 2274 et

2059 2316 2251 2370 faciem
2277 2315 2488 2384 Oper-ire
2513 2354 2526 2376 ,
2561 2321 2640 2368 est
2663 2329 2848 2366 vocem
2888 2312 3163 2368 interioris
3201 2311 3512 2367 substantia:
3542 2328 3634 2366 au-

2059 2407 2175 2462 dire
2198 2422 2293 2475 per
2321 2413 2554 2458 mentem
2575 2444 2590 2468 ,
2618 2412 2672 2457 et
2705 2410 2883 2458 tamen
2915 2401 2981 2457 ab
3001 2402 3148 2457 omni
3180 2403 3356 2472 specie
3380 2419 3637 2472 corporea

2060 2497 2245 2552 oculos
2273 2496 2453 2551 cordis
2483 2503 2749 2558 avertere,
2775 2508 2842 2548 ne
2867 2493 2995 2563 quid
3032 2493 3131 2548 sibi
3157 2494 3210 2548 in
3249 2493 3331 2547 illa
3357 2494 3636 2563 corporale

2061 2589 2272 2642 animus
2319 2585 2519 2655 lingat,
2575 2601 2694 2655 qua:
2729 2585 2927 2654 ubique
2958 2594 3098 2651 tota,
3145 2595 3200 2640 et
3241 2585 3428 2654 ubique
3467 2573 3637 2638 incir-

2061 2676 2386 2744 cumscripta
2418 2683 2519 2728 est.
2559 2695 2576 2726 ι

2134 2765 2460 2840 (l’ers.15.)
2510 2763 2579 2817 Et
2627 2765 2762 2818 dixit
2801 2763 3055 2818 Dominus
3103 2764 3172 2818 ad
3214 2763 3421 2817 Deliam
3449 2803 3464 2828 ,
3512 2762 3638 2817 vade

2065 2871 2315 2914 revertere
2346 2860 2400 2913 in
2444 2859 2582 2912 viam
2628 2863 2776 2908 tuum
2805 2871 2894 2924 per
2922 2855 3180 2908 desertum
3211 2855 3264 2907 in
3297 2853 3632 2906 Damascum.

2066 2950 2298 3022 Cumque
2333 2948 2644 3022 perveneris,
2690 2963 2850 3017 uuges
2896 2945 3092 3000 Asc/uel
3120 2945 3312 3016 Regem
3352 2962 3509 3016 super
3543 2945 3636 3013 Sy-

2068 3046 2222 3106 riam,
2250 3053 2297 3096 et
2325 3041 2460 3095 Hieu
2479 3041 2648 3110 ﬁlium
2669 3040 2854 3094 Namsi
2877 3054 3034 3107 unges
3063 3035 3249 3105 Regem
3269 3053 3427 3105 super
3448 3035 3633 3099 Israel,

2063 3146 2111 3190 et
2140 3131 2586 3202 [fatiscunt/ilium
2604 3131 2802 3203 Saphat
2823 3129 2910 3199 qui
2933 3138 3007 3182 est
3037 3129 3099 3181 de
3125 3126 3450 3192 Abelmeula,
3479 3143 3635 3195 unges

2064 3223 2378 3296 PrOphetam
2405 3239 2498 3294 pro
2528 3232 2595 3276 te.
2640 3221 2706 3275 Et
2734 3221 2868 3283 erit,
2940 3219 3233 3288 quicunque
3285 3216 3480 3287 fugerit
3523 3216 3635 3285 91η-

2064 3317 2209 3369 dium
2238 3313 2450 3380 Azabel,
2479 3313 2667 3367 occidit
2693 3329 2809 3366 eum
2843 3310 2978 3364 Hieu
3005 3323 3022 3361 :
3066 3309 3132 3362 Et
3161 3309 3457 3386 quicunque
3497 3309 3637 3378 fuge-

2067 3410 2132 3461 rit
2165 3408 2400 3478 gladium
2427 3407 2603 3473 Ilieu,
2633 3405 2905 3474 interﬁciet
2952 3421 3068 3458 eum
3115 3401 3378 3456 Heliseus.
3422 3401 3452 3440 ιι
3494 3399 3637 3453 Abel-

2066 3499 2237 3552 meula
2265 3499 2384 3553 urbs
2419 3509 2492 3552 est
2534 3515 2639 3551 una
2673 3499 2688 3536 ι
2717 3497 2782 3550 de
2812 3495 3135 3567 principibus
3184 3491 3504 3547 Salomonis.
3547 3487 3634 3543 Est

2067 3600 2241 3642 autem
2277 3605 2412 3642 nunc
2457 3588 2596 3641 ritus
2648 3586 2729 3656 (ut
2762 3587 2815 3640 in
2838 3585 3078 3639 locorum
3109 3582 3247 3637 libro
3277 3579 3553 3651 legimus),
3585 3581 3634 3632 in

2068 3678 2322 3743 Auleone,
2356 3679 2555 3731 decimo
2595 3677 2659 3733 ob
2682 3674 2981 3747 Scythpoli
3005 3673 3252 3728 milliaria
3289 3672 3494 3726 distans
3522 3686 3636 3723 con-

2068 3782 2151 3825 tra
2181 3771 2464 3825 australem
2489 3770 2716 3841 plagam,
2749 3778 2798 3822 et
2826 3785 2961 3821 nunc
2981 3766 3175 3819 dicitur
3203 3763 3216 3813 i
3251 3761 3463 3816 Betula.
3504 3781 3522 3812 ι
3541 3761 3636 3814 Da-

2071 3878 2287 3917 mascus
2316 3863 2457 3916 enim
2480 3901 2494 3925 ,
2549 3861 2641 3930 qui
2669 3860 3057 3928 interpretatur
3097 3856 3406 3924 sanguinem
3447 3853 3634 3915 bibens,

2071 3952 2182 4008 sive
2207 3952 2510 4023 prapinans,
2542 3950 2706 4004 totius
2735 3947 2914 4002 Mundi
2946 3955 3130 4017 typum
3165 3944 3418 4013 gerebat,
3448 3945 3500 3997 in
3539 3957 3636 4011 qun

2071 4043 2426 4107 habitatores,
2450 4041 2613 4105 illius,
2647 4037 2959 4094 immolandi
2987 4035 3319 4092 daemonibus
3352 4035 3494 4088 filios
3522 4047 3639 4088 suos

2073 4134 2387 4206 sanguinem
2415 4133 2621 4198 bibere,
2665 4147 2727 4186 ac
2751 4129 3037 4201 pmpiuare
3067 4142 3174 4182 non
3198 4135 3282 4182 est
3310 4126 3636 4197 ambiguum.

2077 4225 2308 4296 Sanguis
2356 4225 2499 4277 enim
2538 4238 2636 4292 pro
2678 4223 2939 4292 peccato,
2997 4234 3062 4273 ac
3111 4225 3283 4271 morte
3340 4217 3555 4286 ponitur
3590 4214 3640 4267 in

2076 4315 2373 4386 Scripturis
2402 4334 2414 4369 :
2446 4331 2608 4385 quam
2646 4330 2752 4369 non
2785 4313 2959 4367 solum
2989 4311 3089 4365 sibi
3120 4309 3363 4365 infelices
3389 4308 3640 4363 videban-

397 4419 510 4474 ωηο
540 4433 668 4474 vero
709 4435 855 4475 aurae
886 4400 1062 4478 tenuis
1086 4423 1261 4479 inesse
1299 4440 1404 4478 non
1433 4435 1594 4496 nega;
1625 4443 1640 4480 ε
1670 4426 1795 4495 quia
1824 4426 1978 4481 nimi.
2001 4420 2052 4478 1)
2083 4418 2167 4462 tur
2194 4408 2397 4462 inferre
2421 4447 2434 4471 ,
2491 4405 2583 4460 sed
2622 4412 2676 4459 et
2726 4403 2837 4459 suis
2882 4401 3243 4496 imitatoribus
3269 4400 3638 4496 propinabant.

401 4525 520 4564 rum
544 4524 699 4566 mens
726 4527 849 4567 cum
897 4513 952 4567 in
993 4515 1460 4586 contemplationis
1501 4516 1832 4571 sublimitate
1861 4531 1979 4569 sus-

396 4600 682 4671 penditur,
729 4601 989 4672 quidquid
1042 4603 1281 4672 perfecte
1325 4605 1640 4676 conspicere
1698 4603 1972 4674 praevalet,

401 4690 662 4746 Dominus
689 4707 796 4747 non
826 4702 928 4746 est.
967 4692 1101 4747 Cum
1139 4710 1269 4750 vero
1313 4695 1583 4750 subtiliter
1624 4694 1824 4762 aliquid
1849 4708 1978 4748 con—

401 4781 599 4850 spicit:
627 4783 731 4836 hoc
755 4789 840 4836 est
862 4783 1005 4851 quod
1030 4783 1095 4837 de
1117 4784 1649 4853 ineompreheusibili
1676 4783 1976 4838 substantia

399 4871 721 4927 :cternitatis
749 4871 900 4926 audit
931 4889 945 4924 :
971 4871 1124 4939 quasi
1163 4872 1306 4927 enim
1351 4871 1568 4926 sibilum
1614 4886 1758 4924 aura:
1802 4871 1980 4925 tenuis

401 4962 730 5032 percipimus
761 4977 885 5016 cum
927 4978 1173 5032 saporem
1222 4965 1707 5034 incircumscripla:
1735 4963 1977 5018 veritatis

398 5053 860 5124 contemplatione
896 5054 1072 5109 subita
1119 5056 1386 5110 subtiliter
1411 5056 1778 5125 degustamus.
1826 5055 1976 5109 Tunc

400 5159 533 5213 ergo
575 5159 764 5200 verum
813 5153 939 5210 est,
985 5145 1174 5215 quodc
1206 5145 1376 5200 Deum
1423 5145 1822 5214 cognoscimus,
1852 5159 1974 5198 cum

474 5289 499 5316 ι
540 5273 746 5331 Altaria
785 5276 1176 5341 destruxerunt,
1200 5275 1472 5346 praphetas
1495 5283 1608 5346 tuos
1652 5273 1971 5346 occiderunt.

479 5347 506 5384 δ
547 5346 940 5416 Subsequentia
983 5361 1154 5416 usque
1195 5344 1322 5402 dum
1350 5344 1635 5414 pervenias
1674 5345 1742 5397 ad
1767 5359 1831 5397 ea
1854 5359 1975 5416 ver-

407 5416 474 5487 lia
494 5433 520 5487 _:
551 5417 688 5470 stetit
713 5414 770 5472 in
789 5420 919 5473 ostio
948 5414 1238 5487 speluncis,
1268 5415 1478 5487 lineolis
1511 5421 1694 5487 notata
1729 5414 1978 5487 perquire

409 5484 747 5558 i_u_PaterioA,
782 5484 1111 5558 ideoqueiu
1139 5485 1440 5558 Gregorio,
1454 5485 1606 5558 cujus
1635 5484 1828 5558 lilrrum
1862 5499 1889 5533 ν
1925 5484 1976 5537 in

408 5527 512 5662 3&th
535 5527 757 5675 3,35%?
782 5527 1807 5627 ίἶιῖιῖἒῖῗέϐξἶιῐῖἑέῧῇίῗὲέξᾌὶῖηἶ’ἐξῇ

729 5642 777 5677 ο.

479 5693 503 5737 .4
551 5689 718 5745 Plane
741 5709 757 5746 :
783 5694 873 5748 scd
899 5702 1116 5750 ormstat
1153 5695 1316 5749 plene.

2075 4500 2278 4554 Azahcl
2302 4514 2451 4562 vero,
2484 4498 2576 4568 qui
2609 4497 2994 4566 interpretatur
3022 4495 3230 4563 factura
3271 4493 3389 4558 Dei,
3436 4492 3645 4547 univer-

2078 4605 2262 4644 sarum
2299 4589 2537 4659 gentium
2571 4587 2883 4641 continebat
2906 4583 3162 4657 figuram,
3214 4583 3301 4637 cui
3345 4581 3499 4636 valde
3524 4595 3646 4635 con-

2077 4679 2222 4750 gruit
2253 4677 2631 4746 interpretatio
2655 4695 2667 4728 :
2694 4677 2789 4729 Dei
2815 4675 3044 4744 factura.
3081 4671 3224 4741 Opus
3247 4671 3390 4725 enim
3412 4670 3645 4726 divinum

2079 4771 2210 4834 fuit,
2258 4777 2318 4824 ut
2355 4767 2619 4824 obdurato
2645 4766 2879 4830 lsraele,
2915 4773 2970 4819 et
3020 4765 3188 4835 signis
3211 4804 3226 4827 ,
3280 4771 3444 4832 atque
3487 4762 3649 4815 virtu-

2084 4861 2225 4915 tibus
2271 4859 2482 4914 Domini
2531 4858 2744 4928 penitus
2787 4861 3154 4924 nequaquam;
3187 4853 3482 4915 credente,
3547 4863 3642 4903 na-

2085 4955 2288 5007 tionum
2335 4949 2516 5019 populi
2565 4963 2688 5001 cum
2729 4945 2877 4999 omni
2907 4944 3100 4998 mentis
3144 4941 3429 5019 alacritate
3473 4936 3640 4994 crede

2081 5053 2202 5100 rent
2237 5043 2291 5098 in
2337 5018 2676 5094 cruciﬁxum.
2739 5034 2864 5089 Sive
2913 5035 3070 5088 aliter
3106 5033 3314 5102 factura
3340 5018 3459 5093 Dei,
3487 5029 3537 5081 id
3565 5033 3641 5080 est

2081 5136 2254 5205 imago
2307 5129 2400 5184 Dei
2449 5143 2546 5198 per
2592 5127 2752 5181 fidem
2793 5123 2994 5180 Christi
3041 5121 3290 5194 gentibus
3336 5118 3635 5191 constituta,

2156 5280 2180 5308 ο
2220 5265 2346 5320 Haec
2369 5278 2583 5335 quoque
2607 5263 2660 5315 in
2693 5260 2956 5335 Gregorio
2975 5259 3246 5335 invenias;
3275 5258 3368 5335 sed
3387 5257 3512 5335 alibi
3539 5263 3637 5306 tta-

2082 5339 2226 5400 dita;
2257 5329 2463 5390 scilicet
2491 5329 2637 5388 num.
2675 5332 2738 5385 l8
2763 5329 2994 5386 humilia:
3021 5331 3042 5384 ι
3077 5331 3126 5384 in
3152 5329 3416 5384 illechiel.

2162 5407 2178 5445 ί
2223 5406 2485 5459 Animam.

2159 5478 2184 5516 ὅ
2226 5473 2658 5548 Intelligeuela.___
2895 5542 2906 5548 _
2949 5542 2961 5548 _
3028 5539 3040 5548 _
3114 5539 3126 5548 ,
3183 5539 3198 5548 ,
3254 5539 3267 5548 ,
3352 5535 3416 5548 ..

2157 5548 2183 5585 ιι
2227 5543 2356 5598 \‘icle
2380 5539 2573 5595 librum
2599 5542 2908 5613 Hieronymi
2932 5542 2996 5597 de
3027 5539 3158 5596 locis
3183 5539 3468 5594 bebralcis.

2165 5619 2177 5654 ί
2232 5615 2302 5666 De
2323 5613 2617 5679 pratripuis.

2161 5684 2175 5734 l
2223 5681 2496 5747 Bethania,
2525 5682 2611 5735 alii
2646 5681 2904 5736 lict/iulia.
