3924 6170
232 341 330 398 765

869 338 1334 410 QUESTIONES
1371 337 1522 394 xxx
1563 334 1790 400 surtu
1834 332 2082 390 Lis-nos
2118 332 2382 392 manu.
2420 362 2485 373 —
2528 331 2730 387 LIBER
2765 293 2872 388 lV.

3387 328 3493 386 ἰϐιδ

231 455 360 515 nulli
384 455 582 526 poterit
607 469 728 512 esse
751 457 995 512 dubium.
1035 457 1189 520 Nam,
1214 464 1274 510 ut
1303 455 1355 509 in
1379 452 1568 519 Jacob,
1597 462 1652 506 et
1671 452 1811 506 Esau
1841 451 1888 508 Α
1916 460 2037 498 rum
2068 446 2347 508 doctores,
2391 444 2483 514 qui
2517 444 2622 499 hoc
2656 443 2972 514 mysterium
2995 417 3207 512 populis
3239 443 3486 498 occulta-

234 553 400 624 tigura
426 558 776 620 praecesserat
799 547 1022 618 majoris
1049 549 1320 620 quondam
1360 547 1490 611 ﬁlii,
1520 545 1807 614 primatus,

230 659 291 698 ac
333 641 643 697 benedictio
686 641 754 696 ad
792 639 1066 710 iuniorem
1113 638 1340 694 fratrem
1388 637 1687 700 translata,
1734 637 1810 690 ita

229 733 390 789 etiam
419 731 472 786 in
505 730 645 796 istis,
675 731 910 785 Azahele
937 729 1210 794 videlicet,
1233 737 1288 782 et
1311 727 1468 793 llieu,
1495 727 1674 782 divina
1702 725 1811 780 dis-

230 820 542 894 pensatibne
591 819 940 891 intelligimus
984 820 1132 893 geri,
1175 828 1234 873 ut
1275 819 1516 890 gentium
1553 817 1808 887 populus,

227 913 318 982 qui
343 910 521 966 fuerat
542 907 748 979 junior,
775 926 873 982 per
902 911 1193 966 Azahelem
1216 918 1562 979 praeponatur
1601 909 1654 963 in
1687 923 1812 977 per—

226 1021 358 1060 sona
388 1002 529 1058 Hieu
568 1004 945 1074 primogenito,
988 1015 1049 1058 ut
1089 1004 1351 1074 scriptum
1373 1010 1486 1066 est,
1519 1001 1726 1068 lsraeli,
1757 1011 1813 1057 et

219 1095 378 1164 juxta
409 1093 708 1164 Scriptura:
741 1094 1108 1151 testimonium
1137 1135 1152 1161 ,
1200 1092 1458 1165 populus,
1505 1093 1596 1164 qui
1619 1103 1729 1148 erat
1755 1095 1811 1149 in

223 1185 419 1256 capite,
443 1193 656 1255 propter
676 1184 1132 1254 pravaricationes
1153 1184 1417 1250 assiduas,
1444 1193 1492 1239 et
1518 1183 1808 1254 piaculum,

221 1275 365 1347 quod
394 1274 572 1330 intulit
599 1274 858 1340 Domino,
896 1275 1070 1345 factus
1113 1277 1168 1330 in
1198 1275 1369 1329 cauda
1395 1285 1492 1340 est,
1525 1275 1812 1330 translato—

221 1380 332 1436 que
360 1367 432 1420 ab
458 1365 650 1422 eodem
698 1381 864 1436 regno
889 1407 904 1431 ,
951 1375 1010 1421 ut
1044 1367 1306 1422 Dominus
1338 1367 1516 1422 fuerat
1545 1374 1812 1436 protesta-

222 1465 332 1522 tus,
376 1457 561 1510 datum
609 1465 694 1510 est
739 1455 977 1526 gentium
1003 1457 1220 1527 populo,
1253 1457 1350 1512 Dei
1376 1458 1708 1514 voluntatem
1731 1459 1812 1512 vi-

220 1545 423 1603 delicet
443 1547 780 1616 exsequenti.
817 1546 924 1602 Sed
963 1547 1089 1618 quia
1117 1547 1310 1604 divinre
1343 1549 1566 1618 pietatis
1589 1556 1674 1603 est
1695 1564 1811 1603 om-

219 1653 322 1693 nes
369 1637 604 1692 homines
649 1638 819 1692 salvos
847 1640 987 1708 fieri,
1039 1640 1199 1696 sicuti
1228 1641 1368 1695 Esau
1392 1682 1407 1706 ,
1458 1641 1583 1696 licet
1605 1640 1809 1709 juniori

219 1727 378 1782 fratri
401 1727 700 1796 subjectum
722 1767 737 1795 ,
784 1745 1127 1800 nequaquam
1154 1731 1528 1788 benedictione
1551 1733 1808 1802 privavit,

1912 535 2058 590 bant.
2099 533 2323 591 Gladius
2363 551 2493 591 vero
2542 534 2678 589 Hieu
2704 574 2720 600 ,
2773 533 2864 604 qui
2911 548 3072 602 super
3097 533 3260 588 lsrael
3294 544 3497 592 unctus

1909 635 2013 692 est,
2045 627 2360 696 praedicatio
2391 625 2735 696 intelligenda
2757 631 2844 679 est
2870 621 3092 677 Joannis
3117 622 3327 677 Domini
3357 639 3495 694 pra:-

1909 717 2150 772 cursoris
2175 757 2191 782 ,
2235 717 2326 786 qui
2372 716 2692 781 Saducaeos,
2724 723 2781 770 et
2804 713 3106 768 Pbarisaeos
3122 713 3400 768 venientes
3427 714 3496 768 ad

1909 807 2238 876 baptismum
2265 820 2420 860 suum
2443 845 2458 871 ,
2483 805 2769 874 increpans
2809 803 3011 857 dixisse
3043 803 3300 857 scribitur
3341 801 3492 872 (Luc.

1910 913 1995 964 ιιι,
2023 897 2076 968 7)
2105 893 2423 951 :Cenimina
2467 897 2764 966 viperarum
2786 908 2805 946 :
2828 894 2945 964 quis
2977 893 3119 946 vobis
3156 893 3377 946 ostendit
3410 892 3497 962 fu-

1909 1011 2029 1066 gere
2061 1014 2094 1050 a
2117 1007 2335 1051 uentura
2359 997 2478 1050 ira?
2508 994 2733 1051 Gladius
2760 1003 3022 1065 praterea
3049 990 3247 1046 Helisei
3269 1033 3282 1055 ,
3322 1006 3494 1045 evan-

1910 1088 2079 1158 gelica
2125 1089 2436 1159 accipienda
2484 1095 2569 1143 est
2601 1085 2946 1158 praedicatio,
2987 1086 3055 1140 de
3105 1099 3208 1154 qua
3237 1084 3498 1140 Dominus
3575 1135 3578 1140 .

1911 1177 2115 1233 dixisse
2157 1179 2418 1234 scribitur
2454 1177 2679 1249 (Matth.
2705 1195 2761 1243 ι,
2791 1175 2894 1246 54)
2926 1194 2939 1229 :
2989 1173 3115 1229 Non
3163 1175 3275 1227 veni
3315 1189 3502 1243 pacem-

1911 1268 2194 1341 mitterejn
2220 1278 2436 1334 terram,
2461 1268 2552 1322 sed
2571 1267 2808 1337 gladium
2834 1282 2853 1320 :
2874 1265 3001 1338 quia
3025 1263 3230 1328 ﬁdeles,
3248 1275 3303 1318 et
3317 1262 3498 1331 justos

1911 1360 2312 1428 quodammodo
2355 1361 2547 1416 dividit
2573 1400 2588 1426 ,
2630 1376 2693 1414 ac
2731 1367 2948 1428 separat
2987 1359 3055 1412 ab
3101 1356 3405 1411 inﬁdelibus
3441 1363 3498 1409 et

1912 1448 2154 1518 injustis,
2201 1459 2256 1506 et
2281 1452 2406 1520 quia
2435 1451 2490 1506 in
2521 1450 2778 1530 cordibus
2802 1449 3142 1504 credentium
3172 1448 3498 1516 cupiditates

1912 1543 2189 1598 interemit
2211 1545 2420 1610 noxias,
2449 1554 2505 1598 et
2525 1545 2654 1598 vitia
2683 1545 2963 1609 universa,
2988 1550 3151 1611 autne
3181 1551 3422 1613 peccata.

1980 1633 2191 1688 interea
2218 1635 2294 1689 ait
2321 1633 2585 1688 Dominus
2603 1634 2668 1688 ad
2693 1632 2902 1689 Heliam
2941 1653 2954 1688 :
2989 1633 3194 1702 Reliqui
3226 1633 3355 1686 mihi
3383 1647 3500 1702 sep-

1912 1710 2014 1776 tem
2045 1723 2214 1778 millia
2246 1725 2476 1778 uirorum
2494 1764 2508 1788 ,
2555 1724 2645 1788 qui
2671 1740 2774 1777 non
2797 1733 3140 1778 curvaverant
3167 1737 3337 1793 genua
3375 1731 3498 1775 ante

218 1821 298 1878 ita
321 1837 541 1892 quoque
562 1831 620 1879 et
649 1824 736 1878 hic
758 1823 923 1880 Heliae
942 1840 974 1878 a
998 1824 1110 1909 Deo
1132 1826 1448 1894 praedicitur
1477 1844 1490 1881 :
1517 1826 1807 1898 relinquam
1836 1801 1884 1860 Β
1911 1813 2084 1909 βωιαί
2111 1855 2126 1881 .
2175 1825 2222 1870 et
2249 1832 2402 1871 omne
2450 1832 2507 1870 os
2531 1815 2672 1885 quod
2699 1831 2805 1868 non
2832 1815 3132 1869 adorarent
3175 1830 3317 1879 eum,
3343 1827 3501 1867 oscu-

217 1913 350 1967 ntihi
371 1922 563 1984 septem
593 1912 762 1967 millia
781 1915 1012 1970 virorum
1033 1955 1049 1980 ,
1098 1932 1322 1986 quorum
1347 1933 1519 1987 genua
1553 1934 1658 1971 non
1685 1926 1809 1972 sunt

218 2012 444 2057 curvata
487 2013 611 2058 ante
652 2002 845 2058 Bahal.
898 2003 1218 2074 Relinquam
1262 2006 1430 2072 enim,
1469 2007 1539 2061 ad
1567 2005 1810 2060 futurum

217 2101 435 2164 tempus
474 2095 752 2166 pertinere
777 2135 792 2160 ,
826 2095 1050 2167 intelligi
1089 2097 1274 2163 voluit,
1309 2099 1452 2168 quod
1501 2098 1556 2152 in
1595 2099 1810 2154 Domini

216 2189 512 2244 adventum
563 2195 780 2244 constat
820 2187 987 2245 fuisse
1028 2190 1324 2260 expletum.
1369 2191 1505 2246 illud
1534 2207 1632 2261 pro
1657 2199 1810 2246 certo

213 2279 498 2335 exstitisse
519 2279 926 2350 intelligendum
951 2289 1055 2346 est,
1071 2282 1216 2352 quod
1243 2283 1428 2352 quies
1449 2283 1595 2336 omni
1625 2282 1809 2337 lsrael-i

105 2429 126 2441 ε
214 2386 319 2441 per
343 2371 620 2441 apostolos
648 2369 851 2426 Christi
885 2370 1044 2424 ﬁdem
1075 2379 1460 2440 susceperunt,
1510 2370 1810 2439 septiformi

213 2462 417 2532 spiritu
448 2460 652 2516 Christi
697 2460 846 2515 uncti
895 2467 1042 2514 sunt.
1096 2459 1232 2516 Hieu
1288 2475 1438 2526 vero,
1470 2459 1624 2528 cujus
1652 2474 1814 2514 voca-

213 2549 414 2605 bulum
475 2549 866 2618 lnterpretatur
898 2549 1040 2619 ipse,
1093 2549 1178 2604 vel
1229 2559 1328 2614 est,
1376 2549 1517 2604 ﬁlius
1561 2549 1814 2604 videlicet

215 2639 446 2706 Namsi,
500 2641 590 2710 qui
638 2642 1028 2712 interpretatur
1063 2643 1362 2703 adtrectans
1387 2683 1403 2709 ,
1440 2643 1524 2698 vel
1548 2641 1810 2712 'palpans,

210 2733 606 2804 Apostolorum
661 2734 972 2804 specialiter
1034 2735 1420 2807 prtellgurabat
1471 2749 1807 2806 personam:

211 2821 328 2878 illis
381 2821 581 2892 quippe
625 2824 822 2878 horum
851 2824 1134 2879 nominum
1173 2823 1329 2880 valde
1359 2824 1610 2895 congruit
1643 2823 1812 2878 inter-

211 2911 478 2982 pretatio.
519 2912 667 2968 Beati
693 2914 840 2969 enim
869 2914 1112 2985 Apostoli
1145 2929 1359 2986 semper
1391 2929 1511 2969 esse
1535 2929 1635 2984 pro
1660 2923 1811 2969 certo

212 3014 326 3070 est,
359 3005 450 3074 qui
479 3021 580 3076 pro
612 3007 894 3064 Trinitatis
931 3009 1302 3076 confessione,
1329 3020 1388 3064 et
1407 3010 1645 3064 veridica
1673 3024 1814 3080 prte-

213 3096 497 3154 dicatione
517 3138 534 3164 ,
584 3098 696 3154 Deo
741 3108 799 3155 et
836 3101 1091 3158 universo
1131 3101 1262 3159 Orbi
1301 3110 1564 3172 perpetuo
1599 3103 1806 3156 vivunt.

214 3185 466 3245 Joannes
490 3204 704 3258 quoque
729 3189 785 3244 in
816 3191 1045 3261 epistola
1081 3207 1179 3247 sua
1214 3207 1339 3248 cum
1363 3193 1431 3248 de
1456 3192 1624 3247 verbo
1659 3191 1804 3257 vitae,

213 3277 328 3334 hoc
355 3286 440 3333 est
475 3280 540 3334 de
565 3279 662 3334 Dei
688 3280 829 3345 ﬁlio,
860 3282 952 3350 qui
985 3297 1207 3338 carnem
1239 3283 1562 3352 assumpsit,
1601 3285 1808 3339 scribe-

213 3378 327 3434 ret,
358 3369 433 3424 ita
459 3368 654 3426 eli‘atus
688 3381 774 3427 est
804 3371 988 3442 (Joan.
1029 3373 1199 3443 Epist.
1231 3373 1282 3441 Ι,
1309 3391 1349 3439 ι,
1375 3375 1430 3447 5)
1473 3394 1486 3430 :
1521 3391 1676 3446 quem
1713 3393 1808 3430 no-

212 3460 349 3514 stris
373 3459 539 3515 oculis
560 3462 785 3519 vidimus
808 3503 823 3528 ,
853 3474 900 3518 et
928 3466 1144 3520 auribus
1174 3468 1366 3522 nostris
1393 3468 1724 3533 audiuimus,
1760 3476 1809 3524 et

216 3565 418 3604 manus
440 3560 632 3605 nostra:
661 3561 1033 3608 tractaverunt.
1062 3555 1216 3622 Quod
1254 3565 1435 3613 autem
1471 3557 1672 3614 dicitur
1699 3558 1808 3614 He-

215 3638 305 3696 liae
335 3681 352 3703 ,
395 3638 667 3696 Heliseum
716 3641 885 3697 ﬁlium
939 3643 1148 3714 Saphat
1181 3646 1249 3702 de
1288 3646 1602 3704 Abelmeula
1639 3665 1812 3721 unges

216 3734 550 3804 prophetam
582 3750 682 3804 pro
718 3743 811 3790 te:
851 3736 924 3790 ita
961 3736 1366 3808 intelligendum
1408 3746 1530 3794 est:
1564 3739 1813 3798 Heliseus

215 3826 368 3880 enim
395 3825 785 3896 interpretatur
807 3826 907 3882 Dei
936 3829 1038 3882 mei
1058 3827 1224 3894 salus,
1269 3828 1474 3899 Sapbat
1509 3840 1690 3886 autem
1719 3833 1814 3901 ju-

216 3917 434 3972 dicans.
471 3916 787 3973 Abelmeula
813 3933 945 3974 vero
971 3917 1142 3974 luctus
1162 3922 1462 3990 parturiens
1487 3939 1505 3976 :
1544 3921 1640 3976 Dei
1665 3922 1812 3976 enim

217 4007 370 4064 ﬁlius
395 4048 410 4073 ,
451 4007 544 4078 qui
587 4016 673 4062 est
708 4023 838 4062 vera
878 4007 1116 4063 ﬁdelium
1145 4009 1292 4064 salus
1317 4008 1500 4081 (Joau.
1528 4027 1582 4074 v,
1611 4010 1726 4081 22),
1759 4017 1816 4064 et

215 4101 307 4158 cui
333 4115 498 4157 omne
515 4099 784 4170 judicium
807 4101 1029 4157 tradidit
1049 4111 1233 4171 pater,
1265 4103 1320 4158 in
1349 4117 1458 4172 quo
1487 4100 1692 4171 judicio
1720 4102 1816 4156 im-

217 4193 352 4263 piis,
383 4201 440 4246 et
469 4193 764 4248 incredulis
814 4193 922 4248 erit
964 4192 1140 4249 luctus
1170 4195 1514 4264 parturiens,
1541 4194 1816 4250 Cebenna:

218 4283 479 4338 videlicet
497 4284 790 4350 cruciatus,
817 4284 908 4354 qui
934 4285 987 4339 in
1019 4286 1336 4342 substantiae
1362 4301 1474 4342 sum
1505 4285 1811 4357 Splendore,

220 4383 389 4444 atque
417 4375 617 4430 virtute
643 4390 751 4432 non
795 4383 1015 4445 poterat
1061 4376 1129 4432 ab
1160 4377 1412 4432 omnibus
1437 4377 1815 4447 contemplari,

1911 1902 2027 1958 lans
2054 1920 2290 1958 manum.

1982 2008 2008 2037 ι
2040 2016 2057 2047 ι
2079 1977 2296 2051 Gellium
2325 2003 2432 2062 est,
2458 1996 2602 2067 quod
2628 1996 2809 2051 cordis
2831 1995 2917 2051 sui
2938 1995 3155 2051 oculum
3183 2010 3282 2064 per
3307 1994 3498 2049 elatio—

1911 2087 1997 2142 nis
2027 2086 2280 2142 tenebras
2301 2086 2623 2158 exstinguit,
2647 2085 2882 2156 quicum
2905 2094 3054 2141 recte
3083 2085 3217 2154 agit,
3244 2085 3497 2140 conside-

1910 2194 2033 2234 rare
2060 2177 2342 2232 meliorum
2370 2179 2564 2234 merita
2594 2177 2834 2249 negligit.
2859 2176 2932 2230 At
2955 2184 3145 2232 contra
3175 2190 3368 2248 magno
3397 2175 3499 2231 bu-

1912 2269 2158 2324 militatis
2209 2270 2362 2324 radio
2413 2269 2766 2338 semetipsum
2816 2268 3087 2322 illuminat
3128 2268 3221 2338 qui
3265 2268 3498 2322 aliorum

1910 2358 2050 2414 bona
2081 2357 2349 2414 subtiliter
2375 2365 2586 2428 pensat,
2613 2358 2738 2426 quia
2765 2357 2894 2412 dum
2930 2373 2994 2412 ea
3013 2396 3028 2423 ,
3059 2372 3180 2426 quae
3209 2357 3326 2426 ipse
3356 2355 3497 2411 fece-

1913 2451 2007 2514 rit,
2057 2449 2199 2504 facta
2246 2450 2399 2514 foris,
2454 2458 2510 2504 et
2550 2450 2618 2503 ab
2647 2450 2770 2504 aliis
2809 2450 3094 2518 conspicit,
3132 2463 3280 2513 eum,
3313 2448 3405 2515 qui
3432 2449 3500 2502 de

1913 2539 2289 2610 singularitate
2338 2539 2485 2593 intus
2525 2554 2813 2608 erumpere
2833 2537 3044 2603 nititur,
3095 2537 3361 2607 superbia
3412 2544 3501 2591 tu-

1914 2649 2122 2688 morem
2164 2632 2382 2703 premit.
2425 2631 2562 2686 llinc
2603 2639 2721 2697 est,
2771 2630 2915 2700 quod
2954 2645 3145 2685 vocem
3180 2629 3393 2684 Domini
3427 2629 3496 2683 ad

1913 2725 2124 2781 lleliam
2158 2725 2333 2782 solum
2362 2740 2422 2780 se
2445 2724 2806 2779 aestimantem
2853 2723 3089 2779 dicitur:
3125 2721 3336 2793 Reliqui
3367 2722 3500 2776 mihi

1909 2825 2104 2887 septem
2153 2816 2320 2870 millia
2369 2817 2634 2880 virorum,
2680 2815 2771 2885 qui
2812 2831 2918 2870 non
2947 2823 3292 2868 curvaverant
3319 2829 3506 2886 genua.

1914 2919 2039 2964 ante
2068 2910 2262 2966 Bahal.
2324 2911 2395 2967 Ut
2423 2911 2552 2966 dum
2592 2925 2698 2966 non
2745 2910 2918 2966 solum
2959 2925 3018 2965 se
3045 2909 3375 2965 remansisse
3398 2923 3494 2965 co-

1913 3013 2223 3075 gnosceret,
2247 3005 2315 3062 de
2337 3005 2594 3061 elationis
2616 3004 2807 3075 gloria,
2827 3018 2946 3074 qua:
2965 3005 3015 3059 ei
3039 3005 3104 3060 de
3117 3003 3500 3074 singularitate

1915 3096 1944 3136 δ
1966 3098 2238 3168 surgebat,
2265 3098 2586 3154 declinaret.
2609 3100 2878 3170 Propheta
2901 3113 3095 3169 nempe
3109 3107 3252 3166 erat,
3276 3107 3332 3156 et
3350 3115 3496 3170 sepe

1913 3186 2172 3266 mysteria
2221 3202 2458 3258 superna
2505 3197 2856 3260 cognoverat.
2929 3187 3067 3254 Quid
3107 3204 3239 3260 ergo
3284 3189 3504 3246 diliicile

1910 3276 2015 3334 fuit
2042 3293 2336 3349 agnoscere
2372 3280 2425 3333 in
2457 3279 2560 3336 boc
2588 3281 2790 3335 mundo
2820 3290 2841 3319 ε
2871 3279 3103 3335 ﬁdeliter
3131 3279 3244 3336 Deo
3267 3280 3500 3337 famulos

1909 3376 1966 3423 et
2013 3369 2148 3424 alios
2183 3370 2555 3426 remansisse?
2600 3371 2708 3426 Sed
2749 3371 2880 3428 hinc
2906 3371 3139 3427 solerter
3175 3371 3498 3428 intuendum

1910 3470 2037 3528 est,
2068 3463 2285 3518 oculum
2331 3465 2515 3520 cordis
2559 3463 2726 3520 elatio
2770 3479 2936 3535 quam
2979 3465 3228 3534 nequiter
3261 3465 3498 3531 claudat,

1911 3552 2036 3624 quia
2069 3553 2159 3623 qui
2187 3551 2215 3592 ά
2243 3554 2521 3610 humiliter
2564 3563 2620 3609 et
2669 3554 2883 3610 occulta
2921 3553 3020 3609 Dei
3055 3566 3078 3594 ε
3109 3564 3358 3620 noverat,
3387 3555 3501 3610 ela-

1912 3650 2000 3698 tus
2027 3651 2083 3698 et
2107 3651 2296 3712 aperta
2328 3644 2624 3699 nesciebat.
2650 3663 2670 3696 ι
3415 3657 3419 3662 ’

1985 3731 2112 3787 Post
2156 3734 2272 3787 haec
2320 3734 2465 3789 enim
2501 3734 2676 3802 inquit
2725 3733 2866 3806 (XIX,
2896 3733 2984 3804 i9)
3021 3751 3034 3786 :
3077 3730 3260 3787 Helias
3309 3731 3502 3800 reperit

1913 3824 2183 3879 Heliseum
2208 3824 2380 3894 [ilium
2407 3823 2634 3893 Saphat,
2680 3833 2920 3878 orantem
2963 3825 3030 3878 in-
3051 3823 3330 3877 duodecim
3352 3821 3508 3893 iugis:

1914 3917 2092 3992 boum.
2152 3916 2220 3970 Et
2257 3916 2369 3985 ipse
2415 3915 2469 3969 in
2511 3914 2792 3970 duodecim
2836 3916 2985 3986 jugis
3029 3915 3510 3970 bouurarantibus;

1914 4024 2050 4062 unus
2077 4015 2210 4060 erat.
2240 4005 2474 4076 Cumque
2493 4007 2713 4061 uenisset
2754 4005 2904 4060 Elius
2923 4006 2992 4060 ad
3019 4021 3139 4060 eum
3161 4045 3178 4070 ,
3217 4005 3359 4058 misit
3383 4004 3500 4076 pal-

1915 4099 2045 4153 lium
2077 4115 2231 4154 suum
2277 4114 2435 4168 super
2482 4113 2628 4162 eum,
2661 4097 2752 4167 qui
2784 4095 2981 4151 relictis
3006 4097 3184 4150 statim
3215 4094 3376 4150 bobus
3401 4110 3499 4150 ett-

1915 4192 2081 4247 currit
2120 4191 2190 4246 ad
2247 4189 2480 4254 Heliam,
2529 4200 2580 4245 et
2629 4189 2742 4244 ait:
2774 4187 3014 4255 Osculer,
3063 4205 3158 4243 oro
3213 4197 3264 4242 te
3296 4195 3501 4258 patrem

1916 4299 2110 4347 meum,
2141 4291 2188 4336 et
2214 4289 2436 4336 matrem
2481 4297 2651 4335 nteant
2670 4322 2686 4347 ,
2731 4289 2782 4337 et
2809 4281 2885 4336 sic
2915 4297 3106 4352 sequar
3131 4290 3199 4335 te.
3229 4279 3328 4335 Cui
3362 4279 3501 4334 dixit

1919 4375 2104 4430 Helias
2141 4389 2160 4427 :
2221 4383 2494 4438 reuertere,
2538 4373 2680 4444 quod
2721 4375 2859 4428 enim
2886 4390 3062 4428 meum
3087 4383 3223 4437 erat,
3251 4372 3350 4442 feci
3381 4372 3495 4426 tibi.

219 4481 287 4520 es
321 4464 550 4558 deitate,
576 4477 637 4521 ut
666 4465 957 4536 Apostolus
982 4467 1058 4522 ait
1082 4467 1304 4540 (Philip.
1346 4484 1405 4534 ιι,
1438 4467 1490 4540 7)
1514 4484 1668 4524 suam
1695 4469 1814 4524 ina-
1838 4499 1892 4558 D
1921 4465 2176 4521 Reversus
2202 4466 2376 4534 itaque
2402 4463 2647 4519 Heliseus
2672 4464 2790 4519 tulit
2826 4481 2925 4534 par
2955 4465 3108 4517 boum
3126 4504 3142 4528 ,
3164 4474 3214 4517 et
3253 4464 3499 4516 mactavit

221 4555 384 4609 uiens
411 4552 752 4623 majestatem
773 4595 788 4620 ,
823 4555 880 4610 in
919 4554 1120 4610 Helisei
1149 4555 1620 4626 prteﬁguratione,
1656 4556 1811 4612 Servi
1838 4552 1878 4558 —
1918 4557 2056 4621 illos,
2087 4557 2214 4610 etin
2239 4565 2419 4609 aratro
2444 4555 2600 4608 boum
2627 4556 2767 4608 coxit
2809 4560 2992 4608 carnes
3030 4570 3232 4618 eorum,
3256 4553 3499 4624 deditque

221 4645 482 4716 dignatus
515 4656 599 4702 est
635 4648 910 4716 sltscipere
955 4647 1215 4713 formam,
1247 4649 1337 4717 qui
1366 4663 1527 4704 verus
1555 4651 1718 4706 homo
1741 4666 1811 4706 ex

220 4735 460 4806 virginis
507 4745 664 4792 utero
701 4747 1058 4808 procreatus,
1094 4736 1405 4808 Sanctoque
1453 4739 1656 4810 Spiritu
1703 4758 1810 4796 un-

222 4835 365 4880 ctus.
406 4825 560 4893 Quod
584 4838 770 4883 autem
793 4829 872 4883 ait
893 4828 1152 4893 historia,
1182 4828 1272 4898 qui
1293 4829 1534 4898 e/fugerit
1573 4830 1810 4900 gladium

222 4914 449 4983 Asahel,
491 4917 692 4972 occidet
725 4935 845 4973 eum
878 4917 1042 4982 Hieu,
1083 4927 1132 4972 et
1168 4919 1257 4990 qui
1295 4919 1535 4990 effugerit
1571 4921 1811 4991 gladium

225 5008 389 5072 llieu,
419 5011 619 5065 occidet
651 5027 772 5066 eum
817 5009 1061 5066 Heliseus
1080 5051 1095 5075 ,
1139 5011 1243 5066 hoc
1265 5011 1426 5066 modo
1458 5011 1683 5092 intelligi
1713 5030 1809 5083 po—

223 5108 352 5158 test.
395 5099 620 5158 Gladius
643 5103 792 5158 enim
817 5100 1018 5158 Azahel
1042 5101 1185 5174 Syri,
1217 5102 1432 5158 illorum
1451 5102 1695 5160 doctrina
1719 5120 1810 5161 ac-

222 5190 470 5259 cipienda
502 5200 586 5247 est
611 5233 625 5257 ,
656 5193 750 5262 qui
781 5207 847 5246 ex
878 5192 1126 5263 gentibus
1147 5192 1432 5247 dominicae
1470 5191 1810 5248 lncarnalio-

223 5283 331 5346 nis,
381 5291 438 5336 et
479 5282 774 5349 Passionis,
807 5299 872 5339 ac
901 5283 1334 5338 Resurrectionis
1370 5292 1521 5340 vates
1561 5284 1808 5355 inspirali

223 5370 488 5428 divinitus
508 5376 860 5440 exstiterunt,
875 5373 942 5428 ad
966 5371 1325 5429 confutandos
1342 5373 1806 5445 videlicetjudaro—

296 5565 324 5595 ι
363 5553 499 5628 Vide
523 5553 724 5612 Patet-ii
751 5565 914 5628 caput
947 5554 1050 5628 Ι⁴21
1095 5555 1148 5610 ἰη
1188 5555 1282 5628 lib.
1312 5555 1375 5628 Ill
1406 5556 1652 5628 Regum:
1693 5554 1812 5628 lucc

430 5623 860 5768 izlgndesumpsit
901 5643 969 5683 ex
1012 5625 1258 5697 Gregorii
1310 5627 1400 5684 lib.
1441 5623 1564 5680 xix:
1608 5625 1660 5680 in
1708 5623 1810 5680 Job

298 5766 324 5808 δ
365 5766 598 5840 Surgere
619 5777 841 5838 poterat,
870 5767 1174 5825 declinaret.

1917 4645 2108 4719 populo
2137 4647 2207 4700 ad
2246 4645 2642 4699 comedendum.

1987 4737 2280 4792 Duodecim
2297 4735 2428 4806 juga
2456 4736 2619 4791 boum
2641 4776 2656 4801 ,
2701 4735 2892 4807 viginti
2925 4743 3162 4804 quatuor
3191 4733 3394 4788 veteris
3416 4739 3500 4790 te-

1917 4831 2172 4884 stamenti
2202 4828 2501 4900 ﬁguraliter
2524 4827 2820 4897 accipiendi
2860 4835 2987 4881 sunt
3013 4826 3158 4880 libri.
3204 4825 3499 4881 Duodecim

1917 4933 2046 4972 vero
2075 4928 2319 4974 aratores
2354 4918 2639 4974 duodecim
2673 4917 3006 4988 intelligendi
3050 4926 3176 4972 sunt
3208 4916 3448 4987 Apostoli
3474 4931 3495 4972 :

1913 5008 2009 5063 sed
2054 5007 2108 5063 in
2153 5009 2403 5063 omnibus
2433 5008 2540 5062 illis
2569 5008 2830 5062 Dominus
2876 5007 3111 5062 existere
3138 5007 3387 5076 dignatus
3407 5014 3499 5064 est

1912 5111 2184 5171 opera'or,
2213 5101 2305 5169 qui
2330 5100 2470 5156 dixit
2496 5098 2605 5169 (lo.
2650 5114 2740 5164 xv,
2768 5098 2824 5170 5)
2855 5115 2867 5151 :
2923 5097 3047 5153 Sine
3075 5113 3156 5152 me
3193 5097 3325 5151 nihil
3353 5107 3500 5164 pote-

1909 5193 2004 5246 stis
2028 5193 2218 5264 facere.
2241 5190 2495 5248 Osculum
2523 5190 2715 5262 patris,
2736 5189 3198 5243 reconciliationis
3227 5187 3496 5257 dignosci-

1915 5289 2004 5336 tur
2031 5281 2262 5352 signum.
2304 5280 2362 5334 ln
2410 5278 2620 5336 duobus
2655 5280 2800 5334 enim
2846 5279 3019 5334 bobus
3058 5277 3140 5332 lex
3183 5277 3498 5348 accipienda

1913 5381 2018 5439 est,
2051 5382 2105 5427 et
2129 5371 2406 5443 prophetia
2426 5411 2441 5437 ,
2491 5386 2720 5442 quarum
2745 5370 2989 5437 umbras,
3023 5377 3080 5427 et
3106 5369 3368 5442 imagines
3397 5367 3498 5425 Do-

1990 5561 2012 5589 ε
2058 5548 2286 5604 Fideles.

1986 5619 2012 5659 δ
2056 5619 2306 5674 Humilis.

1994 5701 2015 5729 ε
2057 5690 2284 5747 Additur
2303 5689 2534 5778 judicia.-
