3904 6174
426 263 533 323 757
1140 218 1159 257 β

1495 242 1772 329 CLAUDll
1807 266 2271 327 rxunmnnsns
2311 268 2619 328 EPlSCOPl

3552 279 3702 335 .768

425 382 608 439 minus
650 392 854 449 noster,
890 399 989 453 per
1038 381 1428 441 incarnationis
1455 398 1590 449 sure,
1635 398 1700 439 ac
1738 382 2006 453 passionis
2032 380 2084 440 A
2108 378 2329 434 dubium
2349 390 2433 437 est
2458 399 2470 434 :
2494 382 2587 474 qui
2613 396 2740 474 cum
2761 382 2785 421 ⁸
2816 382 3069 453 triginta.
3114 393 3173 439 et
3207 385 3415 445 duobus
3442 385 3702 474 Regibus,

425 477 744 547 mysterium
767 476 967 530 occidit
990 476 1042 530 in
1072 476 1249 531 littera
1277 516 1291 540 ,
1333 482 1389 531 et
1420 475 1473 529 in
1514 477 1695 532 crucis
1721 491 1832 532 suae
1863 477 2013 532 coxit

427 574 636 627 aratro,
685 578 785 619 nec
813 579 920 618 non
957 564 1024 619 ad
1072 566 1465 621 comedendum
1492 565 1738 621 ﬁdelibus
1761 568 2012 637 prmbuit,

425 664 484 708 ut
526 655 638 724 jam
686 669 792 709 non
832 656 1021 709 vivant
1066 656 1361 711 secundum
1397 656 1667 723 litteram,
1696 658 1789 713 sed
1819 671 2014 713 secun-

426 748 553 802 dum
576 747 846 817 spiritum.

496 837 610 910 (xx,
642 838 755 909 l0.)
793 838 922 894 Post
963 841 1081 895 haec
1115 839 1284 894 refert
1312 838 1616 911 Scriptura,
1661 840 1806 910 quod
1836 839 2011 896 Bene-

427 932 533 988 dad
564 948 659 988 rex
688 932 860 1004 Syriae
888 933 1162 997 obsidens,
1194 942 1249 989 et
1276 934 1590 1005 impugnare
1618 934 1885 1003 incipiens
1909 931 2013 989 Sa-

424 1025 658 1079 mariam
689 1026 766 1078 ait
800 1043 814 1078 :
850 1023 980 1078 Haec
1018 1025 1222 1094 faciant
1243 1025 1371 1078 mihi
1396 1023 1509 1089 Dii,
1546 1033 1595 1078 et
1623 1023 1734 1078 hinc
1758 1025 1958 1078 addant
1990 1039 2009 1078 :

422 1112 471 1166 si
494 1113 758 1194 stt/fecerit
783 1113 952 1183 pulvis
980 1111 1239 1168 Samaria:
1262 1111 1477 1184 pugillis
1505 1114 1675 1168 omnis
1698 1115 1897 1194 populi,
1921 1114 2011 1185 qui

427 1185 666 1273 sequitur
694 1220 795 1258 me.

494 1292 652 1349 Hunc
696 1294 861 1350 habet
906 1310 1147 1351 sensum.
1178 1307 1207 1336 ι
1256 1314 1275 1347 t
1306 1295 1556 1351 Samaria
1600 1296 1755 1365 juxta
1802 1312 2012 1353 morem

421 1385 703 1441 civitatum
734 1385 970 1440 habebat
1013 1395 1220 1440 terram
1264 1386 1492 1440 interius
1522 1386 1552 1426 ιι
1578 1394 1798 1456 propter
1826 1402 2013 1443 muros

421 1490 561 1550 pene
603 1477 736 1546 ipsis
787 1477 961 1532 muris
1007 1476 1290 1547 aequalem,
1357 1492 1427 1533 ne
1480 1477 1731 1533 videlicet
1773 1493 1868 1534 eos
1893 1478 2012 1536 sine

422 1566 682 1622 subsidiis
705 1576 866 1623 terrae
889 1567 1189 1637 adiacentis
1217 1580 1427 1627 erectos
1445 1612 1463 1638 ,
1502 1572 1696 1628 creber
1728 1573 2013 1629 insistente

422 1672 587 1713 manu
609 1657 825 1726 hostili,
870 1658 1129 1729 dejiceret
1178 1664 1317 1720 ictus
1345 1665 1531 1720 arietis
1560 1676 1607 1720 ε.
1660 1665 2011 1722 Extrinsecus

424 1754 606 1803 autem
650 1764 933 1805 murorum
973 1752 1202 1809 altitudo
1232 1754 1389 1824 longe
1422 1770 1588 1826 super
1623 1755 1820 1813 faciem
1850 1765 2009 1814 terrae

426 1840 875 1907 transcenderat,
925 1843 1161 1898 maxime
1205 1859 1328 1899 cum
1373 1847 1426 1900 in
1461 1848 1662 1903 montis
1692 1850 1921 1916 vertice,
1950 1837 2013 1906 ut

427 1929 707 2001 Scriptura
735 1932 923 1998 refert,
950 1932 1113 1988 fuerit
1142 1936 1276 1992 urbs
1303 1938 1491 1994 eadem
1517 1941 1720 2010 posita.
1738 1913 1859 1997 .Ait
1883 1913 2012 2016 ergo

425 2023 541 2077 Rex
570 2024 841 2093 superbus
858 2024 1137 2082 obsessam
1174 2036 1389 2087 terrens
1410 2032 1706 2101 civitatem,
1732 2034 1876 2106 quod
1898 2045 2015 2092 tan-

424 2125 538 2172 tam
580 2118 806 2174 haberet
848 2135 1033 2176 secum
1073 2124 1347 2179 exercitus
1385 2126 1785 2183 multitudinem
1811 2170 1826 2195 ,
1861 2138 1923 2184 ut
1965 2131 2011 2186 si

425 2207 657 2278 quisque
680 2208 912 2263 militum
935 2209 1090 2279 ejus,
1136 2212 1472 2271 solummodo
1504 2216 1758 2286 lapidem,
1799 2219 1885 2274 vel
1925 2233 2015 2275 ce-

427 2295 645 2365 spitem,
663 2298 747 2353 vel
779 2300 1022 2370 stipitem
1049 2302 1117 2358 ad
1138 2306 1560 2360 construendum
1583 2316 1772 2363 contra
1799 2311 2010 2377 urbem,

424 2400 677 2457 aggerem
707 2399 1067 2459 apportasset,
1097 2402 1209 2448 tam
1250 2396 1496 2452 sublimis
1521 2413 1590 2453 ex
1620 2413 1685 2454 eo
1706 2410 1890 2471 posset
1920 2417 2014 2473 ag-

426 2490 525 2547 ger
549 2491 868 2549 exsurgere,
897 2482 989 2551 qui
1026 2484 1335 2554 superficiei
1373 2486 1611 2542 civitatis
1652 2489 1851 2559 ipsius,
1893 2506 2014 2561 quae

422 2574 542 2621 erat
570 2567 715 2622 intra
744 2585 951 2638 muros,
982 2589 1106 2631 esse
1126 2577 1405 2633 videretur
1436 2579 1659 2650 aequalis
1685 2597 1699 2633 :
1748 2581 1825 2636 ita
1852 2591 1910 2636 ut
1944 2596 2010 2637 ex

422 2672 566 2728 equo
592 2672 903 2734 pugnantes
921 2675 1109 2722 contra
1140 2669 1440 2737 civitatem,
1464 2672 1570 2726 tela
1594 2672 1687 2726 vel
1706 2672 1852 2727 faces
1879 2674 2011 2728 mit-

421 2758 544 2808 tere
565 2763 810 2824 possent.
870 2756 1038 2827 Cujus
1065 2761 1432 2817 temeritatem
1459 2764 1784 2835 arrogantia:
1827 2764 2011 2820 mode-

422 2849 511 2899 sto
532 2860 784 2903 sertnone
814 2864 1169 2920 compescens
1207 2853 1321 2910 Rex
1353 2854 1519 2911 lsrael
1558 2852 1634 2911 ait
1658 2855 1835 2928 (Vers.
1863 2856 1952 2931 il)
1991 2874 2007 2911 :

423 2935 601 2992 Dicite
638 2942 707 2994 ei.
751 2942 836 2997 Ne
879 2944 1134 3014 glorietur
1154 2950 1419 3004 accinctus
1442 2967 1587 3022 trque
1616 2961 1672 3006 ut
1701 2951 2006 3010 discinctus.

2118 470 2221 526 hoc
2246 478 2331 526 est
2358 473 2611 526 omnibus
2632 472 2778 527 vitiis
2807 474 2920 528 suis
2948 474 3235 531 adversum
3277 478 3577 535 humanum

2116 575 2218 615 nus
2236 576 2475 633 pugnare
2515 579 2620 616 non
2646 564 2860 618 desistit
2883 582 2897 617 :
2917 564 3121 621 ‘Achab
3148 581 3277 623 vero
3307 569 3399 638 qui
3434 571 3709 642 interpre-

2116 659 2263 707 tatur
2305 655 2471 723 frater
2507 656 2674 725 patris
2696 697 2710 720 ,
2739 648 2850 711 'hoc
2893 657 2947 711 in
2989 657 3109 712 loco
3148 672 3439 729 personam
3468 670 3707 734 gestavit

2113 741 2420 799 «πράξεσι-ωτι
2447 786 2462 812 ,
2505 760 2629 800 cum
2672 747 2871 816 quibus
2917 746 3161 804 diabolus
3196 750 3349 821 prius
3391 754 3706 814 conﬂictum

2116 834 2326 891 habuit.
2360 858 2383 889 ι

2187 928 2343 1001 (xxn,
2379 929 2491 1003 l9.)
2515 929 2727 986 interea
2761 931 3009 1002 sequitur
3050 930 3333 1003 Scriptura
3374 935 3443 992 de
3489 938 3707 994 visione

2115 1016 2344 1077 Michm
2361 1020 2658 1090 prophetas,
2687 1020 2776 1075 ubi
2800 1021 2875 1074 ait
2898 1023 2965 1076 ad
2992 1021 3180 1077 Achab
3211 1039 3227 1078 :
3267 1024 3389 1079 Vidi
3415 1025 3703 1082 Dominam

2112 1110 2373 1164 sedentem
2410 1127 2567 1180 super
2605 1110 2796 1165 solium
2840 1128 3023 1177 suum,
3075 1122 3123 1167 et
3164 1130 3365 1169 omnem
3410 1120 3701 1173 exercitum

2114 1200 2231 1255 coeli
2258 1219 2290 1255 a
2312 1203 2545 1269 dextris,
2571 1212 2623 1257 et
2654 1220 2686 1257 α
2717 1205 2948 1258 sinistris
2979 1205 3094 1275 ejus
3115 1247 3130 1271 ,
3170 1216 3221 1261 et
3253 1207 3450 1261 dictum
3488 1220 3567 1263 est
3590 1228 3609 1265 :
3634 1211 3701 1267 In

2113 1310 2217 1364 quo
2238 1294 2495 1365 decipiam
2522 1294 2721 1361 Achab,
2756 1305 2810 1349 ut
2840 1297 3108 1361 ascendat,
3131 1306 3182 1351 ct
3204 1298 3362 1352 cadat
3388 1301 3442 1353 in
3472 1299 3698 1357 Remota

2116 1382 2323 1438 Galaad
2343 1388 2368 1438 ἵ
2395 1384 2467 1438 Et
2493 1386 2630 1440 dixit
2656 1402 2791 1441 unus
2825 1386 2976 1441 verba
2998 1388 3305 1459 lmjusmodi
3327 1408 3346 1455 ;
3375 1401 3425 1444 et
3446 1392 3588 1446 alius
3608 1388 3700 1448 an.

2113 1484 2209 1529 ter.
2244 1474 2314 1529 Et
2334 1492 2572 1545 egressus
2608 1492 2743 1531 unus
2767 1476 2902 1531 dixit
2935 1493 2953 1532 :
2983 1494 3076 1548 ego
3109 1480 3367 1551 decipiam
3399 1483 3599 1537 Achab.
3634 1484 3696 1539 Et

2112 1565 2311 1621 dictum
2345 1576 2420 1620 est
2443 1567 2492 1620 ei
2516 1583 2534 1621 :
2562 1568 2617 1621 in
2642 1583 2747 1638 quo
2770 1568 3039 1638 decipies?
3065 1570 3157 1640 qui
3191 1572 3459 1641 respondit
3484 1572 3695 1629 dicens:

2114 1656 2377 1726 egrediar,
2412 1665 2465 1711 et
2494 1673 2586 1712 ero
2610 1658 2838 1712 mendas:
2862 1658 3074 1730 spiritus
3100 1661 3155 1714 in
3183 1677 3273 1715 ore
3300 1663 3539 1717 omnium
3577 1681 3698 1735 pro-

2113 1748 2388 1818 phetarum
2410 1751 2545 1819 ejus.
2576 1751 2602 1790 ιι
2638 1769 2658 1801 t
2694 1750 2832 1817 Quid
2860 1767 2957 1822 per
2980 1753 3178 1809 solium
3211 1754 3442 1821 Domini,
3466 1757 3575 1812 nisi
3604 1774 3700 1813 an-

2114 1839 2317 1910 gelicas
2339 1849 2637 1911 potestates
2661 1842 2976 1912 accipimus,
3004 1859 3232 1914 quarum
3261 1846 3363 1902 alis
3394 1851 3697 1917 praesidens

2117 1926 2342 1983 inferius
2384 1940 2579 1986 cuncta
2615 1932 2890 2001 disponit?
2937 1932 3005 1987 Et
3052 1926 3181 2005 quid
3227 1938 3505 1994 exercitus
3552 1941 3697 2004 ατε.

2116 2020 2235 2076 nisi;
2250 2021 2675 2077 ministrantium
2701 2023 3324 2093 angelorummultitudo
3342 2027 3705 2085 describitur?

2117 2114 2258 2183 Quid
2280 2124 2363 2170 est
2382 2131 2514 2187 ergo
2534 2116 2677 2187 quod
2700 2116 2978 2172 exercitus
3007 2116 3130 2173 οωιί
3156 2133 3187 2172 a
3204 2119 3442 2195 dextris,
3474 2131 3535 2176 et
3555 2138 3587 2176 a
3614 2123 3704 2177 si-

2116 2209 2304 2264 cistris
2335 2208 2450 2278 ejus
2477 2218 2625 2264 stare
2650 2210 3003 2280 perhibetur?
3034 2210 3173 2266 Deus
3198 2212 3364 2278 enim,
3391 2215 3483 2283 qui
3510 2214 3583 2269 ita
3610 2224 3702 2270 est

2116 2299 2257 2354 intra
2301 2299 2502 2365 omnia,
2556 2307 2617 2353 ut
2643 2300 2807 2353 etiam
2839 2300 2911 2353 sit
2950 2309 3106 2355 extra
3146 2302 3359 2367 omnia,
3408 2302 3707 2358 incircum-

2117 2392 2350 2461 scriptus
2376 2399 2461 2447 est
2494 2410 2508 2445 :
2538 2390 2820 2446 etveritas
2859 2390 2969 2456 illa,
3011 2400 3214 2447 aeterna
3243 2392 3546 2458 beatitudo,
3578 2411 3708 2465 quae

2116 2483 2336 2538 dextera
2360 2483 2478 2554 ejus
2498 2482 2716 2551 dicitur,
2748 2484 3035 2541 sinistram
3055 2499 3161 2539 non
3186 2486 3384 2551 habet,
3414 2488 3541 2556 quia
3561 2488 3707 2542 nihil

2115 2584 2199 2630 est
2231 2576 2375 2644 quod
2394 2574 2705 2645 displiceat,
2734 2575 2860 2645 quia
2881 2574 3042 2629 simul
3067 2575 3247 2630 omnia
3272 2585 3591 2641 contuetur,
3623 2579 3710 2632 si-

2116 2664 2228 2718 mul
2263 2672 2465 2731 cuncta
2488 2664 2712 2735 aspicit;
2744 2680 2809 2720 ea
2851 2672 3065 2731 autem,
3110 2666 3168 2720 in
3202 2667 3403 2736 quibus
3439 2675 3494 2721 et
3522 2668 3710 2723 bonus

2114 2754 2336 2825 spiritus
2362 2754 2517 2821 vivit,
2537 2764 2594 2810 et
2619 2755 2792 2811 malus
2812 2796 2829 2821 ,
2848 2757 3155 2812 exercitum
3180 2758 3303 2812 εωιί
3329 2774 3360 2813 a
3390 2759 3620 2826 dextris,
3650 2771 3712 2816 et

2114 2859 2144 2898 a
2171 2845 2408 2901 sinistris
2438 2844 2555 2914 ejus
2578 2847 2782 2903 habere
2810 2848 3155 2907 describitur.
3200 2848 3355 2904 Unde
3380 2864 3480 2920 per
3505 2850 3709 2907 dexte-

2114 2950 2230 2990 ram
2279 2935 2628 3007 intell'gimus
2676 2937 2900 3009 angelos
2940 2938 3145 2994 electos
3202 2953 3218 2992 :
3270 2955 3372 3009 per
3410 2940 3723 2997 sinistram

425 3026 457 3069 ἀ
493 3028 648 3086 Alius
673 3041 761 3087 est
784 3042 967 3090 autem
1010 3038 1321 3105 accinctus,
1354 3041 1493 3096 alius
1516 3040 1839 3109 discinctus,
1870 3044 2008 3101 alius

2117 3043 2245 3084 vero
2286 3029 2512 3099 spiritus
2557 3031 2835 3100 reprobus.
2888 3029 3006 3085 Non
3051 3033 3197 3087 enim
3235 3034 3548 3090 ministrant
3584 3036 3712 3092 Deo

429 3138 538 3179 non
588 3126 888 3182 accinctus.
941 3128 1234 3187 Accinctus
1264 3148 1500 3204 namque
1545 3137 1760 3205 estqui
1794 3136 2012 3208 cingulo

425 3214 799 3270 circumdatus
837 3217 1056 3285 incedit,
1084 3221 1380 3278 discinctus
1412 3225 1503 3295 qui
1535 3226 1811 3296 cingulum
1841 3238 2016 3298 nuper

423 3302 716 3373 deposuit:
740 3307 893 3361 verbi
919 3310 1114 3379 gratia,
1161 3312 1243 3366 vel
1287 3313 1540 3370 balneum
1566 3317 1887 3383 intraturus,
1927 3318 2015 3374 vel

425 3395 629 3453 lectum
651 3412 983 3455 ascensurus
1003 3442 1017 3468 ,
1045 3403 1130 3459 vel
1164 3404 1391 3461 alteram
1418 3406 1559 3463 forte
1588 3409 1827 3464 tunicam
1854 3410 2016 3466 indu-

425 3498 599 3545 turns.
641 3487 760 3546 Non
783 3492 1081 3562 accinctus,
1113 3496 1206 3566 qui
1235 3512 1409 3567 nuper
1437 3498 1621 3555 tunica
1649 3499 1891 3567 indutus,
1913 3518 2015 3558 nec

423 3579 550 3633 dum
578 3594 638 3635 se
678 3583 859 3638 addita
906 3597 1056 3640 zonae
1094 3587 1574 3659 circumpositione
1615 3592 1867 3668 munivit.
1921 3592 2015 3649 Sic

422 3687 574 3743 ergo,
605 3675 757 3742 etin
777 3678 1120 3746 expeditione
1148 3682 1415 3737 castrensi
1444 3682 1536 3751 qui
1558 3684 1766 3752 positus
1794 3693 1898 3748 est,
1931 3700 2015 3740 re-

424 3773 514 3820 cte
547 3766 815 3821 accinctus
860 3768 1191 3836 nominatur,
1238 3772 1291 3827 id
1314 3780 1401 3828 est
1431 3774 1598 3828 armis
1626 3774 1867 3831 indutus.
1908 3775 2013 3844 Qui

424 3869 606 3924 pugna
630 3855 875 3911 confecta
898 3858 1075 3913 victor
1103 3859 1324 3915 domum
1349 3861 1541 3927 rediit,
1577 3861 1701 3933 jure
1724 3864 2013 3921 discinctus

421 3951 667 4008 vocatur,
697 3943 824 4015 quia
854 3945 1113 4002 nimirum
1153 3948 1415 4019 depositis
1439 3950 1608 4006 armis
1634 3959 1833 4022 optatas
1861 3954 2015 4023 pacis

420 4034 591 4089 otium
617 4035 778 4105 gerit.
815 4035 921 4104 Qui
948 4053 1078 4094 vero
1097 4040 1330 4095 necdum
1358 4055 1621 4112 pugnare,
1653 4059 1832 4115 neque
1854 4062 1915 4100 re
1942 4047 2010 4101 ad

422 4132 703 4180 certamen
723 4142 918 4196 parare
937 4127 1053 4198 jam
1071 4138 1343 4200 coeperat,
1376 4133 1576 4188 merito
1604 4149 1707 4187 non
1743 4135 2012 4190 accinctus

422 4231 545 4270 esse
591 4216 809 4271 dicitur.
869 4218 964 4274 Ait
999 4234 1130 4291 ergo
1159 4221 1277 4277 Rex
1322 4223 1491 4279 lsrael
1537 4224 1671 4296 Regi
1700 4225 1873 4296 Syriae
1897 4227 2013 4298 gis-'-

424 4306 609 4372 rianti,
650 4310 852 4378 equasi
875 4309 990 4379 jam
1038 4314 1273 4384 cepisset
1301 4315 1636 4385 Samariam,
1678 4335 1840 4390 quam
1865 4319 2017 4377 obsi~

2116 3119 2453 3177 solummodo
2482 3120 2630 3186 boni,
2660 3121 2752 3190 qui
2782 3121 3070 3191 adjuvant,
3106 3122 3200 3177 sed
3238 3124 3402 3178 etiam
3443 3125 3572 3181 mali
3602 3128 3721 3197 qui

2112 3211 2361 3283 probant,
2384 3228 2493 3268 non
2510 3211 2685 3285 solum
2702 3213 2829 3283 quia
2849 3228 2880 3267 a
2901 3213 3364 3283 culparedeuntes
3384 3217 3710 3287 subierunt,

2114 3305 2213 3360 sed
2245 3305 2408 3360 etiam
2434 3305 2562 3374 quia
2594 3305 2772 3360 redire
2802 3304 3048 3361 nolentes
3068 3315 3313 3377 gravant.
3340 3291 3453 3363 Nix:
3476 3323 3711 3367 movere

2114 3399 2274 3454 debet
2310 3398 2458 3469 quod
2485 3397 2760 3453 exercitus
2802 3397 2928 3453 celi
2962 3398 3126 3452 etiam
3169 3398 3367 3468 repulsi
3395 3400 3573 3470 angeli
3604 3416 3710 3456 vo-

2113 3496 2331 3555 cantur,
2348 3489 2487 3560 quia
2528 3497 2587 3544 et
2623 3489 2726 3559 ipsi
2760 3490 3009 3559 quamvis
3049 3491 3116 3544 ab
3154 3492 3392 3547 aethereo
3434 3491 3576 3547 caelo
3602 3509 3701 3550 ex-

2116 3580 2257 3652 pulsi
2284 3587 2435 3646 suut,
2469 3580 2650 3636 adhuc
2671 3589 2848 3635 tamen
2879 3579 2934 3635 in
2957 3595 3127 3636 aereo
3138 3581 3278 3636 coelo
3305 3582 3703 3640 demorantur:

2115 3685 2253 3740 quas
2284 3669 2433 3724 enim
2463 3670 2720 3738 suspendi
2755 3669 2810 3724 in
2844 3683 2973 3725 aere
2995 3670 3262 3733 novimus,
3288 3686 3419 3726 aves
3450 3672 3577 3727 cteli
3604 3689 3708 3728 no-

2114 3760 2408 3815 minamus.
2465 3759 2536 3813 Et
2607 3758 2674 3814 de
2724 3759 2930 3815 eisdem
2996 3759 3276 3829 spiritibus
3324 3760 3527 3816 Paulus
3574 3763 3709 3818 dicit

2116 3852 2275 3927 (Eph.
2291 3870 2371 3919 γι,
2386 3851 2475 3924 12)
2487 3870 2500 3905 :
2514 3851 2713 3917 Contra
2732 3852 3032 3922 spiritantia
3049 3853 3291 3923 nequitia:
3310 3855 3367 3907 in
3386 3853 3702 3910 caestibus.

2113 3946 2355 4013 Quorum
2385 3952 2553 4014 caput
2573 3944 2861 4000 enuntians
2889 3945 2968 3998 ait
2997 3942 3158 4015 (Epit.
3182 3960 3245 4010 ιι,
3269 3944 3327 4016 2)
3358 3943 3704 4001 :Secsmduat

2111 4039 2400 4110 principem
2440 4038 2717 4109 potestatis
2754 4037 2893 4092 aeris
2918 4036 3099 4108 hujus.
3141 4036 3222 4092 Ad
3250 4037 3539 4093 dexteram
3562 4053 3703 4110 ergo

2111 4139 2168 4185 et
2197 4129 2477 4185 sinistram
2506 4128 2782 4184 exercitus
2807 4135 2936 4190 stat,
2968 4127 3094 4197 quia
3117 4128 3369 4183 voluntas
3397 4128 3703 4187 electorum

2111 4221 2399 4291 spirituum
2435 4220 2637 4275 divinae
2654 4219 2845 4288 pietati
2885 4219 3199 4284 concordat,
3242 4228 3297 4275 et
3344 4221 3705 4290 reprobamus

2112 4328 2305 4369 sensus
2326 4327 2439 4367 suae
2460 4310 2681 4366 malitiae
2701 4309 2965 4375 serviens,
2972 4307 3179 4378 judicio
3200 4310 3560 4366 districtionis
3578 4310 3704 4379 eius

422 4397 552 4453 dere
577 4408 820 4469 coeperat
846 4418 860 4455 :
899 4400 921 4441 ί
952 4403 1266 4476 Negligetur
1291 4407 1589 4475 accinctus,
1621 4424 1776 4480 asque
1805 4418 1865 4464 ut
1892 4411 2008 4467 dis-
2034 4428 2089 4487 Β
2111 4406 2451 4475 obtemperat
2483 4417 2498 4457 :
2526 4403 2669 4458 unde
2696 4410 2753 4457 et
2781 4416 2903 4457 mox
2940 4401 3171 4471 spiritus
3190 4401 3351 4456 fallax
3384 4403 3438 4456 in
3467 4405 3482 4443 ι
3523 4404 3708 4458 medio

421 4488 676 4556 cinctus;
705 4505 770 4546 ac
807 4492 853 4547 si
885 4502 1073 4564 aperte
1098 4495 1247 4552 dicat
1289 4515 1302 4552 :
1336 4496 1454 4553 Noli
1477 4499 1697 4570 gloriari
1727 4501 2010 4570 quasijam

423 4579 601 4635 victor
619 4580 800 4638 bellici
836 4585 1169 4644 discriminis
1186 4630 1201 4655 ,
1240 4590 1331 4659 qui
1359 4591 1537 4647 adhuc
1559 4592 1613 4646 in
1638 4593 1756 4647 acie
1777 4595 2008 4664 positus,

419 4684 578 4750 quem
601 4671 829 4728 victoria
853 4683 1133 4746 sequatur,
1158 4677 1396 4749 ignoras.
1452 4680 1521 4733 Et
1548 4694 1738 4735 verum
1761 4683 2010 4752 profecto

418 4758 832 4818 licebannam
878 4780 1005 4820 mox
1049 4765 1187 4823 inito
1234 4769 1536 4825 certamine
1562 4809 1578 4834 ,
1619 4768 1873 4827 Benadab
1902 4789 2010 4829 non

419 4850 581 4906 victis
600 4853 929 4909 adversariis
948 4856 1314 4926 triumphans,
1350 4860 1445 4915 sed
1474 4874 1614 4915 caeso
1638 4874 1743 4916 suo
1767 4865 2011 4919 exercitu

420 4939 632 5012 fugiens
652 4943 873 4999 domum
902 4946 1084 5013 rediit,
1124 4945 1379 5005 Benadab
1404 4949 1604 5021 Regem
1631 4949 1802 5023 Syrize
1824 4961 2025 5024 typum

418 5034 677 5092 habuisse
706 5036 926 5102 diaboli,
951 5040 1043 5109 qui
1066 5039 1317 5111 princeps
1343 5041 1613 5112 est—hujus
1634 5045 1820 5099 mundi
1848 5085 1863 5110 ,
1900 5060 2033 5100 non»

493 5184 523 5245 a_
555 5171 685 5228 Loci
733 5171 892 5245 hujus
920 5171 1356 5245 explicationem
1385 5175 1621 5245 excepit
1671 5170 1928 5245 Claudius
1969 5192 2027 5237 a,

414 5239 491 5294 lie
512 5243 558 5294 ia
598 5239 887 5313 qu:est.'l7
917 5239 1039 5299 libri
1071 5256 1177 5297 xxx
1208 5239 1567 5314 quaestionum
1612 5244 1665 5300 in
1700 5243 1867 5300 libros
1897 5244 2001 5301 Re-

420 5325 549 5377 gum
568 5329 689 5367 eam
708 5321 1065 5385 proponente.

491 5380 518 5420 δ
559 5382 748 5434 Prope.

489 5399 518 5487 ἴ
559 5399 1010 5530 il’tfgiernmenim
1049 5453 1274 5509 altitudo
1299 5451 1473 5525 longe,
1497 5462 1599 5512 etc.
1638 5453 1745 5515 Sed
1775 5464 2000 5530 prastat

418 5523 588 5574 nostri
611 5524 815 5578 codicis
841 5523 1022 5577 lectio.

488 5588 514 5627 d
558 5588 739 5662 illiilli,
767 5600 823 5645 et
855 5591 933 5645 sic
961 5592 1235 5662 deinceps.

495 5668 519 5696 ο
554 5658 707 5724 Quod
735 5677 745 5711 :
772 5667 997 5730 praestat
1034 5658 1220 5719 nostra
1248 5663 1423 5719 lectio.

2106 4494 2385 4572 prosilisse
2407 4493 2733 4549 describitur
2748 4532 2762 4557 ,
2796 4505 2896 4562 per
2915 4507 3075 4561 quem
3103 4491 3293 4547 Achab
3314 4505 3409 4546 rex
3438 4492 3707 4559 exigenti—

2108 4590 2210 4645 bus
2236 4586 2352 4642 suis
2388 4584 2598 4639 meritis
2630 4582 2931 4652 decipiatur
2961 4600 2974 4636 :
3006 4594 3180 4651 neque
3200 4583 3345 4637 enim
3366 4581 3454 4636 las
3474 4590 3567 4637 est
3586 4598 3702 4638 cre-

2107 4686 2239 4741 dere
2268 4684 2466 4738 bonum
2486 4680 2759 4749 spiritum,
2785 4678 3012 4733 fallaciae
3036 4679 3315 4735 deservire
3347 4678 3611 4741 voluisse,
3638 4686 3705 4734 ut

2110 4777 2317 4831 diceret
2346 4790 2363 4826 ι
2396 4770 2659 4842 Egredior
2683 4778 2733 4824 et
2762 4786 2853 4824 ero
2884 4769 3115 4824 mendax
3135 4769 3352 4840 spiritus
3378 4770 3434 4824 in
3459 4784 3553 4822 ore
3579 4786 3698 4823 om-

2111 4867 2255 4921 nium
2277 4864 2646 4936 prophetarum
2670 4861 2820 4930 ejus;
2850 4860 2946 4918 sed
2971 4861 3096 4930 quia
3124 4860 3313 4915 Achab
3344 4874 3437 4914 rex
3460 4858 3700 4929 peccatis

2111 4953 2540 5026 praecedentibus
2582 4951 2783 5022 dignus
2823 4956 2970 5017 erat,
3010 4957 3069 5004 ut
3101 4950 3203 5005 tali
3233 4951 3507 5006 debuisset
3543 4951 3700 5004 tiere-

2114 5046 2298 5116 ptione
2326 5041 2595 5106 damnari,
2622 5039 2890 5111 quatenus
2924 5040 3017 5110 qui
3042 5050 3185 5110 sirpe
3217 5040 3402 5096 valens
3426 5039 3699 5096 ceciderat

2186 5176 2206 5215 τ
2245 5175 2319 5230 Ne
2341 5173 2613 5246 glorietur.

2184 5246 2211 5287 ⁸
2244 5243 2395 5301 Ῡθιίε.
2429 5244 2480 5298 6.
2512 5243 2673 5314 Reges
2705 5243 2918 5313 triginta
2941 5245 3046 5314 duo
3073 5259 3191 5297 cum
3216 5260 3298 5298 eo.

2177 5317 2206 5357 ιι
2241 5313 2637 5383 Subsequentia
2660 5315 2822 5369 habet
2847 5313 3113 5377 Paterius,
3149 5313 3695 5384 binaque-Gregorius

2106 5384 2272 5458 [libro
2316 5402 2355 5440 ll
2386 5385 2692 5458 Moralium,
2720 5386 2914 5458 ἰι-58,
2947 5399 3082 5458 _cap.
3127 5384 3219 5449 20,
3267 5387 3394 5439 olim
3436 5384 3569 5458 2i]:
3599 5385 3691 5439 sed

2106 5454 2345 5526 inultum,
2382 5456 2527 5526 inest
2568 5454 2899 5526 discriminis
2944 5455 3088 5509 inter
3124 5470 3210 5526 ica
3270 5471 3401 5526 qtue
3436 5454 3692 5526 allegatus

2104 5525 2349 5609 _Gregorii
2382 5524 2522 5579 iiber
2547 5524 2798 5609 exhibet,
2827 5533 2885 5609 et
2912 5533 3096 5583 noster
3121 5523 3491 5609 liabeti'codcx-
3541 5523 3692 5595 cujus

2103 5592 2388 5719 lec'titinegt
2416 5610 2630 5665 sequor.
2667 5592 2945 5665 Yulgatam
2976 5596 3218 5653 consulat
3246 5596 3439 5652 lector.

2178 5679 2194 5707 ι
2304 5683 2330 5719 c
2371 5681 2497 5719 tam.

2178 5679 2194 5707 ³
2242 5679 2497 5719 Μσαηιηι.
