3924 6170
289 252 394 309 769

931 257 1389 324 ρυΑΞΞΤΙΟΝΕΒ
1420 259 1569 313 XXX
1609 259 1837 324 SUPER

1945 263 2121 322 BROS
2162 268 2422 326 REGUM.
2465 299 2532 309 —
2563 269 2766 324 LIBER
2802 269 2888 324 IV.

3428 271 3530 324 770

292 372 341 424 in
372 367 606 438 culpam,
643 371 962 440 quandoque
983 373 1172 427 nolens
1194 383 1476 444 caperetur
1504 375 1570 429 ad
1608 389 1852 444 poenam;
1883 381 1932 436 Λ
1961 381 2177 436 homine
2210 392 2470 451 peccante
2500 383 2768 452 prolatum
2801 390 2912 447 est,
2951 396 3074 440 cum
3130 383 3334 438 audivit
3374 383 3526 456 (Gen.

287 461 498 515 occulta
527 459 764 529 iustitia,
808 462 1020 517 licentia
1062 465 1310 536 malignis
1359 465 1636 534 spiritibus
1675 466 1853 530 datur,

288 563 344 609 ut
377 571 513 624 quos
553 555 792 610 volentes
835 557 888 610 in
928 558 1130 626 peccati
1175 559 1368 628 laqueo
1404 558 1762 628 strangulant,
1803 558 1854 611 in

285 647 486 716 peccati
513 661 728 714 poenam
755 649 917 702 etiam
941 650 1182 704 nolentes
1211 651 1447 704 trahant.
1481 670 1499 703 ι
1533 663 1560 691 ι
1594 648 1702 705 Sed
1723 664 1856 718 quo-

287 737 442 792 modo
468 736 611 792 Deus
638 739 754 793 hare
785 747 908 809 agat
936 734 1131 809 ubique
1156 755 1421 811 przesens,
1455 750 1513 796 et
1548 743 1748 811 ubique
1775 752 1856 797 to-

284 840 387 894 tus,
415 844 479 883 ac
504 845 716 900 semper
735 847 1001 900 praesens,
1030 841 1083 887 et
1102 835 1368 903 quomodo
1394 837 1512 905 ejus
1531 837 1850 906 simplicem,

282 931 336 974 ct
378 921 900 986 incommutabilem,
945 931 1307 992 :cternamque
1337 925 1622 980 veritatem
1661 941 1853 979 consu-

282 1013 394 1066 lant
417 1012 588 1066 sancti
616 1011 802 1081 Angeli
822 1052 836 1076 ,
870 1027 1162 1083 omnesque
1186 1015 1252 1070 ab
1277 1015 1464 1068 eodem
1495 1014 1662 1068 creati
1688 1015 1852 1068 subli-

277 1119 425 1168 mes,
467 1111 522 1158 et
561 1105 899 1159 mundissimi
942 1107 1194 1176 spiritus,
1230 1117 1391 1176 atque
1433 1109 1484 1162 id
1519 1110 1660 1178 quod
1697 1109 1748 1161 in
1785 1124 1851 1162 eo

277 1195 604 1264 sempiterne
639 1193 843 1262 justum
874 1197 1088 1261 vident,
1135 1214 1234 1268 pro
1281 1199 1630 1268 congruentia
1667 1215 1848 1254 rerum

277 1284 594 1350 inferarum,
640 1287 1009 1355 temporaliter
1050 1297 1308 1358 peragant
1345 1307 1357 1342 :
1388 1290 1655 1358 quomodo
1683 1291 1844 1344 etiam

277 1376 410 1445 lapsi
441 1377 690 1446 spiritus.
728 1379 815 1446 qui
854 1379 906 1432 in
933 1381 1158 1435 veritate
1201 1397 1306 1434 non
1335 1390 1604 1435 stet-erunt
1629 1389 1849 1451 propter

208 1459 212 1462 ’
276 1466 707 1533 immunditiam,
747 1475 802 1522 et
845 1469 1212 1524 inﬁrmitatem
1255 1471 1842 1540 concupiscentiarum,

273 1563 326 1608 et
359 1571 639 1624 poenarum
665 1572 882 1612 suarum
906 1575 1010 1613 non
1047 1561 1288 1614 valentes
1310 1570 1628 1628 przesentem
1653 1561 1845 1614 intrin-

274 1659 432 1698 secus
459 1646 721 1711 contueri,
763 1655 816 1702 et
849 1649 1130 1703 consulere
1157 1650 1462 1714 veritatem,
1494 1650 1647 1720 signa
1678 1649 1844 1705 forin-

1958 487 2038 535 ιιι,
2070 473 2155 538 l7)
2183 491 2196 525 :
2220 473 2502 527 Maledicta
2530 484 2669 528 terra
2698 475 2752 528 in
2781 490 2930 544 opere
2955 482 3065 528 tuo.
3091 473 3425 530 Maledictum
3441 475 3528 545 ju-

1955 563 2117 618 stitiaa
2139 563 2340 632 judicio
2371 565 2670 634 profertur,
2713 581 2833 620 cum
2873 565 2939 618 ad
2965 565 3240 619 Abraham
3285 567 3523 622 dicitur:

1957 649 2107 723 (Cen.
2133 655 2329 726 xu,5):
2357 655 2671 709 Maledicam
2691 656 3117 710 maledicentibus
3145 656 3258 709 tibi.
3293 657 3526 713 Rursum

1953 743 2078 811 quia
2103 744 2448 800 maledictum
2474 762 2580 801 non
2603 745 2807 814 judicio
2829 744 3073 813 justitiaz,
3105 746 3198 799 sed
3220 746 3386 800 livore
3412 747 3532 801 vin-

1953 833 2110 889 dictae
2136 837 2401 906 promitur
2418 877 2434 902 ,
2458 852 2589 892 voce
2614 837 2763 890 Pauli
2785 837 3127 906 prmdicantis
3151 838 3522 902 admonemur,

1953 926 2042 992 qui
2058 928 2132 980 ait
2148 926 2323 997 (Rom.
2339 927 2539 999 1:11,”)
2573 928 2921 992 :Benedicite,
2944 938 2991 982 et
3018 927 3174 981 nolite
3193 928 3519 982 maledicere.

1953 1016 2018 1070 Et
2041 1033 2250 1072 rursum
2267 1019 2402 1073 idem
2422 1018 2470 1090 (Ι
2487 1018 2721 1073 Corinth.
2744 1018 2954 1089 ν1,10);
2984 1018 3165 1088 Neque
3179 1019 3420 1074 maledici
3446 1036 3525 1072 re—

1949 1124 2108 1176 gnum
2137 1108 2235 1162 Dei
2251 1111 2606 1179 possidebunt.
2642 1110 2783 1163 Deus
2814 1125 2942 1179 ergo
2962 1109 3282 1163 maledicere
3303 1108 3522 1174 dicitur,

1951 1202 2004 1248 et
2033 1203 2208 1251 tamen
2243 1197 2567 1252 maledicere
2595 1197 2867 1252 hominem
2889 1197 3172 1266 prohibet,
3219 1197 3345 1266 quia
3376 1197 3519 1265 quod

1949 1284 2111 1340 homo
2139 1287 2250 1355 agit
2279 1288 2484 1341 malitia
2507 1288 2777 1350 vindictae,
2820 1287 2960 1340 Deus
2985 1301 3089 1340 non
3121 1285 3269 1349 facit,
3298 1286 3398 1340 nisi
3429 1301 3521 1340 ex-

1949 1375 2143 1440 amine,
2181 1384 2237 1430 et
2265 1377 2461 1432 virtute
2485 1379 2726 1448 justitiaa.
2760 1375 2786 1414 ¹ι
2810 1378 2941 1430 Nam
2970 1387 3024 1430 et
3061 1378 3230 1432 sancti
3259 1377 3358 1431 viri
3398 1392 3521 1431 cum

1947 1467 2339 1523 maledictionis
2363 1471 2689 1525 sententiam
2714 1468 3024 1539 proferunt,
3062 1484 3169 1524 non
3196 1469 3262 1523 ad
3293 1469 3433 1523 hanc
3452 1483 3520 1522 ex

1946 1570 2070 1615 voto
2097 1561 2343 1626 ultionis,
2381 1563 2474 1616 sed
2508 1561 2734 1630 justitiae
2756 1562 3346 1630 examineerumpunt.
3372 1559 3519 1614 lntus
3577 1621 3581 1624 ,

1947 1653 2317 1708 enim-subtile
2347 1653 2442 1707 Dei
2465 1651 2725 1720 judicium
2755 1651 3042 1721 aspiciunt,
3079 1660 3132 1705 et
3160 1652 3176 1690 ί
3204 1651 3342 1704 male
3373 1648 3519 1704 foras

273 1749 430 1791 secus
451 1752 548 1808 per
571 1747 876 1793 creaturam
911 1747 1243 1808 exspectent,
1287 1739 1476 1808 eisque
1502 1748 1839 1804 moveantur,
1873 1728 1916 1786 Β
1944 1743 2305 1811 exsurgentia,
2334 1743 2458 1812 quia
2489 1743 2776 1798 maledicto
2815 1742 3045 1796 debeant
3083 1739 3266 1804 ferire,
3315 1753 3517 1808 cogno-

273 1826 386 1882 sive
423 1829 490 1881 ad
521 1828 820 1884 faciendum
851 1830 1074 1899 aliquid,
1109 1831 1220 1884 sive
1248 1830 1314 1883 ad
1346 1844 1452 1883 non
1489 1829 1794 1883 faciendum
1825 1848 1837 1882 :

271 1933 446 1988 quove
484 1921 643 1974 modo
670 1929 930 1991 cogantur
955 1929 1152 1975 aeterna
1181 1921 1299 1990 lege
1321 1961 1335 1985 ,
1381 1935 1487 1989 qua
1519 1919 1842 1974 universitas

270 2010 496 2079 regitur,
519 2010 706 2073 vincti,
736 2011 1217 2080 atqueconstricti,
1245 2010 1327 2065 vel
1352 2011 1561 2064 sinente
1587 2011 1694 2064 Deo
1714 2025 1842 2079 ope-

269 2101 396 2160 rari,
430 2100 513 2154 vel
531 2101 731 2155 cedere
753 2099 982 2168 jubenti,
1008 2112 1063 2156 et
1086 2102 1367 2171 complecti
1393 2101 1645 2165 arduum,
1665 2110 1722 2154 et
1748 2116 1838 2154 ex.

267 2190 472 2258 plicare
505 2191 876 2260 longissimum
901 2200 1007 2247 est.

338 2282 494 2353 (χχιι,
523 2283 615 2347 40,
647 2282 734 2347 52,
761 2292 809 2336 et
833 2283 966 2353 seq.)
995 2285 1121 2337 Post
1143 2291 1368 2337 mortem
1397 2281 1580 2336 Achab
1618 2296 1843 2350 regnare

264 2376 435 2441 cmpit
474 2373 736 2427 chosias
774 2374 915 2428 ﬁlius
957 2373 1076 2440 ejus
1120 2391 1217 2443 pro
1252 2391 1354 2435 eo.
1412 2376 1479 2429 de
1525 2388 1632 2441 quo
1677 2371 1842 2427 refert

265 2463 548 2531 Scriptum
577 2458 680 2532 (IV
731 2460 856 2531 Reg.
902 2479 939 2525 ι,
973 2463 1051 2532 3.)
1079 2480 1092 2514 :
1124 2462 1275 2527 Quod
1304 2464 1489 2517 cecidit
1516 2482 1608 2534 per
1631 2467 1839 2520 cancel-

264 2550 349 2603 los
377 2550 630 2604 ewnacali
656 2551 767 2615 sui,
802 2551 941 2621 quod
968 2552 1183 2606 habebat
1211 2554 1266 2606 in
1295 2552 1562 2621 Samaria,
1591 2565 1638 2609 et
1673 2575 1842 2628 στεινο-

262 2641 416 2692 tat-il.

335 2727 600 2783 chosias
617 2744 710 2784 rex
741 2730 1019 2796 Samarize,
1047 2733 1145 2802 qui
1161 2749 1219 2789 se
1245 2751 1276 2789 a
1303 2736 1464 2793 domo
1490 2738 1658 2794 David
1685 2756 1840 2812 sepa-

263 2824 428 2886 ravit,
465 2831 518 2876 et
540 2838 633 2892 per
668 2824 932 2879 cancellos
955 2826 1180 2890 decidit,
1216 2828 1318 2882 hoc
1348 2829 1653 2897 signiﬁcare
1686 2835 1838 2888 vide-

265 2925 376 2980 tur,
421 2915 561 2984 quod
592 2916 850 2982 hmretici,
888 2920 1000 2971 sive
1026 2918 1378 2985 sebismatici,
1428 2931 1484 2976 et
1531 2925 1576 2979 si
1604 2926 1836 2995 aliquam

259 3003 418 3057 bona:
444 3003 670 3058 actionis
694 3021 874 3059 arcem
901 3009 1265 3064 conscendere
1300 3010 1568 3078 videntur,
1601 3018 1726 3085 quia
1749 3027 1833 3070 ta-

261 3109 383 3149 men
417 3109 730 3164 compagem
757 3095 1010 3151 Ecclesiae
1039 3099 1259 3154 unitatis
1290 3117 1396 3156 non
1430 3103 1646 3169 habent,
1678 3108 1832 3175 quasi

259 3183 599 3253 patentibus,
635 3192 830 3238 etnon
862 3185 1044 3242 solidis
1079 3187 1308 3242 laterum
1348 3193 1616 3260 praesidiis
1653 3197 1719 3249 ad
1756 3197 1834 3250 vi-

259 3275 461 3329 tiorum
512 3273 942 3344 semperinlima
984 3277 1326 3343 relabuntur,
1362 3281 1489 3336 dum
1520 3283 1702 3338 divino
1736 3285 1830 3339 de-

254 3364 436 3418 stituti
465 3363 681 3428 auxilio,
720 3365 834 3419 sive
855 3367 1166 3433 pertinacia:
1194 3367 1334 3424 fastu
1369 3370 1661 3427 intereunt.

298 3453 442 3527 .(lV
491 3455 620 3525 Reg.
653 3471 692 3520 ι,
734 3455 812 3526 9.)
851 3457 1054 3513 Deinde
1106 3458 1272 3514 refert
1299 3461 1576 3532 Scriptura
1615 3465 1828 3532 eadem,

253 3546 392 3614 quod
435 3545 576 3599 idem
599 3544 858 3603 chosias
877 3550 1088 3604 miserit
1113 3552 1246 3605 deos
1274 3553 1546 3624 principes
1563 3557 1830 3626 quinqua—

248 3636 512 3707 genarius
546 3637 614 3692 ad
640 3636 868 3705 Heliam,
901 3656 1058 3710 quem
1095 3643 1221 3711 quia
1249 3649 1550 3712 procaciter
1585 3664 1706 3703 eum
1737 3651 1834 3705 ιιοι

249 3728 460 3782 minem
483 3725 578 3781 Dei
602 3738 948 3796 vocaverunt,
979 3731 1067 3784 illo
1084 3742 1295 3797 orante,
1325 3735 1534 3790 celesti
1561 3740 1686 3808 igne
1704 3756 1834 3796 con-

250 3817 453 3887 sumpti
479 3823 635 3871 sunt:
671 3819 860 3874 tertius
884 3828 1062 3874 autem
1090 3823 1286 3877 missus
1307 3824 1545 3881 salvatus
1567 3837 1672 3882 est.
1700 3849 1718 3879 r
1749 3831 1835 3885 Fi-

252 3910 518 3978 guraliter
542 3900 1266 3981 alitembquinquagenarius
1291 3931 1544 3971 numerus
1570 3918 1834 3976 eorxfessio

253 3999 589 4066 paenitentia:
615 4007 720 4065 est,
744 4011 766 4039 ο
797 4015 894 4070 per
925 4015 1087 4070 quam
1111 4001 1414 4058 declaratur
1436 4006 1684 4060 remissio
1705 4023 1831 4076 pec-

252 4101 524 4148 catorum.
537 4090 704 4146 Iudazi
719 4093 864 4147 enim
877 4093 1118 4148 nolentes
1133 4093 1406 4150 Christum
1422 4096 1588 4151 Deum
1602 4112 1722 4152 esse
1742 4114 1834 4154 ve-

253 4197 370 4236 rum
394 4191 511 4238 ‘nec
527 4183 835 4252 ’principem
856 4182 883 4223 ἀ
907 4183 1582 4257 ἰιιᾶιιιεειιιίωιειιιεὶισιοιη
1601 4229 1616 4253 ,
1647 4189 1834 4245 dicunt

249 4273 300 4324 ei
313 4271 623 4342 (leamvm,
635 4272 730 4343 57)
747 4292 761 4326 :
777 4275 1153 4345 quinquaginta
1170 4293 1336 4331 annos
1351 4279 1579 4333 nondum
1593 4281 1770 4342 habes.
1783 4294 1833 4336 et

1943 1838 2118 1892 scunt,
2161 1838 2216 1884 et
2239 1846 2302 1886 eo
2335 1832 2390 1884 in
2426 1832 2712 1886 maledicto
2733 1847 2837 1885 non
2866 1838 3128 1900 peccant,
3165 1830 3305 1897 quod
3338 1831 3404 1883 ab
3441 1830 3516 1883 in-

1943 1923 2096 1973 terno
2119 1917 2320 1986 judicio
2345 1935 2448 1975 non
2488 1921 2820 1976 discordant.
2871 1921 3005 1976 [line
3031 1929 3116 1974 est
3147 1919 3290 1989 quod
3324 1918 3517 1972 Petrus

1941 2013 1994 2068 in
2039 2014 2352 2070 offerentem
2403 2016 2502 2071 sibi
2555 2016 2812 2085 pecunias
2857 2014 3132 2069 Simonem
3190 2012 3514 2068 sententiam

1941 2102 2330 2160 maledictionis
2359 2105 2574 2160 intorsit
2596 2106 2782 2160 dicens
2809 2104 2945 2175 (Act.
2973 2120 3090 2168 vm,
3120 2103 3212 2174 20)
3241 2120 3254 2157 :
3282 2101 3515 2156 Pecunia

1941 2201 2032 2245 tua
2077 2201 2241 2247 tecum
2270 2196 2335 2248 sit
2373 2195 2428 2247 in
2456 2195 2843 2264 perditionem;
2884 2194 2975 2262 qui
3001 2193 3148 2248 enim
3184 2207 3290 2246 non
3315 2191 3391 2244 ait
3415 2201 3512 2254 est,

1941 2283 2035 2336 sed
2073 2285 2172 2348 sit,
2205 2301 2311 2339 non
2359 2269 2680 2350 indicativo,
2719 2284 2813 2340 sed
2857 2285 3096 2353 optativo
3126 2283 3284 2338 modo
3315 2297 3374 2336 se
3412 2282 3516 2338 hoc

1943 2373 2145 2428 dixisse
2171 2373 2498 2444 signiﬁcavit
2535 2392 2546 2427 :
2583 2364 2709 2428 hinc
2737 2374 2918 2453 llelias
2939 2372 3148 2426 duobus
3176 2373 3512 2440 quinquage—

1943 2461 2108 2514 nariis
2146 2463 2212 2516 ad
2241 2477 2300 2515 se
2337 2461 2674 2517 venientibus
2719 2463 2856 2516 dixit
2890 2476 2905 2513 :
2947 2460 3003 2514 Si
3039 2462 3194 2516 homo
3238 2459 3337 2512 Dei
3371 2475 3512 2522 sum,

1941 2551 2219 2604 descendat
2247 2553 2383 2620 iqnis
2419 2551 2484 2605 de
2527 2551 2675 2616 caelo,
2721 2561 2772 2606 et
2819 2559 3089 2604 consumat
3131 2565 3238 2602 eos.
3272 2548 3511 2615 Quorum

1940 2640 2126 2708 utique
2163 2640 2424 2694 sententia
2453 2648 2648 2709 quanta
2681 2639 2924 2693 veritatis
2961 2639 3166 2692 ratione
3205 2638 3510 2703 convaluit,

1942 2733 2204 2786 terminus
2233 2745 2408 2785 cause
2455 2731 2797 2785 monstravit.
2831 2729 2964 2784 Nam
3000 2736 3055 2782 et
3091 2729 3274 2782 Simon
3311 2737 3510 2782 aeterna

1940 2824 2240 2893 perditione
2265 2823 2500 2887 interiit,
2533 2831 2587 2876 et
2611 2823 2742 2876 duos
2767 2819 3254 2890 quinquagenarius
3281 2819 3512 2888 desuper

1940 2914 2164 2969 veniens
2191 2913 2405 2969 ﬂamma
2431 2915 2783 2982 consumpsit.
2817 2913 3000 2967 Virtus
3026 2927 3156 2981 ergo
3178 2911 3510 2980 subsequens

1946 3006 2279 3071 testiﬁcatur,
2313 3021 2416 3074 qua
2446 3013 2626 3060 mente
2661 3003 3064 3059 maledictionis.
3085 3005 3350 3058 sententia
3381 3019 3508 3073 pro-

1860 3069 1904 3129 C
1937 3101 2120 3166 mitur,
2149 3117 2270 3156 cum
2297 3110 2350 3155 et
2375 3098 2748 3154 maledicentis
2780 3097 3084 3152 innocentia
3117 3105 3428 3165 permanet,
3456 3103 3510 3150 et

1937 3201 2112 3248 tamen
2135 3208 2277 3257 eum,
2305 3195 2397 3262 qui
2422 3191 2779 3255 maledicitur,
2805 3205 2978 3258 usque
3001 3190 3069 3243 ad
3097 3187 3374 3243 interitum
3399 3202 3510 3242 ma-

1933 3281 2150 3336 ledictio
2187 3282 2456 3337 absorbet.
2499 3281 2693 3350 Itaque
2733 3295 2801 3335 ex
2849 3280 3132 3348 utriusque
3178 3277 3352 3346 partis
3404 3276 3510 3331 ﬁne

1933 3374 2222 3444 colligitur,
2248 3375 2374 3443 quia
2405 3374 2472 3428 ab
2496 3388 2620 3439 uno,
2640 3382 2694 3427 et
2725 3373 2917 3428 intimo
2936 3371 3116 3442 judice
3134 3371 3188 3426 in
3210 3384 3363 3425 reum
3388 3383 3510 3424 sen-

1935 3462 2100 3516 tentia
2127 3472 2335 3533 sumpta
2359 3462 2649 3532 jaculatur.
2690 3481 2709 3514 ι

2002 3549 2156 3621 (Cap.
2181 3567 2244 3616 ιι,
2273 3568 2402 3605 νει-ε.
2430 3550 2485 3617 2,
2514 3550 2568 3616 4,
2593 3549 2726 3621 etc.)
2757 3548 2911 3616 Quod
2937 3549 3083 3601 enim
3112 3545 3508 3602 abstrahendus

1934 3640 2135 3706 Helias,
2165 3649 2326 3710 atque
2360 3641 2651 3696 elevandus
2677 3641 2746 3694 ad
2768 3639 2989 3703 cmlum,
3018 3637 3244 3706 jusserit
3271 3636 3504 3698 l-leliseo,

1933 3739 1996 3784 ut
2022 3731 2283 3785 resideret
2307 3731 2361 3783 in
2386 3729 2621 3799 Galgalis
2654 3747 2666 3780 :
2695 3736 2790 3782 aut
2809 3729 2863 3782 in
2892 3727 3072 3782 Bethel
3097 3739 3116 3777 :
3141 3737 3236 3780 aut
3253 3725 3464 3779 Hierico
3485 3738 3505 3776 :

1932 3822 2048 3875 sive
2059 3819 2292 3874 Iordane
2323 3837 2336 3872 :
2363 3828 2418 3874 et
2439 3816 2530 3873 ille
2553 3831 2768 3886 semper
2783 3815 3048 3884 juraverit
3077 3831 3175 3884 per
3197 3815 3504 3880 Dominum,

1931 3911 2078 3980 quod
2119 3926 2224 3965 non
2267 3910 2596 3979 relinqtmret
2631 3923 2775 3971 eum,
2812 3906 2917 3962 hoc
2957 3906 3222 3976 ﬁgurasse
3267 3907 3502 3971 videtur,

1932 4001 2080 4070 quod
2099 4000 2468 4070 apostolorum
2501 4000 2556 4053 in
2579 4013 2638 4054 se
2669 3995 2918 4051 habuerit
2941 3995 3110 4068 ﬁgura
3135 4037 3151 4062 ,
3175 3996 3267 4065 qui
3295 3997 3366 4052 ab
3385 3996 3502 4066 ipsa

1933 4092 2260 4147 revelatione
2303 4091 2428 4146 ﬁdei
2461 4089 2562 4162 (sic
2593 4091 2741 4154 enim
2790 4091 3176 4158 interpretatur
3223 4085 3503 4156 Galgala),

1932 4184 2152 4239 Christo
2173 4183 2401 4238 Domino
2430 4182 2704 4237 individue
2731 4180 3066 4237 adhaerentes
3090 4191 3262 4246 usque
3282 4177 3336 4230 in
3361 4176 3502 4231 diem

1934 4272 2264 4327 ascensionis
2291 4269 2407 4338 eius
2435 4272 2491 4324 in
2527 4271 2721 4326 calum
2749 4270 2818 4324 ab
2847 4268 2964 4338 ejus
2995 4268 3253 4323 comitatu
3284 4281 3391 4336 non
3419 4280 3501 4330 re-

251 4364 1908 4453 AbrahamscidistifllitalesfumrodiviniignisinceudioD
1935 4373 2230 4420 cesserunt
2281 4362 2524 4431 Cumue
2575 4363 2896 4417 transissent
2957 4359 3247 4426 «Iordanem
3297 4357 3501 4453 (ιρίάο,

251 4455 692 4524 exstinguuntur,
708 4456 902 4511 tertius
926 4465 1105 4511 autem
1141 4460 1158 4495 τ
1187 4459 1695 4530 quinquagenarius,
1725 4479 1830 4532 qua
1856 4451 1891 4453 _
1933 4473 2064 4512 vers.
2093 4456 2168 4527 9),
2201 4456 2338 4509 dixit
2362 4454 2542 4510 Helias
2567 4456 2634 4511 ad
2653 4455 2924 4510 Heliseum
2953 4467 2968 4506 :
3001 4452 3222 4506 Postula
3243 4451 3381 4519 quod
3401 4453 3499 4516 vis,

250 4561 551 4603 conversus
579 4548 648 4602 ad
677 4540 838 4602 ﬁdem
873 4548 1176 4612 Trinitatis,
1201 4551 1538 4607 demonstrat
1563 4556 1831 4622 paeniten-

253 4637 340 4691 tiae
362 4645 729 4703 sacramenta,
761 4637 963 4692 idcirco
988 4638 1056 4692 ad
1086 4639 1468 4709 indulgentiam
1494 4645 1691 4698 meruit
1711 4661 1831 4714 per-

255 4729 453 4783 venire.
493 4729 520 4767 3
563 4726 850 4782 Sciendum
886 4735 970 4782 est
1006 4728 1146 4795 quod
1180 4726 1468 4797 Scriptura
1501 4747 1653 4787 sacra
1704 4735 1830 4790 duo-

253 4818 348 4874 bus
367 4819 552 4875 modis
570 4818 900 4873 maledictum
923 4827 1184 4874 meruerat
1210 4836 1223 4873 :
1250 4821 1394 4875 aliud
1415 4823 1662 4878 videlicet
1681 4827 1822 4894 quod

251 4912 545 4980 approbat,
595 4909 739 4964 aliud
777 4910 920 4979 quod
947 4909 1168 4963 damnat
1206 4928 1219 4963 :
1249 4911 1407 4964 aliter
1431 4913 1577 4968 enim
1605 4915 1825 4970 maledi-

251 5009 396 5055 ctum
429 4998 708 5070 profertur
733 4997 936 5066 judicio
969 4998 1223 5067 justitiae,
1262 5001 1426 5056 aliter
1453 5002 1623 5058 livore
1652 5005 1824 5059 vindi-

253 5098 369 5144 cta).
399 5089 745 5145 Maledictum
780 5088 977 5159 quippe
1001 5088 1204 5160 judicio
1237 5088 1464 5158 justitize
1496 5094 1609 5163 ipso
1646 5096 1825 5165 primo

321 5232 345 5260 ι
379 5219 654 5274 Hactenus
683 5217 974 5286 Gregorius
1011 5233 1024 5269 ι
1061 5220 1438 5286 subsequentia
1468 5235 1631 5288 porro
1655 5221 1820 5276 verba

252 5288 458 5344 Claudii
489 5305 606 5344 esse
633 5290 904 5349 Videntur,
935 5303 1037 5357 non
1081 5290 1386 5357 vetustioris
1413 5290 1711 5357 scriptoris.

324 5361 349 5398 δ
388 5359 622 5413 Isidorus
650 5374 768 5427 cap.
804 5359 826 5410 l
885 5359 937 5410 in
965 5356 1066 5428 ‘lib.
1099 5356 1163 5428 ιν
1207 5357 1435 5428 Regum,
1459 5356 1580 5427 quae
1606 5361 1689 5414 hic
1713 5368 1822 5414 tra-

247 5429 327 5483 dit
355 5429 630 5492 (Il-auditis,
661 5425 1066 5496 expressissime
1092 5427 1266 5480 docet.

315 5512 342 5537 ε
383 5498 534 5562 Qun.

318 5569 345 5607 ιι
391 5567 716 5623 Ρωιιὶιριιιίίιν
738 5569 934 5630 dicunt,
963 5575 1067 5620 etc.

324 5651 348 5676 ε
384 5638 532 5693 Nosti
545 5641 565 5688 ἶ)

1931 4557 1986 4599 ut
2013 4546 2205 4615 faciam
2232 4546 2357 4609 tibi,
2389 4554 2670 4614 antequam
2696 4542 2856 4596 tollar
2884 4560 2916 4595 a
2951 4551 3021 4594 te.
3059 4541 3308 4610 Dixitque
3349 4539 3499 4596 Heli-

1929 4653 2050 4690 seus
2076 4649 2094 4686 :
2123 4636 2352 4699 obsecro,
2383 4644 2439 4688 ut
2465 4635 2560 4702 ﬁat
2591 4632 2784 4703 duplex
2807 4631 3018 4700 spiritus
3053 4640 3174 4684 tuus
3198 4630 3253 4683 in
3285 4645 3387 4684 me.

2003 4725 2310 4779 Secundum
2350 4723 2590 4778 historiae
2629 4722 2789 4777 ﬁdem
2831 4721 3026 4792 duplex
3072 4721 3294 4789 spiritus
3337 4719 3500 4776 Heliae

1929 4815 2144 4870 lleliseo
2172 4815 2398 4870 collatus
2422 4823 2540 4879 est,
2574 4814 2698 4883 quia
2726 4811 2894 4867 multo
2938 4811 3118 4881 plures
3143 4810 3368 4866 virtutes
3395 4808 3498 4864 lle-

1931 4908 2128 4972 liseus,
2155 4921 2317 4976 quam
2360 4907 2540 4961 Helias
2571 4914 2826 4976 operatus
2851 4912 2952 4960 est.
2989 4903 3334 4974 Trepologice
3371 4916 3498 4958 vero

1927 4999 2124 5068 duplex
2153 4999 2373 5068 spiritus
2411 4999 2576 5054 Heliae
2649 4997 2864 5054 lleliseo
2901 4997 3192 5051 attributus
3222 5002 3328 5061 est,
3369 4997 3494 5064 quia

1930 5099 2051 5160 post
2101 5093 2472 5145 ascensionem
2522 5090 2731 5144 Domini
2779 5103 2875 5160 per
2926 5089 3211 5142 adventum
3261 5086 3496 5155 Spiritus

2006 5221 2025 5260 ί
2055 5220 2321 5291 Cognorit.

2001 5293 2025 5330 ε
2061 5287 2189 5357 (ξιιίε
2217 5299 2517 5360 sequuntur
2552 5291 2732 5344 omnia
2762 5291 2828 5343 ad
2860 5290 2960 5343 loci
2997 5287 3155 5360 hujus
3184 5289 3491 5358 explicatio-

1929 5375 2052 5413 nem
2088 5359 2386 5429 desumpsit
2429 5361 2681 5429 Claudius
2715 5374 2780 5412 ex
2824 5375 2942 5429 cap.
2991 5361 3042 5423 1,
3078 5359 3213 5413 alias
3250 5373 3397 5416 num.
3436 5361 3493 5429 2,

1928 5430 2050 5482 libri
2079 5446 2129 5482 tv
2157 5427 2434 5483 Moralium
2460 5430 2515 5483 S.
2542 5427 2803 5498 Gregorii.

2001 5497 2025 5534 ¹ι
2054 5498 2182 5551 Cum
2213 5516 2350 5552 vero.

2007 5574 2021 5608 ἀ
2061 5568 2226 5622 Mala.
