3924 6170
284 286 393 344 773

929 281 1395 353 QUASSTIONES
1432 280 1582 338 XXX
1621 277 1848 337 SUPER
1884 272 2134 334 LIBROS
2172 270 2439 335 REGI)“.
2476 304 2548 318 -
2590 276 2789 332 LIBER
2823 275 2912 333 ιγ.
2947 253 2955 259 ’

3452 273 3559 334 ’νη

280 399 444 458 nibus
462 396 725 462 cernitur,
747 396 952 467 optima
970 406 1054 453 est
1076 416 1090 451 :
1116 413 1270 469 aqum
1289 413 1421 453 vero
1434 396 1580 452 illius
1599 395 1869 465 pessime,
1900 397 1947 456 Α
1975 391 2208 460 gratiam
2231 390 2556 462 evangeliea:
2594 391 2997 461 praedicationis
3019 391 3160 446 intra
3200 390 3436 448 litteram
3478 392 3587 448 iev

280 492 527 549 doctrina
550 498 631 545 est
651 489 962 560 accipienda
986 489 1455 561 philosophorum,
1479 497 1534 544 et
1554 496 1864 559 poetarum,

281 581 564 638 hominum
609 579 862 635 videlicet
899 590 1109 635 mentes
1143 582 1210 636 ad
1248 581 1554 636 daemonum
1582 580 1781 644 cultus,
1814 587 1871 634 et

281 669 562 727 libidinem
586 709 602 731 ,
638 675 801 738 atque
835 668 1104 723 luxuriam
1149 682 1470 739 provocans.
1524 669 1696 724 Terra
1737 683 1870 723 vero

280 760 487 820 sterilis
527 773 689 815 omne
722 760 927 815 indicat
974 760 1255 815 hominum
1294 772 1465 831 genus
1497 777 1509 814 :
1543 760 1634 830 qui
1678 759 1870 814 relicto

281 862 531 911 creatore
557 852 691 917 Deo,
729 848 1033 907 obscuratis
1062 852 1312 907 sensibus
1348 852 1732 907 deserviebant
1757 866 1872 905 om-

282 948 445 1005 nibus
478 945 767 1003 creaturis.
799 945 968 1013 Quem
1004 946 1150 1002 enim
1179 945 1233 1001 in
1264 947 1369 1002 hoc
1401 944 1547 1002 facto
1579 944 1868 1008 miraculo,

278 1038 386 1095 nisi
414 1038 703 1093 Dominum
731 1036 916 1093 Jesum
955 1036 1230 1094 Christum
1258 1037 1729 1110 prmiiguraverat,
1775 1036 1867 1107 qui

279 1139 570 1201 postquam
601 1130 839 1186 Verbum
867 1144 996 1184 caro
1028 1127 1232 1185 factum
1257 1138 1362 1195 est,
1395 1138 1560 1201 atque
1590 1145 1687 1201 per
1715 1127 1873 1183 mini-

281 1232 458 1276 strum
482 1222 537 1275 in
559 1218 794 1276 Jordane
821 1219 981 1276 lluvio
1002 1218 1272 1291 baptizari
1299 1221 1551 1291 dignatus
1572 1229 1673 1284 est,
1701 1234 1871 1289 aquas

281 1312 502 1367 Hierico
540 1310 779 1375 steriles,
822 1313 926 1367 hoc
963 1319 1048 1366 est
1076 1312 1237 1382 hujus
1261 1310 1479 1376 mundi,
1523 1311 1788 1366 convertit
1817 1310 1869 1364 in

279 1403 488 1459 lavacri
524 1402 951 1458 fecunditatem?
975 1408 1036 1456 ut
1055 1402 1318 1473 quidquid
1356 1414 1424 1456 ex
1468 1401 1549 1456 eis
1576 1384 1868 1472 regenera—

283 1505 399 1550 tum
426 1494 634 1558 fuisset,
670 1492 830 1548 talem
853 1492 1129 1564 acciperet
1154 1492 1425 1563 spiritum.
1450 1491 1508 1546 ln
1539 1492 1653 1547 sale
1670 1490 1870 1562 quippe

283 1585 550 1656 sapientia
589 1601 604 1640 :
638 1584 692 1639 in
722 1599 851 1640 vase
882 1600 1013 1640 vero
1052 1583 1207 1650 rudi,
1239 1599 1368 1639 caro
1410 1582 1624 1638 Domini
1670 1580 1870 1637 intelli-

282 1677 449 1751 gitur.

361 1768 455 1838 (tt,
502 1767 634 1838 23.)
686 1765 932 1822 Ascendit
992 1766 1235 1822 Heliseus
1277 1767 1332 1822 in
1381 1765 1583 1822 Bel/rel.
1635 1761 1872 1838 Cumque
1898 1755 1945 1813 Β

284 1859 587 1917 ascenderet
630 1876 723 1929 per
752 1862 913 1925 viam,
942 1860 1092 1930 pueri
1128 1861 1279 1930 parvi
1313 1858 1508 1929 egressi
1545 1866 1667 1911 sunt
1693 1857 1758 1910 de
1794 1857 1872 1910 ci—

282 1952 463 2017 vitate,
489 1961 536 2005 et
564 1948 1148 2004 illudebanteidiccntes
1170 1962 1188 2000 :
1211 1946 1446 2003 Attende
1459 1946 1620 2012 calve,
1648 1932 1872 2001 ascende

283 2038 460 2102 calve;
486 2038 673 2110 quibus
704 2035 1018 2091 maledicens
1044 2036 1099 2091 in
1124 2037 1333 2090 nomine
1354 2035 1587 2101 Domini,
1622 2033 1870 2089 continuo

282 2130 476 2201 egressi
503 2139 625 2183 sunt
659 2129 764 2183 duo
791 2130 904 2182 ursi
934 2127 999 2182 de
1029 2127 1202 2192 saltu,
1241 2137 1288 2181 et
1314 2127 1671 2182 (accreverunt
1702 2142 1767 2180 ea:
1796 2125 1871 2182 eis

281 2220 634 2292 quadraginta
651 2228 698 2274 et
722 2219 855 2273 duas
880 2236 1087 2290 pueros.
1114 2216 1181 2272 Et
1206 2219 1333 2272 abiit
1357 2220 1542 2274 exinde
1564 2221 1619 2273 in
1645 2228 1873 2273 montem

283 2303 535 2363 Carmeli.

361 2411 389 2441 ι
423 2397 704 2462 Heliseus,
733 2397 826 2467 qui
850 2397 1239 2468 interpretatur
1268 2395 1364 2451 Dei
1386 2395 1552 2461 salus,
1581 2410 1873 2467 personam

288 2490 595 2547 Salvatoris
633 2498 874 2561 gestasse
904 2505 1010 2544 non
1062 2490 1284 2545 dubiant
1321 2498 1433 2554 est,
1485 2488 1577 2558 qui
1622 2487 1877 2543 Salvator

289 2584 594 2642 ascendens
633 2585 689 2639 in
721 2583 905 2640 Bethel
923 2624 937 2648 ,
979 2585 1084 2640 hoc
1111 2591 1194 2638 est
1224 2585 1291 2638 ad
1321 2582 1538 2638 domum
1587 2580 1681 2636 Dei
1711 2578 1876 2636 coele-

290 2685 453 2741 stcm,
482 2693 511 2731 a
533 2677 756 2743 iudicis,
786 2677 939 2746 quasi
965 2692 995 2730 a
1018 2676 1201 2746 pueris
1223 2673 1622 2744 insipientibus,
1649 2675 1876 2729 subsan-

285 2775 451 2824 natus
478 2774 591 2834 est;
626 2766 986 2822 clamantibus
1015 2766 1205 2821 iisdem
1231 2762 1432 2820 Judaeis
1463 2778 1478 2818 :
1511 2763 1743 2818 Ascende
1766 2764 1876 2819 eat-

285 2876 379 2925 re,
410 2858 632 2913 ascende
661 2856 824 2924 calve,
875 2854 1167 2927 Cruciﬁge,
1213 2854 1462 2925 cruci/iga
1507 2855 1561 2909 in
1609 2853 1873 2909 Calvarim

281 2950 426 3015 loco,
464 2951 536 3005 ob
567 2947 722 3017 cujus
759 2947 955 3019 piaculi
990 2946 1200 3002 facinus
1238 2943 1390 3017 plebs
1427 2942 1735 3000 Iudaeorum
1778 2944 1874 2999 de-

280 3043 462 3099 cursis
487 3041 716 3106 duobus,
746 3046 801 3093 et
823 3039 1183 3109 quadraginta
1198 3036 1355 3091 annis
1371 3043 1495 3107 post
1517 3036 1870 3091 resurrectio-

1969 485 2071 557 gis,
2102 492 2159 540 et
2184 485 2524 557 prophetiam
2548 484 2751 539 veteris
2787 483 3095 539 testamenti
3124 498 3233 538 non
3261 484 3559 539 revelatam

1969 573 2110 644 apud
2145 588 2205 628 se
2234 572 2567 628 continebat.
2602 571 2897 640 Postquam
2926 586 3058 626 vero
3096 571 3165 624 ad
3199 572 3561 639 wgnitionem

1970 661 2084 716 veri
2132 661 2357 727 Helisei,
2407 662 2511 717 hoc
2554 669 2638 716 est
2679 658 2981 715 Salvatoris
3027 661 3222 724 nostri,
3276 662 3563 730 pervenire

1967 753 2297 823 promeruit,
2329 751 2445 821 ejus
2471 752 2702 808 consilio
2726 767 2756 806 a
2787 752 2981 807 vicinis
3017 752 3132 808 suis
3168 751 3401 822 plurima
3430 767 3556 805 vasa

1969 859 2138 900 vacua
2174 847 2354 915 petiit,
2393 847 2520 917 quia
2548 852 2672 916 post
2708 844 3076 915 apostolorum
3119 844 3555 914 prsedicationerr

1971 936 2370 992 multitudinem
2399 938 2737 993 credentium
2763 953 2832 993 ex
2867 937 3105 992 diversis
3134 938 3388 1006 gentibus
3416 938 3556 993 intra

1971 1025 2189 1080 domum
2216 1023 2341 1082 ﬁdei
2367 1029 2437 1083 ad
2463 1043 2520 1083 se
2553 1029 2790 1100 collegit.

2042 1118 2118 1172 De
2143 1116 2265 1173 oleo
2286 1133 2526 1190 quoque,
2562 1120 2704 1189 quod
2727 1121 2867 1193 apud
2903 1135 2963 1177 se
2991 1120 3247 1185 habebat,
3282 1120 3337 1175 in
3365 1127 3560 1174 caetera

1971 1209 2190 1263 vascula
2234 1208 2563 1275 transfudit,
2624 1212 2750 1280 quia
2797 1212 3026 1281 gratiam
3081 1210 3417 1281 spiritualem
3464 1224 3565 1279 per

1970 1311 2065 1351 ora
2104 1297 2516 1367 pmdieatorum
2557 1301 2611 1353 in
2651 1301 2861 1356 cunctis
2899 1302 3150 1373 gentibus
3191 1303 3438 1357 mutavit.
3480 1301 3561 1357 De

1971 1403 2079 1457 quo
2109 1388 2259 1454 oleo,
2308 1390 2362 1444 id
2390 1396 2476 1444 est
2517 1390 2697 1444 divina
2730 1393 2928 1463 gratia,
2961 1392 3099 1449 filios
3137 1408 3266 1448 suos
3310 1392 3563 1459 redemit,

1971 1480 2099 1548 quia
2122 1494 2221 1549 per
2252 1479 2712 1549 donum'Spiritus
2732 1483 2931 1548 sancti,
2963 1492 3126 1553 atque
3151 1485 3435 1540 charitatis
3464 1500 3565 1538 un-

1972 1571 2207 1624 ctionem
2256 1585 2287 1624 a
2341 1580 2604 1640 perpetua
2655 1573 2920 1628 servitute
2955 1576 3164 1645 peccati
3215 1576 3581 1645 semetipsum.

1972 1673 2097 1713 cum
2129 1660 2342 1715 cunctis
2374 1659 2623 1717 ﬁdelibus
2652 1661 2923 1717 liberavit.

2046 1746 2227 1820 (Vers.
2276 1748 2357 1821 8.)
2394 1748 2626 1805 Factam
2659 1762 2735 1806 est
2766 1762 2974 1817 autem,
3007 1765 3066 1808 ut
3108 1753 3350 1809 Heliseus
3381 1764 3560 1810 trans-

1971 1838 2092 1902 iret,
2121 1847 2171 1890 et
2211 1847 2325 1891 erat
2365 1838 2439 1891 ibi
2465 1840 2659 1894 mulier
2687 1858 2906 1912 magna,
2950 1857 3069 1913 qua:
3111 1844 3277 1896 tenuit
3319 1860 3456 1907 eam,
3503 1855 3562 1899 att

1973 1926 2259 1981 comederet
2288 1942 2499 1997 panem.
2532 1926 2769 2001 Cumque
2798 1930 3101 2001 frequenter
3132 1930 3254 1983 inde
3285 1933 3560 1998 transiret,

1970 2016 2252 2072 direuebat
2277 2018 2347 2072 ad
2374 2035 2513 2085 eam,
2542 2030 2601 2073 ut
2627 2022 2918 2077 comedent
2945 2038 3157 2094 panem,
3181 2039 3299 2094 quia
3323 2023 3460 2076 dixit
3489 2022 3563 2077 ad

1971 2110 2140 2164 virum
2160 2126 2315 2164 suum
2345 2125 2366 2162 :
2393 2111 2769 2168 Animadverte
2849 2114 2993 2185 quod
3019 2115 3101 2169 vir
3122 2113 3222 2168 Dei
3247 2123 3463 2168 sanctus
3486 2123 3564 2168 est

1970 2198 2102 2266 iste,
2124 2201 2232 2272 ‘qai
2267 2203 2456 2257 transit
2484 2218 2579 2274 per
2612 2219 2707 2258 nos
2748 2204 3068 2275 frequenter.
3115 2203 3403 2260 Faciamus
3439 2218 3564 2276 ergo

1971 2292 2296 2347 canculam
2320 2308 2562 2365 parvum,
2586 2306 2634 2349 et
2661 2299 2998 2366 ponamusin
3023 2314 3084 2352 eo
3108 2298 3322 2364 lectam,
3353 2309 3401 2352 et
3426 2314 3567 2353 men-

1971 2396 2110 2446 sam,
2137 2382 2343 2449 sellam,
2377 2393 2425 2438 et
2457 2385 2854 2453 candelabrm,
2885 2398 2943 2442 ut
2972 2404 3091 2459 cum
3121 2392 3317 2444 venerit
3342 2390 3412 2444 ad
3445 2407 3563 2456 nos,

1972 2482 2183 2525 maneat
2203 2472 2295 2538 ibi,
2325 2484 2432 2530 etc.

2044 2566 2238 2622 Mulier
2270 2567 2375 2622 ista
2405 2566 2709 2625 Sunamitis
2744 2581 2931 2642 typum
2976 2570 3239 2627 Ecclesiae
3268 2586 3567 2643 repneseu-

1974 2659 2146 2723 tabat,
2170 2672 2290 2728 qua:
2317 2660 2634 2730 priusquam
2663 2675 2852 2716 verum
2875 2662 3170 2728 lleliseum,
3202 2662 3308 2718 hoc
3336 2672 3423 2718 est
3445 2663 3563 2719 Sal-

1972 2759 2216 2807 vatorem
2242 2760 2510 2818 nostrum,
2538 2766 2637 2823 per
2664 2751 2823 2808 tidem
2846 2754 3164 2824 susciperet,
3204 2754 3407 2811 sterilis
3433 2753 3558 2811 fuit.

1970 2840 2269 2912 Postquam
2296 2858 2427 2899 vero
2470 2844 2722 2899 eumdem
2766 2844 3052 2900 Dominum
3094 2846 3149 2900 in
3181 2845 3417 2916 hospitio
3445 2860 3568 2901 cor-

1972 2932 2059 2988 dis
2079 2933 2166 2988 sui
2198 2934 2478 3004 suscipere
2505 2936 2832 3006 promeruit,
2867 2937 3123 3011 populum
3150 2938 3383 3002 fidelem,
3408 2939 3567 3009 quasi

1971 3025 2193 3081 unicum
2230 3025 2401 3080 lilium
2438 3029 2645 3099 genuit.
2683 3026 2740 3084 lu
2784 3030 3085 3097 caenaculo,
3129 3030 3357 3086 altitudo
3388 3030 3514 3086 fidei
3545 3049 3561 3085 :

284 3149 412 3188 nem
442 3104 760 3197 Salvatoris,
793 3104 858 3184 et
881 3104 1257 3184 ascensionem
1295 3127 1349 3181 in
1372 3104 1592 3191 caelum,
1621 3141 1651 3180 a
1681 3126 1879 3197 princi-
1903 3104 1947 3167 C
1979 3117 2034 3172 in
2066 3116 2267 3174 lectulo
2305 3132 2458 3185 vero,
2485 3121 2641 3190 quies
2681 3122 2996 3191 spiritualis,
3035 3133 3197 3193 atque
3226 3124 3566 3195 contempla-

282 3224 442 3295 pibus
482 3221 883 3287 Romanorum,
929 3217 1264 3290 Vespasiano
1299 3216 1585 3284 videlicet,
1625 3224 1682 3273 et
1729 3215 1873 3283 Tito,

284 3315 441 3385 quasi
468 3329 499 3367 a
521 3312 726 3368 duobus
749 3311 892 3366 ursis
912 3317 1229 3380 consumpta
1255 3319 1373 3375 est;
1398 3324 1557 3363 mons
1586 3322 1715 3364 vero
1739 3307 1874 3362 Car—

285 3403 482 3469 melus,
519 3400 756 3457 Ecclesia
792 3400 1138 3472 intelligenda
1183 3407 1287 3464 est,
1333 3399 1401 3455 ad
1444 3402 1638 3469 quam,
1688 3406 1874 3470 spreto

283 3489 510 3554 lsraele,
541 3502 697 3543 suum
728 3486 987 3542 Dominus
1022 3484 1299 3541 transtulit
1324 3500 1574 3557 regnum.

360 3580 513 3654 (Cap.
534 3579 637 3651 tv.)
661 3578 857 3635 Mulier
874 3572 1139 3650 quadam,
1166 3578 1364 3648 inquit,
1390 3578 1454 3632 de
1482 3579 1737 3633 uxoribus
1754 3594 1875 3650 pro-

282 3675 568 3747 phetarum
597 3672 735 3727 venit
765 3671 835 3725 ad
872 3669 1165 3733 Heliseum,
1202 3680 1249 3723 et
1274 3670 1349 3723 ait
1377 3681 1398 3721 :
1427 3667 1621 3725 Servus
1650 3680 1772 3723 tuus
1793 3668 1878 3723 vir

283 3780 454 3831 meas,
472 3772 714 3818 mortuus
739 3771 839 3827 est,
864 3771 913 3815 et
942 3770 999 3814 tu
1019 3761 1155 3815 nosti
1180 3761 1306 3832 quia
1334 3761 1523 3814 timens
1546 3769 1656 3814 erat
1681 3760 1868 3814 Deam.

212 3880 221 3885 -
283 3854 360 3910 Et
393 3870 509 3909 eccs
544 3870 683 3909 nunc
715 3852 922 3907 veniens
962 3850 1192 3905 creditor
1220 3866 1367 3904 meus
1392 3850 1526 3904 duos
1557 3848 1697 3919 filios
1729 3865 1874 3904 meos

282 3945 398 4003 ruit
425 3945 607 4001 tollere
630 3947 685 4000 in
707 3944 979 4000 servitium
999 3943 1119 3997 sibi.
1143 3941 1243 3998 Cui
1272 3941 1406 3997 dixit
1438 3940 1873 4007 Heliseus.-Quid

282 4038 447 4093 habes
476 4039 533 4092 in
574 4037 729 4093 demo
763 4037 895 4091 tua?
919 4034 1110 4089 Indica
1139 4032 1268 4087 mihi
1295 4046 1314 4084 :
1337 4041 1389 4087 et
1422 4031 1540 4098 illa,
1581 4032 1868 4098 modicam,

284 4129 489 4200 inquit.
531 4128 651 4194 olei,
692 4144 796 4201 quo
823 4141 998 4198 angar
1019 4130 1045 4177 :'
1069 4124 1140 4178 ad
1181 4141 1338 4195 quam
1376 4121 1800 4193 Heliseus,.vade
1822 4130 1875 4176 et

194 4292 209 4297 _
283 4230 404 4292 pete
427 4220 522 4275 tibi
550 4238 678 4276 rasa
708 4236 813 4275 non
844 4234 1015 4290 pauca
1040 4235 1059 4272 :
1086 4226 1136 4271 et
1160 4216 1396 4287 ingressa
1425 4215 1719 4270 cubiculum
1749 4214 1873 4270 tolle

284 4315 356 4367 de
377 4313 489 4385 ipso
512 4311 625 4367 oleo
645 4352 663 4377 ,
689 4320 741 4366 et
778 4313 924 4367 mitte
950 4312 1005 4364 in
1036 4311 1213 4365 vasis:
1240 4319 1298 4363 tu
1322 4308 1563 4380 infunde,
1590 4319 1638 4364 et
1667 4309 1768 4379 ﬁlii
1792 4310 1871 4364 tui

282 4403 515 4473 oﬁ‘erant
543 4420 687 4458 vasa.
713 4402 946 4473 Cumque
970 4399 1182 4472 inpleta
1211 4400 1431 4469 fuerint,
1458 4401 1638 4466 senda,
1673 4409 1720 4455 et
1744 4400 1867 4454 red‘

281 4495 354 4549 de
394 4493 641 4550 creditori
668 4502 758 4547 tuo
791 4506 812 4545 :
837 4503 895 4547 tu
919 4501 1130 4557 auum,
1162 4501 1212 4545 st
1244 4489 1346 4560 ﬁlii
1375 4492 1453 4544 uti
1482 4488 1632 4545 uirile
1658 4491 1726 4544 de
1749 4489 1870 4544 reli-

276 4601 412 4657 quo.
445 4583 578 4651 Quae
601 4584 750 4650 abiit,
788 4593 838 4640 et
857 4582 977 4654 fecit
1003 4583 1138 4636 sicut
1165 4583 1213 4636 ei
1235 4583 1317 4636 air
1343 4581 1439 4636 Dei
1461 4595 1799 4653 pra’cepera-t.

363 4676 392 4716 ιι
419 4674 610 4731 Mulier
631 4675 748 4731 haec
764 4674 929 4730 vidua
944 4714 961 4739 ,
991 4672 1271 4741 antiquam
1292 4679 1606 4728 sancton
1626 4671 1872 4736 Patrum,

281 4767 380 4837 qui
411 4767 513 4822 sub
540 4765 657 4837 iege
683 4764 904 4821 luerunt
922 4805 937 4831 ,
969 4761 1296 4835 signiﬁcavit
1317 4760 1634 4827 Eeclesiam,
1659 4776 1788 4830 qua:
1817 4763 1871 4816 in

283 4860 526 4913 adventu
557 4856 876 4921 Salvatoris,
918 4840 961 4910 ad
994 4853 1259 4926 legalibus
1296 4853 1604 4924 praceptis,
1638 4855 1795 4923 quasi
1839 4871 1870 4910 a

282 4946 532 5018 legitimo
560 4947 680 5001 viro
711 4946 990 5011 destituta,
1012 4959 1135 5001 cum
1166 4943 1375 4999 duobus
1394 4941 1778 5012 superstitibus
1811 4944 1875 4997 li-

282 5037 396 5103 liis,
429 5037 485 5093 id
511 5044 597 5095 est
619 5037 833 5109 gemino
860 5035 1057 5106 populo
1079 5032 1338 5090 derelicta
1363 5040 1468 5088 est.
1491 5031 1747 5088 Creditur
1767 5033 1871 5088 hu-

281 5128 377 5200 ius
387 5128 670 5194 Ecclesiae,
687 5127 936 5185 diabolus
955 5120 1328 5198 intelligendus
1340 5134 1445 5191 est,
1460 5125 1553 5196 qni
1575 5125 1870 5180 humanum

284 5236 462 5291 genus
506 5230 633 5277 ante
675 5221 967 5281 adventum
997 5216 1297 5273 Salvatoris
1322 5232 1423 5287 per
1440 5216 1705 5289 originale
1737 5216 1871 5272 deli-

283 5322 461 5379 ctum,
482 5322 542 5370 et
566 5313 885 5384 minuma
904 5318 1129 5382 peccata
1152 5308 1449 5365 obnoxium
1474 5309 1712 5375 tenebat,
1737 5309 1866 5379 quia

364 5492 579 5573 aliane
601 5508 815 5565 quoque
843 5490 1258 5573 capticationem
1278 5489 1578 5573 desumpsit
1609 5490 1678 5547 ab
1707 5488 1873 5546 Isido-

288 5577 357 5620 ro
381 5560 666 5627 Claudius,
698 5560 969 5617 ttottnuliis
994 5570 1172 5615 tamen
1212 5560 1528 5615 immutatis.

365 5635 396 5663 “
442 5626 686 5688 Stantem
737 5631 895 5701 hujus
939 5629 1349 5701 explicationem
1388 5629 1551 5687 habet
1590 5626 1869 5698 Paterius,

292 5703 523 5777 ideoque
548 5698 864 5776 Gregorius,
886 5698 1046 5774 quem
1071 5698 1310 5755 consule.

1977 3211 2140 3266 tionis
2178 3212 2351 3268 otium
2382 3212 2777 3284 praefiguntur.
2809 3214 2866 3270 in
2909 3231 3094 3271 mensa
3139 3225 3350 3282 autem,
3383 3217 3567 3271 unitas

1976 3299 2137 3368 lidei,
2166 3310 2223 3358 et
2258 3305 2547 3359 concordia
2587 3303 2991 3376 praedicationis
3036 3307 3296 3362 innuitur.
3339 3305 3397 3362 ln
3434 3305 3568 3363 sella

1974 3408 2125 3457 vero,
2158 3392 2389 3450 docendi
2418 3402 2659 3465 potestas
2692 3413 2704 3449 :
2750 3396 2804 3451 in
2831 3396 3194 3465 candelabro,
3236 3396 3568 3454 illuminatio

1975 3482 2122 3549 ﬁdei,
2150 3484 2265 3540 sive
2290 3485 2516 3542 claritas
2542 3488 2804 3542 virtutum
2831 3489 3174 3558 exprimitur.

2044 3573 2176 3630 Post
2195 3575 2313 3631 haec
2332 3575 2502 3632 refert
2524 3576 2807 3648 Scriptura
2827 3575 3110 3650 (Vers.20.
3126 3589 3173 3632 et
3197 3577 3331 3650 seq.)
3359 3577 3426 3632 de
3454 3578 3566 3634 ﬁlio

1976 3659 2296 3730 Sunamitis,
2313 3680 2475 3735 quem
2495 3681 2630 3736 puer
2643 3664 2841 3723 Helisei
2870 3668 3071 3722 missus
3094 3683 3216 3721 eum
3241 3666 3434 3723 baculo
3456 3684 3563 3723 non

1974 3755 2266 3809 resuscitat
2300 3773 2314 3808 :
2353 3770 2452 3826 per
2495 3757 2844 3828 semetipsum
2874 3773 3007 3814 vero
3032 3758 3274 3823 veniens,
3303 3764 3467 3828 atque
3497 3759 3566 3814 ad

1974 3843 2091 3914 ejus
2122 3846 2365 3900 membra
2396 3860 2454 3900 se
2474 3846 2756 3917 coliigens,
2786 3848 2894 3903 huc
2933 3849 3164 3919 illucque
3184 3850 3563 3917 deambulans,

1974 3942 2031 3988 et
2049 3935 2104 3988 in
2129 3949 2226 3990 ore
2253 3938 2452 3990 mortui
2480 3938 2680 4008 septies
2714 3939 2982 4008 aspirans,
2999 3940 3144 3996 hunc
3171 3941 3238 3995 ad
3263 3942 3564 3999 redivivam

1973 4024 2148 4081 lucem
2173 4028 2420 4098 protinus
2451 4042 2548 4099 per
2575 4031 2893 4100 mysterium
2920 4030 3317 4101 compassionis
3344 4033 3562 4089 anima-

1972 4116 2072 4171 vit.
2115 4134 2135 4168 ι
2183 4114 2321 4185 Quia
2349 4118 2602 4175 videlicet
2628 4128 2651 4158 ε
2686 4128 2877 4175 auctor
2905 4122 3125 4176 humani
3156 4124 3375 4193 generis
3419 4124 3563 4181 Deus

1972 4210 2128 4279 quasi
2175 4219 2449 4265 mortuum
2487 4224 2717 4279 puerum
2747 4209 2936 4277 doluit,
2971 4228 3094 4267 cum
3121 4215 3424 4271 exstinctos
3464 4230 3564 4271 nos

1971 4299 2276 4369 iniquitatis
2310 4300 2502 4355 aculeo
2552 4301 2844 4359 miseratus
2895 4304 3127 4373 aspexit.
3177 4304 3246 4359 Et
3288 4306 3415 4376 quia
3463 4322 3564 4378 per

1973 4392 2188 4464 Moysen
2208 4434 2222 4459 ,
2254 4402 2518 4449 terrorem
2551 4394 2684 4464 legis
2709 4396 2935 4467 protulit
2964 4436 2978 4462 ,
3007 4398 3163 4466 quasi
3196 4411 3295 4467 per
3337 4410 3564 4469 puerum

1976 4486 2182 4555 virgam
2225 4485 2373 4540 misit
2405 4505 2418 4541 :
2447 4500 2546 4558 per
2583 4487 2758 4559 legem
2786 4489 3018 4557 quippe,
3053 4488 3262 4558 virgam
3308 4491 3446 4545 Deus
3486 4500 3567 4546 te-

1976 4584 2173 4631 nuerat
2215 4591 2339 4632 eum
2374 4576 2591 4634 dicebat
2619 4596 2633 4632 :
2665 4579 2709 4632 si
2745 4579 2867 4646 quis
2908 4579 3023 4633 haec
3080 4579 3166 4633 vel
3213 4579 3301 4632 illa
3352 4578 3559 4645 fecerit,

1975 4673 2149 4721 morte
2196 4666 2481 4721 moriatur.
2511 4667 2552 4721 A
2590 4668 2800 4737 peccati
2846 4668 3012 4738 igitur
3044 4676 3221 4723 morte
3262 4669 3422 4723 timor
3463 4684 3564 4726 nos

1972 4756 2237 4812 suscitare
2291 4771 2397 4812 non
2459 4757 2663 4824 valuit,
2722 4761 2819 4815 sed
2871 4758 2900 4800 τι
2953 4767 3162 4814 tantum
3229 4761 3351 4815 vitm
3414 4762 3560 4832 aspi-

1972 4854 2088 4901 rata
2148 4848 2582 4905 mansuetudinis
2633 4850 2805 4921 gratia
2851 4852 3045 4907 erexit.
3088 4851 3197 4906 Sed
3244 4865 3380 4921 puer
3435 4866 3559 4906 cum

1973 4937 2167 4994 baculo
2193 4950 2465 4995 mortuum
2492 4942 2759 4998 suscitare
2781 4958 2887 4998 non
2916 4944 3105 5008 valuit,
3133 4943 3257 5013 quia
3286 4941 3456 4997 Paulo
3480 4951 3561 4997 at-

1973 5036 2206 5084 testante
2230 5028 2415 5101 (Hebr.
2439 5047 2540 5098 vn,
2562 5030 2644 5105 l9)
2670 5034 2802 5087 nihil
2825 5031 2894 5088 ad
2912 5034 3197 5105 perfectum
3219 5035 3434 5089 adducit
3455 5034 3559 5089 lex.

1973 5118 2089 5187 Ipse
2116 5131 2299 5175 autem
2318 5134 2418 5189 per
2445 5124 2794 5193 semetipsum
2815 5126 3059 5190 veniens,
3083 5131 3137 5179 et
3161 5140 3323 5196 super
3336 5126 3565 5181 cadaver

1971 5218 2032 5264 se
2062 5210 2343 5266 humiliter
2374 5220 2652 5282 sternens,
2695 5214 2762 5269 ad
2792 5214 3125 5285 exaequanda
3159 5214 3359 5271 mortui
3392 5232 3564 5271 mem-

1972 5304 2070 5360 bra
2096 5318 2159 5361 se
2184 5304 2422 5379 collegit,
2450 5309 2578 5378 quia
2604 5307 2825 5379 (Philip.
2854 5322 2913 5375 ιι,
2949 5306 3004 5380 li)
3036 5323 3153 5362 cum
3184 5310 3237 5363 in
3262 5304 3434 5380 forma
3463 5307 3566 5366 Dei

2048 5483 2498 5556 cfSubsequentia
2522 5486 2803 5555 desumpta
2824 5494 2951 5541 sunt
2978 5502 3046 5543 ex
3074 5487 3312 5556 Paterio,
3331 5488 3564 5556 ideoque

1974 5555 2331 5631 ex_Gregorio
2364 5557 2482 5612 Nec
2510 5556 2756 5614 tradente
2781 5573 2839 5614 tt.
2875 5556 2946 5615 65
2985 5574 3110 5631 cap.
3140 5559 3213 5616 ιο
3233 5555 3328 5618 lib.
3358 5575 3415 5617 ιι
3445 5555 3558 5619 ldo-

1978 5625 2077 5683 ral.
2190 5625 2199 5627 ἡ

2049 5696 2077 5737 ά
2125 5695 2206 5751 Ad
2236 5705 2451 5754 statum.
