3924 6170
314 275 424 334 ’ΠΒ

1379 263 1654 320 CLAUDll
1697 260 1830 316 TA'U
1842 257 2164 316 RINENSIS
2203 255 2510 313 EPlSCOPl
3131 292 3183 319 κε

3466 253 3586 307 776

315 403 448 452 esset
472 409 578 449 non
599 393 838 462 rapinam
863 390 1150 442 arbitratus
1175 393 1248 438 est
1276 399 1386 437 esse
1411 399 1466 436 se
1489 381 1742 452 aqualem
1767 380 1891 441 Deo,
1925 379 1975 437 Α
2001 384 2097 428 aut
2125 375 2437 447 baptizavit,
2467 375 2574 428 hoc
2595 371 2953 442 signiﬁcatum
2994 380 3094 433 cst,
3126 371 3268 439 quod
3301 369 3598 436 Christus,

317 488 410 542 sed
444 485 776 553 semetipsum
819 478 1137 541 exinaniuit,
1177 477 1400 545 formam
1435 477 1567 529 servi
1613 474 1892 543 accipiens,

1999 485 2105 522 non
2129 483 2225 536 per
2255 469 2494 537 scipsuin
2529 467 2676 521 venit
2708 466 2772 519 ad
2802 465 3054 535 papuhun
3078 463 3340 533 gentium,
3363 463 3454 516 scd
3483 477 3602 532 per

319 580 375 632 in
400 552 794 630 similitudinem
824 569 1093 623 hominum
1127 568 1297 636 factus
1318 607 1332 630 ,
1365 576 1411 618 et
1451 565 1631 618 habitu
1660 566 1896 617 inventus
1997 559 2270 629 apostolos
2292 574 2440 624 suos,
2457 558 2583 627 quia
2605 557 2713 610 illis
2729 556 2863 608 dixit
2885 553 3099 626 (Manli.
3124 569 3317 618 xxviii,
3336 553 3454 624 l9):
3477 552 3604 618 Ite,

321 675 378 718 ut
407 665 580 716 homo.
619 660 732 714 Huc
765 659 997 726 illucque
1033 657 1359 720 deambulat,
1392 656 1519 724 quia
1569 662 1621 708 et
1658 653 1900 708 Iudaeam

314 753 490 821 juxta,
516 760 572 804 et
595 752 752 819 longe
777 749 983 818 positas
997 757 1195 818 gentes
1223 755 1402 801 vocat.
1435 745 1608 813 Super
1628 753 1899 798 mortuum

322 843 522 912 septies
550 855 576 882 ει
604 843 847 910 inspirat,
875 841 1000 910 quia
1029 856 1126 909 per
1148 838 1504 908 aperitionem
1533 835 1700 889 divini
1731 834 1907 888 numi-

322 935 406 986 nis
434 934 605 1002 gratia
627 931 956 999 septiformis
977 931 1200 999 spiritus
1220 930 1273 984 in
1295 929 1502 998 peccati
1531 935 1704 980 morte
1721 927 1906 995 jacen-

324 1023 470 1078 tibus
491 1023 724 1091 aspirat;
765 1036 996 1090 moxque
1021 1021 1210 1099 vivens
1233 1020 1480 1089 erigitur,
1518 1017 1642 1087 quia
1671 1017 1718 1071 is
1742 1033 1905 1087 quem

322 1117 551 1173 terroris
577 1117 728 1186 virga
766 1116 1032 1170 suscitare
1077 1130 1183 1168 non
1217 1113 1416 1183 potuit,
1447 1126 1544 1181 per
1569 1111 1770 1165 amoris
1800 1109 1908 1178 spi-

324 1211 487 1266 ritum
520 1224 654 1280 puer
677 1209 741 1262 ad
771 1208 936 1261 vitam
963 1205 1141 1260 rediit.
1177 1225 1197 1257 ι

396 1300 548 1372 (Cap.
585 1299 664 1370 v.)
697 1298 817 1353 lam
841 1314 984 1352 nunc
1012 1297 1240 1352 historia
1279 1295 1524 1349 Naaman
1555 1293 1678 1364 Syri
1722 1306 1907 1363 perse-

325 1391 540 1461 quenda
589 1399 691 1444 est.
737 1389 996 1457 Superius
1039 1388 1380 1443 ostendimus
1418 1385 1690 1440 Heliseum
1721 1392 1910 1454 typum

327 1481 582 1536 habuisse
611 1479 822 1534 Domini
855 1478 1172 1532 Salvatoris.
1216 1475 1462 1529 Naamau
1493 1490 1628 1528 vero
1655 1475 1912 1544 princeps

327 1571 533 1625 militiae
561 1569 760 1640 Syriae,
791 1570 880 1639 qui
920 1569 1163 1636 leprosus
1202 1575 1342 1628 erat,
1379 1573 1435 1620 et
1463 1574 1789 1635 suggerente
1817 1581 1913 1618 an-

330 1663 450 1714 cilla
492 1663 557 1715 ad
588 1662 802 1714 beatum
845 1661 1114 1715 lleliseum
1158 1661 1432 1714 sanandus
1461 1657 1699 1722 advenit,
1742 1671 1910 1727 popu-

328 1753 440 1805 lum
468 1751 707 1819 gentium
733 1752 1002 1820 ﬁguravit.
1031 1751 1216 1805 Puella
1243 1765 1371 1805 vero
1405 1749 1630 1818 parvula
1649 1789 1663 1813 ,
1695 1721 1828 1817 quae
1846 1749 1911 1803 de

2021 1733 2318 1788 Salvatoris
2362 1748 2377 1788 :

333 1850 477 1895 terra
505 1839 664 1893 Israel
708 1841 777 1894 ab
804 1839 1046 1910 Assyriis
1087 1848 1264 1909 capta.
1310 1847 1367 1892 et
1396 1840 1449 1892 in
1479 1837 1690 1908 Syriam
1721 1838 1912 1900 ducta,

340 1930 497 1984 uxori
527 1929 768 1983 Naaman
799 1931 1078 1984 servitium
1106 1931 1426 1994 exhibebat,
1455 1938 1510 1983 ct
1539 1930 1769 1983 dominae
1805 1944 1917 1982 sum

329 2030 706 2091 suggesserat,
738 2022 881 2090 quod
910 2025 954 2076 si
987 2022 1055 2076 ad
1080 2021 1298 2076 beatum
1339 2021 1607 2075 llcliseum
1640 2028 1914 2090 pergeret,

330 2112 617 2166 sanitatem
647 2117 1087 2180 consequeretur,
1115 2111 1252 2181 legis
1281 2109 1594 2180 accipienda
1619 2118 1702 2163 est
1724 2109 1866 2162 fama
1899 2127 1910 2162 :

331 2200 534 2255 idcirco
564 2200 813 2254 videlicet
853 2201 1074 2268 parvula
1113 2209 1449 2269 nuncupata,
1500 2201 1626 2269 quia
1675 2207 1734 2253 ut
1772 2199 1916 2270 Apo-

331 2291 501 2347 stolus
548 2293 628 2346 ait
667 2310 680 2345 :
718 2291 939 2346 Nullum
989 2293 1057 2346 ad
1090 2292 1377 2362 perfectum
1423 2291 1706 2361 perducere
1753 2291 1917 2344 ualuit

333 2383 520 2455 (Hebr.
551 2400 648 2450 vn,
687 2384 807 2456 l9);
858 2385 1036 2440 omnis
1083 2386 1228 2439 enim
1273 2385 1534 2455 perfectio
1584 2385 1637 2438 in
1690 2383 1918 2439 Domino

329 2475 454 2531 Jesu
487 2476 702 2532 Christo
727 2486 810 2531 est
843 2497 854 2530 :
892 2477 1033 2531 fama
1065 2478 1264 2547 quippe
1303 2493 1488 2531 eorum
1510 2519 1524 2542 ,
1553 2493 1673 2546 quin
1711 2478 1766 2530 in
1796 2476 1916 2540 lege

332 2568 398 2620 de
424 2569 691 2632 castitate,
728 2576 781 2621 et
804 2567 1118 2634 sobrietate,
1149 2568 1432 2637 patientia,
1469 2566 1698 2635 iustitia,
1731 2567 1915 2637 hospi-

333 2659 574 2725 talitate,
627 2661 858 2728 pietate,
917 2661 1238 2729 cmterisque
1298 2661 1590 2715 virtutibus
1644 2660 1919 2718 habebant

335 2749 651 2820 Scriptum,
687 2752 754 2806 ad
789 2753 1074 2806 universas
1111 2762 1431 2821 pervcnetat
1470 2751 1758 2806 nationes:
1789 2750 1917 2820 quia

333 2841 539 2896 licet-in
566 2852 807 2913 tempore
834 2844 922 2897 illo
949 2845 1002 2897 in
1039 2843 1150 2897 sola
1181 2842 1366 2898 Judaaa
1399 2843 1686 2913 prophetia
1720 2842 1918 2896 ﬂorue-

336 2935 437 2998 rit,
489 2934 605 2989 ﬁeri
642 2944 822 2989 tamen
862 2951 967 2990 non
1003 2943 1245 3004 poterat,
1278 2935 1380 2989 nisi
1409 2944 1466 2988 ut
1493 2935 1658 2988 etiam
1693 2935 1758 2987 ad
1782 2933 1920 2986 alias

333 3026 542 3081 vicinas
562 3033 750 3096 gentes
771 3027 928 3082 beata
952 3027 1068 3095 ejus
1091 3025 1278 3079 notitia
1302 3026 1628 3094 perveniret.
1653 3025 1720 3078 Et
1753 3040 1919 3093 quan-

334 3129 494 3182 quam
522 3115 765 3169 eamdem
797 3114 1070 3168 custodire
1107 3114 1524 3179 contenderent,
1557 3122 1740 3167 tamen
1773 3113 1919 3168 velut

334 3203 547 3271 captiva
594 3204 797 3257 eisdem
834 3203 1121 3267 serviebat,
1149 3204 1273 3272 quia
1301 3204 1563 3259 idolatria:
1607 3205 1771 3259 cultui
1821 3205 1917 3259 de-

338 3294 465 3348 dita:
488 3303 661 3346 erant.
693 3292 893 3348 Tamen
923 3293 1130 3346 audivit
1165 3294 1406 3347 Naaman
1438 3294 1672 3363 puellam
1694 3336 1708 3357 ,
1741 3303 1796 3349 et
1822 3310 1916 3349 ve-

339 3386 422 3440 nit
458 3385 526 3439 ad
562 3382 836 3438 Ueliseum
864 3384 1139 3439 sanandus
1163 3399 1193 3437 a
1217 3385 1368 3454 lepra
1401 3404 1414 3439 :
1453 3396 1508 3440 et
1538 3388 1769 3457 populus
1792 3405 1921 3458 gen-

337 3477 504 3540 tium,
537 3475 626 3544 qui
658 3474 864 3528 audivit
901 3473 1102 3528 famam
1133 3473 1299 3545 legis,
1332 3483 1387 3529 et
1420 3477 1796 3546 prophetiam,
1824 3495 1919 3533 ve-

336 3566 493 3622 niens
526 3567 594 3620 ad
635 3564 934 3631 Christum,
981 3565 1049 3619 ab
1095 3565 1334 3620 omnium
1375 3575 1726 3634 peccatorum
1772 3567 1920 3637 lepra

335 3655 668 3732 purgandus.
707 3655 847 3723 Quid
893 3664 1072 3711 tamen
1116 3657 1253 3711 dixit
1293 3657 1484 3712 beatus
1533 3656 1780 3713 Heliseus
1823 3673 1924 3727 per

336 3750 586 3804 nuntium
622 3749 690 3803 ad
716 3747 977 3811 Naaman,
1007 3749 1305 3803 videamus.
1341 3747 1443 3802 Ait
1487 3748 1630 3804 enim
1661 3749 1711 3803 ei
1762 3749 1918 3820 (vers.

341 3840 430 3910 lO)
465 3855 480 3894 :
526 3838 695 3905 Vade,
730 3839 934 3908 inquit,
974 3837 1152 3893 lavare
1185 3839 1370 3909 septies
1399 3839 1453 3892 in
1478 3838 1735 3893 Jordane.
1770 3838 1924 3906 Quod

338 3946 463 3985 cum
499 3931 740 3985 audisset
765 3929 1038 3996 Naaman,
1077 3938 1286 3986 tantum
1331 3939 1392 3984 ut
1424 3929 1696 3986 lavaretur
1725 3933 1924 4002 septies

339 4023 395 4076 in
424 4021 661 4078 Iordane
699 4021 852 4094 (vers.
881 4023 966 4087 ll,
1000 4032 1049 4076 et
1083 4021 1215 4095 seq.)
1236 4063 1251 4088 ,
1280 4023 1592 4091 indignatus
1625 4033 1730 4087 est,
1756 4032 1810 4078 et
1833 4040 1926 4079 vo-

340 4113 485 4169 lebat
532 4129 781 4178 rcnuere,
826 4113 919 4170 sed
954 4112 1024 4166 ab
1062 4113 1250 4168 amicis
1280 4113 1392 4167 suis
1431 4113 1659 4168 oonsilio
1703 4123 1925 4183 accepto

340 4203 611 4272 acquievit
636 4209 695 4256 ut
729 4202 1023 4266 lavaretur,
1058 4210 1114 4256 et
1141 4211 1400 4272 purgatus
1445 4210 1548 4256 est.
1578 4201 1694 4256 Hoc
1721 4203 1927 4271 signiﬁ-

343 4293 514 4357 cavit,
556 4292 684 4361 quia
735 4291 966 4361 populus
1016 4291 1275 4360 gentium,
1331 4300 1621 4361 antequam
1675 4291 1926 4347 Christus

1999 663 2044 704 et
2077 650 2335 720 baptizate
2361 664 2545 702 omnes
2579 649 2632 700 in
2665 647 2872 700 nomine
2900 644 3098 708 Patris,
3131 652 3180 697 et
3208 641 3356 707 Filii,
3380 651 3428 696 et
3456 640 3609 712 Spio

2003 744 2132 796 ritus
2177 741 2346 794 sancti
2373 757 2391 794 :
2421 748 2476 794 et
2507 740 2611 794 hoc
2632 737 3016 792 attendendum
3042 746 3146 800 est,
3169 735 3292 806 quia
3315 734 3604 795 Naaman,

2002 833 2093 902 qui
2116 831 2368 901 p0pulum
2397 830 2634 901 gentium
2673 828 2968 898 figurabat,
3001 828 3056 881 in
3087 827 3178 882 illo
3202 825 3360 880 ﬂuvio
3383 827 3611 880 sanita-

2005 932 2114 976 tem
2154 922 2386 991 recepit,
2433 935 2594 989 quem
2628 928 2816 988 postea
2843 913 3100 973 Christus
3138 932 3235 971 suo
3261 917 3608 986 baptismate

2004 1015 2362 1070 consecravit.
2411 1012 2566 1080 Quod
2599 1011 2824 1065 audiens
2871 1009 3138 1073 Naaman,
3197 1017 3256 1062 ut
3315 1009 3610 1062 lavaretur

2007 1106 2208 1175 septies
2243 1105 2297 1158 in
2330 1102 2568 1158 Iordane
2598 1101 2903 1170 indignatus
2945 1110 3029 1155 est
3055 1101 3238 1154 dicens
3269 1098 3439 1170 (vers.
3507 1099 3610 1162 ll,

2007 1206 2054 1248 et
2090 1194 2174 1265 ΓΞ)
2205 1211 2217 1246 :
2255 1192 2510 1264 Nunquid
2551 1208 2655 1244 non
2696 1190 2912 1244 meliora
2950 1201 3069 1244 sunt
3097 1191 3317 1260 ﬂumina
3365 1191 3611 1259 regionis

2008 1299 2154 1346 mete,
2209 1283 2432 1352 flumina
2479 1281 2756 1345 Damasci,
2785 1280 2966 1334 Abana
3005 1292 3053 1337 et
3100 1278 3394 1351 Pliarpliar,
3439 1295 3504 1334 ut
3548 1282 3612 1336 in

2010 1375 2135 1443 ipsis
2177 1373 2339 1437 lhver,
2389 1381 2437 1426 et
2485 1370 2903 1426 munder1’Ha'c
2948 1371 3040 1425 illo
3079 1372 3277 1425 dicente
3313 1373 3613 1428 consilium

2011 1463 2264 1516 dederunt
2290 1463 2421 1516 servi
2448 1464 2530 1516 sui
2554 1502 2570 1528 ,
2604 1472 2659 1516 ut
2689 1462 3033 1532 acquiesceret
3066 1464 3326 1533 propliettr
3351 1465 3611 1520 consilio.

2086 1553 2225 1619 Quid
2255 1561 2437 1607 autem
2465 1554 2569 1607 hoc
2600 1552 2888 1623 signiﬁcet,
2927 1553 3243 1608 intuendum
3269 1563 3370 1609 est.
3397 1555 3426 1594 ι)
3461 1556 3614 1611 San-

2015 1651 2136 1698 ctus
2167 1643 2430 1706 Heliseus,
2459 1645 2602 1699 sicut
2635 1645 2892 1710 diximus,
2918 1654 3100 1716 typum
3120 1647 3353 1701 haiehat
3381 1649 3612 1704 Domini

2421 1733 2662 1788 Naaman
2708 1736 2974 1806 ﬁgurabat
3008 1736 3264 1806 populum
3308 1741 3609 1809 gentium;

2017 1826 2161 1896 quod
2189 1841 2318 1880 vero
2347 1824 2415 1880 de
2453 1828 2565 1882 suis
2588 1825 2901 1882 ﬂuminibus
2941 1829 3224 1882 sanitatem
3257 1845 3315 1885 se
3353 1840 3615 1900 receptu-

2019 1932 2138 1970 rum
2181 1931 2302 1971 esse
2336 1916 2620 1983 credebat;
2652 1917 2757 1972 hoc
2796 1917 3100 1984 indicabat,
3129 1920 3269 1989 quod
3300 1936 3465 1990 genus
3501 1923 3615 1978 hu-

2018 2023 2236 2062 manum
2283 2007 2348 2062 de
2392 2007 2562 2063 libero
2608 2008 2858 2075 arbitrio,
2902 2017 2958 2063 et
2993 2009 3061 2064 de
3109 2013 3344 2080 propriis
3387 2015 3614 2068 meritis

2017 2101 2377 2168 prmsumebat
2401 2121 2414 2154 :
2441 2101 2536 2155 sed
2559 2103 2776 2171 propria
2807 2101 3001 2155 merita
3029 2103 3146 2158 sine
3181 2106 3357 2175 gratia
3389 2105 3608 2162 Christi

2017 2188 2325 2244 libertatem
2367 2191 2567 2246 habere
2601 2199 2850 2261 possunt,
2885 2191 3171 2248 sanitatem
3205 2195 3446 2264 recipere
3480 2213 3612 2250 om-

2019 2279 2146 2333 nino
2186 2294 2291 2333 non
2321 2289 2563 2349 possunt.
2600 2279 2754 2336 Unde
2791 2281 2894 2338 nisi
2932 2282 2998 2336 ad
3027 2284 3331 2353 exemplum
3359 2285 3602 2343 Naaman

2021 2371 2314 2424 humanum
2345 2386 2516 2441 genus
2559 2371 2847 2428 consilium
2893 2370 3091 2428 Helisei
3120 2376 3387 2440 audisset,
3420 2378 3472 2431 id
3518 2389 3602 2433 est

2017 2475 2114 2528 per
2159 2458 2357 2514 Christi
2412 2461 2643 2533 gratiam
2691 2462 2891 2517 donum
2927 2462 3269 2533 baptismatis
3318 2467 3598 2526 humiliter

2017 2552 2341 2621 excepisset,
2371 2552 2439 2606 ab
2480 2552 2732 2623 originali
2761 2562 2817 2608 et
2846 2555 3044 2608 actuali
3070 2555 3220 2624 lepra
3245 2557 3458 2613 liberari
3487 2577 3595 2615 non

2019 2649 2215 2710 posset.
2251 2640 2375 2696 Sive
2405 2642 2563 2696 aliter
2595 2642 2813 2697 ﬂumina
2842 2643 3124 2712 Damasci,
3156 2662 3383 2716 quarum
3426 2667 3596 2722 aquas

2020 2735 2258 2791 Naaman
2299 2736 2468 2808 Syrus
2506 2737 2758 2793 meliores
2790 2740 2946 2808 aquis
2973 2738 3226 2797 Jordanis
3256 2755 3378 2798 esse
3407 2747 3592 2814 opina-

2017 2831 2194 2893 batur,
2229 2829 2390 2898 hujus
2415 2832 2600 2886 mundi
2625 2831 2932 2903 signiﬁcant
2961 2834 3305 2904 sapientiam,
3329 2852 3490 2908 quam
3515 2855 3598 2908 po-

2017 2922 2174 2992 pulus
2196 2923 2454 2995 gentium,
2499 2925 2818 2995 priusquam
2851 2925 3010 2981 ﬁdem
3045 2928 3244 2982 Christi
3272 2933 3595 3001 perciperet,

2018 3038 2116 3093 pro
2152 3037 2348 3093 magno
2392 3023 2620 3089 habens,
2665 3023 2976 3095 evangelica
3004 3037 3275 3096 percepta
3308 3029 3596 3100 negligens,

2021 3113 2420 3166 contemnebat.
2464 3112 2684 3176 Lavare,
2737 3114 2933 3182 inquit,
2981 3115 3166 3185 septies
3210 3117 3345 3172 dixit
3384 3129 3601 3188 propter

2021 3199 2388 3268 septiformem
2417 3200 2646 3270 gratiam
2675 3200 2909 3270 Spiritus
2933 3204 3140 3270 sancti,
3171 3221 3292 3275 quze
3316 3207 3366 3261 in
3390 3207 3601 3263 Christo

2020 3292 2249 3346 Domino
2284 3293 2568 3362 requievit.
2603 3291 2845 3362 Denique
2885 3296 3101 3364 quando
3137 3297 3196 3352 in
3222 3312 3288 3352 eo
3316 3297 3477 3354 ﬂuvio
3502 3299 3604 3355 Do-

2020 3383 2199 3436 minus
2242 3382 2548 3452 baptizatus
2582 3393 2687 3448 est,
2726 3383 2960 3454 Spiritus
2981 3395 3200 3444 sanctus
3241 3389 3295 3444 in
3341 3390 3602 3448 columbae

2022 3472 2202 3540 specie
2231 3487 2392 3541 super
2414 3489 2539 3528 eum
2566 3475 2734 3529 venit.

2092 3565 2228 3621 Cum
2273 3584 2406 3639 ergo
2448 3571 2504 3624 in
2550 3571 2719 3642 ﬁgura
2763 3574 3018 3644 baptismi
3051 3575 3294 3634 Naaman
3323 3579 3488 3637 ﬂuvio
3515 3584 3601 3639 de-

2022 3658 2351 3724 scendisset,
2393 3661 2538 3730 facta
2595 3673 2699 3730 est,
2758 3665 2934 3736 inquit
2976 3667 3255 3738 Scriptura
3294 3671 3450 3741 (vers.
3495 3675 3603 3744 M),

2022 3763 2146 3800 caro
2171 3747 2284 3816 ejus
2312 3758 2565 3821 tanquam
2595 3755 2744 3822 pueri
2771 3755 2996 3824 paruuli.
3021 3756 3173 3812 Hanc
3201 3759 3604 3818 similitudinem

2024 3840 2078 3894 in
2105 3842 2306 3912 populo
2332 3842 2642 3901 Christiano
2667 3848 2929 3918 compleri
2965 3850 3226 3916 videmus,
3258 3854 3389 3923 quia
3422 3871 3605 3912 omnes

2023 3937 2116 4004 qui
2137 3937 2497 4004 baptizantur,
2529 3939 2647 3993 sive
2675 3955 2862 4005 senex,
2896 3943 3010 3997 sive
3035 3942 3272 4012 juvenis,
3310 3963 3504 4005 omnes
3528 3959 3604 4005 ta-

2025 4041 2148 4080 men
2179 4026 2410 4082 infantes
2449 4029 2818 4098 appellantur,
2847 4037 2972 4104 quia
3018 4055 3115 4109 per
3137 4041 3308 4094 Adam
3345 4049 3404 4095 et
3445 4041 3604 4095 Evam

2025 4128 2235 4172 veteres
2264 4129 2606 4199 pascuntur,
2637 4135 2735 4189 per
2758 4122 3032 4182 Christum
3065 4139 3121 4184 et
3150 4130 3451 4186 Eeclesiam
3483 4132 3605 4186 novi

2025 4216 2432 4278 regenerantur.
2456 4211 2639 4266 Prima
2663 4219 2940 4284 generatio
2969 4222 3215 4291 perducit
3241 4223 3310 4278 ad
3338 4233 3563 4279 mortem
3588 4241 3603 4275 :

2026 4301 2259 4355 secunda
2288 4303 2565 4370 generatio
2591 4303 2839 4373 perducit
2864 4310 2932 4362 ad
2957 4311 3144 4366 vitam.
3170 4313 3353 4369 Prima
3383 4330 3605 4384 genera-

343 4381 774 4474 cruciﬁgeretur,
801 4381 924 4474 ipse
938 4397 1040 4474 per
1073 4396 1131 4474 se
1160 4381 1377 4450 Christo
1405 4382 1643 4474 loquenti
1671 4399 1777 4437 non
1801 4399 1920 4439 cre-
1947 4409 2000 4468 Β
2028 4393 2102 4446 ιίο
2141 4393 2282 4450 ﬁlios
2318 4395 2410 4449 ira:
2440 4394 2573 4450 facit
2603 4413 2616 4448 :
2655 4401 2888 4456 secunda
2926 4406 3201 4474 generatio
3235 4423 3364 4463 vasa
3389 4381 3604 4464 iniseri-

343 4472 482 4528 didit
517 4489 529 4526 :
560 4473 655 4528 sed
683 4480 872 4542 postea
898 4472 1200 4527 dicentibus
1220 4472 1497 4541 apostolis,
1528 4473 1594 4527 ad
1613 4488 1921 4528 sacramen-

341 4576 458 4620 tum
484 4565 734 4636 baptismi
761 4564 988 4620 ﬁdeliter
1010 4564 1175 4618 vcnit.
1199 4563 1444 4619 Heliseus
1467 4580 1698 4634 namque
1719 4566 1772 4618 in
1791 4581 1920 4633 prte-

343 4655 664 4726 ﬁguratione
691 4655 997 4709 futurorum
1021 4653 1261 4708 Naaman
1291 4652 1486 4724 Syrum
1519 4654 1703 4711 videre
1727 4654 1918 4720 noluit,

344 4755 402 4799 et
446 4755 626 4800 tamen
654 4745 875 4800 minime
915 4744 1162 4810 despexit
1200 4761 1212 4796 :
1248 4743 1326 4797 sic
1361 4744 1620 4796 nimirum
1661 4743 1921 4806 Dominus

341 4835 502 4890 Jesus
538 4833 788 4890 Christus
816 4833 1069 4903 populum
1112 4831 1384 4902 gentium,
1425 4831 1666 4900 quicum
1695 4835 1924 4890 carnali-

342 4923 444 4979 bus
471 4923 642 4980 oculis
678 4922 903 4977 minime
945 4921 1105 4984 vidit,
1136 4930 1380 4978 extorum
1415 4938 1444 4975 a
1481 4937 1576 4980 sua
1610 4923 1782 4979 salute
1817 4940 1922 4980 non

342 5013 490 5069 fecit.
530 5013 676 5068 Dixit
707 5028 836 5084 ergo
867 5012 1111 5069 Heliseus
1153 5014 1222 5068 ad
1247 5012 1485 5068 Naaman
1524 5033 1535 5067 :
1575 5024 1629 5068 ut
1661 5015 1928 5070 lauaretur

343 5106 530 5176 septies
563 5107 619 5160 in
660 5105 914 5161 Iordane.
960 5105 1264 5161 Notandum
1313 5108 1454 5176 quod
1499 5107 1641 5162 sicut
1683 5108 1944 5166 Heliseus.

345 5197 511 5250 mittit
539 5195 777 5252 Naaman
819 5197 886 5252 ad
921 5195 1210 5252 Jordanem
1251 5195 1492 5262 ﬂuvium,
1539 5198 1612 5251 ita
1649 5215 1678 5253 a
1709 5199 1926 5255 Christo

345 5285 572 5357 populus
600 5288 838 5356 gentium
865 5287 1058 5342 missus
1079 5295 1166 5344 est
1183 5287 1252 5342 ad
1279 5287 1630 5359 baptismum.
1659 5288 1809 5356 Quod
1826 5307 1923 5345 au-

348 5384 457 5431 tem
491 5376 738 5434 Heliseus
765 5395 869 5434 non
898 5395 996 5449 per
1024 5395 1083 5435 se
1114 5379 1289 5450 ipsum
1324 5379 1565 5434 Naaman
1594 5389 1686 5434 aut
1722 5383 1920 5453 tetigit,

421 5518 446 5546 ι
485 5508 602 5546 Anni

421 5518 446 5546 .
591 5508 602 5520 .

421 5576 450 5616 ι)
777 5580 941 5636 fuisse
968 5590 1152 5651 typum
1190 5580 1474 5653 quemdam
1515 5581 1727 5636 Domini
1764 5581 1914 5653 Iesu,

351 5655 410 5702 ut
434 5657 657 5702 exteros
678 5660 1022 5719 prwtercain,
1054 5652 1461 5721 expressissiiue
1492 5653 1710 5707 tradidit
1747 5652 1924 5732 Aug“.

2027 4484 2226 4538 cordia:
2261 4503 2272 4537 :
2306 4485 2446 4540 sicut
2477 4485 2765 4554 Apostolus
2789 4491 2920 4547 dicit
2945 4512 2958 4548 :
2987 4495 3054 4549 In
3084 4497 3254 4551 Adam
3281 4516 3464 4554 omnes
3492 4517 3601 4554 ino-

2028 4572 2256 4638 riuntur,
2301 4575 2356 4629 in
2396 4574 2601 4631 Christo
2647 4596 2823 4637 omnes
2862 4586 3277 4655 viviﬁcabuntur.
3328 4592 3604 4660 Quomodo

2026 4676 2156 4732 ergo
2183 4663 2423 4722 Naaman
2455 4686 2622 4728 senex
2659 4677 2861 4745 septies
2892 4677 3120 4733 lavando
3153 4678 3327 4735 factus
3354 4693 3439 4738 est
3465 4685 3601 4738 velut

2027 4771 2180 4823 puer,
2213 4759 2290 4813 sic
2327 4764 2558 4831 papulus
2588 4769 2827 4835 gentium
2858 4779 2980 4824 Cum
3015 4781 3158 4827 esset
3187 4779 3428 4843 peccatis
3457 4789 3602 4833 vetc-

2027 4847 2176 4902 ribus
2216 4865 2403 4917 senex,
2425 4863 2480 4909 et
2508 4858 2688 4912 multis
2719 4860 3063 4930 iniquitatum
3089 4866 3333 4932 maculis,
3363 4869 3508 4923 velut
3532 4871 3601 4924 le-

2027 4951 2148 5005 pra,
2178 4938 2450 5009 perfusus,
2487 4962 2585 5015 per
2611 4950 2842 5018 gratiam
2879 4952 3133 5023 baptismi
3175 4956 3248 5010 ita
3290 4969 3597 5024 renovatur,

2027 5039 2086 5082 ut
2113 5030 2162 5084 in
2192 5045 2288 5098 eo,
2322 5050 2425 5091 nec
2461 5039 2776 5109 originalis,
2811 5059 2910 5098 nec
2954 5047 3180 5102 actualis
3220 5048 3368 5118 lepra
3399 5053 3597 5121 peccati

2028 5133 2328 5188 remaneat,
2369 5135 2426 5181 et
2454 5129 2546 5198 qui
2586 5127 2762 5187 fuerat
2800 5135 3086 5190 criminum
3126 5139 3456 5209 ponderibus
3482 5157 3599 5196 cur-

2029 5228 2156 5279 vus,
2189 5215 2256 5271 ad
2291 5220 2596 5290 exemplum
2629 5222 2887 5289 Naaman,
2932 5229 3151 5284 salutari
3189 5230 3410 5288 lavacro
3443 5247 3594 5288 reno-

2027 5313 2203 5396 vatur,
2233 5317 2294 5362 ut
2313 5311 2604 5380 parvulus,
2635 5323 2691 5369 et
2713 5317 2886 5386 prima
2923 5320 3058 5376 stola
3098 5322 3358 5379 induitur.
3391 5325 3468 5379 De
3493 5338 3592 5396 qua

2028 5395 2316 5466 Apostolus
2351 5403 2428 5456 ait
2467 5422 2479 5457 :
2519 5403 2830 5478 Quicunque
2858 5411 2912 5464 in
2940 5409 3146 5467 Christo
3177 5414 3426 5486 baptismi
3457 5395 3590 5473 estis.

2028 5527 2205 5610 simus
2235 5549 2390 5610 num.
2425 5535 2482 5588 ll
2505 5576 2518 5599 ,
2552 5511 2686 5596 alias
2707 5557 2825 5610 cap.
2857 5543 2889 5598 9
2925 5547 3190 5604 sermonis
3223 5549 3279 5603 ll
3331 5550 3398 5606 de
3425 5545 3588 5606 verbis

2026 5598 2265 5668 Apostoii
2295 5605 2370 5676 (in
2406 5598 2543 5662 nova
2578 5613 2716 5667 serie
2748 5598 2862 5688 2'6].
