3922 6180
277 292 372 348 τη
935 280 1388 364 DUAESTIONES
1427 294 1576 351 xxx
1614 295 1835 353 suum

1939 294 2127 352 [BROS
2167 295 2428 352 REGUM.
2470 327 2540 337 -—
2574 297 2776 354 LIBER
2809 297 2894 354 IV.
3434 306 3537 360 ’ΠΒ

271 387 539 441 Christum
567 384 830 439 induistis.
861 383 920 440 in
947 387 1326 441 emundatione
1349 385 1588 450 Naaman
1619 385 1742 458 Syri
1765 387 1856 442 de-
1883 392 1933 449 Α
1961 385 2016 441 in
2056 385 2157 440 hac
2180 387 2312 453 vita,
2337 389 2426 443 ubi
2449 389 2726 444 hominum
2761 389 3087 445 mirabilium
3128 391 3411 465 prophetia
3463 397 3538 464 ita

269 478 412 532 cima
439 475 609 530 virtus
631 475 850 544 ponitur
877 474 1096 542 Helisei.
1123 475 1391 542 Denarius
1420 476 1566 534 enim
1594 491 1853 532 numerus
1955 481 2318 548 comparanda
2354 489 2438 534 est
2465 481 2537 539 illi
2566 482 2710 544 vitae,
2736 484 2888 551 quasi
2923 483 3132 554 parvuli
3173 484 3239 539 ad
3264 484 3535 554 juvenem,

268 567 823 633 consummationem,
879 568 994 631 sive
1049 569 1437 640 perfectionem
1492 569 1849 634 demonstrat,

265 658 392 729 quia
441 657 494 711 in
541 656 646 711 line
684 658 870 712 mundi
913 658 1168 727 Dominus
1207 659 1402 729 legitur
1443 659 1758 724 advenisse,
1799 659 1852 713 in

265 766 373 822 quo
412 750 681 806 universis
725 750 974 821 gentibus
1019 750 1165 824 lepra
1209 750 1540 808 inﬁdelitatis
1578 749 1852 821 adspersis

264 843 411 898 salus
443 842 788 913 cognoscitur
818 842 1095 906 attributa.
1122 843 1276 910 Quod
1307 857 1464 906 vero,
1498 851 1848 912 posteaquam

263 935 556 994 mundatus
596 942 682 989 est
713 934 989 1000 Naaman,
1025 951 1249 992 munera
1298 935 1494 1001 obtulit
1534 937 1695 998 beato
1739 935 1848 990 He-

261 1026 419 1091 liseo,
453 1033 509 1079 et
537 1025 628 1081 ille
649 1026 898 1095 accipere
929 1026 1118 1090 noluit,
1147 1027 1349 1082 Christi
1375 1028 1430 1082 in
1459 1029 1562 1083 hoc
1588 1028 1763 1098 gratia
1787 1027 1850 1082 ii.-

259 1125 510 1189 guratur,
542 1133 663 1188 quae
688 1117 812 1173 ideo
839 1118 1010 1189 gratia
1033 1119 1176 1186 dicta
1203 1128 1303 1184 est,
1327 1120 1452 1190 quia
1473 1122 1644 1191 gratis
1666 1120 1845 1177 datur.

259 1209 357 1266 Sic
386 1211 532 1264 enim
565 1209 678 1280 ipse
711 1209 971 1278 Dominus
1002 1210 1055 1264 in
1089 1209 1382 1280 Evangelig
1422 1210 1704 1280 discipulis
1734 1210 1847 1265 suis

254 1299 432 1354 dixit:
463 1297 679 1371 (Matth.
731 1299 819 1368 10,
851 1298 920 1368 8)
954 1299 1203 1368 Inﬁrmus
1234 1310 1414 1362 curate
1434 1341 1448 1369 ,
1490 1311 1723 1368 mortuos
1751 1319 1845 1363 su-

253 1393 462 1456 scitate,
485 1390 716 1462 leprosos
743 1391 1014 1457 mundata,
1044 1392 1306 1455 damones
1334 1393 1538 1463 ejicile;
1577 1395 1741 1465 gratis
1763 1411 1848 1448 ac-

253 1483 488 1554 cepistis,
519 1483 685 1554 gratis
711 1482 852 1536 date.

329 1575 584 1647 Dixitque
612 1575 817 1632 interea
845 1573 1084 1631 Naaman
1112 1577 1179 1631 ad
1214 1576 1490 1632 Heliseum
1519 1595 1532 1631 :
1571 1578 1728 1650 (vers.
1756 1577 1844 1648 l7)

253 1667 512 1732 Obsecro,
535 1665 757 1721 concede
777 1666 907 1721 mihi
935 1684 1082 1722 servo
1117 1677 1232 1733 tuo,
1256 1678 1314 1721 ut
1345 1667 1528 1722 tollam
1559 1685 1690 1722 onus
1719 1667 1847 1723 duo-

1956 569 2091 624 vidit
2116 577 2294 624 tamen
2354 570 2599 626 Heliseus
2642 574 2996 643 accipientem
3053 591 3276 646 munera
3323 593 3541 652 servum

1956 673 2132 725 suum,
2163 660 2253 714 ubi
2282 661 2397 729 ipse
2434 677 2541 720 non
2571 673 2690 718 erat
2723 681 2734 715 :
2772 665 2847 718 ita
2875 680 2961 737 pe,
2991 681 3114 736 eum
3141 669 3356 734 venerit
3395 672 3538 740 quod

1952 749 2252 820 perfectum
2278 761 2384 822 est,
2413 770 2513 808 nec
2533 753 2646 822 jam
2689 770 2887 825 corpus
2914 758 3265 828 corruptibile
3294 771 3316 798 ο
3347 778 3540 834 aggra-

1951 847 2043 894 vat
2079 841 2336 909 animam,
2383 845 2477 899 sed
2529 845 2937 918 incorruptibile
2985 848 3120 908 nihil
3164 850 3442 922 impediet,
3467 854 3542 913 illi

1952 935 2124 998 sancti
2154 936 2220 990 ad
2241 952 2329 1003 ea,
2357 952 2476 1008 qua:
2499 939 2728 994 videnda
2753 948 2880 994 sunt
2917 941 3087 998 oculis
3128 945 3391 1012 corporis,
3423 946 3516 1015 qui

1951 1027 2051 1082 bus
2075 1028 2320 1090 Heliseus
2346 1031 2543 1086 absens
2570 1030 2635 1084 ad
2665 1047 2880 1089 servum
2921 1049 3079 1088 suum
3111 1035 3399 1091 videndum
3432 1053 3540 1094 non

1952 1115 2200 1191 indiguit,
2230 1120 2581 1190 indigebunt?
2606 1121 2739 1176 Nam
2767 1123 3062 1184 secundum
3106 1125 3434 1196 interpretes
3457 1144 3542 1185 se-

1949 1208 2247 1276 ptuaginta,
2280 1209 2382 1268 ista
2414 1220 2540 1268 sunt
2571 1212 2636 1264 ad
2668 1211 2817 1268 Giezi
2841 1214 3004 1269 verba
3027 1212 3311 1285 Pmphetae
3341 1235 3354 1275 :
3385 1217 3539 1289 (vers.

1949 1298 2040 1370 26)
2069 1316 2237 1368 nonne
2257 1318 2348 1366 cor
2374 1319 2546 1355 meum
2576 1299 2602 1344 ἀ
2631 1313 2824 1370 tecum,
2853 1305 3063 1374 quando
3101 1318 3124 1346 θ
3155 1325 3432 1378 conversus
3463 1321 3541 1366 est

1955 1389 1975 1428 ί
2009 1391 2090 1444 vir
2113 1390 2178 1457 de
2208 1408 2368 1454 curru
2397 1393 2453 1447 in
2482 1394 2509 1445 ἔ
2533 1393 2738 1453 obviam
2775 1395 2871 1463 tibi
2893 1412 2911 1448 :
2942 1397 2968 1435 h
3002 1405 3051 1466 et
3087 1401 3334 1469 accepisti
3381 1418 3542 1471 pecu.-

1950 1481 2116 1547 niam,
2141 1490 2246 1536 etc.
2279 1481 2430 1538 Sicut
2461 1493 2643 1544 autem
2679 1500 2743 1540 ex
2777 1485 3001 1556 Hebraeo
3025 1488 3413 1560 interpretatus
3453 1503 3541 1553 est

1949 1573 2314 1645 Hieronymus
2361 1576 2698 1648 presbyter:
2749 1577 2938 1633 Nonne
2992 1595 3084 1633 cor
3117 1598 3312 1652 meum,
3339 1583 3540 1654 inquit,

1948 1665 2005 1717 in
2029 1666 2277 1734 praesenti
2323 1676 2436 1720 erat
2454 1706 2468 1730 ,
2491 1667 2705 1738 quando
2735 1684 2970 1722 reversus
2995 1679 3071 1723 est
3097 1671 3254 1725 homo
3286 1672 3350 1729 de
3381 1691 3541 1728 curru

251 1779 375 1817 runt
408 1762 703 1817 burdonum
727 1761 792 1818 de
812 1771 955 1818 terra
977 1779 996 1817 :
1024 1779 1128 1817 non
1154 1763 1293 1818 enim
1317 1762 1474 1832 faciet
1494 1771 1639 1816 ultra
1662 1778 1841 1817 servus
1871 1750 1917 1808 Β
1943 1773 2040 1812 suo
2062 1758 2118 1812 in
2150 1775 2427 1813 occursum
2451 1760 2572 1815 tui?
2609 1759 2784 1817 Corde
2813 1777 2912 1816 suo
2936 1777 3066 1834 ergo
3089 1777 3149 1824 se
3175 1763 3313 1832 dixit
3337 1765 3442 1826 hoc
3464 1765 3543 1827 vi-

249 1864 379 1909 tuus
413 1852 808 1924 holocaustum,
831 1863 926 1909 aut
957 1855 1196 1910 victimas
1219 1854 1322 1909 diis
1361 1853 1572 1921 alienis,
1611 1855 1714 1909 nisi
1737 1853 1844 1909 Do-

251 1945 400 2001 mino
421 1944 543 2001 soli.

321 2037 470 2096 Onus
492 2046 654 2095 terra;
677 2039 909 2096 duorum
939 2039 1242 2096 burdonum
1275 2036 1672 2095 lncarnationis
1692 2035 1842 2093 Chri-

245 2131 321 2187 sti
373 2130 744 2202 praetendebat
802 2139 1204 2187 sacramentum
1233 2171 1248 2196 ,
1305 2129 1459 2200 cuius
1519 2129 1839 2205 mysterium

247 2230 480 2293 uterque
506 2220 736 2294 populus
758 2237 823 2288 ex
855 2221 1274 2291 circumcisione
1323 2220 1579 2288 videlicet
1617 2228 1674 2288 et
1701 2235 1840 2293 pm:-

243 2313 422 2384 putio,
452 2311 522 2369 ob
550 2327 701 2384 spem
739 2319 960 2378 eterna:
981 2309 1334 2377 beatitudinis
1363 2319 1583 2383 portare
1613 2325 1722 2376 non
1753 2324 1840 2372 re-

245 2405 390 2462 nuit.

320 2498 454 2554 Post
471 2497 588 2553 haec
601 2495 766 2561 refert
791 2495 1070 2567 Scriptura
1088 2493 1299 2559 eadem,
1321 2493 1464 2564 quod
1484 2491 1841 2563 interrogavit

248 2587 496 2643 Heliseus
515 2586 667 2653 Giesi
701 2601 926 2658 puerum
956 2601 1134 2651 suum,
1168 2581 1347 2658 (Veri.
1367 2582 1471 2657 25)
1502 2581 1653 2644 Unde
1675 2583 1837 2649 uenis,

249 2676 402 2734 ϐεειὶ
419 2680 445 2734 2
469 2680 560 2751 qui
587 2679 852 2750 respondit
877 2691 897 2730 :
925 2676 1049 2736 Non
1073 2677 1167 2736 ivit
1193 2692 1373 2732 servm
1403 2685 1526 2732 tuus
1548 2692 1833 2748 quoquam.

245 2770 320 2826 Et
349 2771 439 2826 ille
457 2773 567 2827 ait:
588 2771 779 2827 Nonne
803 2787 896 2825 cor
925 2786 1096 2832 meum
1113 2770 1170 2824 in
1191 2769 1438 2839 prasenti
1461 2777 1592 2831 erat,
1621 2766 1834 2838 quando

213 2878 482 2932 (reversus
511 2871 588 2918 est
623 2864 780 2918 homo
821 2863 885 2918 de
914 2879 1074 2918 curru
1114 2878 1211 2917 suo
1243 2861 1299 2916 in
1337 2875 1613 2917 occursum
1648 2859 1836 2920 tuum?

242 2954 304 3010 Ν
309 2971 410 3010 unc
433 2971 556 3026 ergo
579 2955 829 3026 accepisti
857 2963 1133 3026 argentum
1153 2996 1169 3019 ,
1196 2963 1244 3009 et
1277 2951 1524 3024 accepisti
1556 2959 1743 3016 vestes,
1775 2959 1834 3005 ut

237 3061 390 3100 emas
417 3043 629 3110 oliveta,
660 3055 708 3100 et
739 3045 938 3110 vineas,
964 3054 1013 3107 et
1032 3061 1148 3103 aues
1165 3085 1180 3111 ,
1206 3053 1256 3100 et
1279 3043 1451 3107 boves,
1484 3053 1532 3096 et
1561 3059 1760 3110 servos,
1782 3050 1831 3097 et

1947 1848 2094 1904 disse
2145 1848 2438 1921 Pmpheta,
2485 1851 2703 1923 adjutus
2755 1853 2973 1922 quidem
3019 1853 3365 1927 mirabiliter,
3395 1856 3542 1922 nullo

1943 1940 2248 2006 dubitante,
2273 1941 2553 2008 divinitus,
2582 1944 2678 1999 sed
2711 1950 2916 2018 quanto
2942 1943 3176 2021 amplius
3203 1953 3331 2001 tunc
3351 1961 3542 2021 omnes

1943 2046 2170 2087 munere
2196 2031 2306 2087 isto
2333 2032 2705 2101 abundabant,
2743 2035 2758 2075 ί
2795 2049 2915 2105 cum
2967 2033 2988 2108 (
3017 2034 3040 2105 i
3075 2032 3255 2108 Caria,
3301 2036 3390 2103 4,5,
3427 2037 3538 2108 i8)

1940 2121 2202 2193 Dominus
2229 2123 2328 2192 erit
2372 2126 2552 2198 pmnia
2590 2126 2650 2187 in
2694 2125 2972 2192 omnibus!
3015 2124 3306 2187 Habebunt
3356 2136 3539 2189 tamen

1939 2213 2104 2282 etiam
2122 2215 2199 2281 illi
2219 2215 2362 2272 oculi
2381 2217 2632 2288 corporei
2648 2214 2900 2280 .ollicittm
2930 2233 3108 2283 suum,
3125 2229 3182 2274 et
3204 2219 3259 2278 in
3291 2218 3412 2280 loco
3437 2235 3537 2277 δυο

1940 2315 2170 2376 uterque
2198 2307 2305 2366 erit
2333 2308 2439 2365 illis
2460 2308 2687 2382 spiritus
2713 2324 2812 2380 per
2845 2307 3125 2385 spiritnaie
3164 2325 3385 2382 corpus.
3425 2310 3534 2367 Ne-

1939 2416 2044 2470 que
2071 2402 2219 2459 enim
2248 2400 2337 2456 ille
2359 2400 2652 2472 Propheta,
2676 2401 2803 2472 quia
2827 2417 2936 2458 non
2959 2401 3041 2460 eis
3065 2401 3317 2474 indiguit,
3348 2411 3406 2462 ut
3453 2405 3537 2460 vi—

1940 2491 2097 2548 deret
2119 2492 2420 2558 absentem,
2445 2507 2554 2548 non
2581 2492 2662 2548 eis
2691 2507 2823 2548 usus
2843 2500 2928 2547 est
2949 2492 3018 2547 ad
3044 2492 3277 2548 videnda
3298 2509 3538 2565 prasen-

1941 2581 2048 2650 tia;
2095 2598 2216 2655 qua:
2244 2590 2422 2638 tamen
2466 2581 2662 2652 spiritu
2689 2581 3108 2665 videre~posset,
3134 2583 3298 2657 etiam
3340 2583 3386 2638 si
3416 2582 3536 2656 illos

1937 2674 2236 2741 clauderet,
2273 2674 2417 2730 sicut
2433 2672 2862 2738 viditabsentia,
2901 2673 2991 2730 ubi
3017 2689 3139 2731 cum
3163 2674 3245 2730 eis
3271 2675 3388 2749 ipse
3425 2690 3533 2745 non

1937 2775 2075 2829 erat.
2107 2765 2268 2834 Absit
2295 2781 2426 2838 ergo
2454 2773 2516 2821 ut
2533 2763 2780 2837 dicamus
2803 2763 2922 2834 illos
2952 2773 3171 2832 sanctos
3195 2765 3248 2821 in
3281 2765 3374 2836 illa
3399 2765 3531 2828 vita.

1937 2858 2106 2914 Deum
2131 2857 2332 2930 clausis
2354 2856 2526 2913 oculis
2554 2871 2662 2927 non
2699 2855 2914 2926 visuros
2931 2897 2947 2922 ,
2971 2871 3134 2930 quem
3163 2855 3358 2928 spiritu
3392 2871 3534 2917 sem.-

1933 2965 2032 3020 pcr
2053 2949 2327 3010 videbunt.
2355 2949 2462 3005 Sed
2492 2957 2675 3006 utrum
2697 2948 2979 3019 videbunt,
3005 2957 3060 3005 et
3079 2964 3178 3023 per
3202 2948 3390 3016 oculos
3411 2964 3534 3015 cor.-

1934 3041 2102 3114 poris,
2131 3056 2254 3097 eum
2285 3056 2380 3097 eos
2401 3048 2620 3112 apertos
2657 3039 2956 3108 habebunt,
2983 3039 3108 3096 inde
3151 3039 3380 3110 qumstio
3425 3049 3528 3111 est,

238 3132 471 3190 ancillas
493 3149 512 3186 ι
537 3102 629 3189 sed
661 3144 709 3189 et
744 3134 890 3206 lepra
918 3102 1178 3198 Haemon,
1198 3102 1486 3196 adhaerebit
1522 3102 1646 3199 tibi,
1671 3102 1720 3194 et
1747 3102 1830 3193 ’ξε-
1857 3102 1902 3165 C
1934 3102 1997 3192 Si
2023 3102 2170 3190 enim
2204 3102 2458 3185 tantumi
2507 3137 2803 3200 potuerunt
2824 3129 2882 3188 in
2903 3102 3131 3201 corpore
3156 3102 3444 3201 spirituali,

237 3225 374 3279 mini
411 3237 501 3280 tuo
527 3242 689 3296 usque
719 3225 772 3281 in
799 3227 1192 3296 sempiternum.

317 3329 342 3358 ι
363 3336 382 3368 ς
405 3315 460 3371 Si
491 3317 634 3372 enim
657 3316 923 3387 Propheta
948 3315 1190 3372 Heliseus
1219 3330 1449 3386 puerum
1476 3331 1633 3380 suum
1654 3315 1831 3381 Giezi,

233 3410 440 3464 absens
461 3424 708 3480 corpore,
737 3408 868 3462 vidit
886 3408 1240 3479 accipientem
1271 3420 1522 3474 munera,
1545 3421 1664 3476 qua:
1685 3406 1833 3470 dedit

233 3499 322 3552 illi
382 3498 622 3563 Naaman
670 3497 842 3569 Syrus
896 3514 1058 3569 quem
1109 3499 1373 3568 propheta
1431 3509 1763 3562 memoratus
1799 3512 1830 3550 a

231 3591 406 3660 leprae
429 3588 772 3644 deformitate
804 3592 1182 3657 mundaverat,
1197 3591 1340 3661 quod
1363 3606 1553 3657 servus
1575 3605 1829 3660 nequam,

234 3683 466 3738 domino
495 3698 592 3737 suo
619 3697 725 3736 non
752 3683 1002 3747 vidente,
1033 3683 1266 3736 latenter
1293 3696 1350 3736 se
1379 3681 1574 3744 iecisse
1607 3689 1830 3750 putave.

236 3781 331 3829 rat
357 3791 369 3826 :
396 3783 599 3844 quanto
629 3775 802 3844 magis
824 3773 880 3828 in
919 3774 1010 3827 illo
1040 3788 1266 3843 corpore
1292 3772 1522 3843 spiritali
1571 3771 1831 3836 videbunt

233 3865 418 3920 sancti
458 3865 663 3932 omnia,
695 3882 802 3921 non
823 3866 996 3922 solum
1030 3867 1076 3930 si
1109 3865 1294 3919 oculos
1325 3863 1614 3929 claudant,
1640 3879 1829 3922 verum

233 3956 406 4010 eniam
438 3957 580 4013 unde
601 3967 728 4012 sunt
751 3972 979 4028 corpore
1005 3957 1295 4015 absentes!
1350 3955 1502 4010 Tunc
1552 3955 1696 4021 enim
1726 3955 1831 4011 erit

231 4047 543 4118 perfectum
593 4048 752 4119 illud,
804 4049 869 4119 de
918 4064 1025 4116 quo
1074 4046 1302 4116 loquens
1353 4044 1645 4115 Apostolus
1694 4044 1771 4098 ait
1811 4062 1824 4098 :

237 4140 296 4209 (l
322 4136 502 4192 Caria.
523 4137 612 4204 l5,
632 4139 666 4203 9
702 4147 751 4204 et
780 4138 868 4209 10)
898 4137 984 4191 Ea:
1012 4145 1182 4208 parte,
1213 4135 1407 4211 inquit,
1440 4134 1827 4204 cognoscimus,

234 4239 288 4284 et
339 4243 405 4283 ex
449 4237 597 4299 parte
641 4228 1035 4302 prpphetamus.
1086 4223 1220 4296 Cum
1251 4234 1429 4295 autent
1459 4223 1650 4293 venerit
1688 4223 1828 4294 quod

233 4319 524 4389 perfectum
550 4328 648 4384 est,
681 4318 1023 4384 evacuabitur
1044 4315 1186 4400 quod
1210 4331 1275 4382 ea:
1296 4325 1446 4388 parte
1466 4323 1563 4368 est.
1598 4313 1824 4381 Deinde,

235 4421 296 4466 ut
319 4413 590 4482 quomodo
632 4419 837 4482 posset,
869 4411 1049 4486 aliqua
1099 4409 1451 4476 similitudine
1490 4407 1824 4474 ostenderet,

235 4511 497 4571 quantum
522 4503 590 4558 ab
613 4503 718 4566 illa,
738 4503 766 4542 ι)
788 4518 951 4573 quam
975 4502 1218 4558 facturus
1239 4511 1342 4568 est,
1367 4501 1532 4566 distet
1553 4501 1668 4567 haec
1691 4501 1823 4567 vita,

237 4607 344 4646 non
403 4591 858 4664 qualiumcunque
916 4593 1218 4659 hominum,
1265 4608 1450 4647 verum
1497 4608 1686 4653 eorum
1733 4593 1826 4664 qui

235 4683 509 4754 prmcipua
539 4683 628 4739 hic
660 4684 948 4738 sanctitate
1002 4691 1127 4746 sunt
1173 4682 1382 4761 prazditi
1429 4703 1441 4736 :
1480 4683 1611 4748 Cum
1661 4702 1828 4753 essent

238 4775 457 4847 (inquit)
489 4777 635 4848 (ibid.
664 4777 750 4843 11,
778 4787 826 4831 et
855 4777 941 4848 η)
985 4775 1262 4847 parvulus,
1291 4778 1443 4853 quasi
1469 4777 1720 4852 parvulus
1746 4797 1832 4834 sa-

235 4867 464 4936 piebam,
492 4869 646 4938 quasi
677 4864 928 4938 parvulus
956 4866 1227 4938 loquebar,
1262 4868 1416 4940 quasi
1457 4869 1708 4938 parvulus
1737 4887 1848 4949 ωσι,

235 4955 487 5023 gitabam.
519 4954 651 5024 Cum
681 4967 855 5012 autem
876 4959 1176 5028 [actussum
1225 4959 1322 5026 vir,
1347 4961 1593 5014 evacuavi
1623 4977 1685 5018 ea
1710 4978 1827 5032 qua:

234 5046 441 5115 parvuli
471 5058 640 5102 erant.
690 5046 935 5103 Videmus
969 5066 1105 5104 nunc
1142 5067 1236 5121 per
1286 5050 1555 5122 speculum
1606 5053 1660 5107 in
1699 5055 1827 5112 teniv

235 5146 430 5205 gmate,
454 5149 579 5192 tunc
609 5147 784 5192 autem
807 5140 942 5209 facie
967 5140 1036 5194 ad
1056 5141 1264 5210 faciem.
1284 5141 1442 5196 Nunc
1457 5145 1565 5202 scio
1581 5156 1826 5220 exparte,

237 5233 360 5280 tunc
385 5237 558 5282 autem
581 5245 911 5301 cognoscam,
936 5232 1072 5285 sicut
1093 5241 1142 5286 et
1171 5234 1411 5302 cognitus
1438 5251 1575 5289 sum.
1609 5234 1664 5290 Si
1695 5252 1826 5309 ergo

311 5380 337 5408 ι
364 5367 496 5444 Quae
525 5387 638 5444 pro
655 5387 807 5428 more
829 5370 1064 5444 (lineolis
1105 5379 1292 5444 notata
1325 5380 1454 5430 sunt
1474 5415 1488 5438 ,
1529 5373 1828 5444 desumpsit

237 5437 590 5516 Claudius};
613 5441 916 5513 Augustino
947 5443 1066 5499 haec
1092 5443 1338 5501 tradente
1378 5437 1556 5516 capite
1587 5444 1658 5500 29
1699 5437 1825 5500 libri

238 5523 351 5578 ιω
385 5510 450 5564 de
480 5510 719 5567 Civitatel

311 5589 336 5631 ρ
374 5599 492 5652 qua:
515 5584 696 5652 futura
719 5594 815 5642 est.

313 5661 333 5724 ξ
372 5653 709 5724 Aggraoabit.

307 5720 334 5773 Ἀ
372 5720 606 5793 Additur
634 5734 766 5780 erat.

636 5819 908 5888 Panos.
948 5820 1096 5892 CIV.

1936 3223 2098 3280 modo
2139 3223 2325 3295 utique
2369 3223 2534 3279 etiam
2581 3221 2683 3294 ipsi
2721 3221 2864 3279 oculi
2909 3220 3243 3293 spirituales,
3267 3230 3530 3294 quantum

1933 3326 2162 3385 possunt
2191 3314 2302 3379 isti,
2331 3314 2523 3384 quales
2550 3329 2694 3370 nunc
2719 3314 3012 3382 habemus,
3025 3315 3216 3387 procul
3246 3315 3411 3371 dubio
3429 3329 3529 3386 per

1935 3421 2031 3469 eos
2059 3406 2230 3461 videri
2260 3406 2404 3465 Deus
2433 3421 2540 3466 non
2567 3404 2786 3477 poterit.
2830 3404 3014 3478 Longe
3065 3405 3250 3480 itaque
3302 3406 3529 3471 alterius

1932 3500 2040 3561 erit
2073 3500 2356 3570 potentim,
2384 3499 2429 3553 si
2465 3511 2564 3569 per
2609 3513 2705 3555 eos
2756 3497 3029 3557 videbitur
3073 3499 3394 3569 incorporea
3439 3497 3530 3571 illa

1933 3600 2146 3661 natura,
2184 3608 2304 3662 quae
2350 3607 2458 3660 non
2508 3592 2821 3652 continetur
2863 3590 3002 3660 loco,
3035 3592 3129 3660 sed
3164 3591 3364 3661 ubique
3411 3599 3527 3664 tota

1932 3692 2033 3746 est.
2073 3705 2092 3738 ι
2124 3683 2274 3750 Giezi
2306 3683 2558 3739 minister
2599 3682 2821 3743 Helisei.
2853 3682 2944 3750 qui
2976 3681 3274 3750 cupiditate
3317 3683 3526 3754 argenti

1932 3773 2210 3843 deceptus.
2239 3772 2524 3842 pecuniam
2549 3786 2580 3824 a
2616 3771 2854 3831 Naaman
2889 3770 3028 3842 Syro
3057 3772 3286 3842 accepit,
3310 3780 3366 3826 et
3403 3781 3527 3843 post

1932 3863 2208 3935 paululum
2226 3862 2390 3931 lepra:
2417 3862 2737 3932 contagione
2760 3871 2844 3916 est
2869 3878 3190 3935 percussus,
3219 3862 3370 3924 Juda:
3394 3880 3524 3936 pros

1931 3955 2122 4011 ditoris
2148 3963 2332 4024 typum
2364 3953 2597 4022 gessisse
2627 3969 2733 4020 non
2767 3951 2987 4012 dubium
3028 3961 3132 4009 est.
3181 3953 3334 4010 Sicut
3375 3955 3520 4020 enim

1933 4046 2084 4108 Giezi
2115 4046 2237 4101 ideo
2261 4045 2536 4116 serviebat
2560 4046 2718 4102 beato
2749 4044 2982 4114 Heliseo,
3001 4054 3062 4107 ut
3088 4047 3373 4116 pecuniam
3401 4064 3526 4120 pou

1932 4149 2015 4194 set
2046 4140 2354 4210 adquirere,
2393 4139 2466 4193 ita
2497 4147 2552 4194 et
2583 4137 2749 4201 Judas
2773 4145 3058 4209 prepterea
3083 4139 3388 4202 adhaeserat
3411 4139 3519 4206 ῡρς

1931 4233 2082 4292 mino
2111 4231 2396 4295 Salvatori,
2427 4239 2486 4285 ut
2510 4231 2754 4290 fraudem
2790 4230 2996 4287 faceret
3047 4240 3103 4288 et
3147 4241 3395 4301 terrenas
3437 4233 3523 4298 di:

1931 4326 2092 4388 vitias
2126 4332 2500 4396 congregaret.
2537 4323 2780 4394 Denique
2810 4325 2890 4391 sic
2921 4326 2990 4382 de
3020 4325 3111 4387 illo
3133 4326 3189 4381 in
3229 4326 3524 4400 Evangelia

1931 4417 2192 4486 scriptum
2217 4423 2298 4477 est
2329 4433 2340 4482 ;
2369 4414 2554 4486 (locu,
2594 4414 2684 4481 12,
2709 4414 2761 4486 ϐ)
2803 4414 2942 4482 Quia
2963 4405 3061 4486 γαν
3083 4427 3219 4484 erat,
3243 4429 3291 4473 et
3323 4419 3522 4476 (oculos
3567 4459 3570 4462 -

1931 4507 2170 4574 habebat,
2219 4515 2266 4563 et
2315 4523 2397 4568 ea,
2439 4521 2555 4574 qua:
2601 4505 2976 4569 mittebantur,
3012 4513 3339 4576 exportabat.
3387 4510 3524 4566 Nam

1933 4597 2121 4664 Giezi,
2149 4595 2243 4666 qui
2298 4596 2527 4666 gratiam
2585 4595 2829 4664 magistri
2882 4603 3134 4666 potuerat
3188 4601 3521 4679 promereri,

1934 4689 2077 4746 sicut
2107 4688 2358 4744 dominus
2388 4702 2517 4742 suus
2563 4696 2886 4745 consecutus
2922 4685 3100 4741 fuerat
3144 4687 3286 4741 beati
3335 4687 3520 4760 Helice,

1935 4780 2230 4852 cupiditate
2261 4781 2437 4835 victus
2469 4779 2670 4834 meruit
2697 4779 2752 4833 in
2805 4786 3066 4834 :etemum
3119 4779 3324 4851 crudeli
3373 4781 3525 4851 lepra

1934 4868 2182 4939 perfundi
2214 4887 2226 4925 :
2253 4867 2420 4928 Judas
2450 4883 2581 4924 vero
2607 4883 2703 4937 per
2737 4884 2976 4927 amorem
3004 4868 3270 4945 pecuniae,
3311 4877 3366 4940 et
3395 4885 3527 4942 apo-

1935 4961 2164 5017 stolatus
2184 4961 2414 5032 gratiam
2443 4961 2696 5031 perdidit,
2723 4969 2779 5016 et
2823 4959 3014 5033 laqueo
3068 4961 3233 5036 vitam
3285 4959 3460 5028 ﬁnivit
3505 4978 3522 5018 :

1932 5069 1994 5112 ac
2025 5053 2106 5110 sic
2129 5053 2480 5125 intelligimus
2505 5069 2696 5109 omnes
2730 5053 2902 5109 malos
2925 5053 3237 5119 sacerdotes
3257 5053 3399 5111 intra
3420 5053 3525 5109 Ec-

1929 5146 2153 5204 clesiam
2178 5147 2326 5202 intus
2352 5147 2407 5202 in
2435 5148 2617 5205 anima
2645 5147 2854 5219 peccati
2877 5147 3025 5218 lepra
3055 5145 3226 5212 fuisse
3243 5144 3519 5218 perfusos,

1929 5241 2022 5311 qui
2069 5248 2261 5296 contra
2311 5238 2582 5316 dominica
2628 5247 2900 5312 praecepta
2949 5239 3333 5309 ministerium,
3373 5241 3521 5316 quod

2003 5387 2028 5415 ο
2070 5374 2347 5430 Reversus.

2003 5445 2026 5506 ι
2071 5443 2276 5506 Homo,

2003 5517 2030 5556 ⁸
2071 5514 2139 5568 In
2167 5531 2463 5569 occursum.

1999 5587 2024 5627 h
2069 5585 2197 5640 Hac
2222 5586 2417 5640 desunt
2439 5586 2490 5641 in
2523 5582 2702 5650 editis.

2006 5657 2021 5716 ἓ
2059 5654 2219 5712 Deus.

2004 5727 2017 5782 i
2057 5723 2336 5794 Potcrunt.
