3922 6180
485 277 589 332 779

1561 277 1837 334 CLAUDll
1876 276 1964 331 TA
1975 275 2134 334 UBIN
2143 275 2341 332 ENSIS
2377 275 2681 335 EPISCOP!
3591 297 3672 358 τεο

485 396 656 468 gratis
689 402 1031 464 acceperunt,
1070 393 1238 463 gratis
1284 407 1390 446 non
1432 392 1813 446 administrant
1844 410 1855 444 :
1886 398 1939 446 et
1972 405 2070 461 pro
2100 397 2146 453 Α
2177 388 2283 454 ille,
2313 389 2404 444 ubi
2453 392 2662 446 securis
2712 391 2931 459 cecidit,
2963 395 3220 467 significat
3269 399 3677 468 prieterﬂueutetu.

486 490 635 545 omni
659 503 839 558 opere,
865 484 1007 555 quod
1039 486 1091 539 in
1135 484 1374 539 Ecclesia
1422 492 1652 555 gerunt,
1680 498 1788 539 non
1836 482 2071 537 futuram

489 581 814 645 mercedem,
844 580 938 634 sed
976 586 1299 649 praesentem
1345 586 1596 648 quierunt
1635 575 2069 632 retributionem.

559 675 743 729 Potest
762 670 905 727 enim
927 669 1078 726 Giezi
1104 668 1414 725 Judieorum
1438 668 1696 740 populum
1720 664 1962 736 figurari,
1979 665 2070 733 qui

485 782 550 822 eo
579 775 823 833 tempore
849 762 1057 834 peccati
1079 761 1227 831 lepra
1252 761 1574 831 percutitur,
1600 773 1709 829 quo
1736 757 1805 812 ab
1831 770 1897 812 eo
1943 770 2073 825 gen-

485 858 619 912 tium
651 853 879 925 populus
907 852 1194 908 liberatur.
1230 850 1473 922 Denique
1505 850 1584 905 sic
1629 849 1874 906 inﬁdeles
1901 848 2070 904 Judaei

485 948 540 1002 in
571 945 824 1017 passione
852 942 1065 998 Domini
1118 941 1489 996 clamaverunt
1515 959 1527 995 :
1556 939 1785 1013 (Matth.
1830 938 1922 1005 27,
1962 936 2071 1009 25)

488 1037 718 1109 Sanguis
741 1037 857 1107 ejus
881 1052 1038 1107 super
1064 1051 1157 1089 nos
1200 1043 1247 1088 et
1282 1050 1441 1105 super
1466 1033 1607 1103 ﬁlios
1651 1041 1877 1087 nostros.
1917 1028 2071 1085 Tune

485 1130 629 1183 enim
658 1126 861 1198 peccati
890 1125 1039 1197 lepra
1079 1124 1326 1196 perfundi
1362 1132 1697 1189 meruerunt,
1732 1121 1949 1193 quando
1984 1136 2073 1176 su-

484 1235 583 1291 per
601 1220 877 1275 caelestem
910 1219 1176 1274 medicum
1201 1232 1296 1274 ore
1325 1218 1590 1289 sacrilego
1638 1218 2011 1273 clamaverunt
2057 1234 2069 1268 :

486 1311 669 1379 (Joan.
696 1310 784 1375 19,
820 1308 911 1382 15)
949 1307 1116 1374 Tolle,
1154 1308 1277 1363 tolle
1307 1322 1326 1360 :
1363 1308 1614 1380 cruciﬁge
1643 1325 1781 1363 eum.
1832 1308 1975 1380 Ergo
2006 1323 2073 1361 eo

486 1410 729 1470 tempore
758 1400 810 1454 in
836 1399 942 1454 illis
967 1399 1225 1453 remansit
1255 1398 1433 1470 lepra,
1461 1415 1571 1469 quo
1598 1399 1666 1454 ad
1713 1414 1813 1455 nos
1858 1399 2074 1454 transiit

480 1494 676 1562 gratia.
705 1493 947 1562 Denique
977 1493 1055 1548 sic
1079 1500 1135 1547 et
1164 1492 1454 1562 Apostolus
1486 1472 1686 1547 Paulus
1710 1492 1777 1548 ad
1807 1508 1902 1548 eos
1926 1492 2073 1547 locu-

486 1594 573 1637 tus
602 1592 703 1647 est,
728 1583 914 1638 dicens
942 1602 955 1636 :
996 1582 1134 1655 (Act.
1166 1583 1255 1651 15,
1286 1582 1380 1651 ιϐ)
1418 1582 1597 1647 Vobis,
1619 1582 1811 1652 inquit,
1844 1581 2071 1653 oportuit

482 1674 709 1743 primunt
742 1672 885 1745 loqui
907 1676 1120 1727 verbum
1143 1672 1240 1727 Dei
1268 1687 1288 1726 :
1310 1672 1403 1729 sed
1425 1672 1550 1746 quia
1588 1689 1674 1727 vos
1715 1672 1958 1743 indignos
1979 1670 2073 1740 ju-

2175 488 2229 534 et
2261 479 2541 550 fugitivum
2561 524 2575 547 ,
2603 492 2656 536 ct
2702 483 3113 540 descendentem
3168 487 3218 542 in
3266 489 3583 560 voluptatem,
3617 497 3681 553 vel

2174 571 2512 627 luxuriosum
2557 574 2739 629 saeculi
2792 574 2951 646 hujus
3001 592 3220 632 cursum
3253 596 3267 633 :
3299 577 3478 637 ﬂuvius
3517 585 3636 642 enim
3659 566 3700 642 a‘

2172 659 2386 718 ﬂuendo
2414 678 2609 719 nomen
2641 667 2867 736 accepit.
2918 666 2983 723 Et
3027 669 3155 739 quia
3201 684 3381 727 omnes
3421 687 3684 742 peccatores

2173 751 2506 807 transitoriis
2536 752 2902 825 voluptatibus
2931 757 3256 816 inbzerentes
3271 758 3428 819 ﬂuere
3447 764 3685 823 dicuntur:

2174 837 2297 895 ideo
2320 841 2531 897 securis
2565 842 2656 898 illa
2688 844 2742 898 in
2769 842 3008 902 ﬂuminis
3052 846 3183 904 limo
3218 849 3424 919 jacebat
3460 868 3686 927 oppressa.

2175 929 2413 988 Veniens
2435 948 2565 989 vero
2602 934 2831 1003 Eliseus,
2872 938 3023 993 misit
3060 938 3284 1012 lignum,
3323 948 3375 999 et
3406 946 3585 1001 natavit
3607 946 3686 1002 fer-

2175 1036 2316 1076 rum.
2344 1022 2372 1063 ι)
2400 1021 2540 1090 Quid
2567 1034 2670 1092 est,
2692 1026 2902 1097 lignum
2940 1029 3177 1093 mittere,
3197 1040 3250 1084 et
3279 1031 3469 1088 ferrum
3488 1035 3534 1089 in
3553 1036 3687 1093 lucem

2173 1112 2512 1181 producere?
2549 1116 2654 1172 nisi
2682 1118 2980 1187 patibulum
3008 1122 3191 1176 crucis
3238 1125 3528 1191 ascendere,
3562 1138 3606 1182 et
3638 1129 3684 1183 de

2172 1206 2443 1274 profundo
2468 1206 2665 1264 inferni
2694 1211 2988 1267 humanum
3011 1229 3184 1285 genus
3204 1216 3404 1286 eripere
3427 1235 3438 1271 :
3461 1232 3517 1272 ac
3535 1219 3588 1274 de
3600 1236 3683 1274 out-

2176 1295 2324 1349 nium
2366 1305 2713 1369 peccatorum
2771 1301 2879 1355 imo
2921 1317 3021 1375 per
3064 1305 3248 1376 crucis
3283 1306 3564 1376 mysterium
3590 1308 3683 1365 libe-

2177 1401 2317 1442 rare.
2344 1389 2639 1461 Postquam
2664 1408 2795 1451 vero
2845 1396 3052 1451 natavit
3097 1395 3332 1461 ferrum,
3359 1400 3494 1454 misit
3522 1416 3683 1461 manum

2174 1477 2464 1549 Propheta,
2488 1490 2545 1536 ct
2565 1485 2768 1553 recepit
2795 1485 2945 1552 illud,
2964 1497 3017 1542 et
3041 1489 3279 1544 reddidit
3298 1491 3362 1545 ad
3389 1491 3550 1547 utilem
3573 1509 3682 1550 usum

2176 1568 2378 1625 domini
2409 1571 2514 1627 sui.
2545 1572 2624 1628 Ita
2646 1582 2702 1629 et
2729 1576 2795 1630 de
2824 1577 2983 1632 nobis
3016 1577 3224 1633 factum
3255 1588 3354 1647 est,
3379 1583 3460 1651 qui
3490 1582 3548 1637 de
3567 1598 3681 1636 manu

2180 1660 2388 1717 Domini
2415 1665 2781 1736 superbiendo
2805 1668 3204 1736 cccideramus,
3228 1686 3327 1741 per
3351 1673 3512 1727 crucis
3535 1672 3680 1745 lignum

485 1764 700 1818 dicastis
747 1734 957 1819 teter-me
1001 1765 1147 1830 vitae,
1198 1782 1313 1820 ecce
1356 1734 1708 1821 convertimur
1757 1765 1825 1818 ad
1874 1772 2067 1834 gentes.
2103 1734 2148 1792 Β
2175 1757 2244 1812 ad
2273 1772 2495 1815 manum
2542 1761 2628 1817 vel
2658 1770 2983 1831 potestatem
3032 1763 3251 1819 Domini
3293 1734 3680 1822 rcddimurfllem

484 1857 713 1925 Quando
734 1858 977 1913 doctrina
999 1858 1382 1929 Apostolorum
1398 1859 1466 1914 ad
1486 1867 1674 1930 gentes
1690 1857 1924 1915 transiit.
1946 1866 2074 1916 tunc

484 1952 541 2004 in
574 1949 789 2005 miseris
809 1947 1007 2005 Judaris
1033 1951 1240 2020 peccati
1266 1950 1413 2022 lepra
1445 1952 1724 2009 remansit.

555 2041 631 2111 (6,
647 2041 700 2105 4,
718 2039 797 2112 5.)
812 2039 941 2096 Post
952 2042 1067 2097 haec
1082 2042 1248 2097 refert
1260 2042 1564 2114 Scriptura,
1577 2042 1720 2113 quod
1731 2051 1893 2098 eunte
1913 2042 2073 2099 beato

482 2132 663 2191 Eliseo
683 2146 805 2187 cum
835 2130 963 2186 ﬁliis
978 2118 1371 2202 prophetarum
1412 2131 1482 2188 ad
1504 2130 1798 2187 Iordanem
1826 2130 2069 2195 ﬂuvium,

484 2224 612 2279 dum
629 2224 731 2279 sibi
756 2221 899 2294 ligna
917 2222 1285 2289 conciderent,
1304 2224 1563 2280 ceciderit
1580 2224 1786 2281 securis
1804 2223 1858 2280 in
1890 2238 2028 2296 aqua
2056 2241 2068 2277 :

482 2324 537 2371 et
563 2316 673 2383 ille,
701 2316 768 2372 de
794 2315 947 2385 cujus
974 2322 1136 2371 manu
1167 2316 1393 2381 corruit,
1417 2315 1735 2377 clamaverit
1754 2313 1822 2372 ad
1852 2315 2071 2372 beatum

482 2405 719 2463 Eliseum
754 2426 767 2463 :
800 2404 908 2479 (IV
948 2406 1080 2478 Reg.
1118 2406 1175 2473 6,
1217 2406 1275 2480 5)
1334 2406 1452 2462 Heu
1493 2408 1622 2472 heu,
1666 2414 1717 2461 et
1758 2407 1857 2461 hoc
1900 2407 2069 2477 ipsum

481 2507 664 2553 mutuo
695 2514 1019 2571 acceperam.
1050 2498 1181 2554 Post
1205 2500 1321 2554 haec
1348 2500 1401 2554 in
1446 2499 1710 2565 loco,'ubi
1739 2501 1951 2556 securis
1981 2499 2069 2554 illa

482 2590 778 2655 ceciderat,
822 2586 1020 2647 Beatus
1051 2588 1262 2651 Eliscus
1304 2590 1456 2647 misit
1485 2590 1712 2661 lignum,
1756 2598 1812 2649 et
1862 2591 2071 2651 natavit

480 2684 706 2738 ferrum.
2028 2690 2033 2693 ’

553 2784 577 2813 ι
616 2792 634 2824 ι
671 2771 932 2829 Dominus
966 2771 1127 2829 Jesus
1165 2772 1428 2840 Christus,
1480 2773 1634 2845 cujus
1680 2773 1912 2845 figuram
1962 2774 2072 2831 Eli-

478 2881 603 2922 saus
632 2866 882 2936 gestavit,
911 2880 1033 2921 cum
1059 2880 1158 2937 per
1185 2866 1528 2937 praesentiam
1565 2867 1810 2937 corporis
1852 2866 1937 2922 sui
1977 2865 2070 2921 Ju-

478 2960 719 3015 dasorum
737 2959 1095 3031 impietatem,
1119 2967 1375 3029 tanquam
1401 2957 1794 3015 infructuosam
1818 2958 2069 3015 arborem

478 3049 758 3107 succidere
808 3049 988 3117 vellet,
1039 3050 1166 3120 quia
1225 3051 1292 3106 de
1342 3050 1433 3106 illo
1488 3048 1724 3106 Joannes
1784 3051 1998 3107 dixerat
2050 3066 2065 3103 :

480 3141 694 3214 (Matth.
724 3142 779 3208 5,
809 3140 900 3213 {0)
952 3140 1091 3195 Ecce
1106 3143 1304 3197 securis
1330 3141 1400 3196 ad
1428 3142 1658 3196 radicem
1681 3140 1928 3196 arborum
1970 3158 2065 3212 po-

478 3231 581 3286 sita
603 3240 696 3285 est.
716 3230 851 3287 Item
876 3231 1273 3287 interveniente
1292 3232 1563 3301 passione,
1591 3245 1789 3302 corpus
1825 3229 1956 3285 illud
1980 3245 2068 3285 ve-

480 3322 563 3379 lut
592 3323 932 3378 manubrium
963 3323 1224 3388 deseruit,
1254 3331 1309 3377 et
1341 3324 1395 3378 in
1428 3322 1626 3377 inferni
1656 3322 1924 3393 profunda
1973 3323 2067 3377 de-

480 3413 708 3469 scendit.
736 3413 892 3485 Quod
932 3412 989 3469 in
1034 3412 1312 3485 sepultura
1340 3414 1597 3484 positum,
1628 3413 1696 3468 ad
1723 3413 1914 3480 vitam,
1941 3421 2064 3471 tau—

481 3519 644 3575 quam
669 3504 737 3560 ad
779 3504 1123 3560 manubrium
1169 3518 1326 3559 suum
1368 3503 1562 3574 spiritu
1623 3503 1884 3559 redeunte
1946 3518 2067 3558 sur-

478 3597 641 3653 rexit.
681 3616 700 3649 ι
736 3595 863 3652 Sive
888 3595 1080 3651 aliter:
1104 3594 1314 3651 Eliseus
1342 3610 1577 3666 namque
1607 3604 1791 3665 typum
1811 3594 2069 3649 habuisse

477 3689 693 3746 Domini
739 3686 1041 3745 Salvatoris
1068 3686 1384 3760 frequenter
1444 3702 1604 3757 supra
1650 3686 1764 3757 jam
1808 3685 2062 3740 diximus.

477 3779 587 3836 Sed
622 3781 676 3835 in
706 3795 876 3851 puero
913 3778 1008 3835 illo
1050 3777 1163 3835 ﬁlio
1192 3779 1498 3850 prophetae,
1544 3778 1699 3850 cujus
1742 3777 1953 3833 securis
1999 3776 2067 3832 de

475 3886 640 3926 manu
660 3870 813 3941 lapsa
838 3877 942 3938 est,
970 3884 1076 3926 non
1103 3870 1398 3940 incongrue
1422 3867 1670 3925 Christus
1697 3868 1959 3925 Dominus
1985 3869 2068 3924 in-

478 3960 739 4032 telligitnr
766 3974 781 4014 :
806 3960 1014 4016 securis
1038 3960 1146 4026 illa,
1168 3976 1288 4030 qute
1310 3959 1526 4025 cecidit,
1543 3958 1739 4026 Adam,
1763 3960 1879 4015 sive
1894 3968 2065 4017 totum

476 4065 650 4123 genus
683 4052 982 4106 humanum
1010 4049 1345 4122 signiﬁcasse
1373 4050 1603 4105 videtur.
1655 4050 1897 4106 Tenebat
1935 4065 2067 4121 ergo

477 4143 620 4197 filius
644 4142 920 4213 prophetae
965 4155 1212 4196 securem
1253 4141 1305 4194 in
1337 4155 1501 4194 manu
1531 4155 1629 4195 sua
1657 4158 1670 4193 :
1714 4149 1770 4196 et
1802 4140 2068 4197 Dominus

476 4250 541 4289 ac
570 4232 825 4287 Salvator
861 4242 1048 4287 noster
1067 4232 1360 4287 humanum
1391 4247 1582 4305 genus,
1610 4235 1754 4304 quod
1783 4242 2068 4291 creaverat

475 4325 530 4378 in
568 4334 730 4377 manu
758 4322 1016 4392 potentia:
1041 4337 1154 4378 suae
1182 4338 1197 4377 :
1231 4324 1327 4378 sed
1358 4325 1627 4394 quomodo
1651 4325 1859 4381 securis
1885 4324 1976 4380 illa
1996 4325 2065 4381 de

2176 1849 2493 1905 moraliter:
2519 1864 2542 1892 ε
2575 1870 2594 1903 ε
2627 1853 2856 1912 Ferrum
2878 1855 2934 1909 in
2956 1857 3248 1912 manubrio
3280 1867 3362 1913 est
3380 1859 3552 1913 donum
3575 1858 3681 1914 intel-

2173 1941 2349 1996 lectus
2377 1941 2429 1995 in
2465 1943 2671 1997 corde:
2710 1942 2915 2015 lignum
2956 1960 3091 2001 vero
3137 1962 3236 2016 per
3279 1947 3376 2004 hoc
3422 1948 3681 2013 cedet-eest

2170 2045 2342 2102 prave
2397 2041 2619 2104 agentes
2667 2034 2970 2105 increpare.
3022 2035 3181 2104 Quod
3224 2048 3572 2108 nonnunquam
3592 2036 3680 2092 dum

2173 2121 2317 2177 ﬂuxe
2343 2123 2547 2194 agitur,
2570 2123 2700 2178 dum
2728 2124 2910 2195 lapsus
2943 2141 3104 2181 vanae
3128 2127 3317 2199 glorise
3334 2129 3387 2183 in
3421 2137 3600 2198 accepta
3616 2141 3680 2180 ca-

2174 2213 2297 2268 dem
2336 2214 2563 2270 scientia
2600 2230 2709 2271 non
2740 2217 2962 2283 vitatur,
2993 2216 3204 2274 ferrum
3240 2221 3453 2290 in’aqua
3482 2219 3676 2290 perditur,

2173 2304 2299 2375 quia
2327 2319 2395 2359 ex
2430 2304 2694 2361 dissoluto
2710 2320 2875 2378 opere
2904 2307 3262 2381 intelligentia
3286 2310 3518 2366 fateatur.
3556 2312 3677 2378 Quen

2170 2397 2418 2465 profecto
2443 2398 2853 2471 intelligentiam
2877 2400 2947 2456 ad
2975 2402 3085 2458 hoc
3116 2405 3361 2460 novimus
3386 2405 3509 2468 dari,
3529 2416 3576 2458 ut
3591 2411 3679 2457 ante

2173 2486 2351 2543 dantis
2370 2486 2557 2543 oculos
2596 2504 2669 2543 ex
2704 2489 2848 2545 bona
2881 2490 3082 2547 debeat
3106 2493 3319 2548 actione
3345 2494 3545 2549 restitui.
3574 2491 3678 2548 Unde

2173 2586 2224 2633 et
2251 2587 2401 2634 recte
2428 2579 2493 2645 is,
2511 2579 2602 2650 qui
2626 2579 2832 2639 lerrum
2856 2584 3141 2652 amiserat,
3154 2586 3444 2642 clamabat:
3463 2586 3575 2651 Heu,
3592 2586 3677 2649 lict,

2170 2669 2393 2725 Domine
2414 2671 2525 2737 uti,
2543 2679 2593 2727 et
2615 2671 2713 2727 hoc
2744 2673 2917 2744 ipsum
2959 2685 3149 2731 mutuo
3178 2690 3501 2749 «coeperant:
3534 2675 3680 2732 habent

2171 2760 2315 2817 enim
2343 2761 2449 2821 hoc
2483 2761 2641 2818 electi
2676 2764 2984 2835 proprium,
3013 2775 3078 2821 ut
3108 2769 3155 2823 si
3195 2766 3403 2839 quando
3432 2768 3502 2824 eis
3534 2768 3577 2823 in
3616 2778 3681 2819 sin

2171 2852 2398 2907 scientia
2416 2852 2624 2911 furtiva
2650 2870 2804 2910 vanae
2820 2857 3009 2927 gloriae
3031 2859 3199 2931 culpa
3220 2859 3511 2931 subripitur,
3528 2858 3581 2913 ad
3617 2869 3683 2912 cur

2171 2942 2433 2999 velociter
2460 2945 2708 3013 redeant,
2733 2955 2793 3000 et
2849 2949 3122 3020 quidquid
3169 2952 3224 3006 in
3271 2967 3329 3008 se
3357 2962 3473 3007 ante
3512 2935 3680 3006 districti

2166 3035 2368 3128 iudicis
2407 3038 2594 3094 oculos
2646 3041 2956 3097 damnabile
2989 3042 3301 3112 inveniunt,
3333 3042 3554 3115 lacrymis
3582 3042 3681 3098 inse

2174 3136 2428 3197 quantur.
2490 3129 2594 3196 Qui
2646 3130 2834 3188 ﬂentes
2884 3150 2993 3190 non
3044 3137 3227 3197 solum
3274 3146 3422 3192 caute
3443 3135 3680 3205 inspiciunt.

2170 3234 2290 3289 quae
2316 3220 2457 3276 mala
2483 3223 2892 3291 commiserunt,
2922 3226 3018 3282 sed
3048 3241 3126 3285 ex
3154 3236 3372 3300 accepto
3399 3236 3681 3294 manet-equa

2171 3314 2398 3371 reddere
2415 3315 2582 3370 etiam
2613 3317 2753 3372 bona
2783 3317 3090 3374 debuerunt
3126 3340 3139 3377 :
3169 3323 3291 3395 quia
3318 3321 3540 3376 nimirum
3575 3324 3680 3371 tanto

2170 3419 2230 3459 se
2257 3404 2493 3476 amplius
2512 3416 2833 3477 peccatores
2866 3409 3136 3479 sentiunt,
3168 3420 3368 3484 quanto
3397 3426 3456 3466 ex
3490 3404 3679 3480 neglectis

2171 3495 2347 3561 bonis,
2377 3510 2499 3567 quae
2519 3510 2681 3569 agere
2703 3501 3272 3569 poterant,debitores
3296 3512 3535 3560 tenentur.
3563 3499 3678 3553 Recte

2169 3604 2319 3662 ergo,
2344 3592 2438 3662 qui
2465 3590 2672 3649 ferrum
2697 3595 2967 3664 perdidit,
2993 3595 3272 3654 clamabat
3294 3613 3309 3653 :
3330 3596 3455 3662 Heu,
3477 3595 3573 3659 heu,
3591 3592 3676 3653 Ιιειι

2170 3693 2217 3737 et
2244 3684 2341 3737 hoc
2368 3684 2539 3756 ipsum
2569 3693 2752 3740 mutuo
2780 3703 3107 3758 acceperam,
3138 3706 3203 3747 ac
3228 3691 3272 3747 si
3296 3691 3430 3746 dicat
3456 3703 3468 3741 :
3496 3683 3677 3753 llludper

2171 3777 2574 3834 dissolutionem
2598 3778 2938 3851 negligentia:
2954 3782 3199 3855 perdidi,
3225 3782 3363 3855 quod
3392 3790 3445 3835 ut
3475 3792 3557 3850 per
3578 3776 3673 3830 bona

2169 3883 2333 3939 opera
2364 3868 2666 3936 redderem,
2697 3886 2765 3925 ex
2793 3872 2964 3942 gratia
2998 3872 3291 3930 creditoris
3315 3882 3599 3942 acceperam.
3629 3861 3674 3915 Δί

2172 3976 2445 4032 nunquam
2468 3963 2618 4017 Deus
2658 3972 2895 4019 mentem
2920 3964 3149 4033 deserit,
3177 3981 3296 4038 quae
3329 3965 3380 4019 iu
3422 3957 3616 4032 peccatis
3636 3966 3674 4005 ευ

2171 4053 2442 4108 veraciter
2481 4054 2741 4124 agnoscit.
2778 4052 2931 4111 Unde
2975 4063 3030 4111 et
3085 4072 3214 4112 mox
3263 4055 3459 4111 Eliseus
3494 4047 3671 4103 veniens

2166 4144 2373 4218 lignum
2397 4145 2649 4201 deorsum
2666 4146 2860 4212 mittit,
2884 4156 2940 4203 et
2968 4146 3176 4204 ferrum
3205 4151 3258 4206 in
3300 4143 3596 4219 superﬁciem
3619 4144 3672 4191 al-

2172 4238 2292 4292 tulit
2321 4256 2334 4290 :
2366 4238 2492 4311 quia
2538 4238 2789 4295 videlicet
2825 4239 3160 4311 Redemptor
3187 4251 3396 4307 noster,
3423 4239 3499 4312 pie
3522 4246 3599 4289 nos
3619 4242 3674 4282 ω-

2172 4332 2431 4402 spiciens,
2454 4346 2551 4387 eor
2579 4332 2884 4404 peccatoris
2920 4333 3193 4401 ltumiliat,
3222 4342 3276 4391 et
3298 4334 3346 4388 ei
3372 4332 3396 4371 ἀ
3426 4327 3504 4402 qui
3539 4321 3673 4379 amise'

474 4427 639 4469 manu
661 4410 958 4484 prophetae,
983 4419 1039 4468 et
1073 4412 1127 4468 in
1140 4412 1419 4486 profundo
1450 4416 1673 4483 corruit,
1705 4417 1779 4472 ita
1813 4425 1869 4473 et
1894 4432 2065 4489 genus
2089 4440 2145 4502 Β
2174 4430 2276 4488 rat,
2304 4422 2714 4494 intelligentiam
2762 4422 3044 4492 reformat,
3078 4426 3280 4497 lignum
3320 4422 3582 4492 mergit,et
3606 4411 3673 4466 fer-

474 4509 772 4563 humanum
798 4520 923 4563 cum
961 4508 1032 4564 de
1056 4521 1223 4564 manu
1259 4507 1352 4563 Dei
1395 4510 1784 4580 omnipotentis
1828 4527 1928 4583 per
1970 4529 2063 4569 su-

471 4597 719 4667 perbiam
743 4612 805 4655 se
845 4598 1114 4665 excussit,
1144 4599 1339 4655 cecidit
1373 4600 1429 4657 in
1466 4599 1688 4657 ﬂuvium
1730 4602 1979 4669 luxuriae,
2013 4612 2070 4659 et

472 4694 716 4749 omnium
752 4700 1104 4767 peccatorum
1129 4695 1341 4766 gurgite
1370 4709 1429 4750 se
1476 4694 1787 4752 submersit.
1846 4696 2067 4752 Securis

470 4799 603 4855 ergo
638 4783 725 4840 illa
754 4786 809 4839 in
840 4783 1110 4856 profundo
1125 4785 1367 4857 iacebat,
1396 4785 1525 4856 quia
1552 4801 1723 4857 genus
1768 4788 2066 4843 humanum

474 4876 527 4929 in
549 4875 791 4930 omnium
816 4875 1106 4951 criminum
1146 4875 1363 4946 abysso,
1394 4873 1597 4931 infelici
1647 4877 1799 4935 ruina
1842 4893 2064 4933 corrue-

474 4975 577 5032 rat,
605 4968 747 5023 sicut
770 4952 1033 5036 scripttfm
1057 4973 1142 5022 est
1171 4983 1184 5023 :
1223 4964 1450 5038 (Psalm.
1479 4965 1570 5031 68,
1593 4966 1650 5040 2)
1708 4967 1916 5038 Inﬁxus
1946 4986 2062 5025 sum

471 5062 527 5115 in
565 5059 690 5115 limo
723 5058 994 5132 profundi.
1025 5059 1227 5117 lterum
1257 5058 1409 5127 (ibid.
1438 5059 1498 5133 3)
1521 5058 1714 5116 Devem'
1739 5063 1794 5117 in
1824 5061 2066 5117 altitudi-

473 5162 588 5206 nem
611 5152 775 5207 maris
795 5192 811 5219 ,
839 5160 889 5207 et
915 5159 1193 5223 tempestas
1221 5150 1461 5209 dimersit
1506 5168 1606 5206 me.
1655 5152 1876 5210 Fluvius
1917 5161 2064 5217 enim

548 5300 572 5328 ι
613 5285 770 5342 Prior
811 5303 938 5358 pars
976 5286 1137 5355 hujus
1169 5287 1545 5358 explicationis
1574 5306 1639 5347 ex
1680 5294 1873 5351 lsidori
1916 5314 2064 5354 com-

472 5358 756 5429 mentariis
783 5358 834 5412 in
859 5359 923 5413 ιν
950 5358 1155 5429 Regum
1184 5359 1467 5429 desumpta
1497 5371 1600 5417 est.

548 5430 574 5467 ι»
609 5427 1011 5504 §ub_seq_uentia
1037 5427 1297 5504 :videntur
1325 5427 1592 5486 vetustam
1640 5434 2060 5504 explicationem

473 5497 988 5583 exsilio-scriptore
1019 5499 1355 5583 desumptam
1384 5515 1704 5583 proponere.

544 5578 580 5646 c_
596 5566 1007 5646 §ubsequentia
1025 5566 1245 5646 tradidit
1269 5566 1563 5646 Gregorius
1595 5574 1819 5646 Magnus
1843 5594 1991 5634 num.
2030 5582 2064 5637 9

474 5636 637 5724 et,
661 5636 942 5724 ἓξὲξ-τδρ.
976 5638 1009 5691 5
1038 5638 1157 5693 libri
1188 5656 1298 5695 χχιι
1331 5636 1630 5713 Muralium,
1672 5636 1844 5718 anue
1872 5649 2067 5724 allegat

476 5704 640 5757 etiam
664 5700 936 5765 Paterius.

2174 4527 2294 4566 rum
2329 4524 2353 4551 ο
2383 4511 2545 4577 levat,
2577 4512 2706 4583 quia
2737 4528 2835 4570 cor
2860 4513 3062 4585 afﬂigit,
3090 4525 3145 4572 et
3190 4515 3457 4572 scientiam
3501 4510 3671 4578 reparat

2174 4603 2328 4659 Unde
2355 4602 2490 4658 bene
2516 4603 2569 4657 in
2596 4604 2700 4659 alia
2725 4606 3082 4663 translatione
3101 4609 3300 4664 dicitur
3321 4603 3451 4677 quod
3483 4600 3499 4641 ί
3521 4591 3674 4665 Mle!”

2170 4693 2395 4765 lignum,
2418 4704 2575 4765 atque
2586 4695 2834 4766 jactauit,
2867 4707 2917 4752 et
2946 4700 3022 4753 sic
3051 4699 3249 4769 ferrum
3269 4696 3482 4755 sustulit.
3505 4691 3674 4760 Ligtmm

2174 4800 2407 4855 namque
2438 4786 2785 4859 confringere
2810 4800 2911 4857 est,
2939 4805 3036 4846 cor
3057 4791 3289 4847 elatione
3318 4796 3580 4845 conterere.
3616 4774 3674 4830 Ιιὶ·

2170 4891 2334 4946 gnum
2361 4877 2429 4933 ad
2460 4878 2567 4932 ima
2603 4877 2837 4947 jactare,
2864 4890 2948 4937 est
2978 4882 3008 4923 ⁸
3037 4882 3303 4938 elevatum
3331 4895 3420 4935 cor
3454 4878 3500 4932 in
3523 4875 3543 4913 ¹⁵
3563 4865 3673 4937 ο⁰8ί’

2177 4972 2400 5038 latione,
2435 4979 2496 5025 ut
2536 4972 2775 5030 diximus
2805 4974 3041 5045 propriae
3066 4973 3386 5030 infirmitatis
3434 4961 3669 5045 humiliari.

2172 5072 2336 5132 atque
2365 5061 2509 5118 illico
2536 5059 2742 5117 ferrum
2771 5066 2786 5105 i
2815 5064 2870 5119 in
2891 5044 3231 5135 superﬁciem
3254 5061 3405 5127 redit,
3433 5056 3541 5128 quia
3570 5049 3581 5100 i
3609 5044 3673 5100 ad’

2172 5170 2391 5218 versum
2427 5154 2834 5211 exercitationis
2865 5156 3153 5232 pristinum
3182 5148 3505 5228 intelligentia
3539 5150 3671 5198 reatr-

2242 5299 2268 5338 ἀ
2296 5297 2489 5365 Quam.

2246 5382 2272 5411 ε
2307 5369 2538 5425 Relevat.

2249 5441 2264 5480 ί
2312 5439 2602 5512 ροηίνεσὶι.

2247 5514 2273 5553 ⁸
2303 5510 2542 5566 Elalunt.

2244 5583 2271 5622 ιι
2305 5578 2637 5651 Cognitione.

2251 5655 2266 5693 ί
2304 5653 2408 5707 Ad.
3624 5676 3650 5705 ι

2246 5731 2259 5782 i
2310 5724 2387 5778 Ad
2412 5739 2565 5780 usum
2599 5725 2857 5795 pristimt.
