3924 6170
305 249 408 306 781

945 251 1402 320 ΩυΑΞΞΤΙΟΝΕΒ
1443 252 1588 307 XXX
1629 251 1854 308 SUPER

1984 255 2142 309 SROS
2184 254 2444 310 REGUM.
2491 287 2558 294 —
2596 255 2796 310 LIBER
2838 257 2925 314 IV.

3458 260 3562 314 78‘!

306 369 395 422 rit.
440 366 608 435 Igitur
643 368 894 435 quoniam
947 368 1146 423 donum
1190 367 1525 434 intellectus,
1557 369 1701 439 quod
1749 369 1882 422 acci—
1915 372 1960 429 Α
1989 367 2105 431 cabi
2141 366 2394 421 stercoris
2423 366 2814 431 columbarum,
2839 369 2980 437 quod
3015 368 3253 440 quinque
3292 368 3564 438 argenteis

301 457 470 525 pitur,
499 456 590 510 vix
625 471 747 511 cum
795 465 873 512 tot
912 456 1314 514 diﬁieultatihus
1342 459 1661 517 custoditur.
1689 474 1884 513 curan-

301 547 429 600 dum
460 545 618 600 valde
654 555 758 612 est,
796 563 866 602 ne
919 549 1031 603 otio
1086 556 1312 617 torpeat,
1355 549 1654 604 curandum
1717 565 1783 603 ne
1829 549 1882 603 in

297 638 688 694 exercitatione
716 641 898 710 operis
927 640 1054 694 vitio
1078 641 1326 696 elationis
1352 649 1637 696 evanescat
1667 655 1681 694 :
1713 641 1883 694 sancti

299 744 536 798 namque
565 730 666 784 viri
695 731 915 786 minime
947 730 1212 797 exultant,
1245 747 1366 786 eum
1390 739 1722 802 cognoscunt
1765 746 1885 801 qua:

299 834 324 861 ι
358 819 563 880 faciunt
590 840 603 875 :
634 823 730 877 sed
777 838 898 878 cum
935 821 1140 877 faciunt
1180 838 1300 894 qua:
1332 820 1358 859 ι’
1389 833 1758 894 cognoverunt
1791 841 1803 877 :
1831 832 1886 887 et

297 912 344 968 si
369 912 720 984 intelligendo
749 914 1012 985 largiores
1038 914 1379 985 congaudent
1413 929 1635 969 nnmere
1665 913 1884 985 largito-

297 1003 398 1070 ris,
421 1012 716 1060 maerentes
746 1013 924 1060 tamen
971 1005 1318 1061 considerant
1359 1004 1599 1060 debitum
1636 1004 1817 1076 operis
1867 1022 1878 1056 :

295 1104 358 1149 ut
383 1094 638 1149 videlicet
681 1095 894 1151 actione
931 1095 1263 1165 persolvant,
1292 1095 1434 1166 quod
1459 1095 1538 1150 eis
1570 1105 1591 1132 ο
1625 1109 1883 1167 proroga-

296 1193 410 1239 tum
436 1192 519 1239 est
548 1184 604 1238 in
631 1183 658 1222 ἀ
687 1185 1033 1255 cogitatione.
1057 1183 1268 1242 Stultus
1288 1200 1520 1254 namque
1543 1170 1634 1238 est
1652 1183 1878 1245 debitor,

295 1275 387 1344 qui
411 1274 648 1346 gaudens
677 1275 934 1344 pecunias
963 1283 1179 1330 mutuas
1204 1274 1422 1344 accipit,
1445 1282 1501 1328 et
1539 1283 1749 1342 tempus
1777 1286 1884 1341 quo

297 1364 525 1419 reddere
555 1376 578 1403 ο
611 1364 795 1427 debet,
821 1380 926 1418 non
958 1364 1208 1418 attendit.
1248 1363 1556 1419 Moderatur
1586 1371 1763 1420 autem
1798 1359 1884 1414 la:-

297 1457 415 1510 titia
461 1456 798 1525 accipiendi,
829 1457 1044 1525 quando
1095 1455 1278 1510 solerti
1330 1454 1666 1525 providentia
1721 1453 1883 1508 etiam

295 1547 646 1600 constitutum
675 1554 884 1616 tempus
909 1547 1163 1606 reddendi
1189 1548 1474 1616 cogitatur.
1507 1565 1525 1600 ι

369 1636 548 1709 (Vers.
567 1637 645 1708 8.)
671 1637 786 1692 Rea:
806 1648 979 1692 autem
1007 1637 1174 1708 Syria:
1197 1637 1461 1708 pugnabat
1487 1646 1669 1691 contra
1690 1634 1881 1696 Israel,

295 1726 672 1797 consiliumque
700 1727 817 1780 iniit
837 1744 954 1780 cum
978 1728 1137 1782 servis
1159 1727 1266 1780 suis
1295 1727 1509 1780 dicens:
1533 1726 1597 1780 In
1624 1725 1736 1778 loco
1766 1723 1879 1788 illo,

297 1829 344 1872 et
374 1819 463 1873 illo
484 1836 741 1890 ponamus
764 1819 986 1884 insidias
1017 1835 1035 1886 ς
1064 1827 1118 1874 et
1152 1819 1377 1890 reliqua.
1405 1818 1520 1880 Rex
1571 1815 1743 1888 Syria:
1781 1813 1880 1870 Sa—

298 1910 522 1964 mariam
561 1909 814 1964 obsidens
840 1951 854 1975 ,
887 1909 1082 1973 diaboli
1139 1910 1388 1980 gestabat
1505 1920 1690 1982 typum
1742 1945 1755 1964 .
1787 1905 1880 1977 qui

295 2010 422 2054 ante
453 2001 739 2055 adventum
792 1999 1091 2067 Salvator-is
1125 1999 1430 2066 Iudaeorum
1478 1999 1733 2071 populum
1781 2010 1880 2060 sua

294 2090 579 2146 obsidione
613 2091 975 2156 concluserat,
1027 2090 1180 2159 cujus
1215 2091 1436 2155 saavitiae
1464 2099 1624 2160 atque
1655 2087 1881 2150 occulta:

295 2180 538 2245 insidiae,
598 2197 734 2250 quas
781 2181 1021 2244 humano
1067 2181 1435 2250 pnetendebat
1482 2181 1708 2251 generi,
1763 2178 1878 2242 veri

294 2272 478 2338 Elisei,
504 2272 607 2328 hoc
635 2283 718 2327 est
749 2271 958 2336 Domini
990 2270 1287 2326 Salvatoris
1326 2271 1691 2340 praescientia,
1721 2279 1880 2338 atque

296 2361 496 2414 virtute
533 2360 803 2414 frustratae
838 2369 983 2423 sunt.
1025 2359 1308 2425 Exercitus
1346 2360 1486 2427 regis
1515 2359 1878 2430 Assyriorum,

293 2453 392 2522 qui
431 2452 496 2505 ad
538 2451 859 2519 capiendum
903 2451 1138 2514 Eliseum
1172 2451 1240 2504 ab
1268 2466 1333 2505 eo
1365 2451 1561 2505 missus
1611 2457 1714 2516 est,
1749 2449 1882 2504 scri-

294 2545 490 2598 barum
549 2550 606 2596 et
650 2542 1042 2612 pharisznorum
1124 2542 1433 2596 habuerunt
1506 2548 1731 2611 typum,
1790 2540 1880 2614 qui

295 2633 556 2687 instinctu
591 2632 790 2688 diaboli
833 2633 900 2687 ad
947 2632 1378 2702 persequendum
1430 2629 1596 2684 Deum
1644 2628 1880 2700 instigati

293 2732 463 2786 sunt,
516 2731 568 2778 et
642 2739 740 2792 per
792 2723 1046 2789 virtutem
1105 2721 1346 2799 ejusdem
1395 2721 1606 2778 Domini
1662 2730 1718 2774 et
1765 2720 1882 2775 Sal-

291 2813 502 2866 vatoris
535 2814 726 2876 nostri,
747 2812 894 2881 justo
919 2813 1125 2884 judicio
1153 2813 1408 2876 ohczecati
1441 2820 1568 2866 sunt
1613 2829 1624 2865 :
1663 2821 1719 2866 et
1761 2827 1880 2864 rur-

292 2919 416 2958 sum
446 2920 543 2974 per
568 2905 999 2960 misericordiam
1038 2904 1200 2968 illius,
1229 2919 1368 2974 pane
1415 2903 1565 2958 verbi
1609 2902 1702 2966 Dei
1752 2909 1879 2963 sunt

293 2997 453 3067 pasti,
492 3004 546 3050 et
576 3011 713 3065 aqua
742 2995 983 3060 scientize
1028 2993 1235 3050 refecti.
1284 2995 1475 3049 Merito
1509 3003 1709 3057 movet,
1746 3009 1881 3064 quo-

292 3087 456 3141 modo
485 3086 759 3157 potuerint
803 3085 925 3157 Syri
973 3086 1061 3145 isti
1103 3086 1181 3141 ire
1233 3086 1286 3145 in
1323 3084 1646 3149 Samariam,
1681 3083 1726 3139 si
1786 3083 1880 3138 tali
1909 3067 1952 3130 C

291 3186 454 3233 erant
482 3178 726 3234 excitate
756 3177 1022 3249 percussi,
1066 3187 1122 3232 ut
1168 3177 1390 3241 omnino
1428 3177 1560 3238 nihil
1611 3176 1875 3241 viderent.

291 3270 410 3326 liae
459 3271 672 3324 aurasia
701 3265 742 3309 τ
774 3279 829 3326 et
878 3270 954 3325 illi
980 3269 1223 3349 percussi
1250 3277 1395 3334 sunt,
1427 3269 1519 3347 qui
1564 3269 1878 3339 qua'rebant

289 3363 493 3417 ostium
522 3361 693 3418 Loth:
728 3363 831 3420 hoc
851 3362 998 3416 enim
1028 3362 1184 3416 modo
1207 3376 1304 3417 sua
1325 3360 1633 3416 calamitate
1652 3360 1872 3424 turbati,

290 3461 539 3508 amentes
583 3451 707 3507 facti
735 3461 881 3517 sunt,
911 3466 1082 3521 usque
1109 3452 1235 3507 dum
1267 3452 1408 3505 irent
1440 3451 1492 3505 in
1547 3448 1872 3512 Samariam,

288 3553 350 3599 et
378 3545 604 3600 ulterius
629 3543 956 3615 Prophetam
991 3543 1080 3597 tali
1112 3543 1269 3598 modo
1283 3541 1742 3612 comprehendere
1766 3556 1871 3602 non

288 3638 676 3708 quaesiverunt.

363 3749 456 3822 (γ.
486 3751 577 3818 24,
600 3761 650 3806 et
676 3750 808 3824 seq.)
834 3748 1060 3812 Factum
1084 3758 1160 3804 est
1182 3758 1354 3802 autem
1381 3756 1493 3817 post
1520 3747 1632 3802 hate
1664 3761 1875 3816 congre-

285 3841 430 3912 gavit
461 3839 711 3896 Benadab
738 3857 828 3895 rex
863 3838 1038 3911 Sgrite
1067 3839 1364 3893 universum
1390 3837 1674 3891 exercitum
1695 3852 1869 3901 suum,

285 3941 338 3986 et
361 3931 680 3997 ascendit,et
701 3931 898 3988 obsedit
924 3927 1244 3984 Samariam.
1272 3925 1442 3982 Facta
1477 3935 1553 3983 est
1587 3934 1761 3981 autem
1791 3926 1874 3996 fa-

283 4038 398 4076 mes
420 4031 611 4093 magna
634 4024 688 4078 in
713 4021 983 4088 Samaria,
1008 4030 1057 4076 et
1081 4019 1285 4083 tamdiu
1316 4019 1525 4078 obsessa
1565 4028 1639 4075 est
1667 4019 1869 4081 civitas,

283 4111 455 4166 donec
482 4112 870 4167 venundaretur
907 4120 1064 4182 caput
1109 4110 1246 4172 asini
1285 4109 1548 4177 octoginta
1579 4107 1870 4180 argenteis,

283 4208 338 4254 et
368 4211 554 4270 quarta
578 4216 702 4272 pars
736 4199 853 4254 cabi
874 4199 1120 4254 stercoris
1156 4195 1516 4260 columbarum
1542 4197 1769 4268 quinque
1785 4213 1873 4250 ar-

284 4292 508 4362 genteis,
537 4300 645 4346 etc.
669 4289 865 4345 Fames
889 4288 1150 4345 Samaria:
1178 4288 1322 4344 illata
1345 4287 1582 4363 inopiam
1604 4286 1874 4358 signiﬁcat

1988 467 2249 528 emptum,
2268 459 2321 512 in
2345 458 2523 512 cibum
2546 459 2685 514 sumi
2702 459 2916 524 dicitur,
2935 460 3035 514 hoc
3059 461 3315 530 ﬁgurasse
3335 460 3565 523 videtur,

1987 549 2130 617 quod
2164 548 2392 618 pepulus
2439 549 2732 620 reprobus,
2766 548 2954 604 relicta
2996 549 3206 604 cultura
3254 549 3370 613 Dei,
3403 558 3561 618 atque

1987 639 2224 708 quinque
2271 639 2517 708 corporis
2557 640 2819 694 sensibus
2867 639 3134 706 subditus,
3165 655 3263 716 per
3298 639 3564 696 idolorum

1986 729 2274 792 culturam,
2300 738 2354 786 et
2379 729 2802 796 simulationem,
2819 731 2967 792 velut
2992 733 3228 809 quodam
3258 731 3431 787 fetore
3451 748 3568 802 pec-

1985 827 2228 882 catorum
2280 819 2443 890 pasti.
2477 820 2690 876 diabolo
2721 821 3145 884 satisfaciebant.
3194 823 3322 878 Duae
3370 823 3564 877 mulie-

1987 927 2095 979 res,
2127 927 2354 982 quarum
2399 928 2502 967 una
2547 911 2705 972 famis
2753 914 2930 985 inopia
2961 925 3173 970 coctum
3206 915 3371 970 ﬁlium
3412 931 3568 970 suum

1986 1004 2250 1066 comedit,
2280 1004 2562 1074 reprobam
2614 1001 2824 1075 plebem
2867 1021 2934 1061 ex
2983 1005 3184 1068 Judaeis
3232 1006 3566 1078 signiﬁcasse

1989 1111 2094 1156 non
2121 1095 2340 1149 dubium
2367 1106 2482 1160 est,
2506 1111 2626 1176 quae
2651 1109 2811 1152 omne
2858 1098 3079 1162 bonum,
3103 1098 3247 1181 quod
3283 1098 3337 1152 in
3369 1112 3426 1153 se
3456 1097 3566 1152 ori-

1985 1186 2235 1255 ginaliter
2265 1188 2463 1246 habere
2489 1173 2681 1258 potuit,
2714 1189 2891 1259 inopia
2922 1189 3042 1244 ﬁdei
3089 1173 3405 1258 consumpta
3437 1204 3565 1243 con-

1986 1276 2212 1350 sumpsit
2245 1295 2256 1329 :
2287 1276 2390 1332 alia
2418 1291 2570 1342 vero,
2603 1293 2721 1347 qua:
2750 1279 2803 1339 in
2853 1277 2954 1332 tale
2995 1277 3205 1342 facinus
3242 1293 3562 1333 consensum

1984 1367 2224 1434 praebere
2241 1367 2433 1429 renuit,
2450 1367 2675 1421 electam
2690 1367 2900 1446 plebem
2917 1368 3278 1438 proculdubio
3295 1369 3562 1440 ﬁguravit.

2057 1452 2208 1525 (Cap.
2242 1456 2295 1520 7,
2328 1456 2406 1526 5.)
2447 1456 2689 1522 Quatuor
2709 1474 2834 1526 ergo
2864 1458 2962 1512 viri
2988 1469 3138 1513 erant
3176 1459 3365 1533 leprosi
3404 1460 3564 1530 juxta

1984 1545 2254 1602 introitum
2283 1556 2468 1616 parur,
2493 1547 2582 1621 qui
2617 1548 2862 1602 dixerunt
2905 1548 2975 1604 ad
3007 1548 3247 1606 invicem.
3297 1547 3438 1614 Quid
3481 1550 3566 1605 hic

1986 1651 2094 1689 esse
2124 1636 2357 1693 volumus
2392 1637 2556 1692 donec
2577 1639 2909 1702 moriantur?
2935 1648 3042 1696 etc.
3071 1640 3313 1708 Quatuor
3339 1641 3559 1712 leprosi,

1909 1726 1957 1786 B
1985 1728 2076 1800 qui
2103 1737 2254 1784 extra
2281 1730 2554 1785 civitatem
2581 1731 2739 1800 positi
2771 1731 3008 1798 futuram
3029 1733 3213 1799 Israeli
3246 1736 3271 1782 8
3291 1734 3569 1822 defensio-_

1982 1834 2102 1873 nem
2134 1821 2515 1890 pronuntiant,
2566 1821 2684 1877 illos
2731 1822 2998 1879 indicasse
3047 1824 3321 1892 videntur,
3351 1827 3445 1902 qui
3491 1841 3560 1896 ex

1980 1907 2175 1987 populo
2202 1906 2509 1965 Iudaeorum
2541 1909 2939 1970 immunditiam
2977 1923 3323 1984 peccatorum
3341 1930 3564 1976 suorum

1979 2000 2131 2070 prius
2165 2000 2376 2057 czeteris
2403 2000 2638 2056 confessi
2667 2012 2812 2068 sunt,
2851 2012 2908 2060 et
2934 2006 3000 2059 ad
3046 2013 3250 2063 tantam
3277 2007 3566 2078 pervenire

1982 2100 2297 2144 meruerunt
2323 2092 2577 2163 gratiam,
2599 2100 2660 2146 ut
2679 2093 2881 2149 victum
2921 2102 3084 2166 atque
3110 2095 3350 2168 fugatum
3379 2098 3568 2158 diabo-

1980 2177 2087 2242 lum
2117 2197 2214 2258 per
2253 2183 2536 2244 victoriam
2581 2186 2759 2242 crucis
2799 2185 2999 2243 Christi
3028 2191 3240 2246 caateris
3279 2192 3565 2259 annuntiar

1982 2279 2121 2362 rent.
2155 2271 2402 2343 Quinque
2424 2290 2610 2348 equos,
2643 2278 2810 2354 quiin
2848 2279 3094 2340 Samaria
3119 2296 3230 2350 prae
3260 2282 3442 2362 inopia
3482 2281 3564 2349 fa-

1982 2359 2084 2412 mis
2139 2365 2510 2424 tantunnuodo
2569 2369 2896 2430 remansisse
2942 2370 3236 2446 dicuntur,
3285 2359 3561 2434 carnalem

1979 2447 2284 2503 Iudaeorum
2308 2452 2561 2521 populum
2589 2457 2688 2508 sub
2717 2457 2954 2530 quinque
2993 2459 3143 2514 libris
3196 2459 3332 2532 legis
3367 2461 3567 2524 dereli-

1983 2546 2128 2591 ctum
2166 2537 2425 2608 tigni-asse
2451 2551 2655 2596 Certum
2704 2553 2805 2598 cst.
2861 2535 2973 2612 Dux
3023 2548 3131 2613 ille,
3177 2550 3268 2620 qui
3326 2548 3566 2618 futuram

1981 2624 2238 2684 frumenti
2288 2629 2672 2688 abundantiam
2716 2649 2815 2704 per
2860 2636 3096 2704 Eliseum
3131 2649 3418 2695 venturam
3465 2657 3568 2706 au-

1981 2720 2154 2788 diens,
2177 2723 2402 2779 credere
2428 2724 2621 2792 noluit,
2662 2728 2963 2785 scribarum
2986 2739 3149 2802 atque
3174 2734 3566 2804 pharistnorum

1982 2814 2212 2884 gestavit
2237 2814 2593 2888 ﬁguram,qni
2625 2819 2957 2877 fertilitatem
2983 2822 3107 2878 ﬁdei
3135 2824 3188 2879 in
3217 2825 3459 2881 Ecclesia
3487 2828 3570 2882 di-

1983 2900 2185 2958 vinitus
2213 2903 2463 2960 collatam
2497 2907 2650 2971 vidit,
2667 2916 2723 2962 et
2755 2910 2883 2986 quia
2913 2911 3139 2968 credere
3168 2913 3446 2981 noluit,ob
3466 2915 3571 2979 hoc

1981 2992 2036 3055 in
2058 2993 2336 3064 impietate
2359 3012 2455 3052 sua
2480 3010 2744 3066 mortuus,
2765 3015 2794 3054 a
2822 3000 3070 3058 ﬁdelibus
3093 3005 3442 3062 conculcatus
3461 3016 3564 3074 est.

2057 3085 2210 3158 (Cap.
2238 3087 2319 3160 8.)
2349 3087 2560 3146 Eliseus
2588 3100 2762 3148 autem
2795 3093 3001 3150 locutus
3037 3105 3114 3151 est
3151 3097 3222 3151 ad
3269 3098 3563 3168 mulierem,

1979 3178 2136 3252 cujus
2166 3181 2331 3235 vivere
2358 3181 2554 3252 fecerat
2578 3182 2748 3252 filium
2777 3185 2954 3242 dicens
2983 3203 3002 3242 :
3034 3186 3234 3260 Surge,
3267 3190 3417 3256 vade,
3450 3201 3558 3248 etc.

1982 3270 2173 3327 Mulier
2199 3271 2518 3342 Sunamitis,
2551 3291 2671 3350 qua:
2708 3277 2777 3333 ob
2807 3277 3046 3350 inopiam
3090 3279 3282 3348 famis,
3308 3287 3559 3349 consultu

1980 3362 2139 3428 Elisei
2169 3365 2236 3420 de
2261 3363 2444 3422 Iudaea
2489 3368 2557 3423 ad
2589 3376 2789 3427 terram
2817 3368 3106 3433 Philistiim
3145 3376 3413 3444 transivit,
3441 3378 3558 3448 pri-

1978 3455 2221 3510 mitivam
2259 3457 2576 3524 Ecclesium,
2607 3473 2727 3532 qua:
2745 3474 2844 3534 per
2868 3459 3153 3536 Apostolos
3179 3477 3246 3518 ex
3275 3465 3562 3520 οἰτευηιείρ

1977 3545 2128 3605 sione
2160 3546 2212 3600 in
2249 3546 2465 3606 Christo
2491 3548 2741 3616 credidit,
2768 3550 3134 3619 prtesignavit.
3159 3550 3292 3617 Qua:
3321 3553 3557 3622 Ecclesia

1975 3637 2045 3694 ob
2097 3637 2468 3696 inﬁdelitatem
2521 3639 2832 3719 Judaaorum
2903 3649 3065 3715 atque
3124 3642 3360 3713 inopiam
3408 3648 3560 3712 verbi

1975 3727 2094 3791 Dei,
2115 3742 2236 3795 qua:
2267 3727 2384 3780 illos
2410 3728 2664 3792 obtinuit,
2693 3727 2970 3784 revelante
2992 3729 3093 3784 sibi
3119 3730 3302 3793 divino
3329 3732 3556 3802 Spiritu,

1975 3817 2042 3870 ad
2094 3817 2348 3893 populum
2405 3817 2645 3892 gentium
2695 3819 3102 3890 transmigravtt
3137 3839 3150 3884 ;
3183 3821 3300 3885 tunc
3325 3824 3470 3879 enim
3504 3826 3559 3891 in

1975 3911 2083 3964 ﬁne
2112 3909 2318 3974 mundi,
2349 3916 2634 3980 postquam
2660 3909 2940 3991 plenitudo
2971 3913 3214 3990 gentium
3265 3915 3557 3984 introierit,

1976 3998 2043 4055 ad
2096 3999 2332 4075 priorem
2373 3997 2627 4074 populum
2684 4007 2995 4067 revertens,
3042 4003 3369 4074 pmdicanw
3419 4007 3557 4076 Elia,

1975 4091 2177 4147 electos
2200 4107 2267 4150 ex
2295 4093 2484 4148 eadem
2513 4092 2670 4163 plebe
2695 4094 2850 4164 quasi
2882 4096 3172 4166 pristinam
3201 4108 3556 4171 patronorum

1975 4196 2193 4238 suorum
2213 4181 2611 4253 possessionem
2637 4184 2690 4240 in
2710 4187 2931 4264 proprio
2949 4185 3072 4260 jure
3095 4191 3340 4264 recipiet,
3355 4202 3411 4250 et
3432 4203 3559 4263 tunc

1974 4275 2152 4336 omnis
2180 4273 2344 4329 Israel
2367 4273 2550 4330 salvus
2581 4275 2692 4334 ﬁet.

287 4381 442 4436 verbi
479 4380 598 4448 Dei,
625 4382 741 4436 sive
783 4389 1081 4451 egestatem
1130 4378 1273 4448 ﬁdei,
1310 4393 1408 4448 per
1431 4392 1597 4458 quam
1627 4363 1871 4431 diabolus
1897 4408 1950 4468 Β
2047 4363 2199 4468 (Callo
2223 4365 2310 4429 Ην
2329 4363 2408 4468 4ο)
2598 4368 2812 4440 septima
2833 4370 2972 4468 misit
2994 4370 3262 4468 lii-adolet
3281 4393 3554 4468 assumens

285 4482 418 4529 ante
447 4475 737 4529 adventum
777 4471 1074 4527 Salvator-is
1100 4471 1195 4525 Dei
1223 4469 1479 4542 populum
1505 4468 1866 4524 concluserat.
1905 4476 1908 4478 ‘

283 4565 465 4636 Caput
486 4564 624 4624 asini
662 4563 933 4635 octoginta
980 4561 1255 4632 argenteis
1293 4560 1657 4616 venundatum
1701 4558 1871 4632 signi-

284 4654 420 4709 ﬁcat
449 4654 779 4724 superbiam,
801 4669 922 4724 qua:
952 4651 1159 4706 initium
1181 4660 1257 4704 est
1292 4650 1461 4704 omnis
1503 4651 1720 4720 peccati.
1768 4649 1872 4703 Per

281 4746 502 4801 asinum
547 4745 712 4810 enim,
753 4743 897 4815 quod
945 4741 1282 4797 immundum
1327 4747 1412 4795 est
1440 4739 1660 4802 animal,
1689 4739 1870 4794 omnia

283 4838 421 4892 vitia
454 4837 656 4892 diaboli
685 4837 1059 4910 praeﬁgurasse
1098 4847 1205 4887 non
1231 4832 1451 4888 dubium
1479 4839 1584 4898 est,
1613 4846 1868 4903 quorum,

281 4939 346 4984 ut
374 4930 577 4985 dictum
601 4937 705 4994 est,
727 4937 888 4999 caput
913 4935 996 4983 est
1021 4924 1291 4996 superbia.
1327 4923 1480 4978 Hanc
1510 4923 1726 4994 reprobi
1756 4941 1871 4987 om-

283 5039 385 5078 nes
408 5023 656 5094 neglecto
685 5022 938 5092 decalogo
958 5019 1114 5092 legis.
1144 5025 1306 5089 atque
1335 5017 1576 5089 ogdoada
1626 5017 1872 5087 Evange-

278 5116 368 5180 lii,
402 5115 456 5171 in
491 5132 598 5188 qua
629 5116 806 5187 imago
843 5123 926 5170 est
963 5112 1080 5179 Dei,
1111 5112 1164 5166 in
1193 5111 1374 5166 cibum
1421 5108 1525 5164 sibi
1566 5108 1872 5162 maluerunt

284 5207 522 5273 ab'sumi,
552 5222 714 5285 quam
751 5219 946 5280 panem
984 5201 1135 5257 verbi
1188 5201 1302 5262 Dei.
1355 5199 1556 5267 Quarta
1583 5213 1712 5252 vero
1741 5211 1868 5266 pars

360 5335 384 5363 ι
411 5321 661 5379 Faciant.

363 5394 390 5432 δ
427 5389 808 5464 ςοσηουεναηι.

363 5476 387 5546 si
427 5460 816 5546 l’rterogatum.

361 5535 390 5575 ά
421 5532 750 5602 Gognitione.

369 5617 391 5644 ο

369 5677 387 5724 .t
420 5603 876 5745 legitiae‘orruptus
906 5669 1150 5730 nonnihil
1180 5669 1250 5726 sit
1279 5667 1426 5722 locus
1456 5666 1580 5735 iste,
1607 5663 1698 5718 alii
1729 5660 1876 5718 vide-

1974 4457 2325 4521 centuriones,
2346 4466 2394 4510 et
2423 4455 2679 4511 milites...
2712 4460 2957 4528 prtrcepit
3006 4459 3134 4525 illis,
3157 4462 3403 4520 dicens...
3437 4467 3556 4521 Ter-

1973 4551 2046 4604 tia
2072 4565 2197 4620 pars
2228 4540 2454 4604 vestrum
2478 4550 2703 4604 introeat
2743 4550 2982 4616 sabbato,
3009 4560 3114 4608 etc.
3154 4554 3182 4602 ιι
3213 4571 3233 4604 ί
3285 4555 3439 4622 Quod
3481 4558 3558 4611 ait

1972 4641 2159 4698 Joiada
2197 4641 2438 4714 pontifex
2477 4641 2868 4708 sacerdotibus,
2900 4650 2954 4696 et
3000 4641 3178 4706 levitis
3230 4643 3284 4698 in
3334 4645 3554 4715 templo,

1974 4741 2027 4788 et
2057 4732 2339 4804 proferens
2365 4731 2492 4795 .loas
2539 4731 2707 4793 ﬁlium
2755 4731 2987 4799 Atat-ite,
3017 4747 3178 4803 quem
3227 4748 3324 4788 sex
3375 4735 3554 4799 annis,

1973 4827 2170 4902 quibus
2197 4827 2443 4898 regnavit
2470 4824 2708 4890 Athalia,
2731 4824 2872 4880 clam
2900 4825 3173 4880 nutriebat
3211 4825 3266 4880 in
3307 4825 3506 4897 templo
3540 4845 3552 4880 :

1979 4917 2153 4981 Tertia
2179 4933 2300 4986 pars
2347 4925 2570 4975 vestrum
2600 4917 2824 4979 introeat
2853 4915 3070 4970 sabbato
3091 4955 3105 4979 ,
3135 4923 3184 4970 et
3207 4915 3438 4971 observet
3468 4933 3560 4971 e3-

1975 5009 2206 5062 cubitum
2254 5008 2439 5064 domus
2480 5006 2613 5076 regis
2633 5047 2646 5071 ,
2677 5006 2831 5060 tertia
2863 5015 3038 5060 autem
3067 5023 3192 5076 pars
3228 5007 3296 5060 sit
3337 5006 3407 5060 ad
3436 5023 3560 5076 por-

1975 5112 2081 5156 tam
2112 5099 2250 5165 Seir,
2271 5109 2317 5152 et
2346 5099 2499 5152 tertia
2525 5114 2648 5169 pars
2676 5097 2744 5151 ad
2771 5107 2999 5168 portam,
3025 5114 3142 5168 qua!
3164 5107 3238 5151 est
3267 5106 3382 5167 post
3410 5097 3558 5150 habi-

1976 5190 2208 5254 taculum
2248 5190 2620 5244 scutariorum.
2669 5187 2984 5242 Custodietis
3035 5188 3327 5242 excubitum
3367 5189 3552 5252 domus

1978 5315 2104 5366 rint.
2137 5308 2318 5363 Codex
2349 5304 2511 5360 habet
2541 5321 2554 5353 :
2583 5303 2679 5354 has
2718 5319 2898 5357 auras.

2050 5385 2074 5433 β
2113 5379 2364 5434 Arbitror
2389 5372 2768 5427 liberationem.

2048 5452 2073 5491 ιι
2115 5446 2537 5513 Explicationem
2581 5441 2682 5513 loci
2712 5440 2873 5513 hujus
2895 5455 3118 5513 prorsus
3143 5443 3354 5513 ercepit
3395 5442 3554 5500 Clau.

2049 5463 2073 5491 ιι
2116 5463 2188 5501 hx
2235 5463 2537 5500 llt‘attonem
2583 5463 2682 5494 mu
2713 5463 2873 5510 lituus
2934 5463 3118 5497 rursus
3143 5463 3354 5513 excepit
3395 5463 3552 5500 math

1979 5523 2099 5576 dius
2128 5533 2158 5570 a
2189 5463 2327 5571 licita
2368 5514 2455 5577 18,
2493 5508 2850 5590 explicatione
2895 5463 2951 5567 iis
2984 5512 3150 5578 libros
3190 5512 3396 5585 Regum
3435 5514 3552 5580 haec

1981 5592 2242 5656 tradente.
