3922 6180
435 320 532 373 Ικὸ

1497 309 1776 367 CLAUDII
1815 305 2281 366 TAURINENSIS
2316 305 2622 362 EPISCOPI
3553 309 3632 364 76$

429 433 629 490 Messe.
652 431 786 486 Duc
807 447 921 486 vero
945 438 1117 502 partes
1143 445 1169 482 ε
1196 428 1333 483 vobis
1357 443 1535 482 omnes
1559 425 1877 498 egredientes
1897 425 2017 479 sab-
2045 433 2095 496 Α
2121 423 2439 496 dringentos
2461 421 2817 478 in'altitudine
2846 419 3056 476 cubitus
3081 419 3354 488 baberent,
3374 435 3468 478 nee
3495 432 3640 484 tamen

429 527 550 580 bato
579 522 876 579 custodiant
931 533 980 581 ι,
1011 519 1309 574 excubitum
1341 518 1528 573 domus
1567 517 1783 572 Domini
1820 517 2018 571 circum

431 635 630 692 regem,
655 599 704 673 et
743 612 1004 669 val/abitis
1037 627 1154 666 eum
1191 610 1436 664 habentes
1490 626 1641 664 arma
1687 610 1740 662 in
1777 608 2019 662 manibus

428 714 633 778 vestris,
658 718 766 766 etc.
804 706 936 773 Quae
967 703 1168 758 ibidem
1200 702 1369 768 dicta,
1400 701 1482 757 vel
1504 701 1649 756 facta
1693 713 2021 756 commemo-

428 818 637 872 rantur,
664 803 858 860 melius
887 798 1282 870 intelliguntur,
1323 798 1369 852 si
1422 798 1488 852 de
1541 796 1674 852 locis
1724 794 1929 865 templi,
1965 793 2020 847 in

425 899 624 972 quibus
655 904 836 951 actum
869 899 973 953 est,
1009 888 1175 943 latius
1225 889 1406 960 aliqua
1457 889 1811 959 replicentur.
1863 886 2023 941 Tem—

426 990 574 1061 plum
601 987 1037 1059 quidem‘ipsum,
1053 983 1297 1053 exceptis
1317 982 1636 1053 porticibus,
1655 981 1850 1050 quibus
1873 979 2020 1033 omni

426 1098 492 1138 ex
528 1089 682 1152 parte
707 1079 808 1135 sibi
835 1077 1238 1134 adhmrentibus
1280 1071 1746 1137 circumdabatur,
1787 1070 2022 1125 habebat

429 1176 572 1229 intra
603 1172 841 1245 parietes
869 1169 1008 1241 (hmc
1033 1179 1119 1225 est
1145 1167 1290 1224 enim
1333 1179 1588 1220 mensura
1632 1164 1829 1234 prima,
1858 1177 2022 1232 quam

429 1264 580 1319 verba
607 1263 813 1316 dierum
851 1256 1155 1330 nominant)
1205 1255 1485 1327 sexaginta
1533 1253 1746 1308 cubitos
1791 1252 2023 1322 longitu-

429 1355 590 1420 diuis,
615 1352 804 1423 viginti
833 1360 1014 1406 autem
1042 1347 1364 1402 latitudinis.
1394 1345 1560 1415 Cujus
1579 1344 1756 1398 omnis
1786 1343 2022 1397 ambitus

428 1444 568 1501 atrio
604 1453 717 1498 tres
747 1441 946 1497 cubitis
974 1440 1084 1495 alto
1105 1447 1220 1493 erat
1251 1437 1638 1499 circumdatus,
1669 1434 1901 1489 habente
1941 1434 2022 1488 in-

430 1535 650 1592 troitum
680 1541 888 1603 aperte
917 1530 1164 1593 orientis,
1190 1527 1346 1595 cujus
1397 1527 1450 1580 in
1497 1525 1635 1579 libro
1689 1523 1899 1594 Regum
1947 1524 2020 1577 ita

429 1623 677 1679 meminit
721 1621 1001 1694 Scriptura
1062 1637 1074 1671 ε
1131 1616 1264 1691 (ΙΙΙ
1333 1615 1462 1687 Reg.
1514 1613 1584 1685 6)
1623 1614 1685 1667 Et
1742 1612 2023 1682 cedi/icavit

429 1717 624 1767 atrium
677 1711 896 1766 interius
939 1710 1104 1764 tribus
1147 1707 1418 1762 ordinibus
1448 1705 1682 1777 lapidum
1713 1703 2018 1775 politorum,

2118 514 2396 585 aequanda:
2423 513 2606 584 templi
2631 511 2904 566 altitudini
2950 511 3328 582 aliquantulum
3366 515 3642 588 propinqua-

2120 613 2260 660 rent.
2288 604 2528 673 Quorum
2555 604 2795 659 omnium
2825 603 2881 657 in
2922 603 3056 658 libro
3081 603 3502 675 Paralipomenon
3525 605 3657 680 (Pa-'

2122 697 2222 774 ναί.
2251 697 2342 770 ‘28)
2396 697 2469 751 ita
2501 694 2770 768 generalis
2801 694 2860 749 ﬁt
2883 695 3086 749 mentio
3111 713 3124 748 :
3155 695 3304 750 Dedit
3331 707 3490 751 autem
3509 698 3644 754 David

2123 785 2399 844 Salomoni
2441 805 2538 842 suo
2578 787 2978 859 descriptionem
3028 788 3287 859 porticus,
3318 799 3364 842 et
3408 790 3647 860 templi,u

2122 879 2479 945 cellariorum,
2509 889 2557 934 et
2584 878 2860 943 cornaculi,
2889 889 2938 933 et
2965 879 3318 934 cubiculorum
3344 882 3396 935 in
3427 883 3580 947 aditis,
3609 895 3645 938 et

2122 974 2310 1028 domus
2336 974 2746 1046 propitiationis,
2773 989 2866 1028 nec
2899 990 3002 1027 non
3027 981 3076 1026 et
3107 974 3332 1027 omnium
3358 991 3463 1044 qua
3489 977 3646 1046 cogita-

2123 1075 2284 1131 verat,
2310 1067 2567 1120 atriorum
2619 1075 2668 1120 ct
2708 1064 3022 1120 exedrarum
3058 1081 3150 1134 per
3175 1065 3438 1118 circuitum
3477 1067 3523 1119 in
3563 1067 3644 1121 tlte-

2121 1173 2280 1212 sauro
2303 1156 2488 1210 domus
2518 1155 2750 1221 Domini,
2783 1170 2830 1209 et
2857 1156 2913 1209 in
2951 1154 3213 1209 thesauris
3239 1152 3643 1213 Sanctorum.de

2123 1257 2178 1302 et
2210 1245 2429 1318 Iosephi
2474 1245 2776 1318 Scriptura,
2830 1245 3030 1318 (Antig.
3053 1245 3106 1302 8.
3138 1246 3193 1318 5)
3251 1247 3332 1302 vel
3374 1247 3554 1316 pictura
3594 1249 3643 1301 ab

2123 1340 2363 1411 antiquis
2387 1337 2642 1405 formata,
2665 1339 2900 1410 plenius,
2931 1355 3041 1412 quo
3063 1340 3172 1395 sint
3192 1341 3304 1395 haec
3329 1340 3498 1396 ordine
3517 1339 3640 1405 facta.

2123 1433 2423 1504 distinguit.
2454 1431 2548 1487 His
2577 1448 2706 1488 vero
2737 1434 2809 1487 ita
2859 1435 3197 1504 compositis,
3239 1434 3293 1488 in
3338 1432 3514 1488 Sancta
3543 1433 3642 1489 Sans

2125 1532 2337 1579 ctorum
2370 1524 2566 1578 summi
2591 1531 2802 1578 tantum
2825 1523 3144 1581 Sacerdotis
3173 1533 3290 1580 erat
3311 1524 3460 1580 semel
3481 1525 3526 1580 in
3539 1543 3641 1584 anno

2125 1631 2247 1672 cum
2277 1617 2538 1688 sanguine
2567 1617 2869 1672 hostiarum
2898 1618 3145 1688 ingredi;
3176 1619 3230 1673 in
3254 1619 3532 1675 sanctuario
3549 1629 3640 1674 aulo

2123 1707 2401 1764 oraculum
2451 1707 2776 1766 Sacerdotes
2833 1717 3046 1764 tantum
3096 1708 3359 1781 purilicati
3392 1710 3638 1767 introibant.

427 1817 476 1860 et
515 1822 620 1859 uno
657 1802 840 1858 ordine
865 1801 1128 1876 lignorum
1154 1799 1316 1854 cedri.
1341 1797 1578 1852 Interius
1617 1795 1868 1850 videlicet
1916 1795 2020 1850 hoc
2050 1787 2095 1846 Β
2123 1796 2180 1852 ln
2209 1797 2351 1853 atrio
2380 1799 2637 1858 interiore
2664 1798 2990 1855 Sacerdotes
3011 1817 3222 1868 omnes,
3239 1810 3292 1856 et
3311 1801 3505 1857 Levitze.
3527 1801 3639 1858 Circa

429 1896 705 1968 appellans
756 1896 977 1959 atrium,
1007 1908 1072 1948 eo
1118 1891 1261 1963 quod
1299 1891 1402 1945 alia
1433 1890 1580 1944 circa
1611 1890 1714 1944 hoc
1750 1889 2022 1944 exteriora

429 1989 537 2044 sint
563 1987 725 2042 facta.
757 1985 929 2040 Porro
967 1985 1022 2038 in
1053 1984 1217 2038 verbis
1245 1982 1450 2036 dierum
1487 1981 1557 2034 ita
1606 1998 1618 2034 :
1655 1979 1711 2049 (2
1745 1975 1931 2032 Paral.
1964 1978 2022 2051 4)

434 2078 580 2134 Fecit
635 2078 793 2132 etiam
844 2076 1038 2130 atrium
1074 2073 1443 2136 Sacerdotum,
1477 2081 1525 2125 et
1559 2069 1832 2124 basilicam
1859 2086 2020 2140 gran-

429 2173 568 2237 dem,
592 2179 641 2223 et
664 2170 798 2223 ostia
825 2167 879 2222 in
909 2166 1150 2230 basilica,
1170 2181 1285 2237 qum
1321 2165 1448 2218 texit
1477 2179 1602 2217 a‘re.
1634 2162 1846 2215 Atrium
1876 2162 2024 2216 vide-

431 2263 556 2318 licet
585 2261 943 2317 Sacerdotum
974 2261 1076 2314 hoc
1101 2259 1390 2313 nominans
1421 2257 1473 2322 δ,
1505 2269 1631 2326 quia
1675 2254 1929 2309 nimirum
1956 2253 2024 2308 ad

431 2356 533 2409 hoc
558 2361 676 2406 erat
703 2350 923 2414 factum,
952 2360 1006 2405 ut
1031 2351 1100 2404 ab
1123 2349 1372 2421 ingressu
1411 2347 1598 2417 templi
1628 2356 1854 2402 cancros
1879 2362 2026 2401 arce-

431 2455 534 2506 ret,
568 2443 805 2512 solisque
854 2443 957 2496 hoc
1023 2439 1411 2495 Sacerdotibus
1463 2438 1630 2493 licere
1688 2437 2018 2509 designaret.

431 2537 560 2591 Erat
585 2544 766 2590 autem
795 2535 898 2589 hoc
920 2533 1060 2588 idem
1091 2533 1292 2587 atrium
1315 2533 1382 2587 ab
1406 2531 1654 2596 australi,
1701 2531 2023 2585 occidentali

429 2639 483 2684 et
503 2625 912 2699 septentrionali
949 2633 1105 2695 parte
1138 2624 1368 2679 vicinius
1407 2639 1566 2678 muro
1619 2621 1823 2692 templi.
1857 2621 2024 2678 Porro

429 2722 496 2775 ad
521 2729 700 2776 ortum
728 2716 878 2784 solis,
907 2717 1050 2772 unde
1079 2723 1135 2770 et
1175 2716 1456 2770 introitum
1507 2728 1607 2784 per
1632 2715 1832 2786 gradus
1860 2713 2026 2769 habe-

431 2817 543 2877 bat,
582 2812 634 2866 in
671 2824 921 2883 magnam
951 2823 1008 2863 se
1031 2807 1401 2882 prolixitatem
1431 2821 1461 2859 a
1495 2805 1694 2880 templo
1737 2806 2025 2876 protende-

428 2904 542 2968 bat,
568 2911 754 2973 utpote
783 2901 926 2978 quod
953 2900 1005 2954 in
1037 2899 1124 2952 illa
1172 2899 1254 2953 sui
1295 2906 1451 2976 parte
1485 2897 1656 2952 altare
1697 2897 2022 2965 holocausti,

431 2998 483 3050 in
513 2995 602 3048 illa
627 2996 829 3050 luteres
858 2993 940 3047 bis
963 2993 1178 3067 quinos,
1203 2992 1258 3046 in
1301 2990 1498 3066 quibus
1534 2991 1727 3046 hostia:
1779 2991 2026 3045 lavaren-

431 3102 538 3154 tur,
573 3091 624 3148 in
676 3089 767 3143 illa
817 3105 968 3144 mare
1007 3103 1240 3154 teneam,
1267 3089 1319 3140 in
1345 3104 1452 3160 quo
1482 3088 1734 3143 intraturi
1761 3089 1829 3144 ad
1865 3089 2022 3152 mini-

431 3181 655 3234 sterium
685 3181 996 3234 sacerdotes
1026 3177 1339 3234 lavarentur
1379 3197 1391 3231 :
1425 3179 1480 3233 in
1522 3179 1612 3233 illa
1663 3178 2020 3235 Sacerdotum

433 3273 850 3337 immolantium,
880 3279 932 3327 et
964 3271 1321 3343 psallentium
1352 3271 1582 3326 habebat
1613 3272 1810 3327 choros
1836 3273 2025 3327 levita-

434 3379 572 3418 rum.
637 3362 1087 3420 Circumdabatur
1133 3371 1312 3415 autem
1368 3361 1472 3416 hoc
1532 3362 1734 3418 atrium
1789 3364 2023 3433 undique

432 3472 646 3511 versum
669 3471 698 3512 a
728 3466 748 3492 ο
783 3454 940 3524 longa
970 3454 1082 3508 aede
1110 3454 1456 3524 prmmaxima
1483 3455 1535 3508 in
1558 3455 1847 3525 quadrum,
1870 3454 2026 3523 cujus

434 3547 659 3602 interior
680 3545 861 3618 paries
885 3545 959 3620 (id
995 3554 1096 3609 est,
1123 3544 1212 3614 qui
1239 3544 1498 3617 templum
1521 3559 1550 3598 a
1585 3554 1819 3615 quatuor
1839 3547 2023 3600 mundi

431 3639 676 3716 partibus
705 3635 1048 3709 respiciebat)
1079 3635 1308 3691 inferius
1347 3645 1466 3694 erat
1492 3653 1587 3708 per
1614 3645 1786 3693 totum
1836 3638 1891 3692 in
1937 3654 2026 3692 ar-

432 3733 602 3788 cubus
669 3738 1036 3794 constructus,
1085 3728 1313 3782 ulterior
1358 3745 1488 3784 vero
1535 3728 1692 3783 ﬁrma
1753 3728 2024 3786 soliditate

433 3823 706 3878 fuitdatus.
749 3821 816 3876 Et
851 3819 1047 3890 januas
1090 3818 1296 3874 habens
1357 3834 1546 3882 aereas,
1595 3826 1655 3872 ut
1715 3834 1876 3890 supra
1939 3819 2021 3874 di-

433 3924 604 3980 ctum,
643 3913 668 3953 (ι
702 3890 1160 3975 memoravimus;
1193 3919 1248 3964 et
1301 3911 1438 3966 ostia
1498 3911 1550 3965 in
1607 3897 1853 3978 basilica,
1905 3927 2025 3981 quae

435 4007 569 4061 texit
611 4020 750 4075 aere;
797 4020 914 4073 quae
966 4004 1130 4057 etiam
1175 4002 1475 4075 porticibus
1523 4002 1858 4058 communita
1903 4019 2021 4057 ma-

436 4097 628 4160 ximis,
675 4105 729 4151 et
778 4095 1097 4170 opportunis
1140 4103 1260 4148 erat
1296 4094 1532 4148 discreta
1579 4095 1895 4150 cmnaculis.
1953 4095 2021 4149 Et

436 4203 652 4242 rursum
675 4194 828 4241 extra
855 4187 994 4240 banc
1007 4187 1176 4244 aedem
1204 4187 1256 4240 in
1280 4202 1413 4265 gyro
1440 4198 1462 4225 ε
1488 4186 1657 4247 altera
1682 4185 1842 4242 simili
1869 4187 2024 4242 sche-

436 4287 580 4333 mate
609 4277 747 4331 facta
784 4277 805 4314 ί
843 4295 855 4331 :
891 4277 984 4332 sed
1014 4286 1070 4331 et
1101 4278 1258 4332 tertia
1286 4278 1639 4336 nihilominus
1684 4278 1830 4333 circa
1877 4278 2023 4334 illam

436 4368 624 4422 eodem
643 4367 832 4421 ordine
853 4365 994 4426 facta
1015 4382 1113 4438 per
1134 4383 1349 4440 gyrum,
1366 4369 1624 4432 interiora
1642 4370 1823 4426 omnia
1843 4369 2019 4447 longe,

436 4460 651 4528 lateque
673 4459 938 4515 circuibat
962 4479 974 4514 :
1005 4459 1062 4514 In
1085 4460 1188 4516 hoc
1227 4469 1435 4516 tantum
1463 4479 1492 4517 a
1511 4464 1793 4538 prioribus
1814 4465 2022 4525 distans
2047 4493 2100 4553 Ι)

433 4551 659 4615 :edibus,
693 4552 835 4627 quod
879 4552 1180 4620 orientalis,
1206 4562 1261 4606 et
1298 4555 1737 4627 septentrionalis
1767 4553 1884 4624 ejus
1932 4571 2023 4626 pa-

435 4643 544 4696 ries
575 4643 712 4699 ostia
756 4643 980 4706 minime
1030 4643 1279 4708 habebat,
1310 4659 1375 4698 eo
1400 4646 1542 4719 quod
1570 4653 1796 4715 uterque
1833 4661 2021 4705 eorum

437 4733 502 4787 ad
534 4749 716 4788 muros
744 4735 1042 4805 pertineret
1063 4734 1317 4795 civitatis.
1348 4735 1474 4790 "asc
1504 4745 1682 4790 autem
1713 4745 1837 4790 sunt
1860 4738 2020 4804 atria,

435 4824 502 4878 de
543 4824 740 4900 quibus
788 4825 1000 4878 canitur
1035 4824 1086 4877 in
1119 4824 1346 4880 Psalmis
1377 4843 1388 4877 :
1419 4822 1606 4893 (l’sal.
1656 4826 1756 4879 155
1801 4838 1850 4880 et
1887 4828 2020 4900 154)

435 4913 540 4979 Qui
568 4924 718 4968 statis
766 4917 822 4969 in
865 4915 1020 4968 domo
1051 4914 1282 4979 Domini,
1316 4915 1370 4968 in
1403 4917 1553 4969 atriis
1584 4917 1768 4972 domus
1797 4917 1896 4974 Dei
1931 4938 2023 4974 nov

433 5007 530 5060 stri
555 5024 572 5060 :
599 5015 654 5062 et
686 5007 938 5076 quoniam
972 5006 1087 5081 ipsa
1111 5005 1302 5062 domus
1327 5005 1541 5062 Domini
1567 5009 1618 5062 in
1649 5010 1876 5066 editiore
1901 5011 2021 5068 loco

433 5105 744 5152 constructa
778 5104 915 5162 erat,
944 5094 1140 5161 ﬁebat,
1194 5105 1254 5150 ut
1296 5098 1456 5163 atria,
1502 5108 1704 5168 quanto
1749 5101 2019 5158 exteriora

439 5189 464 5224 ⁸
495 5185 716 5251 fuerint,
749 5195 897 5240 tanto
953 5185 1172 5240 altiores
1225 5186 1484 5240 haberent
1533 5188 1789 5258 parietes,
1835 5198 2020 5261 utpote

436 5277 664 5335 inferius
688 5279 1034 5334 fundamenta
1064 5279 1350 5346 babentes,
1372 5284 1508 5338 adeo
1556 5294 1615 5339 ut
1653 5285 1840 5342 ultima
1884 5303 2020 5357 qua-

508 5406 532 5432 ⁸
569 5393 854 5448 Επιώὶαε.

511 5463 708 5542 elidit.
743 5467 902 5542 :__hoc
931 5474 1139 5542 tantum
1189 5470 1390 5542 habent
1422 5487 1433 5521 :
1463 5470 1602 5542 quod
1657 5471 1860 5542 ingredi
1917 5472 2020 5532 Sa-

437 5532 731 5654 ἶὲἔῖέέιὶὸηι
771 5535 925 5596 licere
969 5537 1283 5610 designaret.
1316 5532 1549 5598 Przesiat
1589 5532 1765 5598 nostri
1815 5543 2019 5599 codicis

515 5647 518 5650 .
549 5619 564 5653 Ι
606 5641 619 5654 ο

515 5619 619 5654 τιιο.

512 5681 533 5739 ς
569 5670 760 5739 Longe.

508 5738 534 5777 ἀ
563 5738 1092 5799 Commemorarimus
1111 5785 1124 5797 .

2125 1889 2230 1947 hoc
2252 1889 2453 1944 atrium
2475 1889 2575 1944 sub
2607 1889 2738 1966 (dio)
2765 1890 2910 1955 dlvo,
2938 1890 3025 1946 vel
3052 1892 3098 1946 si
3134 1899 3411 1964 tempestas
3454 1892 3637 1955 arcebat.

2126 1979 2182 2033 in
2200 1981 2405 2035 aedibus
2434 1979 2832 2051 circumpositis
2863 1981 2966 2036 viri
3017 1980 3274 2039 Israelita:
3317 1983 3381 2037 ad
3417 1981 3636 2044 orandum.

2125 2071 2241 2126 sive
2269 2071 2335 2126 ad
2365 2071 2692 2126 audiendum
2731 2073 2954 2127 verbum
2995 2073 3094 2132 Dei
3127 2075 3154 2115 ιι
3203 2073 3566 2130 conveniebant.
3600 2074 3638 2132 In

2126 2164 2286 2218 tertio
2311 2164 2502 2220 ordine
2537 2165 2801 2220 atriorum
2830 2166 3053 2222 stabant
3086 2168 3153 2222 ad
3183 2167 3430 2224 orandum
3447 2168 3640 2224 mulieres

2125 2256 2435 2312 Israelitica:
2470 2257 2570 2313 sub
2602 2257 2733 2330 (dio)
2767 2258 2931 2313 divo:
2961 2257 3050 2315 vel
3085 2259 3128 2314 si
3161 2267 3438 2334 tempestas
3466 2274 3550 2314 non
3584 2258 3637 2317 si-

2125 2346 2312 2415 nebat,
2335 2349 2582 2420 proxima
2609 2349 3124 2420 circumpositarum
3154 2352 3343 2407 aedium
3390 2359 3509 2408 tecta
3533 2351 3637 2406 subi-

2123 2441 2275 2496 bant.
2301 2439 2473 2497 Porro
2501 2441 2555 2495 in
2579 2441 2770 2497 ultimo
2788 2443 2990 2498 ordine
3043 2444 3305 2498 atriorum
3336 2444 3549 2515 gentiles,
3574 2443 3637 2512 qui

2125 2530 2194 2586 ad
2226 2533 2490 2589 orandum
2517 2531 2655 2589 forte
2685 2544 3074 2602 convenerant,
3102 2537 3384 2591 intrabant.
3413 2535 3497 2592 Ubi
3519 2538 3638 2592 etiam

2124 2633 2247 2696 post
2294 2635 2536 2696 tempora
2587 2626 2942 2697 dispersionis
2972 2629 3035 2696 ii,
3062 2631 3154 2700 qui
3183 2631 3246 2686 de
3271 2633 3494 2703 gentibus
3517 2645 3640 2700 nuper

2126 2716 2458 2772 advenerant
2487 2717 2763 2785 Israelita,
2802 2719 2818 2760 ί
2851 2720 3047 2777 diebus
3076 2731 3279 2792 septem
3303 2722 3560 2793 puriﬁcati,
3584 2721 3639 2776 sic

2129 2809 2367 2876 tandem,
2399 2810 2654 2867 interiora
2707 2822 3025 2870 sanctorum
3076 2819 3342 2886 petebant.
3371 2816 3483 2885 Quae
3505 2825 3638 2870 autem

2127 2903 2269 2957 intra
2300 2904 2458 2969 atria,
2487 2904 2572 2959 vel
2603 2905 2659 2959 in
2687 2908 2844 2963 atriis
2863 2919 3024 2964 erant
3050 2913 3371 2981 pavimenta,
3401 2912 3546 2982 lapide
3575 2925 3638 2962 va-

2125 2995 2210 3050 rio
2235 3003 2361 3050 sunt
2383 2997 2564 3054 omnia
2592 3007 2783 3054 strata.
2813 2999 2889 3055 lta
2923 2997 3058 3057 vero
3088 3005 3228 3059 ostia
3252 3005 3306 3059 in
3337 3003 3514 3058 aedibus
3546 3016 3637 3056 con-

2129 3095 2212 3142 tra
2242 3087 2474 3144 invicem
2506 3090 2683 3160 posita
2718 3100 2896 3158 erant,
2924 3101 2985 3148 ut
3023 3094 3062 3148 ii
3093 3096 3278 3162 etiam,
3300 3097 3386 3166 qui
3415 3095 3460 3150 in
3485 3093 3637 3149 ultimis

2125 3179 2512 3247 consistebant,
2543 3183 2800 3255 templum
2828 3196 3057 3254 possent
3087 3188 3302 3243 intueri.
3333 3189 3480 3242 Erant
3502 3194 3634 3240 autem

2125 3279 2300 3325 sortes
2329 3271 2517 3342 viginti
2542 3282 2797 3342 quatuor,
2825 3284 2879 3330 et
2902 3274 3359 3346 Sacerdotum,'et
3376 3278 3634 3338 Levitamm.

2125 3370 2180 3416 et
2207 3360 2532 3428 Janitorum,
2554 3365 2646 3433 qui
2672 3381 2771 3436 per
2799 3368 3021 3430 totidem
3050 3373 3370 3446 septimanas
3393 3370 3480 3426 sibi
3503 3383 3554 3423 ex
3575 3381 3636 3419 or-

2126 3452 2252 3506 dine
2281 3454 2651 3521 suecederent,
2686 3456 2910 3512 sabbato
2961 3475 3106 3515 nova
3150 3470 3322 3523 turma
3355 3461 3551 3516 intrante
3588 3454 3634 3509 ad

2125 3543 2381 3610 officium,
2411 3556 2466 3600 et
2503 3557 2626 3618 post
2657 3547 2954 3614 Sabbatum
2997 3569 3085 3618 ea,
3119 3570 3238 3626 quae
3270 3554 3491 3630 proxima
3515 3549 3633 3621 septi-

2127 3653 2285 3690 mana
2317 3638 2740 3706 ministraverat,
2777 3643 2996 3697 domum
3022 3647 3299 3701 redeunte.
3327 3647 3424 3701 Sed
3455 3645 3525 3705 hic
3543 3656 3634 3713 pon-

2129 3727 2259 3782 tifex
2281 3730 2535 3799 proponit
2559 3734 2938 3788 necessitatem
2961 3738 3200 3808 augendi
3229 3738 3366 3793 circa
3399 3749 3556 3794 novum
3578 3745 3634 3783 re-

2126 3834 2247 3889 gem
2285 3821 2577 3886 exercitus,
2603 3831 2657 3878 et
2685 3839 2799 3889 eos,
2825 3826 2916 3894 qui
2947 3827 3197 3884 intrandi
3239 3829 3549 3900 septimanam
3571 3823 3634 3877 ha-

2126 3911 2326 3966 bebant
2357 3913 2626 3978 ordinem,
2657 3917 2922 3986 suscepit,
2960 3926 3016 3972 et
3077 3919 3216 3985 illos,
3265 3920 3350 3990 qui
3393 3917 3490 3988 jam
3526 3925 3633 3969 suam

2127 4003 2481 4072 septimanam
2527 4004 2886 4061 ministrando
2939 4007 3318 4079 impleverant,
3366 4024 3426 4064 ne
3460 4005 3632 4065 abirent,

2129 4095 2369 4148 retinuit.
2415 4094 2515 4162 Qui
2561 4095 2696 4151 alios
2723 4113 2966 4170 quosque
2991 4101 3213 4158 Levitas
3239 4104 3302 4158 de
3328 4099 3506 4157 cunctis
3530 4091 3633 4152 urbi-

2125 4183 2375 4240 busJuda
2400 4187 2578 4252 simul,
2604 4196 2657 4242 et
2677 4190 2950 4260 principes
2974 4191 3302 4253 familiarum
3325 4190 3483 4252 Israel,
3502 4183 3632 4242 missis

2127 4275 2181 4330 in
2211 4277 2312 4331 hoc
2340 4278 2750 4335 centurionibus
2781 4280 3235 4356 Hierosolymam,
3268 4283 3628 4355 congregaret”.

2127 4378 2184 4424 ut
2221 4370 2389 4426 Verba
2416 4372 2620 4426 dierum
2664 4384 2920 4442 narrant,
2959 4378 2975 4448 (
3003 4379 3023 4431 i
3060 4376 3245 4434 Paral.
3275 4378 3374 4448 25)
3407 4387 3519 4448 quos
3540 4367 3631 4423 εάυο

2127 4471 2315 4517 cturus
2343 4461 2511 4516 lilium
2537 4465 2682 4535 regis
2713 4465 2802 4520 tali
2836 4468 3042 4523 ratione
3084 4469 3342 4536 distinxit,
3383 4476 3434 4520 ut
3474 4470 3626 4522 omne.

2128 4555 2218 4623 qui
2279 4555 2632 4625 impleverant
2681 4559 2987 4624 sabbatum,
3017 4568 3071 4615 et
3107 4559 3366 4633 egressuri
3409 4559 3552 4616 erant,
3591 4547 3627 4599 in

2127 4648 2262 4708 duas
2290 4647 2448 4702 divisi
2475 4656 2658 4718 partes
2687 4666 2868 4720 regem
2900 4652 2953 4705 in
3011 4632 3349 4708 interioribus
3396 4646 3502 4702 atrii
3536 4638 3628 4695 locis

2126 4740 2321 4796 armati
2381 4740 2804 4795 circumstarent
2835 4761 2847 4795 :
2879 4743 3086 4814 reliqua
3127 4760 3252 4799 vero
3299 4734 3558 4796 multitudo,
3591 4726 3627 4780 id

2126 4843 2207 4886 est
2238 4833 2329 4911 qui
2366 4848 2474 4888 non
2505 4843 2662 4888 erant
2693 4835 2758 4890 dc
2791 4837 2960 4906 stirpe
3011 4837 3160 4904 Levi,
3191 4837 3466 4893 exteriores
3508 4824 3628 4888 πάθ’

2127 4941 2244 4986 rum
2270 4925 2468 4997 januas
2499 4935 2686 4983 contra
2714 4927 2954 4984 furorem
2987 4931 3204 5002 regium,
3228 4930 3272 4984 si
3296 4925 3411 4997 quid
3439 4921 3550 4976 forte
3566 4911 3629 4966 ad-

2128 5017 2271 5073 versi
2326 5017 2626 5084 moliretur,
2661 5021 3019 5076 custodirent.
3072 5021 3237 5076 l’orro
3271 5019 3355 5074 hic
3389 5013 3468 5086 qui
3502 5016 3627 5076 null“

2127 5110 2194 5171 ad
2222 5109 2504 5164 sabbatum
2533 5121 2798 5166 venerant
2849 5111 3196 5178 Sacerdotes,
3227 5111 3429 5172 Levitae,
3457 5113 3501 5157 et
3520 5095 3627 5154 lani.-

2129 5210 2274 5256 tores
2299 5201 2352 5255 in
2389 5209 2499 5258 tres
2523 5202 2679 5264 divisi
2700 5212 2900 5273 partes,
2935 5203 3154 5258 domum
3189 5202 3339 5272 regis,
3371 5196 3417 5250 id
3434 5201 3506 5249 est
3519 5184 3624 5259 plh-

2129 5293 2284 5357 tium,
2316 5292 2670 5350 observarent
2694 5313 2708 5349 :
2741 5311 2808 5350 ne
2837 5297 2920 5350 vel
2944 5297 3048 5356 hoc
3071 5296 3251 5365 regina
3289 5289 3488 5348 collecto
3514 5293 3626 5340 excr-

2203 5417 2226 5445 ε
2250 5406 2458 5471 Altare,

2204 5476 2224 5516 ί
2265 5477 2510 5532 Factum.

2201 5549 2227 5588 8
2256 5546 2470 5602 Fterent
2502 5569 2519 5600 ε
2561 5549 2654 5604 sed
2683 5548 2903 5608 fallitur.

2199 5617 2224 5658 δ
2261 5616 2545 5674 Convenire
2570 5619 2826 5675 solebant.

2205 5689 2224 5731 ι
2256 5687 2416 5744 Deest
2442 5689 2494 5748 in
2523 5690 2680 5747 editis
2700 5691 2877 5749 diebus
2897 5700 3102 5763 septem-
