3922 6180
240 338 352 398 785
880 336 1346 407 QUESTIONES
1383 338 1533 395 XXX
1573 337 1805 396 SUPER
1840 340 2090 399 LIBROS
2129 339 2394 398 REGUM.
2432 371 2503 382 -—
2540 340 2743 396 LIBER
2782 341 2864 398 IV.
3414 342 3517 414 788

240 454 351 512 situ
376 450 568 510 contra
593 466 795 524 regem,
825 453 1181 512 defenderet:
1214 456 1508 513 Servarent
1531 467 1587 513 et
1612 465 1822 529 portam
1853 468 1899 526 Α
1926 459 1983 511 in
2015 457 2254 529 sepulcro
2294 456 2484 522 Elisei,
2524 457 2662 528 quod
2705 472 2825 512 cum
2868 457 3115 527 tetigisset
3145 474 3264 512 ossa
3300 456 3465 512 Elisei
3496 472 3518 513 :

240 548 535 605 habitaculi
558 548 946 616 scutariorum,
975 566 1075 621 per
1099 567 1262 622 quam
1289 552 1358 609 de
1389 554 1589 624 templo
1619 555 1686 609 ad
1728 568 1827 623 pa-
1932 551 2179 605 continuo
2201 551 2387 606 revixit
2411 550 2585 617 homo,
2608 561 2657 605 et
2690 552 2829 605 stetit
2860 566 3021 620 super
3049 550 3203 621 pedes
3232 566 3374 605 suos.

239 640 432 696 latium
480 639 934 703 descendebatur.
962 641 1105 697 sicut
1149 640 1292 697 infra
1317 655 1341 684 ο
1382 643 1582 699 dicitur
1612 658 1627 697 :
1661 644 1830 700 duxe-
2003 639 2321 695 Latrunculi
2350 639 2495 695 enim
2523 638 2679 694 Moab
2712 639 3013 710 ﬁguraliter
3037 640 3313 696 daemones
3359 641 3520 696 inter.

238 739 475 801 rumque
497 744 682 800 regem
715 731 783 785 de
822 732 984 787 domo
1023 730 1262 797 Domini,
1312 738 1370 787 et
1414 741 1682 789 venerunt
1731 748 1830 804 per
1931 732 2132 801 ligendi
2167 739 2314 797 sunt,
2341 731 2433 801 qui
2468 729 2540 785 ad
2573 730 2840 786 incestum
2867 737 2924 785 et
2945 744 3107 786 omne
3132 745 3269 800 opus
3300 743 3523 788 execra-

186 830 206 896 ξ
238 823 382 877 viam
409 830 581 892 porta:
602 821 967 877 scutariorum
997 822 1052 878 in
1080 823 1342 892 palatium
1362 864 1378 889 ,
1406 831 1462 879 et
1498 823 1641 879 sedit
1666 838 1831 893 super
1931 824 2041 879 bile
2072 824 2326 878 vitiorum
2359 823 2595 878 stimulis
2622 831 2921 894 perurgent
2953 821 3252 878 infelicium
3291 833 3519 880 mentes.

184 900 208 1006 ξ
240 916 495 970 thronum
522 928 734 986 regum,
763 914 856 969 ubi
901 915 1067 970 etiam
1092 925 1249 986 porta
1276 917 1306 957 ι»
1353 915 1518 982 Sirel',
1542 922 1598 972 et
1639 916 1832 971 domus
1934 913 2038 983 Qui
2066 930 2198 969 vero
2232 923 2506 970 mortuum
2537 914 2893 985 sepeliebant,
2942 915 2978 969 ii
3026 914 3333 1006 accipiendi
3374 927 3525 981 sunt,

188 1000 207 1087 Ῐ
242 1007 441 1072 Μθεεεδς
462 1021 586 1076 Quae
614 1000 736 1061 cum
775 1014 929 1077 porta
962 1009 1327 1064 scutariorum
1358 1009 1689 1074 nominatur,
1712 1021 1834 1063 esse

238 1098 513 1153 videntur.
536 1094 819 1152 Scutarios
846 1106 1027 1154 autem
1058 1107 1267 1155 tutores
1290 1110 1313 1139 α
1339 1098 1548 1171 Regum
1574 1098 1831 1169 appellat,

241 1196 479 1243 testante
518 1185 659 1242 libro
691 1186 1142 1258 Paralipomenon
1188 1208 1203 1245 :
1242 1190 1299 1262 (2
1336 1189 1523 1244 Paral.
1564 1191 1653 1262 l2)
1706 1191 1833 1261 quia

238 1293 368 1334 cum
402 1277 647 1333 Roboam
674 1287 829 1333 scuta
857 1294 997 1335 aerea
1032 1295 1135 1351 pro
1164 1282 1347 1337 aureis
1375 1280 1572 1338 fecisse
1594 1297 1834 1338 comme-

240 1377 532 1434 mutasset,
560 1367 763 1437 adjecit
787 1384 809 1424 τ
838 1370 907 1425 Et
937 1372 1160 1427 tradidit
1183 1372 1281 1428 illa
1308 1373 1633 1444 principibus
1659 1383 1836 1428 scuta:

242 1461 477 1523 riorum,
502 1461 596 1530 qni
652 1461 1015 1517 custodiebant
1044 1463 1346 1518 vestibulum
1371 1463 1559 1535 palatii
1583 1478 1600 1516 :
1632 1465 1686 1519 in
1728 1480 1838 1535 quo

241 1550 496 1607 videlicet
530 1551 668 1607 libro
711 1551 1024 1610 distinctius
1064 1554 1181 1610 haec
1207 1563 1407 1611 cuncta
1433 1555 1772 1625 replicantur
1819 1575 1832 1609 :

245 1641 423 1699 Tertia
457 1661 582 1715 pars
610 1654 857 1711 vestrum,
881 1646 972 1717 qui
999 1647 1211 1702 veniunt
1240 1647 1310 1702 ad
1340 1646 1612 1702 sabbatum
1646 1646 1838 1703 Sacer-

237 1730 448 1800 (lotum,
473 1734 794 1802 levitarum,
825 1746 875 1790 et
901 1735 1209 1791 Janitorum
1237 1740 1337 1792 erit
1363 1739 1419 1792 in
1449 1740 1648 1809 portis;
1680 1739 1836 1793 tertia

1935 1005 2049 1076 qui,
2078 1014 2141 1060 ut
2165 1005 2455 1076 Apostolus
2491 1005 2728 1063 Jacobus
2769 1007 2846 1062 ait
2897 1025 2909 1060 :
2966 1006 3042 1078 (5,
3094 1005 3182 1079 l9)
3241 1004 3442 1077 Impias
3479 1018 3526 1062 st

1934 1106 2235 1168 peccatores
2289 1098 2353 1152 ab
2405 1114 2583 1152 errore
2627 1100 2726 1153 vite
2767 1114 2880 1153 sua:
2916 1097 3134 1152 assidua
3164 1096 3535 1154 exhortatione

1937 1197 2241 1242 convertunt
2269 1188 2339 1242 ad
2364 1189 2625 1243 tramitem
2651 1190 2878 1260 pietatis,
2912 1199 2960 1244 et
2985 1189 3270 1254 castitatis,
3294 1189 3523 1243 animas-

1935 1296 2035 1350 que
2080 1296 2261 1334 eorum
2309 1279 2571 1335 salvantes
2621 1298 2653 1334 a
2707 1290 2953 1352 perpetua
3004 1288 3200 1346 morte,
3228 1280 3530 1350 coaperiunt

1938 1367 2329 1423 multitudinem
2356 1380 2710 1440 peccatorum.

2012 1459 2141 1513 Sive
2168 1458 2348 1513 aliter.
2375 1457 2712 1528 Sepelientes
2739 1468 3013 1515 mortuum
3033 1500 3048 1526 ,
3080 1474 3145 1516 ac
3199 1459 3531 1516 latrunculos

1940 1547 2210 1618 fugientes
2233 1549 2309 1604 illi
2336 1550 2530 1604 merito
2552 1549 2857 1621 appellandi
2900 1560 3046 1617 sunt,
3081 1551 3172 1621 qui
3214 1551 3303 1621 pie
3349 1552 3531 1607 vivere

1941 1637 2184 1694 volentes
2227 1639 2282 1693 in
2331 1638 2829 1711 Cliristo,l‘ugiunt,
2863 1656 2929 1695 ac
2955 1640 3228 1696 declinant
3257 1640 3385 1695 vitia
3412 1640 3534 1695 uni-

1940 1742 2127 1794 versa,
2143 1736 2306 1797 atque
2326 1737 2718 1800 peccata,qu
2744 1739 2973 1785 mortem
3002 1730 3259 1786 videlicet
3300 1746 3533 1801 operan-

240 1843 363 1882 ιντο
393 1844 515 1897 pars
546 1827 616 1881 ad
640 1827 855 1882 domum
878 1830 1035 1900 regis,
1059 1837 1108 1883 et
1133 1831 1290 1883 tertia
1311 1830 1365 1883 in
1387 1840 1565 1900 porta,
1596 1844 1714 1900 qua:
1736 1846 1835 1900 ap-

1959 1836 2050 1887 ,ur,
2077 1836 2415 1893 corporaque
2467 1824 2523 1876 in
2579 1821 2783 1877 fontem
2836 1820 3129 1891 projiciunt
3168 1823 3446 1889 baptismi,
3479 1824 3534 1879 in

239 1917 471 1987 pellatur
497 1915 856 1974 Fundamenti
868 1937 888 1986 ;
919 1936 1072 1975 omne
1112 1937 1229 1975 vero
1274 1920 1532 1987 reliquum
1556 1919 1745 1991 vulgus
1766 1921 1836 1975 sit

237 2010 301 2064 in
325 2010 476 2064 atriis
497 2009 684 2065 domus
710 2010 945 2078 Domini,
979 2022 1070 2067 nec
1090 2012 1369 2084 quisquam
1406 2011 1545 2068 alius
1566 2012 1837 2084 ingredia-

237 2111 334 2156 tur
356 2102 571 2157 domum
594 2102 826 2169 Domini,
862 2104 961 2157 nisi
994 2103 1323 2169 Sacerdotes,
1347 2112 1395 2157 et
1421 2105 1511 2175 qui
1537 2105 1839 2159 ministrant

237 2193 311 2248 de
361 2192 552 2249 Levitis
611 2208 629 2246 :
682 2195 785 2265 ipsi
834 2196 1195 2249 tantummodo
1255 2196 1655 2265 ingrediantur,
1696 2197 1722 2238 ἀ
1749 2199 1840 2269 qui

240 2284 560 2354 sanctiﬁcati
585 2293 733 2350 sunt,
754 2293 801 2339 et
832 2301 982 2338 omne
1009 2284 1267 2353 reliquum
1292 2285 1474 2356 vulgus
1497 2285 1726 2341 observet
1745 2304 1841 2341 cu—

242 2375 450 2431 stodias
481 2374 717 2429 Domini.
753 2373 950 2428 Levitis
979 2383 1153 2428 autem
1179 2374 1503 2428 circumdent
1532 2391 1723 2445 regem,
1749 2376 1845 2429 Iut-

248 2470 425 2523 bentes
448 2466 646 2538 singuli
675 2483 827 2520 arma
860 2484 982 2531 sua,
1009 2475 1116 2522 etc.

325 2555 505 2629 (Vers.
532 2555 644 2629 l2.)
664 2575 683 2607 ι
706 2555 861 2624 Quod
890 2558 1136 2629 sequitur
1163 2558 1230 2614 de
1255 2556 1444 2615 eodem
1470 2578 1483 2613 ς
1512 2571 1535 2599 ε
1559 2558 1849 2614 Produxit-

252 2666 356 2722 que
374 2648 551 2720 ﬁlium
581 2650 738 2720 regis,
761 2659 811 2704 et
833 2651 1008 2722 posuit
1035 2668 1193 2723 super
1225 2668 1343 2706 eum
1380 2652 1661 2720 diadema,
1691 2661 1738 2708 et
1768 2662 1847 2708 te-

249 2740 579 2806 stimonium,
601 2741 655 2795 in
682 2741 987 2798 diademate
1011 2742 1224 2814 insigne
1252 2744 1447 2813 capitis
1483 2745 1691 2816 regium
1738 2762 1750 2800 :
1793 2746 1846 2801 in

251 2832 568 2888 testimonio
597 2833 845 2904 designat
870 2835 1090 2890 decreta
1129 2834 1264 2906 legis
1318 2836 1438 2904 Dei,
1466 2837 1664 2907 quibus
1714 2839 1848 2909 quid

250 2937 419 2995 agere
469 2939 564 2979 rex
617 2924 845 2989 debeat,
877 2933 933 2981 et
978 2926 1215 2996 qualiter
1268 2927 1473 2995 vivere,
1513 2929 1847 2999 praecipitur.

251 3012 500 3087 Denique
549 3015 605 3070 in
644 3015 785 3072 libro
831 3019 1120 3074 verborum
1166 3019 1380 3075 dierum
1425 3022 1666 3090 apertius
1718 3040 1731 3076 :
1777 3022 1852 3093 (2

251 3101 444 3160 Paral.
469 3104 562 3172 23,
588 3106 676 3178 li)
724 3106 787 3161 Et
848 3108 1242 3179 imposuerunt,
1264 3109 1470 3180 inquit,
1498 3112 1552 3166 ei
1579 3111 1849 3179 diadema,

1939 1926 2049 1982 quo
2073 1912 2371 1967 secundum
2394 1911 2713 1982 Apostolum
2744 1915 3031 1967 credentes
3056 1911 3378 1983 sepeliuntur
3414 1930 3533 1969 cum

1939 2002 2150 2057 Christo
2213 2000 2387 2074 (Rom.
2417 2002 2471 2069 6,
2506 2002 2559 2057 4.
2591 1999 2794 2057 Coloss.
2835 2003 2889 2071 2,
2923 2002 3047 2074 i2),
3072 2013 3132 2058 ut
3165 2019 3263 2074 per
3292 2020 3534 2061 commu-

1940 2093 2161 2149 nionem
2201 2094 2469 2165 corporis,
2498 2101 2554 2149 et
2593 2095 2875 2166 sanguinis
2894 2093 3014 2164 ejus
3044 2096 3300 2168 deinceps
3327 2100 3536 2169 possint

1939 2185 2125 2241 vivere
2144 2201 2271 2241 cum
2298 2186 2536 2242 Christo.

2013 2276 2126 2348 (li,
2154 2276 2231 2348 7.)
2281 2278 2402 2349 Ipse
2436 2276 2713 2350 (videlicet
2761 2279 3033 2353 Amasias)
3072 2284 3328 2352 percussit
3364 2282 3535 2339 Edam

1944 2371 1999 2424 in
2047 2369 2183 2425 calle
2222 2369 2537 2426 Salinarum
2579 2372 2757 2426 decem
2821 2372 2990 2429 millia
3017 2414 3031 2439 ,
3088 2382 3195 2430 etc.
3246 2374 3400 2442 Quod
3454 2376 3533 2431 di-

1950 2457 2089 2512 citur
2137 2458 2206 2513 de
2252 2458 2474 2514 Amasis
2518 2476 2644 2533 rege
2669 2459 2808 2516 Juda
2845 2479 2859 2515 :
2900 2462 3020 2532 Ipse
3071 2465 3326 2533 percussit
3362 2463 3533 2519 Edam

1946 2550 2003 2604 in
2040 2548 2189 2604 'valle
2232 2548 2540 2605 Salinarum
2582 2552 2757 2607 decem
2799 2552 2968 2608 millia
3003 2565 3051 2609 et
3083 2556 3427 2627 apprehendit
3449 2573 3540 2627 pe-

1948 2651 2087 2696 tram
2131 2643 2186 2697 in
2242 2641 2448 2713 praelia,
2509 2644 2810 2716 vocavitque
2867 2661 3057 2700 nomen
3107 2646 3224 2716 ejus
3268 2647 3296 2687 ιι
3341 2646 3533 2703 Ιειιιει.

1956 2734 1972 2774 i
2023 2751 2042 2785 ι
2082 2733 2251 2789 Vallis
2291 2732 2600 2789 Salinarum
2629 2744 2772 2803 erat,
2806 2737 2897 2792 ubi
2938 2737 3083 2793 sales
3127 2736 3421 2804 faciebant,
3452 2740 3538 2796 vel

1949 2825 2101 2882 freno
2136 2827 2389 2883 videlicet
2415 2828 2727 2901 salsuginis,
2752 2837 2813 2885 ut
2836 2829 3021 2886 multis
3051 2831 3105 2886 in
3150 2830 3285 2887 locis
3332 2832 3535 2896 deciso,

1949 2917 2229 2974 exsiccata
2257 2926 2315 2974 et
2359 2917 2607 2985 incenso,
2638 2919 2722 2975 vel
2756 2920 2914 2991 aquis
2939 2929 3225 2992 puteorum
3274 2923 3388 2979 sale
3434 2925 3542 2980 fer-

1949 3008 2195 3076 veiactis,
2218 3017 2274 3065 et
2298 3025 2472 3083 usque
2499 3010 2568 3066 ad
2597 3011 2726 3068 salis
2754 3011 3069 3069 ﬁrmitatem
3103 3015 3388 3087 coquendo
3413 3030 3540 3087 per-

1951 3104 2148 3168 ductis,
2185 3104 2271 3161 vel
2297 3104 2405 3160 alio
2430 3104 2672 3177 quolibet
2698 3105 2909 3171 ordine,
2937 3121 3046 3176 quo
3065 3106 3145 3162 sal
3169 3106 3288 3163 ﬁeri
3312 3121 3542 3164 consue—
3558 3108 3581 3125 '

246 3196 614 3269 dederamque
631 3199 686 3254 in
712 3215 875 3254 manu
896 3200 1012 3271 ejus
1043 3202 1321 3257 tenendam
1344 3201 1529 3273 legem.
1555 3204 1623 3259 Et
1642 3202 1851 3275 magna:
1879 3194 1924 3256 C
1954 3195 2056 3260 vit,
2088 3195 2142 3249 in
2174 3210 2283 3266 quo
2323 3196 2489 3252 etiam
2527 3196 2647 3252 loco
2672 3194 2809 3252 Joab
2852 3197 3137 3257 duodecim
3199 3198 3372 3254 millia
3420 3198 3542 3254 ldu-

247 3287 445 3359 utique
464 3297 603 3357 erat,
620 3291 985 3362 salutarisque
1002 3294 1324 3364 prudentiae,
1340 3302 1400 3350 ut
1418 3310 1515 3366 per
1532 3296 1849 3368 tyrannicae,

248 3376 546 3449 impizeque
577 3381 783 3452 regina:
820 3397 1033 3449 necem,
1060 3385 1383 3440 succedente
1406 3385 1461 3440 in
1486 3400 1712 3457 regnum
1739 3387 1851 3443 lilio

247 3472 407 3541 regis
428 3471 675 3544 legitimi,
700 3489 825 3531 cum
850 3474 969 3546 ipso
997 3474 1016 3515 τ
1045 3492 1232 3550 regum
1257 3478 1468 3544 habitu,
1499 3479 1661 3534 simul
1683 3479 1851 3536 disci-

247 3560 405 3633 plina
425 3562 559 3636 legis
582 3563 680 3620 Dei
707 3568 974 3622 servanda
1005 3568 1396 3635 committetur,
1418 3578 1475 3625 et
1500 3570 1592 3641 qui
1618 3586 1679 3627 se
1712 3587 1853 3642 prte-

248 3655 429 3711 latum
470 3656 671 3728 populo
699 3659 936 3730 regendo
967 3659 1194 3724 videret,
1219 3660 1335 3730 ipse
1360 3676 1419 3716 se
1450 3640 1745 3732 regendum
1770 3640 1854 3718 iii-

246 3746 402 3802 vinis
424 3746 634 3819 legibus
667 3748 823 3804 subdi
854 3746 1053 3805 debere
1073 3750 1436 3807 meminisset.
1471 3770 1490 3804 ι

333 3836 489 3909 (Cap.
519 3836 738 3911 12,13.)
765 3838 836 3895 Et
858 3856 963 3895 non
985 3840 1143 3908 ﬁebat
1166 3843 1302 3896 ratio
1331 3841 1414 3897 Itis
1432 3842 1855 3911 homittibus,qui

248 3927 583 3998 accipiebant
623 3930 922 4000 pecuniam,
946 3938 1052 3985 etc.
1102 3931 1128 3970 ε
1178 3947 1206 3981 ο
1230 3928 1386 3997 Quod
1426 3930 1856 3988 iustaurantibus

250 4018 522 4089 templum
542 4019 755 4076 Domini
780 4029 1024 4092 tempore
1047 4021 1263 4092 praefati
1288 4022 1433 4094 regis
1457 4020 1587 4079 Joas
1612 4022 1849 4079 dicitur:

252 4108 335 4164 Et
356 4126 459 4164 non
477 4109 635 4179 fiebat
650 4112 786 4166 ratio
802 4111 885 4166 Itis
906 4111 1224 4177 hominibus,
1238 4113 1329 4184 qui
1348 4113 1679 4185 accipiebant
1697 4130 1856 4185 pecu-

254 4199 431 4265 niam,
453 4208 511 4253 ut
536 4199 910 4255 distribuerent
931 4218 1051 4256 eam
1072 4201 1387 4271 artiﬁcibus,
1410 4202 1504 4257 sed
1527 4202 1583 4258 in
1614 4202 1721 4273 ﬁde
1742 4211 1852 4257 tra-

249 4288 477 4345 ctabant
514 4306 655 4358 eam,
684 4290 1029 4349 devotionem
1055 4293 1297 4348 ostendit
1321 4308 1532 4361 eorum,
1563 4294 1630 4350 de
1657 4289 1854 4365 quibus

257 4398 446 4439 sermo
468 4391 573 4451 est,
594 4384 687 4455 qui
718 4392 929 4440 tantum
957 4386 1121 4442 studii
1153 4386 1210 4442 in
1240 4386 1503 4457 religione
1539 4387 1852 4454 habuerint,

1949 3302 2212 3342 minorum
2273 3287 2612 3358 percussisse
2667 3287 2883 3359 legitur.
2943 3287 3052 3345 Nec
3105 3291 3541 3360 praetereundum

1951 3378 2096 3447 quod
2126 3393 2226 3447 pro
2249 3378 2389 3434 valle
2417 3377 2727 3435 Salinarum
2762 3390 2922 3437 vetus
2955 3382 3127 3438 editio
3157 3385 3314 3455 quasi
3346 3399 3540 3441 nomen

1952 3469 2190 3541 regionis
2222 3469 2236 3520 i
2275 3470 2501 3528 Gemela
2537 3474 2739 3543 posuit.
2785 3472 2946 3531 Petra
2997 3483 3178 3532 autem
3219 3478 3412 3534 civitas
3458 3485 3546 3534 est

1949 3562 2166 3618 Arabia:
2188 3563 2389 3620 nobilis
2411 3564 2466 3619 in
2492 3566 2683 3622 eadem
2721 3574 2866 3622 terra
2907 3568 3097 3633 Edam,
3126 3585 3248 3640 qua:
3295 3570 3351 3624 in
3402 3570 3545 3626 libro

1950 3654 2315 3710 Numerorum
2374 3656 2576 3712 Decem
2620 3658 2847 3725 dicitur,
2887 3668 2944 3715 et
2992 3660 3062 3715 ab
3107 3660 3347 3731 Assyriis
3385 3662 3546 3718 hodie

1952 3760 2128 3838 usque
2157 3747 2239 3838 sic
2262 3747 2588 3818 appellatur.
2623 3750 2651 3789 ¹ι
2683 3749 2939 3806 Jecethel‘
2956 3764 3117 3838 χενον
3128 3752 3271 3822 quod
3298 3752 3546 3810 Amasias

1952 3837 2130 3891 victor
2158 3837 2209 3891 ei
2238 3852 2435 3893 nomen
2460 3838 2738 3909 imposuit,
2767 3837 3160 3911 interpretatur
3207 3851 3383 3901 coetus
3426 3845 3544 3912 Dei,

1954 3925 2040 3982 vel
2067 3926 2329 3982 auxilium
2354 3926 2476 3994 Dei,
2498 3937 2693 4000 agente
2721 3945 2788 3986 eo
2816 3930 3069 3999 ﬁdeliter,
3102 3941 3161 3988 ut
3188 3935 3414 4004 perenni
3465 3937 3547 3992 in-

1957 4016 2177 4073 deretur
2206 4018 2508 4084 memoriae,
2528 4019 2671 4088 quod
2701 4020 3173 4088 banc,velemtus~
3196 4024 3379 4096 populi
3425 4025 3545 4092 Dei,

1955 4112 2041 4167 vel
2068 4112 2178 4167 Deo
2204 4113 2518 4184 adjuvante,
2534 4115 2765 4187 ceperit.
2801 4136 2821 4171 ο

2028 4203 2137 4274 (14,
2163 4204 2280 4277 25.)
2324 4204 2447 4277 Ipse
2480 4207 2704 4262 restituit
2731 4208 2983 4265 terminos
3019 4209 3191 4267 Israel
3216 4211 3281 4266 ab
3327 4212 3546 4268 introitu

1956 4295 2152 4351 Ematlt
2200 4306 2306 4353 etc.
2357 4297 2371 4336 ι
2409 4316 2428 4350 t
2481 4300 2634 4368 Quod
2672 4301 2876 4358 dicitur
2923 4303 2990 4359 de
3043 4303 3371 4361 Hieroboam
3417 4322 3547 4379 rege

1955 4387 2120 4443 lsrael
2163 4402 2181 4442 :
2216 4387 2339 4460 Ipse
2368 4391 2597 4445 restituit
2649 4393 2900 4449 terminos
2945 4393 3165 4451 Israelis
3207 4397 3270 4451 ab
3325 4398 3547 4455 introitu

256 4479 324 4527 ut
366 4472 545 4528 nullus
573 4472 923 4541 dubitaverit,
958 4474 1088 4546 quin
1137 4476 1423 4546 pecuniam
1472 4475 1686 4532 Domini
1736 4477 1855 4533 sine
1880 4545 1927 4557 ﬁ
1960 4478 2175 4545 Emath,
2198 4497 2362 4552 usque
2386 4481 2457 4536 ad
2486 4499 2633 4538 mare
2651 4484 2972 4549 solitudinis,
3004 4485 3222 4549 Emath,
3252 4503 3374 4557 quae
3403 4505 3547 4546 nunc

254 4560 495 4633 alicujus
547 4561 754 4619 fraudis
797 4545 1106 4634 suspicione
1141 4545 1459 4623 tractarent
1488 4587 1501 4623 :
1531 4576 1585 4624 et
1609 4569 1750 4625 banc
1786 4569 1855 4626 de
1880 4545 1933 4606 D
1960 4545 2284 4642 Epiphania
2319 4572 2519 4628 dicitur
2544 4614 2558 4639 ,
2613 4545 3056 4645 septentrionalis
3104 4545 3227 4632 erat
3269 4545 3547 4637 torminus

255 4651 461 4706 aerario
485 4651 756 4708 sublatam
790 4652 1023 4709 ﬁdeliter
1050 4654 1359 4712 artiﬁcibus
1384 4658 1454 4713 ad
1504 4659 1853 4715 muniendam

255 4743 506 4807 domum,
529 4752 689 4812 prout
712 4743 943 4815 singulis
966 4760 1104 4815 opus
1128 4755 1292 4812 esset,
1313 4746 1590 4805 offerrent.

337 4828 447 4904 (l5,
486 4832 611 4906 ΞΟ.)
629 4833 759 4889 Post
781 4835 893 4889 lucc
925 4844 1163 4891 mortuus
1189 4845 1289 4902 est,
1317 4836 1517 4907 inquit,
1545 4836 1781 4904 Eliseus,
1806 4848 1856 4893 et

254 4926 574 4997 sepelierunt
597 4944 736 4982 eum.
760 4927 1075 4985 Latrunculi
1103 4946 1221 4984 vero
1246 4930 1312 4984 de
1332 4929 1493 4985 Moab
1521 4940 1772 4986 venerunt
1799 4931 1855 4986 in

256 5029 464 5072 terram
489 5018 603 5089 ipso
625 5018 858 5074 videlicet
887 5037 1046 5076 anno.
1090 5020 1323 5088 Quidam
1351 5031 1529 5077 autem
1547 5021 1851 5093 sepelicutes

254 5109 527 5165 hominem
551 5111 792 5167 viderunt
822 5111 1173 5181 latrunculos,
1198 5124 1245 5170 et
1267 5115 1598 5187 projecerunt
1626 5115 1854 5173 cadaver

336 5251 363 5281 ⁸
392 5240 635 5299 Dicetur.

336 5311 365 5392 ξ’
393 5311 533 5392 θάνε
597 5321 614 5392 ξ

337 5388 362 5454 ἵ
397 5381 572 5454 Degis.
600 5410 601 5415 η

334 5451 361 5491 ἀ
394 5451 553 5520 Quia.

341 5532 371 5602 °_
403 5523 577 5602 Hujus
605 5537 922 5602 quoqu_e,_ct
941 5531 1321 5602 subsequentis
1345 5530 1450 5587 loci
1471 5527 1762 5602 explicatio
1783 5544 1851 5586 ex

251 5589 754 5721 Bcgaélccj'gmitur:
779 5589 1003 5666 ibidem,
1029 5589 1176 5656 num.
1205 5601 1296 5668 20,
1312 5609 1368 5659 et
1400 5602 1492 5658 2i.

333 5736 364 5845 ξ
389 5683 769 5864 ῑξίὲἔῖιὲέιιῖίιειν
793 5756 861 5800 cx
886 5740 1032 5801 Beda
1067 5743 1365 5816 desumpsit
1393 5743 1666 5801 [tabanus
1754 5792 1759 5797 .

427 5822 644 5865 ectenct.

1957 4662 2173 4720 lsraelis
2204 4684 2216 4719 :
2244 4665 2393 4722 Mare
2415 4674 2596 4723 autem
2635 4667 2961 4736 solitudinis,
2990 4669 3136 4741 quod
3159 4669 3414 4729 bebraice
3462 4674 3548 4730 di-

1959 4756 2103 4811 citur
2128 4757 2330 4825 Araba,
2363 4775 2516 4815 mare
2559 4768 2833 4815 mortuum
2879 4760 3146 4834 designat,
3172 4764 3315 4834 quod
3347 4765 3402 4820 in
3433 4764 3551 4819 lon-

1958 4849 2204 4919 gitudine
2230 4866 2331 4922 per
2353 4853 2531 4909 stadia
2551 4867 2730 4909 ccxxx
2753 4870 2925 4925 usque
2948 4856 3015 4911 ad
3042 4867 3081 4896 ω
3104 4855 3307 4913 Zoaras
3353 4857 3549 4912 Ambae

1961 4939 2015 4993 in
2039 4939 2327 4997 latitudine
2351 4957 2452 5013 per
2475 4952 2696 4999 centum
2727 4945 3119 5019 quinquaginta
3146 4961 3320 5018 usque
3361 4949 3429 5005 ad
3466 4948 3547 5003 vi-

1957 5032 2080 5087 cina
2112 5032 2529 5090 Sodomorum"
2554 5037 2926 5106 praetenditur.
2952 5058 2971 5091 ι

2034 5134 2058 5161 ο
2090 5124 2156 5180 Et
2178 5144 2507 5200 unaquaeque
2530 5145 2655 5200 gens
2677 5129 2938 5200 fabricata
2959 5140 3035 5186 est
3057 5131 3227 5188 Deum
3246 5148 3421 5201 suum,
3437 5141 3545 5189 etc.

2034 5261 2050 5302 ί
2087 5260 2215 5341 Haec
2256 5262 2421 5341 liabet
2458 5262 2603 5341 l_3eda
2645 5264 2942 5334 quaestione
2982 5265 3074 5333 2|,
3118 5267 3261 5323 inter
3291 5266 3362 5325 30
3396 5285 3545 5341 quat-

1954 5329 2160 5387 stiones
2184 5333 2238 5387 in
2268 5333 2436 5389 libros
2457 5329 2683 5404 Regum:

2030 5400 2044 5452 i
2079 5400 2378 5457 Gemelaclt.

2030 5473 2054 5511 Ιί
2094 5471 2318 5527 lect/rel.

2034 5540 2068 5643 ξ.
2093 5542 2467 5665 gini-pirum,
2492 5550 2548 5599 et
2573 5543 2909 5614 subsequens
2930 5544 3072 5603 Beda
3093 5545 3379 5626 desumpta
3408 5570 3561 5612 sunt.

2029 5620 2068 5643 "
2099 5620 2321 5668 Ζοανοδ.

2031 5693 2058 5722 η
2099 5680 2464 5753 Progreditur.

2032 5762 2056 5794 ο
2094 5753 2182 5823 l7,
2213 5753 2303 5811 ἓξ).
