3924 6170
1477 356 1752 420 CLAUDII
1791 346 2251 414 TAURINENSIS
2288 340 2592 401 EPISCOPI

3565 334 3660 391 788

429 515 448 547 ε
480 492 634 562 Quod
657 488 854 547 dicitur
877 487 944 540 de
965 482 1072 548 bis,
1100 493 1219 550 qum
1244 450 1295 533 in
1329 475 1631 532 Samariam
1660 489 1691 526 a
1723 484 1851 541 rege
1897 467 1996 522 As—
2024 491 2071 551 Α
2101 463 2357 562 rusalem,
2386 455 2479 512 ubi
2522 459 2641 562 erat
2670 448 2928 562 tem-plum
2966 445 3669 562 ej‘tt-thuodqugxaueiu-

426 535 693 660 syriorum
734 578 979 635 adductae
1024 535 1169 639 sunt,
1214 570 1539 627 nationibus.
1573 576 1621 621 et
1671 535 1996 660 unaquaque
2024 535 2071 551 ﬂ
2101 560 2207 606 lem
2234 549 2577 660 0})me
2606 541 2801 660 νίζξῖ
2838 537 3149 660 ostendere,
3173 535 3455 660 (rt-8.33)
3499 550 3672 607 equo—

427 654 551 751 yens
584 673 843 746 fabricata
874 677 949 723 est
979 666 1146 722 Deum
1186 679 1360 724 suum,
1384 667 1769 733 posueruntque
1800 670 1917 710 eum
1944 654 1997 706 in

428 768 567 839 fanis
597 762 834 829 excelsis,
859 775 978 833 quae
1008 758 1241 830 fecerant
1273 767 1297 796 α
1327 752 1587 810 Samaria
1616 765 1740 820 gens
1762 788 1777 813 ,
1803 755 1854 801 et
1878 761 1939 816 ge

427 837 485 914 in
507 857 722 913 urbibus
741 855 872 918 suis,
896 854 952 907 in
975 850 1161 924 quibus
1185 845 1509 903 habitabant.
1528 840 1640 897 Viri
1666 837 2003 919 enim'Baby-

431 938 562 1005 lonii
592 948 836 1003 fecerunt
874 941 1103 1000 Sochoth
1129 938 1329 995 Benoth
1355 949 1374 988 :
1408 934 1522 989 Viri
1558 935 1738 987 autem
1773 925 2002 983 Cutbe‘ni

431 1040 678 1095 fecerunt
699 1035 912 1106 Nergel.
935 1035 1004 1090 Et
1022 1031 1119 1087 viri
1144 1030 1211 1086 de
1234 1029 1264 1070 ιι
1284 1026 1513 1083 Emetba
1534 1023 1780 1079 fecerunt
1798 1018 2001 1073 Asima.

2099 657 2220 697 rum
2252 640 2359 695 duo
2385 634 2553 692 millia
2590 631 2895 703 pollicetur,
2937 643 3169 699 quorum
3193 626 3459 683 Ezechias
3485 641 3678 682 ascen-

1941 761 2000 799 m
2101 744 2254 787 seres
2278 726 2518 798 praebere
2543 738 2650 779 non
2675 730 2877 794 posset,
2908 734 3021 775 non
3040 718 3109 773 de
3130 716 3502 773 imbecillitate
3528 717 3680 770 venit

2102 820 2284 893 populi
2315 817 2648 880 Judtcorum,
2682 812 2697 863 i
2735 812 2824 882 qui
2862 808 3146 881 equitandi
3173 807 3396 863 carebat
3424 806 3677 868 scientia.

2105 912 2201 968 sed
2260 910 2327 965 de
2379 905 2764 963 observatione
2809 900 3191 958 mandatorum
3248 897 3386 963 Dei,
3441 898 3536 967 qui
3586 913 3684 967 per

2109 1001 2325 1073 Moysen
2349 1012 2515 1068 super
2545 1009 2728 1065 regem
2750 997 3085 1063 prmoeperat
3108 987 3307 1043 Israel:
3327 986 3568 1058 (Denter.
3596 988 3682 1048 l'i,

432 1082 1123 1184 FJIQEéisﬁe'J-ttlé
1150 1082 1391 1180 ᾖειααι,
1414 1122 1469 1170 et
1499 1112 1753 1168 Thartha.
1778 1108 1837 1164 in
1867 1108 2007 1162 libro
2110 1094 2200 1159 16.
2239 1103 2288 1146 ει
2331 1089 2420 1160 i7)
2456 1088 2584 1184 Not
2627 1083 2995 1184 ξπεξξιθρθξοξιξίξ
3030 1082 3127 1136 sibi
3170 1096 3361 1150 σφισιν
3394 1090 3687 1184 ﬁrm"

433 1222 650 1293 quidem
697 1219 941 1276 locorum
980 1214 1198 1286 legitur,
1244 1209 1388 1282 quod
1430 1198 1638 1263 Benotb
1666 1245 1683 1273 ,
1728 1211 1786 1259 et
1815 1199 2009 1272 Νετςεί
2110 1183 2366 1293 plurima;

2416 1197 2521 1234 non
2557 1176 2784 1234 ltubebit.
2832 1174 2914 1228 Ad
2941 1174 2996 1228 id
3024 1179 3227 1236 autem,
3264 1170 3410 1240 quod
3433 1168 3685 1225 dixerat:

435 1254 650 1293 ιιωυσιι.
981 1254 1198 1286 .ν,,.....,
1245 1254 1388 1282 νη..
1432 1254 1638 1263 _.-----_
1666 1254 1683 1273 ,
1734 1254 1783 1259 --
1817 1254 1837 1256 γ
1876 1254 1883 1255 ,
1928 1254 1958 1272 υ

435 1314 654 1370 fuerunt
697 1311 985 1373 civitates,
1029 1314 1164 1377 quas
1216 1305 1637 1359 construxerunt
1688 1297 1745 1351 in
1792 1293 2013 1364 regione

2146 1293 2276 1332 vers.
2323 1272 2428 1345 22)
2473 1269 2531 1327 Si
2582 1266 2910 1339 responderis
2956 1263 3087 1317 mihi
3114 1300 3131 1327 ,
3182 1262 3242 1315 in
3291 1259 3523 1314 Domino
3582 1254 3689 1313 Dea

434 1406 635 1463 Iudaea!
668 1400 1028 1463 Samaritani,
1066 1397 1157 1466 qui
1209 1396 1277 1451 de
1320 1390 1611 1462 Babylonia
1662 1386 2009 1443 transierant.

2114 1366 2447 1436 conﬁdimus,
2473 1370 2605 1425 etc.,
2625 1357 2843 1417 callide.
2878 1354 3279 1424 prudenterque
3300 1351 3605 1421 respondit,
3634 1366 3693 1405 se

435 1442 1781 1564 ;:ilm:qbbqude.;ipidum-qdodwaadilicaverunt,
1805 1473 1899 1544 qui
1945 1470 2014 1526 ad
2115 1474 2222 1515 non
2248 1471 2347 1512 sua
2372 1454 2671 1509 voluntate.
2698 1448 2794 1504 sed
2826 1444 3040 1501 Datnini
3079 1443 3295 1499 Venisse
3328 1442 3618 1513 praeceptis
3644 1444 3688 1494 ιι.

431 1598 557 1644 eam
585 1558 851 1640 venerant
966 1566 1180 1635 Ematb.
1212 1574 1429 1630 Nebaaz
1450 1572 1640 1635 etiam,
1661 1580 1718 1626 et
1746 1566 1775 1609 (ι
1812 1558 2014 1621 Tartba

438 1677 706 1737 civitates,
730 1689 867 1744 quas
894 1669 1074 1726 Πενεεί
1103 1669 1157 1725 in
1196 1666 1383 1723 eadem
1419 1661 1618 1719 Judaue
1650 1669 1792 1716 terra
1840 1657 2020 1714 conclia

439 1771 655 1827 derunt.
679 1757 911 1823 Videtur
936 1771 1116 1819 autem
1140 1756 1296 1830 juxta
1329 1753 1773 1827 consequentiam
1815 1760 2020 1807 sermo-

2192 1591 2210 1625 t
2240 1568 2307 1629 Et
2356 1571 2495 1628 dixit
2533 1560 2854 1630 Heliacbim,
2894 1562 2964 1649 et
3011 1560 3195 1617 caeteri
3250 1558 3317 1615 ad
3360 1557 3689 1615 Rabsacen:

2123 1664 2142 1705 ι
2173 1659 2405 1736 Loquere
2431 1661 2501 1715 ad
2527 1674 2698 1715 servos
2722 1666 2838 1710 tuos
2862 1650 2999 1737 Syra
3026 1650 3230 1722 lingua,
3257 1648 3519 1721 siquidem
3547 1649 3695 1702 intel-

2121 1757 2332 1829 ligimus
2361 1769 2500 1817 eam,
2529 1759 2636 1807 etc.
2665 1747 2957 1803 Accusatio
2983 1741 3246 1799 Rabsacis
3270 1741 3523 1798 Ezechiae
3552 1743 3698 1797 testi-

440 1862 543 1923 nls,
576 1860 741 1914 etiam
778 1856 1068 1918 idolorum,
1094 1828 1290 1921 quibus
1339 1861 1364 1889 ο
1409 1848 1495 1903 διε
1537 1853 1725 1919 gentes
1776 1840 1927 1915 prius
1957 1838 2011 1894 in

2137 1828 2354 1904 nonium
2375 1854 2477 1910 est,
2494 1842 2639 1914 quod
2668 1840 2841 1912 captis
2863 1836 3075 1893 cunctis
3087 1828 3287 1890 indaga:
3305 1833 3559 1899 urbibus,
3574 1848 3701 1888 con-

441 1956 587 2007 terra
634 1964 730 2005 sua
773 1946 1097 2008 servierunt,
1126 1941 1215 1997 hic
1256 1952 1417 2010 posse
1461 1934 1723 1992 vocabula
1768 1930 2018 2001 intelligi,

448 2038 469 2081 ί
503 2041 626 2110 quia
653 2054 777 2094 cum
803 2037 1005 2091 dictum
1047 2043 1210 2097 esset,
1255 2038 1305 2085 et
1354 2042 1680 2099 unaquaque
1709 2036 1832 2095 gens
1859 2015 2024 2093 fabri-

443 2138 563 2185 cata
599 2136 675 2183 est
713 2126 883 2181 Deum
938 2139 1115 2189 suum,
1169 2119 1323 2190 quasi
1377 2117 1444 2173 ad
1489 2113 1848 2186 expletionem
1900 2113 2024 2166 sett-

445 2219 629 2276 tentiae
653 2215 995 2285 subjunctum
1022 2219 1105 2267 est
1128 2229 1142 2265 :
1179 2202 1293 2264 Viri
1317 2208 1454 2263 enim
1481 2203 1761 2276 Babylonii
1791 2202 2023 2273 fecerunt

448 2307 678 2365 8οεήοιὴ
701 2306 923 2371 Benoth,
941 2305 995 2360 id
1016 2311 1100 2359 est
1118 2296 1468 2357 tabernacula
1482 2294 1705 2351 Benotlc.
1728 2294 1797 2349 Et
1810 2292 2021 2358 melius,

447 2402 501 2456 ni
522 2400 699 2464 fallor,
728 2396 932 2452 faceret
948 2394 1237 2462 interpres,
1261 2390 1308 2445 si
1331 2380 1573 2444 Socbotb
1596 2384 1761 2439 latine
1781 2383 1836 2438 in
1860 2381 2028 2436 tuber:

448 2488 641 2547 uacula
668 2493 925 2550 verteret,
948 2492 1005 2539 et
1026 2494 1223 2537 nomen
1248 2474 1375 2535 idoli
1409 2475 1614 2532 Benoth
1653 2472 1898 2530 absolute
1931 2486 2027 2541 po-

448 2586 603 2634 neret
633 2596 647 2630 :
676 2586 733 2632 et
751 2576 893 2632 sicut
928 2574 982 2629 in
1014 2571 1366 2642 sequentibus
1419 2566 1707 2623 manifeste
1756 2563 1955 2619 dicitur
2009 2577 2022 2614 :

450 2672 560 2742 (l7,
584 2667 678 2742 31)
706 2665 779 2721 Hi
813 2675 1012 2731 autem,
1039 2664 1131 2735 qui
1158 2670 1307 2717 erant
1334 2658 1400 2714 de
1420 2656 1783 2730 Sephoraaim,
1813 2651 2024 2709 combu-

451 2762 632 2817 rebant
657 2758 803 2829 ﬁlios
826 2770 953 2813 suos
974 2754 1085 2826 igni
1121 2748 1488 2815 Adrameleeh,
1512 2757 1562 2803 et
1586 2743 1900 2802 Anamelech
1926 2742 2029 2796 diis

451 2849 792 2922 Sephamim
817 2860 835 2899 :
863 2845 958 2901 ubi
985 2843 1293 2899 ostenditur
1314 2837 1693 2902 Adramelecb,
1721 2844 1776 2891 et
1798 2834 2030 2888 Aname—

452 2942 570 2998 lecb
586 2939 727 2997 idola
748 2937 916 2994 fuisse
933 2934 1086 2990 urbis
1105 2929 1457 3003 Sepbarvaim
1474 2946 1488 2983 :
1507 2928 1582 2983 ita
1605 2926 1823 2981 videtur
1841 2938 2031 2978 conse—

454 3048 649 3104 quens,
667 3038 731 3085 ut
752 3029 919 3085 etiam
944 3024 1138 3097 Nergel
1158 3023 1551 3086 Cutbenorum,
1568 3017 1751 3074 Asima
1781 3015 2033 3070 Emathe-

456 3137 671 3187 norum,
685 3119 961 3186 Nebahsz,
977 3125 1030 3173 et
1049 3116 1327 3172 Thartliac
1339 3111 1479 3168 idola
1496 3110 1716 3166 fuerunt
1727 3109 2028 3163 Evaeorum.

2121 1942 2253 1999 ﬁsus
2267 1940 2320 1994 in
2334 1937 2567 1994 Domino
2580 1935 2653 1992 sit
2664 1946 2723 1999 ω,
2739 1931 3045 1999 dixeritque
3070 1927 3138 1983 ad
3155 1925 3412 1998 populum
3433 1943 3447 1979 :
3464 1923 3555 1996 (Il
3571 1923 3698 1979 Par.

2124 2048 2294 2096 xxx“,
2311 2028 2388 2100 7).
2408 2026 2586 2083 Nolite
2600 2026 2801 2089 timere,
2816 2039 2909 2077 nec
2920 2008 3148 2092 parcatis
3163 2028 3330 2088 regem
3343 2014 3703 2086 Assyriorum,

2123 2132 2173 2179 et
2202 2122 2496 2176 universam
2520 2115 2907 2172 multitudinem
2929 2155 2944 2178 ,
2987 2126 3105 2183 qua:
3133 2118 3208 2165 est
3238 2122 3356 2163 cum
3407 2122 3470 2161 eo
3496 2121 3515 2160 :
3542 2105 3706 2158 multo

2125 2213 2263 2269 enim
2287 2210 2462 2283 plures
2497 2207 2768 2263 nobiscum
2796 2213 2939 2271 sunt,
2984 2218 3144 2274 quam
3167 2212 3287 2254 eum
3313 2197 3443 2262 illo;
3474 2212 3594 2250 cum
3616 2193 3710 2248 illo

2126 2304 2264 2359 enim
2287 2310 2365 2357 est
2390 2299 2659 2355 brachium
2681 2310 2928 2352 corneum
2949 2308 2968 2347 :
2995 2293 3264 2349 nobiscum
3285 2289 3547 2345 Dominus
3568 2285 3713 2341 Deus

2128 2407 2322 2462 noster,
2363 2395 2453 2467 qui
2493 2392 2783 2448 auxiliator
2822 2399 2896 2445 est
2926 2387 3114 2454 nostri,
3149 2392 3451 2457 pugnatque
3485 2397 3583 2452 pro
3614 2396 3713 2433 no-

2126 2488 2226 2543 bis.
2269 2486 2335 2541 Et
2374 2484 2701 2554 confortatus
2730 2490 2827 2547 est,
2858 2480 3057 2550 inquit,
3087 2474 3313 2549 populus
3342 2471 3715 2544 hujuscemodi

2127 2576 2295 2637 verbis
2325 2578 2591 2634 Ezechiae.
2626 2576 2780 2634 Unde
2822 2574 3096 2631 Rabsaces
3118 2573 3399 2628 destruere
3425 2569 3536 2623 vult
3560 2567 3718 2637 quod

2127 2662 2218 2728 ille
2247 2675 2650 2732 construxerat,
2676 2673 2733 2721 et
2757 2664 2999 2735 loquitur
3020 2663 3089 2717 ad
3108 2655 3369 2733 populum
3395 2677 3409 2713 :
3438 2657 3489 2722 (1
3500 2655 3542 2709 ν
3572 2655 3712 2726 Reg.

2131 2759 2341 2833 18,19)
2390 2759 2513 2814 Non
2552 2757 2770 2813 seducat
2811 2771 2900 2811 vos
2930 2753 3209 2818 Ezechias,
3248 2761 3296 2806 et
3326 2767 3429 2805 non
3457 2747 3596 2805 vobis
3615 2748 3717 2801 tri-

2132 2853 2255 2908 buat
2289 2850 2542 2920 ﬁduciam
2580 2864 2738 2919 super
2765 2847 2994 2902 Domino
3025 2845 3155 2900 Deo.
3188 2843 3536 2913 Rursumque
3580 2838 3718 2911 adii-

2133 2942 2284 2998 ciens
2336 2937 2839 3003 comminationem,
2888 2946 2946 2992 ct
2991 2944 3279 2999 terrorem,
3319 2940 3382 2987 ut
3420 2931 3574 3003 (vers.
3617 2929 3717 3002 ετ)

2134 3033 2428 3096 comedunt,
2457 3031 2652 3101 inquit,
2685 3038 2917 3085 stercora
2948 3045 3067 3091 sua,
3097 3036 3145 3080 et
3176 3024 3356 3080 bibant
3386 3025 3597 3077 urinam
3624 3038 3718 3092 pe-

2137 3126 2330 3182 cudum
2377 3138 2596 3179 suorum
2620 3131 2646 3160 υ
2674 3121 2961 3176 vobiscum.
3008 3117 3116 3174 Per
3151 3132 3271 3187 qua:
3309 3114 3553 3171 ostendit
3575 3110 3719 3168 fame

526 3216 639 3287 (l8,
667 3213 783 3285 15.)
802 3213 955 3267 Anno
976 3208 1369 3282 quartodecimo
1417 3205 1554 3275 regis
1584 3200 1827 3256 Esechiw
1855 3206 2027 3253 «seen-

2137 3231 2252 3281 eos,
2295 3223 2352 3269 et
2384 3212 2634 3285 penuria,
2685 3211 2883 3280 sitique
2922 3222 3044 3264 esse
3089 3204 3404 3277 capiendos,
3453 3202 3722 3272 simulque

455 3307 534 3361 dit
557 3302 913 3362 Sennacherib
942 3317 1036 3356 rea:
1063 3299 1399 3369 Assyriorum
1423 3312 1581 3365 super
1600 3310 1777 3347 omnes
1800 3291 2032 3346 civitates

455 3392 615 3453 Iuda
659 3392 910 3458 munitas,
952 3400 1001 3445 et
1045 3390 1177 3461 cepit
1206 3405 1317 3453 eas,
1347 3394 1453 3443 etc.
1485 3384 1721 3439 Historia
1748 3381 2034 3438 manifesta

457 3495 566 3553 est,
599 3494 656 3542 et
674 3480 1121 3553 interpretatione
1143 3494 1249 3534 non
1273 3477 1494 3547 indiget.
1520 3476 1545 3516 ε
1564 3473 1622 3527 ln
1652 3472 1831 3528 verbis
1853 3480 2033 3526 autem

458 3570 725 3636 Rabsacis
767 3572 1080 3645 arrogantia
1125 3566 1526 3627 consideranda
1571 3571 1678 3629 est,
1723 3578 1846 3634 quae
1888 3560 2037 3616 velut

459 3667 704 3740 quadam
733 3663 1009 3722 contraria
1030 3660 1293 3718 fortitudo
1320 3657 1566 3713 imitatur
1590 3652 2034 3710 consuetudinem

458 3759 871 3831 prophetarum,
901 3761 961 3809 ut
988 3752 1134 3826 quod
1155 3750 1232 3806 illi
1252 3749 1429 3805 solent
1455 3748 1510 3802 in
1536 3745 1774 3817 prologis
1796 3756 2034 3814 ponere;

459 3851 573 3904 lucc
606 3846 732 3901 dicit
760 3844 1040 3907 Dominus,
1070 3856 1178 3912 quo
1201 3838 1581 3894 auctoritatem
1624 3845 1681 3892 et
1707 3832 2035 3905 magnitudi-

460 3953 586 3993 nem
630 3934 903 4006 loquentis
947 3932 1257 3994 ostendant,
1304 3929 1408 3984 iste
1428 3943 1589 4003 ,nunc
1636 3926 1873 3982 dixerit:
1907 3923 2038 3979 Ha'c

461 4031 589 4084 dicit
642 4045 735 4084 rex
785 4043 1028 4098 magnus,
1074 4039 1168 4079 rea:
1208 4022 1564 4094 Assyriorum.
1619 4018 2041 4075 (lonsideremus

462 4126 627 4181 verba
658 4122 944 4187 Rabsacis,
975 4122 1003 4163 ιι
1034 4139 1053 4173 ε
1082 4135 1146 4176 ac
1170 4120 1407 4191 primum
1450 4118 1596 4189 quod
1642 4116 1778 4172 dicit
1804 4129 1820 4169 :
1853 4117 1868 4156 ί
1901 4113 2040 4169 Con-

464 4213 586 4284 ﬁdis
641 4227 798 4281 super
835 4209 1082 4265 baculum
1120 4207 1470 4263 arundineum
1502 4204 1833 4276 confractum
1859 4203 2036 4265 istum,

464 4317 624 4375 super
638 4301 948 4372 Egyptum,
974 4299 1167 4357 falsum
1191 4308 1305 4356 est:
1324 4299 1469 4355 nulla
1489 4298 1636 4352 enim
1664 4304 1852 4351 narrat
1877 4294 2045 4349 histo—

466 4396 570 4462 ria,
599 4393 745 4465 quod
776 4392 1039 4449 Ezechias
1061 4392 1129 4448 ad
1160 4391 1445 4464 Egyptian
1474 4390 1708 4456 miserit,
1728 4397 1785 4444 et
1803 4387 2043 4443 Pharao-

473 4490 562 4547 nis
590 4486 849 4543 auxilium
884 4485 1197 4557 postularit,
1225 4483 1478 4555 quodque
1517 4482 1683 4539 infert
1718 4497 1734 4536 :
1765 4481 1920 4554 (vers.
1948 4478 2040 4551 22)

470 4580 529 4639 ιςὶ
556 4577 883 4652 responderis
928 4578 1076 4643 mihi,
1108 4577 1166 4632 in
1205 4575 1427 4632 Domino
1464 4574 1575 4629 Deo
1607 4584 1785 4628 nostra
1814 4570 2041 4639 conﬁdi-

469 4685 609 4738 mus,
636 4682 825 4724 verum
854 4673 938 4722 est
967 4683 980 4719 :
1016 4664 1113 4720 sed
1139 4680 1355 4720 rursum
1380 4662 1560 4735 jungit
1586 4660 1926 4717 mendacium
1956 4674 2048 4715 ve-

470 4757 642 4825 ritati,
712 4756 856 4827 quod
928 4754 1137 4826 (Ibid.)
1182 4752 1455 4808 abstulerit
1522 4752 1779 4805 Ezechias
1842 4748 2046 4803 excelsa

467 4852 636 4919 illius,
679 4859 728 4907 et
772 4849 1009 4905 altaria:
1041 4849 1144 4902 hoc
1183 4847 1328 4903 enim
1369 4860 1477 4900 non
1518 4851 1707 4900 contra
1737 4842 2043 4905 Dominum,

469 4943 565 4999 sed
593 4957 693 5015 pro
720 4941 950 5010 Domino
980 4938 1202 5003 fecerat,
1233 4947 1294 4992 ut
1318 4936 1642 5002 idololatria,
1672 4943 1728 4991 ct
1756 4935 1922 4990 veteri
1958 4950 2046 4989 er-

471 5046 597 5090 rore
639 5034 937 5097 destructo,
982 5029 1203 5099 iuberet
1231 5028 1519 5086 Dominum
1566 5029 1782 5085 adorari
1820 5028 1873 5082 in
1923 5021 2047 5083 ille-

541 5192 571 5230 |
609 5178 927 5243 Samaritas.

546 5259 576 5300 ιο
603 5256 852 5312 Hemath.

548 5336 572 5366 ε
617 5322 887 5391 Nebahaz,
918 5331 965 5380 et
1002 5322 1282 5379 Tharthao.

547 5396 575 5438 ιι
603 5396 884 5451 Tharthac.

555 5478 579 5507 ⁸
619 5465 769 5520 Ha'c.

556 5535 575 5576 τ
619 5534 771 5602 Quod
799 5552 938 5591 cum.

556 5609 581 5647 ⁸
610 5604 757 5676 Yrrs.
784 5604 869 5660 l9.
893 5603 1021 5660 Herc
1035 5605 1160 5661 dicit
1178 5604 1289 5660 Rex
1306 5605 1553 5676 Magnus,
1570 5604 1675 5660 Rex
1693 5607 2046 5676 Assyriorum.

554 5676 583 5717 δ
618 5674 781 5754 Haec,
802 5689 921 5754 qua:
952 5676 1173 5754 tradidit
1198 5674 1473 5731 Claudius.
1505 5676 1758 5734 [tabanus
1787 5674 1840 5733 in
1874 5677 2050 5732 locum

484 5737 625 5802 hunc
650 5737 852 5811 pariter
883 5744 1123 5796 tradidit.

2135 3307 2421 3363 illecebras
2459 3303 2637 3376 jungit
2675 3300 2974 3365 formidini,
3014 3306 3073 3353 ut
3111 3311 3250 3368 quos
3280 3294 3721 3351 terrorenonvi-

2135 3404 2308 3461 cerat,
2359 3393 2872 3466 repromissionibus
2905 3400 2961 3446 et
3003 3387 3356 3460 persuasione
3382 3386 3618 3457 decipiat
3635 3384 3721 3439 di-

2136 3502 2266 3546 cens
2291 3506 2304 3542 :
2335 3487 2494 3557 (vers.
2521 3485 2613 3558 5i)
2656 3483 2838 3540 Facite
2875 3498 3078 3538 mecum
3123 3479 3264 3553 quod
3295 3489 3371 3536 est
3402 3478 3551 3535 utile.
3575 3477 3721 3548 Ergo

2137 3593 2333 3636 sensus
2358 3586 2440 3634 est
2468 3596 2481 3631 :
2509 3576 2697 3632 Facite
2720 3574 2940 3645 (inquit)
2984 3574 3131 3645 quod
3174 3573 3330 3629 vobis
3355 3571 3547 3643 prosit,
3578 3576 3635 3626 et
3662 3572 3721 3624 in

2140 3669 2576 3726 benedictionem
2625 3664 2873 3738 proficiat
2911 3674 3171 3721 vestram.
3223 3664 3352 3719 Sive
3394 3663 3498 3717 hoc
3537 3660 3718 3716 dicit:

2139 3760 2451 3818 Benedicite
2499 3759 2614 3831 regi
2650 3757 3034 3829 Assyriorum,
3084 3765 3142 3811 et
3194 3755 3410 3810 laudate
3458 3766 3625 3808 eum:
3660 3764 3722 3807 ut

2139 3852 2428 3907 Dominum
2477 3848 2831 3915 conﬁtemini,
2858 3855 2917 3902 ut
2941 3847 3166 3917 prtemia
3189 3844 3602 3916 consequamini
3628 3859 3640 3896 :
3667 3853 3721 3898 et

2140 3948 2311 4003 donec
2340 3952 2583 4000 revertar
2616 3942 2685 3997 de
2731 3939 2987 4012 Egypto,
3036 3938 3154 3995 sive
3190 3943 3348 4007 capta
3390 3934 3598 3991 Lomna
3638 3946 3719 3987 re-

2140 4038 2319 4101 deam,
2345 4035 2586 4090 babitate
2612 4032 2666 4088 in
2689 4032 2827 4088 urbe
2853 4037 3058 4095 vestra,
3088 4037 3145 4085 et
3173 4028 3336 4084 rebus
3364 4026 3566 4082 vestris
3594 4024 3719 4080 frui-

2141 4127 2272 4181 mini
2303 4145 2315 4181 :
2341 4135 2530 4198 postea
2555 4131 2735 4179 autem
2762 4140 2775 4177 :
2808 4122 2964 4196 (vers.
3002 4120 3095 4193 32)
3144 4117 3364 4174 Veniam
3392 4128 3443 4173 et
3492 4116 3715 4186 transfe-

2143 4230 2257 4272 ram
2288 4217 2445 4271 vasin
2472 4223 2686 4281 terram,
2714 4230 2832 4286 qua:
2859 4210 3050 4268 similis
3075 4219 3151 4267 est
3173 4219 3329 4264 terra:
3364 4219 3571 4264 vestrm.
3605 4205 3720 4275 Qui

2141 4307 2267 4362 dam
2307 4312 2502 4377 putant
2550 4314 2758 4361 terram
2786 4305 2867 4361 eis
2896 4302 3083 4360 Mediae
3103 4301 3430 4372 repromitti,
3468 4316 3592 4372 qua:
3626 4301 3716 4355 ba-

2142 4400 2305 4455 bebat
2344 4407 2506 4454 terrae
2538 4397 2690 4454 indm
2714 4396 3143 4462 similitudinem,
3174 4403 3288 4449 tam
3317 4394 3374 4449 in
3401 4396 3533 4461 situ,
3564 4406 3716 4464 quam

2146 4488 2201 4543 in
2228 4488 2491 4557 frugibus.
2525 4496 2550 4524 °
2578 4488 2842 4558 Quodque
2887 4485 3080 4543 infert:
3112 4483 3212 4540 Ubi
3230 4496 3306 4540 est
3333 4485 3481 4541 Deus
3513 4484 3715 4545 Ematlt,

2144 4587 2191 4632 et
2222 4577 2458 4648 Arphad,
2503 4586 2552 4632 et
2597 4578 2963 4650 Sepharvaim,
3016 4576 3153 4642 Ana,
3194 4585 3245 4631 et
3278 4575 3432 4631 Ara?
3471 4574 3720 4648 Nunquid

2145 4668 2493 4723 liberaverunt
2523 4666 2823 4724 Samariam
2864 4668 2931 4723 de
2971 4685 3134 4723 manu
3161 4667 3316 4721 mea?
3357 4666 3609 4723 Ostendit
3634 4667 3720 4722 ba-

2146 4773 2266 4813 rum
2311 4758 2553 4813 omnium
2600 4758 2904 4825 civitatum,
2948 4758 3062 4813 sive
3096 4758 3336 4828 gentium
3364 4759 3472 4816 diis
3497 4760 3721 4816 servisse

2149 4849 2471 4917 Samaritas,
2516 4858 2573 4905 et
2610 4850 2737 4920 quia
2777 4863 2883 4903 non
2906 4850 3064 4903 erant
3083 4846 3182 4915 dii,
3212 4848 3307 4905 sed
3338 4849 3504 4916 idola,
3533 4851 3719 4906 merito

2149 4942 2387 4999 cultores
2415 4940 2698 5009 vanitatis,
2728 4949 2790 4997 ut
2814 4940 3040 4996 decebat
3064 4954 3187 4996 esse
3211 4951 3240 4990 ι’
3262 4941 3594 4998 submersos.
3630 4941 3719 4996 Est

2151 5041 2348 5117 autem
2379 5032 2573 5088 Ematb
2589 5034 2721 5090 urbs
2744 5029 3074 5101 Caiesyrize,
3106 5046 3226 5101 qum
3248 5046 3393 5087 nunc
3426 5031 3716 5103 Epiphania

2230 5192 2247 5261 ξ
2276 5192 2357 5245 An
2382 5206 2560 5261 speras
2584 5190 2637 5245 in
2660 5188 2866 5261 baculo,
2898 5198 3005 5261 etc.

2229 5258 2242 5311 i
2283 5258 2449 5326 Quasi
2472 5259 2741 5384 Equitandi
2768 5260 2965 5342 ignaui.

2229 5331 2256 5370 Ιι
2291 5332 2439 5384 Vers.
2549 5371 2561 5383 .
2596 5329 2852 5384 Nunautd
2891 5346 2965 5384 sm

2596 5326 2852 5401 Nunquid
2891 5331 3007 5384 sine
3048 5327 3261 5385 Domini
3297 5326 3573 5393 voluntate,
3612 5332 3713 5382 etc.

2330 5414 2437 5453 ers.
2467 5414 2557 5453 ‘10.

2229 5483 2268 5511 ω
2299 5470 2435 5525 Vers
2461 5470 2547 5524 15.

2229 5552 2256 5579 ιι
2282 5540 2506 5609 Vulgata
2537 5539 2701 5609 legit:
2732 5537 2952 5594 Urinam
2978 5553 3150 5593 suain.

2233 5620 2257 5645 ο
2290 5601 2565 5665 Ηςιόιεηυε
2588 5601 2859 5664 Ὶζειηωυε
2888 5628 2901 5662 :
2931 5607 3312 5677 subsequentia
3349 5607 3552 5677 praebet
3575 5601 3715 5660 Beda

2158 5691 2349 5752 qttmst.
2374 5679 2464 5752 24,
2496 5680 2549 5733 in
2578 5679 2743 5735 libros
2770 5680 2994 5752 Regum.
3027 5688 3083 5732 et
3114 5694 3302 5733 rursus
3332 5677 3597 5731 Rabanus.

2233 5761 2259 5802 P
2289 5750 2592 5806 Subt'ersos.
