  <div class='ocr_page' id='page_1' title='image "/cluster/home/n/w/nwhite01/storage/ocr_20150623/104/hvd.32044052819794/401.png"; bbox 0 0 3922 6180; ppageno 0'>
   <div class='ocr_carea' id='block_1_1' title="bbox 472 314 568 374">
    <p class='ocr_par' dir='ltr' id='par_1_1' title="bbox 472 314 568 374">
     <span class='ocr_line' id='line_1_1' title="bbox 472 314 568 374; baseline 0.021 -2"><span class='ocrx_word' id='word_1_1' title='bbox 472 314 568 374; x_wconf 76' lang='grc'><strong>791</strong></span> 
     </span>
    </p>
   </div>
   <div class='ocr_carea' id='block_1_2' title="bbox 1542 313 2668 372">
    <p class='ocr_par' dir='ltr' id='par_1_2' title="bbox 1542 313 2668 372">
     <span class='ocr_line' id='line_1_2' title="bbox 1542 313 2668 372; baseline 0 -3"><span class='ocrx_word' id='word_1_2' title='bbox 1542 313 1818 370; x_wconf 76' lang='lat' dir='ltr'><strong>CLAUDII</strong></span> <span class='ocrx_word' id='word_1_3' title='bbox 1859 313 2322 372; x_wconf 76' lang='lat' dir='ltr'><strong>TAURINENSIS</strong></span> <span class='ocrx_word' id='word_1_4' title='bbox 2361 313 2668 370; x_wconf 80' lang='lat' dir='ltr'><strong>EPISCOI’I</strong></span> 
     </span>
    </p>
   </div>
   <div class='ocr_carea' id='block_1_3' title="bbox 3625 320 3718 377">
    <p class='ocr_par' dir='ltr' id='par_1_3' title="bbox 3625 320 3718 377">
     <span class='ocr_line' id='line_1_3' title="bbox 3625 320 3718 377; baseline 0 -2"><span class='ocrx_word' id='word_1_5' title='bbox 3625 320 3718 377; x_wconf 69' lang='grc' dir='ltr'><strong>Ἰθῖ</strong></span> 
     </span>
    </p>
   </div>
   <div class='ocr_carea' id='block_1_4' title="bbox 475 424 3719 506">
    <p class='ocr_par' dir='ltr' id='par_1_4' title="bbox 475 424 3719 506">
     <span class='ocr_line' id='line_1_4' title="bbox 475 424 3719 506; baseline 0.001 -21"><span class='ocrx_word' id='word_1_6' title='bbox 475 430 661 485; x_wconf 87' lang='lat' dir='ltr'><strong>daetcr</strong></span> <span class='ocrx_word' id='word_1_7' title='bbox 693 427 980 483; x_wconf 87' lang='lat' dir='ltr'><strong>Dominum</strong></span> <span class='ocrx_word' id='word_1_8' title='bbox 1020 425 1360 496; x_wconf 76' lang='lat' dir='ltr'><strong>deprecatus,</strong></span> <span class='ocrx_word' id='word_1_9' title='bbox 1407 436 1462 503; x_wconf 85' lang='lat' dir='ltr'><strong>et</strong></span> <span class='ocrx_word' id='word_1_10' title='bbox 1499 427 1670 481; x_wconf 88' lang='lat' dir='ltr'><strong>solum</strong></span> <span class='ocrx_word' id='word_1_11' title='bbox 1702 427 1873 482; x_wconf 88' lang='lat' dir='ltr'><strong>Deum</strong></span> <span class='ocrx_word' id='word_1_12' title='bbox 1904 443 2052 483; x_wconf 88' lang='lat' dir='ltr'><strong>asse—</strong></span> <span class='ocrx_word' id='word_1_13' title='bbox 2081 431 2132 490; x_wconf 78' lang='grc' dir='ltr'><strong>Α</strong></span> <span class='ocrx_word' id='word_1_14' title='bbox 2156 434 2217 481; x_wconf 89' lang='lat' dir='ltr'><strong>ut</strong></span> <span class='ocrx_word' id='word_1_15' title='bbox 2255 425 2444 491; x_wconf 80' lang='lat' dir='ltr'><strong>cblles,</strong></span> <span class='ocrx_word' id='word_1_16' title='bbox 2483 424 2558 496; x_wconf 86' lang='lat' dir='ltr'><strong>(id</strong></span> <span class='ocrx_word' id='word_1_17' title='bbox 2585 433 2669 481; x_wconf 86' lang='lat' dir='ltr'><strong>est</strong></span> <span class='ocrx_word' id='word_1_18' title='bbox 2696 424 2996 506; x_wconf 83' lang='lat' dir='ltr'><strong>principes)</strong></span> <span class='ocrx_word' id='word_1_19' title='bbox 3026 425 3118 495; x_wconf 90' lang='lat' dir='ltr'><strong>qui</strong></span> <span class='ocrx_word' id='word_1_20' title='bbox 3156 426 3300 482; x_wconf 82' lang='lat' dir='ltr'><strong>inter</strong></span> <span class='ocrx_word' id='word_1_21' title='bbox 3321 444 3381 484; x_wconf 88' lang='lat' dir='ltr'><strong>se</strong></span> <span class='ocrx_word' id='word_1_22' title='bbox 3408 430 3719 501; x_wconf 73' lang='lat' dir='ltr'><strong>pugnabant,</strong></span> 
     </span>
    </p>
   </div>
   <div class='ocr_carea' id='block_1_5' title="bbox 475 517 2057 590">
    <p class='ocr_par' dir='ltr' id='par_1_5' title="bbox 475 517 2057 590">
     <span class='ocr_line' id='line_1_5' title="bbox 475 517 2057 590; baseline 0 -17"><span class='ocrx_word' id='word_1_23' title='bbox 475 521 545 574; x_wconf 89' lang='lat' dir='ltr'><strong>rit</strong></span> <span class='ocrx_word' id='word_1_24' title='bbox 575 534 696 574; x_wconf 89' lang='lat' dir='ltr'><strong>esse</strong></span> <span class='ocrx_word' id='word_1_25' title='bbox 719 518 1012 582; x_wconf 75' lang='lat' dir='ltr'><strong>viventem,</strong></span> <span class='ocrx_word' id='word_1_26' title='bbox 1047 531 1146 588; x_wconf 87' lang='lat' dir='ltr'><strong>per</strong></span> <span class='ocrx_word' id='word_1_27' title='bbox 1175 531 1336 586; x_wconf 85' lang='lat' dir='ltr'><strong>quem</strong></span> <span class='ocrx_word' id='word_1_28' title='bbox 1371 517 1510 572; x_wconf 86' lang='lat' dir='ltr'><strong>idola</strong></span> <span class='ocrx_word' id='word_1_29' title='bbox 1543 517 1892 590; x_wconf 74' lang='lat' dir='ltr'><strong>intelligimus</strong></span> <span class='ocrx_word' id='word_1_30' title='bbox 1921 519 2057 573; x_wconf 85' lang='lat' dir='ltr'><strong>ima-</strong></span> 
     </span>
    </p>
   </div>
   <div class='ocr_carea' id='block_1_6' title="bbox 473 609 1012 680">
    <p class='ocr_par' dir='ltr' id='par_1_6' title="bbox 473 609 1012 680">
     <span class='ocr_line' id='line_1_6' title="bbox 473 609 1012 680; baseline -0.004 -18"><span class='ocrx_word' id='word_1_31' title='bbox 473 609 624 680; x_wconf 65' lang='lat' dir='ltr'><strong>gines</strong></span> <span class='ocrx_word' id='word_1_32' title='bbox 650 614 1012 661; x_wconf 88' lang='lat' dir='ltr'><strong>mortuorum.</strong></span> 
     </span>
    </p>
   </div>
   <div class='ocr_carea' id='block_1_7' title="bbox 508 695 2053 773">
    <p class='ocr_par' dir='ltr' id='par_1_7' title="bbox 508 695 2053 773">
     <span class='ocr_line' id='line_1_7' title="bbox 508 695 2053 773; baseline 0.001 -23"><span class='ocrx_word' id='word_1_33' title='bbox 508 697 686 773; x_wconf 58' lang='lat' dir='ltr'><strong>Jlisit</strong></span> <span class='ocrx_word' id='word_1_34' title='bbox 716 696 869 761; x_wconf 83' lang='lat' dir='ltr'><strong>(vers.</strong></span> <span class='ocrx_word' id='word_1_35' title='bbox 893 695 988 769; x_wconf 72' lang='lat'><strong>20)</strong></span> <span class='ocrx_word' id='word_1_36' title='bbox 1020 705 1198 752; x_wconf 89' lang='lat' dir='ltr'><strong>autem</strong></span> <span class='ocrx_word' id='word_1_37' title='bbox 1231 698 1402 754; x_wconf 85' lang='lat' dir='ltr'><strong>Isaias</strong></span> <span class='ocrx_word' id='word_1_38' title='bbox 1419 700 1485 753; x_wconf 88' lang='lat' dir='ltr'><strong>ad</strong></span> <span class='ocrx_word' id='word_1_39' title='bbox 1505 699 1794 756; x_wconf 86' lang='lat' dir='ltr'><strong>Ezechiam</strong></span> <span class='ocrx_word' id='word_1_40' title='bbox 1821 699 2013 756; x_wconf 87' lang='lat' dir='ltr'><strong>dicens</strong></span> <span class='ocrx_word' id='word_1_41' title='bbox 2039 711 2053 752; x_wconf 90' lang='lat'>:</span> 
     </span>
    </p>
   </div>
   <div class='ocr_carea' id='block_1_8' title="bbox 471 789 2056 864">
    <p class='ocr_par' dir='ltr' id='par_1_8' title="bbox 471 789 2056 864">
     <span class='ocr_line' id='line_1_8' title="bbox 471 789 2056 864; baseline 0.003 -19"><span class='ocrx_word' id='word_1_42' title='bbox 471 790 599 845; x_wconf 69' lang='lat' dir='ltr'><strong>Ha&#39;c</strong></span> <span class='ocrx_word' id='word_1_43' title='bbox 629 791 755 844; x_wconf 81' lang='lat' dir='ltr'><strong>dicu</strong></span> <span class='ocrx_word' id='word_1_44' title='bbox 786 789 1043 844; x_wconf 89' lang='lat' dir='ltr'><strong>Dominus</strong></span> <span class='ocrx_word' id='word_1_45' title='bbox 1074 790 1216 844; x_wconf 88' lang='lat' dir='ltr'><strong>Deus</strong></span> <span class='ocrx_word' id='word_1_46' title='bbox 1258 789 1467 845; x_wconf 87' lang='lat' dir='ltr'><strong>Israel:</strong></span> <span class='ocrx_word' id='word_1_47' title='bbox 1493 790 1625 856; x_wconf 78' lang='lat' dir='ltr'><strong>Qua:</strong></span> <span class='ocrx_word' id='word_1_48' title='bbox 1654 793 1961 864; x_wconf 88' lang='lat' dir='ltr'><strong>deprecatus</strong></span> <span class='ocrx_word' id='word_1_49' title='bbox 2003 811 2056 848; x_wconf 90' lang='lat' dir='ltr'><strong>es</strong></span> 
     </span>
    </p>
   </div>
   <div class='ocr_carea' id='block_1_9' title="bbox 467 881 2057 953">
    <p class='ocr_par' dir='ltr' id='par_1_9' title="bbox 467 881 2057 953">
     <span class='ocr_line' id='line_1_9' title="bbox 467 881 2057 953; baseline 0.003 -19"><span class='ocrx_word' id='word_1_50' title='bbox 467 899 550 936; x_wconf 88' lang='lat' dir='ltr'><strong>me</strong></span> <span class='ocrx_word' id='word_1_51' title='bbox 580 898 738 952; x_wconf 80' lang='lat' dir='ltr'><strong>super</strong></span> <span class='ocrx_word' id='word_1_52' title='bbox 764 881 1120 936; x_wconf 81' lang='lat' dir='ltr'><strong>Sennacherib</strong></span> <span class='ocrx_word' id='word_1_53' title='bbox 1161 899 1276 953; x_wconf 87' lang='lat' dir='ltr'><strong>rege</strong></span> <span class='ocrx_word' id='word_1_54' title='bbox 1317 883 1684 952; x_wconf 72' lang='lat' dir='ltr'><strong>Assyriorum,</strong></span> <span class='ocrx_word' id='word_1_55' title='bbox 1715 885 1915 939; x_wconf 80' lang='lat' dir='ltr'><strong>audivi.</strong></span> <span class='ocrx_word' id='word_1_56' title='bbox 1947 885 2057 939; x_wconf 88' lang='lat' dir='ltr'><strong>Iste</strong></span> 
     </span>
    </p>
   </div>
   <div class='ocr_carea' id='block_1_10' title="bbox 469 971 2055 1045">
    <p class='ocr_par' dir='ltr' id='par_1_10' title="bbox 469 971 2055 1045">
     <span class='ocr_line' id='line_1_10' title="bbox 469 971 2055 1045; baseline 0.002 -20"><span class='ocrx_word' id='word_1_57' title='bbox 469 981 543 1025; x_wconf 84' lang='lat' dir='ltr'><strong>est</strong></span> <span class='ocrx_word' id='word_1_58' title='bbox 572 988 766 1035; x_wconf 80' lang='lat' dir='ltr'><strong>sermo,</strong></span> <span class='ocrx_word' id='word_1_59' title='bbox 814 989 967 1042; x_wconf 85' lang='lat' dir='ltr'><strong>quem</strong></span> <span class='ocrx_word' id='word_1_60' title='bbox 1004 971 1208 1026; x_wconf 86' lang='lat' dir='ltr'><strong>locutus</strong></span> <span class='ocrx_word' id='word_1_61' title='bbox 1253 980 1330 1026; x_wconf 90' lang='lat' dir='ltr'><strong>est</strong></span> <span class='ocrx_word' id='word_1_62' title='bbox 1371 972 1628 1027; x_wconf 77' lang='lat' dir='ltr'><strong>Dominus</strong></span> <span class='ocrx_word' id='word_1_63' title='bbox 1650 973 1714 1028; x_wconf 85' lang='lat' dir='ltr'><strong>de</strong></span> <span class='ocrx_word' id='word_1_64' title='bbox 1741 991 1802 1028; x_wconf 89' lang='lat' dir='ltr'><strong>eo</strong></span> <span class='ocrx_word' id='word_1_65' title='bbox 1822 986 1843 1027; x_wconf 85' lang='lat'><strong>.&#39;</strong></span> <span class='ocrx_word' id='word_1_66' title='bbox 1865 976 2055 1045; x_wconf 76' lang='lat' dir='ltr'><strong>sprevit</strong></span> 
     </span>
    </p>
   </div>
   <div class='ocr_carea' id='block_1_11' title="bbox 469 1062 2054 1136">
    <p class='ocr_par' dir='ltr' id='par_1_11' title="bbox 469 1062 2054 1136">
     <span class='ocr_line' id='line_1_11' title="bbox 469 1062 2054 1136; baseline 0.002 -21"><span class='ocrx_word' id='word_1_67' title='bbox 469 1072 539 1127; x_wconf 90' lang='lat' dir='ltr'><strong>te,</strong></span> <span class='ocrx_word' id='word_1_68' title='bbox 591 1071 640 1116; x_wconf 91' lang='lat' dir='ltr'><strong>et</strong></span> <span class='ocrx_word' id='word_1_69' title='bbox 679 1062 1016 1117; x_wconf 84' lang='lat' dir='ltr'><strong>subsannavit</strong></span> <span class='ocrx_word' id='word_1_70' title='bbox 1059 1074 1131 1127; x_wconf 86' lang='lat' dir='ltr'><strong>te,</strong></span> <span class='ocrx_word' id='word_1_71' title='bbox 1173 1064 1316 1134; x_wconf 71' lang='lat' dir='ltr'><strong>virgo</strong></span> <span class='ocrx_word' id='word_1_72' title='bbox 1355 1063 1471 1133; x_wconf 80' lang='lat' dir='ltr'><strong>ﬁlia</strong></span> <span class='ocrx_word' id='word_1_73' title='bbox 1515 1062 1822 1135; x_wconf 86' lang='lat' dir='ltr'><strong>Sion:post</strong></span> <span class='ocrx_word' id='word_1_74' title='bbox 1854 1075 2054 1136; x_wconf 70' lang='lat' dir='ltr'><strong>tergum</strong></span> 
     </span>
    </p>
   </div>
   <div class='ocr_carea' id='block_1_12' title="bbox 469 1154 2053 1230">
    <p class='ocr_par' dir='ltr' id='par_1_12' title="bbox 469 1154 2053 1230">
     <span class='ocr_line' id='line_1_12' title="bbox 469 1154 2053 1230; baseline 0.003 -23"><span class='ocrx_word' id='word_1_75' title='bbox 469 1167 619 1208; x_wconf 83' lang='lat' dir='ltr'><strong>tuum</strong></span> <span class='ocrx_word' id='word_1_76' title='bbox 666 1165 821 1226; x_wconf 86' lang='lat' dir='ltr'><strong>caput</strong></span> <span class='ocrx_word' id='word_1_77' title='bbox 867 1156 1051 1221; x_wconf 80' lang='lat' dir='ltr'><strong>movit,</strong></span> <span class='ocrx_word' id='word_1_78' title='bbox 1086 1154 1203 1230; x_wconf 83' lang='lat' dir='ltr'><strong>ﬁlia</strong></span> <span class='ocrx_word' id='word_1_79' title='bbox 1250 1154 1609 1210; x_wconf 83' lang='lat' dir='ltr'><strong>Hierusalem.</strong></span> <span class='ocrx_word' id='word_1_80' title='bbox 1648 1165 1671 1191; x_wconf 74' lang='grc'><strong><em>⁸</em></strong></span> <span class='ocrx_word' id='word_1_81' title='bbox 1719 1175 1737 1207; x_wconf 85' lang='grc'><strong><em>‹</em></strong></span> <span class='ocrx_word' id='word_1_82' title='bbox 1766 1156 1902 1224; x_wconf 85' lang='lat' dir='ltr'><strong>Quia</strong></span> <span class='ocrx_word' id='word_1_83' title='bbox 1943 1165 2053 1212; x_wconf 87' lang='lat' dir='ltr'><strong>tam</strong></span> 
     </span>
    </p>
   </div>
   <div class='ocr_carea' id='block_1_13' title="bbox 469 1245 2052 1319">
    <p class='ocr_par' dir='ltr' id='par_1_13' title="bbox 469 1245 2052 1319">
     <span class='ocr_line' id='line_1_13' title="bbox 469 1245 2052 1319; baseline 0.003 -20"><span class='ocrx_word' id='word_1_84' title='bbox 469 1245 729 1300; x_wconf 78' lang='lat' dir='ltr'><strong>audacter</strong></span> <span class='ocrx_word' id='word_1_85' title='bbox 769 1246 1033 1302; x_wconf 85' lang='lat' dir='ltr'><strong>Ezechias</strong></span> <span class='ocrx_word' id='word_1_86' title='bbox 1079 1245 1366 1302; x_wconf 91' lang='lat' dir='ltr'><strong>Dominum</strong></span> <span class='ocrx_word' id='word_1_87' title='bbox 1422 1247 1750 1319; x_wconf 83' lang='lat' dir='ltr'><strong>deprecatus</strong></span> <span class='ocrx_word' id='word_1_88' title='bbox 1794 1257 1896 1312; x_wconf 90' lang='lat' dir='ltr'><strong>est,</strong></span> <span class='ocrx_word' id='word_1_89' title='bbox 1950 1260 2052 1304; x_wconf 89' lang='lat' dir='ltr'><strong>nec</strong></span> 
     </span>
    </p>
   </div>
   <div class='ocr_carea' id='block_1_14' title="bbox 470 1337 2054 1411">
    <p class='ocr_par' dir='ltr' id='par_1_14' title="bbox 470 1337 2054 1411">
     <span class='ocr_line' id='line_1_14' title="bbox 470 1337 2054 1411; baseline 0.003 -21"><span class='ocrx_word' id='word_1_90' title='bbox 470 1337 620 1391; x_wconf 85' lang='lat' dir='ltr'><strong>misit</strong></span> <span class='ocrx_word' id='word_1_91' title='bbox 670 1337 736 1392; x_wconf 88' lang='lat' dir='ltr'><strong>ad</strong></span> <span class='ocrx_word' id='word_1_92' title='bbox 786 1337 1003 1403; x_wconf 74' lang='lat' dir='ltr'><strong>Isaiam,</strong></span> <span class='ocrx_word' id='word_1_93' title='bbox 1043 1346 1103 1392; x_wconf 92' lang='lat' dir='ltr'><strong>ut</strong></span> <span class='ocrx_word' id='word_1_94' title='bbox 1131 1338 1286 1408; x_wconf 89' lang='lat' dir='ltr'><strong>prius</strong></span> <span class='ocrx_word' id='word_1_95' title='bbox 1324 1339 1570 1406; x_wconf 78' lang='lat' dir='ltr'><strong>miserat,</strong></span> <span class='ocrx_word' id='word_1_96' title='bbox 1613 1355 1720 1396; x_wconf 87' lang='lat' dir='ltr'><strong>non</strong></span> <span class='ocrx_word' id='word_1_97' title='bbox 1765 1339 1880 1410; x_wconf 89' lang='lat' dir='ltr'><strong>ipse</strong></span> <span class='ocrx_word' id='word_1_98' title='bbox 1923 1355 2054 1411; x_wconf 87' lang='lat' dir='ltr'><strong>pro-</strong></span> 
     </span>
    </p>
   </div>
   <div class='ocr_carea' id='block_1_15' title="bbox 466 1429 2051 1503">
    <p class='ocr_par' dir='ltr' id='par_1_15' title="bbox 466 1429 2051 1503">
     <span class='ocr_line' id='line_1_15' title="bbox 466 1429 2051 1503; baseline 0.003 -20"><span class='ocrx_word' id='word_1_99' title='bbox 466 1429 627 1498; x_wconf 83' lang='lat' dir='ltr'><strong>pheta</strong></span> <span class='ocrx_word' id='word_1_100' title='bbox 650 1430 826 1500; x_wconf 82' lang='lat' dir='ltr'><strong>pergit</strong></span> <span class='ocrx_word' id='word_1_101' title='bbox 853 1431 920 1486; x_wconf 86' lang='lat' dir='ltr'><strong>ad</strong></span> <span class='ocrx_word' id='word_1_102' title='bbox 943 1447 1087 1496; x_wconf 88' lang='lat' dir='ltr'><strong>cum,</strong></span> <span class='ocrx_word' id='word_1_103' title='bbox 1118 1431 1213 1486; x_wconf 90' lang='lat' dir='ltr'><strong>sed</strong></span> <span class='ocrx_word' id='word_1_104' title='bbox 1242 1432 1409 1486; x_wconf 87' lang='lat' dir='ltr'><strong>mittit</strong></span> <span class='ocrx_word' id='word_1_105' title='bbox 1435 1433 1681 1500; x_wconf 89' lang='lat' dir='ltr'><strong>nuntios,</strong></span> <span class='ocrx_word' id='word_1_106' title='bbox 1706 1433 1798 1503; x_wconf 92' lang='lat' dir='ltr'><strong>qui</strong></span> <span class='ocrx_word' id='word_1_107' title='bbox 1821 1435 1872 1488; x_wconf 87' lang='lat' dir='ltr'><strong>ei</strong></span> <span class='ocrx_word' id='word_1_108' title='bbox 1904 1434 2051 1489; x_wconf 90' lang='lat' dir='ltr'><strong>dice-</strong></span> 
     </span>
    </p>
   </div>
   <div class='ocr_carea' id='block_1_16' title="bbox 470 1520 2053 1592">
    <p class='ocr_par' dir='ltr' id='par_1_16' title="bbox 470 1520 2053 1592">
     <span class='ocr_line' id='line_1_16' title="bbox 470 1520 2053 1592; baseline 0.004 -20"><span class='ocrx_word' id='word_1_109' title='bbox 470 1527 591 1572; x_wconf 87' lang='lat' dir='ltr'><strong>rent</strong></span> <span class='ocrx_word' id='word_1_110' title='bbox 633 1520 857 1574; x_wconf 86' lang='lat' dir='ltr'><strong>verbum</strong></span> <span class='ocrx_word' id='word_1_111' title='bbox 892 1520 989 1575; x_wconf 84' lang='lat' dir='ltr'><strong>Dei</strong></span> <span class='ocrx_word' id='word_1_112' title='bbox 1031 1536 1196 1591; x_wconf 87' lang='lat' dir='ltr'><strong>super</strong></span> <span class='ocrx_word' id='word_1_113' title='bbox 1231 1520 1603 1578; x_wconf 85' lang='lat' dir='ltr'><strong>Seunachcrib</strong></span> <span class='ocrx_word' id='word_1_114' title='bbox 1650 1532 1839 1579; x_wconf 88' lang='lat' dir='ltr'><strong>contra</strong></span> <span class='ocrx_word' id='word_1_115' title='bbox 1891 1539 2053 1592; x_wconf 88' lang='lat' dir='ltr'><strong>quem</strong></span> 
     </span>
    </p>
   </div>
   <div class='ocr_carea' id='block_1_17' title="bbox 470 1612 2051 1687">
    <p class='ocr_par' dir='ltr' id='par_1_17' title="bbox 470 1612 2051 1687">
     <span class='ocr_line' id='line_1_17' title="bbox 470 1612 2051 1687; baseline 0.004 -22"><span class='ocrx_word' id='word_1_116' title='bbox 470 1627 649 1682; x_wconf 80' lang='lat' dir='ltr'><strong>rogas,</strong></span> <span class='ocrx_word' id='word_1_117' title='bbox 702 1612 916 1668; x_wconf 89' lang='lat' dir='ltr'><strong>Domini</strong></span> <span class='ocrx_word' id='word_1_118' title='bbox 951 1613 1052 1668; x_wconf 87' lang='lat' dir='ltr'><strong>ista</strong></span> <span class='ocrx_word' id='word_1_119' title='bbox 1103 1615 1372 1670; x_wconf 85' lang='lat' dir='ltr'><strong>sententia</strong></span> <span class='ocrx_word' id='word_1_120' title='bbox 1407 1623 1512 1670; x_wconf 85' lang='lat' dir='ltr'><strong>est.</strong></span> <span class='ocrx_word' id='word_1_121' title='bbox 1565 1614 1724 1687; x_wconf 84' lang='lat' dir='ltr'><strong>Virgo</strong></span> <span class='ocrx_word' id='word_1_122' title='bbox 1751 1615 1865 1686; x_wconf 79' lang='lat' dir='ltr'><strong>ﬁlia</strong></span> <span class='ocrx_word' id='word_1_123' title='bbox 1900 1615 2051 1684; x_wconf 89' lang='lat' dir='ltr'><strong>Sion,</strong></span> 
     </span>
    </p>
   </div>
   <div class='ocr_carea' id='block_1_18' title="bbox 467 1703 2054 1780">
    <p class='ocr_par' dir='ltr' id='par_1_18' title="bbox 467 1703 2054 1780">
     <span class='ocr_line' id='line_1_18' title="bbox 467 1703 2054 1780; baseline 0.006 -24"><span class='ocrx_word' id='word_1_124' title='bbox 467 1711 514 1756; x_wconf 82' lang='lat' dir='ltr'><strong>et</strong></span> <span class='ocrx_word' id='word_1_125' title='bbox 547 1703 660 1772; x_wconf 79' lang='lat' dir='ltr'><strong>ﬁlia</strong></span> <span class='ocrx_word' id='word_1_126' title='bbox 693 1703 1045 1773; x_wconf 76' lang='lat' dir='ltr'><strong>Hierusalem,</strong></span> <span class='ocrx_word' id='word_1_127' title='bbox 1099 1723 1221 1778; x_wconf 75' lang='lat' dir='ltr'><strong>qua:</strong></span> <span class='ocrx_word' id='word_1_128' title='bbox 1270 1708 1390 1763; x_wconf 91' lang='lat' dir='ltr'><strong>ideo</strong></span> <span class='ocrx_word' id='word_1_129' title='bbox 1434 1708 1586 1780; x_wconf 78' lang='lat' dir='ltr'><strong>virgo</strong></span> <span class='ocrx_word' id='word_1_130' title='bbox 1635 1709 1955 1780; x_wconf 76' lang='lat' dir='ltr'><strong>appellatur,</strong></span> <span class='ocrx_word' id='word_1_131' title='bbox 1998 1718 2054 1766; x_wconf 90' lang='lat' dir='ltr'><strong>et</strong></span> 
     </span>
    </p>
   </div>
   <div class='ocr_carea' id='block_1_19' title="bbox 2155 518 3720 598">
    <p class='ocr_par' dir='ltr' id='par_1_19' title="bbox 2155 518 3720 598">
     <span class='ocr_line' id='line_1_19' title="bbox 2155 518 3720 598; baseline 0.004 -24"><span class='ocrx_word' id='word_1_132' title='bbox 2155 527 2208 574; x_wconf 89' lang='lat' dir='ltr'><strong>et</strong></span> <span class='ocrx_word' id='word_1_133' title='bbox 2253 518 2505 574; x_wconf 79' lang='lat' dir='ltr'><strong>civitates</strong></span> <span class='ocrx_word' id='word_1_134' title='bbox 2548 518 2926 573; x_wconf 63' lang='lat' dir='ltr'><strong>munitissimae</strong></span> <span class='ocrx_word' id='word_1_135' title='bbox 2958 534 3062 598; x_wconf 80' lang='lat' dir='ltr'><strong>me</strong></span> <span class='ocrx_word' id='word_1_136' title='bbox 3116 522 3478 578; x_wconf 85' lang='lat' dir='ltr'><strong>contrahente</strong></span> <span class='ocrx_word' id='word_1_137' title='bbox 3523 540 3720 580; x_wconf 88' lang='lat' dir='ltr'><strong>manum</strong></span> 
     </span>
    </p>
   </div>
   <div class='ocr_carea' id='block_1_20' title="bbox 2156 609 3723 680">
    <p class='ocr_par' dir='ltr' id='par_1_20' title="bbox 2156 609 3723 680">
     <span class='ocr_line' id='line_1_20' title="bbox 2156 609 3723 680; baseline 0.004 -16"><span class='ocrx_word' id='word_1_138' title='bbox 2156 625 2356 675; x_wconf 82' lang='lat' dir='ltr'><strong>meam,</strong></span> <span class='ocrx_word' id='word_1_139' title='bbox 2398 623 2499 664; x_wconf 89' lang='lat' dir='ltr'><strong>nec</strong></span> <span class='ocrx_word' id='word_1_140' title='bbox 2539 609 2756 664; x_wconf 89' lang='lat' dir='ltr'><strong>solitum</strong></span> <span class='ocrx_word' id='word_1_141' title='bbox 2803 609 3064 663; x_wconf 78' lang='lat' dir='ltr'><strong>auxilium</strong></span> <span class='ocrx_word' id='word_1_142' title='bbox 3095 611 3373 680; x_wconf 57' lang='lat' dir='ltr'><strong>praebente</strong></span> <span class='ocrx_word' id='word_1_143' title='bbox 3398 613 3723 670; x_wconf 86' lang='lat' dir='ltr'><strong>cradicaren-</strong></span> 
     </span>
    </p>
   </div>
   <div class='ocr_carea' id='block_1_21' title="bbox 2156 699 3725 775">
    <p class='ocr_par' dir='ltr' id='par_1_21' title="bbox 2156 699 3725 775">
     <span class='ocr_line' id='line_1_21' title="bbox 2156 699 3725 775; baseline 0.003 -20"><span class='ocrx_word' id='word_1_144' title='bbox 2156 711 2266 766; x_wconf 89' lang='lat' dir='ltr'><strong>tur,-</strong></span> <span class='ocrx_word' id='word_1_145' title='bbox 2294 710 2350 757; x_wconf 91' lang='lat' dir='ltr'><strong>et</strong></span> <span class='ocrx_word' id='word_1_146' title='bbox 2377 699 2891 765; x_wconf 83' lang='lat' dir='ltr'><strong>eontremiscerent,</strong></span> <span class='ocrx_word' id='word_1_147' title='bbox 2945 715 3011 756; x_wconf 87' lang='lat' dir='ltr'><strong>ac</strong></span> <span class='ocrx_word' id='word_1_148' title='bbox 3052 701 3312 772; x_wconf 85' lang='lat' dir='ltr'><strong>perirent,</strong></span> <span class='ocrx_word' id='word_1_149' title='bbox 3365 713 3420 757; x_wconf 90' lang='lat' dir='ltr'><strong>et</strong></span> <span class='ocrx_word' id='word_1_150' title='bbox 3465 721 3725 775; x_wconf 83' lang='lat' dir='ltr'><strong>compara-</strong></span> 
     </span>
    </p>
   </div>
   <div class='ocr_carea' id='block_1_22' title="bbox 2156 777 3723 862">
    <p class='ocr_par' dir='ltr' id='par_1_22' title="bbox 2156 777 3723 862">
     <span class='ocr_line' id='line_1_22' title="bbox 2156 777 3723 862; baseline 0.004 -15"><span class='ocrx_word' id='word_1_151' title='bbox 2156 801 2346 848; x_wconf 84' lang='lat' dir='ltr'><strong>rentur</strong></span> <span class='ocrx_word' id='word_1_152' title='bbox 2373 807 2479 846; x_wconf 91' lang='lat' dir='ltr'><strong>non</strong></span> <span class='ocrx_word' id='word_1_153' title='bbox 2507 791 2682 857; x_wconf 63' lang='lat' dir='ltr'><strong>olivae,</strong></span> <span class='ocrx_word' id='word_1_154' title='bbox 2707 798 2761 844; x_wconf 91' lang='lat' dir='ltr'><strong>et</strong></span> <span class='ocrx_word' id='word_1_155' title='bbox 2791 791 2977 854; x_wconf 67' lang='lat' dir='ltr'><strong>vinem,</strong></span> <span class='ocrx_word' id='word_1_156' title='bbox 3010 790 3412 862; x_wconf 84' lang='lat' dir='ltr'><strong>fructuosisque</strong></span> <span class='ocrx_word' id='word_1_157' title='bbox 3439 777 3723 861; x_wconf 79' lang='lat' dir='ltr'><strong>arboribus.</strong></span> 
     </span>
    </p>
   </div>
   <div class='ocr_carea' id='block_1_23' title="bbox 2156 885 3726 956">
    <p class='ocr_par' dir='ltr' id='par_1_23' title="bbox 2156 885 3726 956">
     <span class='ocr_line' id='line_1_23' title="bbox 2156 885 3726 956; baseline 0 -14"><span class='ocrx_word' id='word_1_158' title='bbox 2156 887 2250 942; x_wconf 89' lang='lat' dir='ltr'><strong>sed</strong></span> <span class='ocrx_word' id='word_1_159' title='bbox 2279 886 2426 952; x_wconf 88' lang='lat' dir='ltr'><strong>l&#39;eno,</strong></span> <span class='ocrx_word' id='word_1_160' title='bbox 2467 893 2522 941; x_wconf 90' lang='lat' dir='ltr'><strong>et</strong></span> <span class='ocrx_word' id='word_1_161' title='bbox 2548 885 2800 956; x_wconf 79' lang='lat' dir='ltr'><strong>gramini,</strong></span> <span class='ocrx_word' id='word_1_162' title='bbox 2837 885 3131 954; x_wconf 85' lang='lat' dir='ltr'><strong>herbisque</strong></span> <span class='ocrx_word' id='word_1_163' title='bbox 3159 885 3457 950; x_wconf 88' lang='lat' dir='ltr'><strong>domatum,</strong></span> <span class='ocrx_word' id='word_1_164' title='bbox 3490 903 3610 956; x_wconf 75' lang='lat' dir='ltr'><strong>qua:</strong></span> <span class='ocrx_word' id='word_1_165' title='bbox 3633 888 3726 942; x_wconf 80' lang='lat' dir='ltr'><strong>lm-</strong></span> 
     </span>
    </p>
   </div>
   <div class='ocr_carea' id='block_1_24' title="bbox 2155 977 3722 1050">
    <p class='ocr_par' dir='ltr' id='par_1_24' title="bbox 2155 977 3722 1050">
     <span class='ocr_line' id='line_1_24' title="bbox 2155 977 3722 1050; baseline 0 -17"><span class='ocrx_word' id='word_1_166' title='bbox 2155 979 2313 1049; x_wconf 79' lang='lat' dir='ltr'><strong>gibus</strong></span> <span class='ocrx_word' id='word_1_167' title='bbox 2339 977 2722 1048; x_wconf 80' lang='lat' dir='ltr'><strong>impedimenta</strong></span> <span class='ocrx_word' id='word_1_168' title='bbox 2753 985 2899 1039; x_wconf 90' lang='lat' dir='ltr'><strong>sunt,</strong></span> <span class='ocrx_word' id='word_1_169' title='bbox 2927 983 2983 1030; x_wconf 91' lang='lat' dir='ltr'><strong>et</strong></span> <span class='ocrx_word' id='word_1_170' title='bbox 3013 985 3141 1049; x_wconf 87' lang='lat' dir='ltr'><strong>ante</strong></span> <span class='ocrx_word' id='word_1_171' title='bbox 3184 987 3550 1043; x_wconf 85' lang='lat' dir='ltr'><strong>marcescunt,</strong></span> <span class='ocrx_word' id='word_1_172' title='bbox 3581 996 3722 1050; x_wconf 87' lang='lat' dir='ltr'><strong>quam</strong></span> 
     </span>
    </p>
   </div>
   <div class='ocr_carea' id='block_1_25' title="bbox 2155 1065 3723 1136">
    <p class='ocr_par' dir='ltr' id='par_1_25' title="bbox 2155 1065 3723 1136">
     <span class='ocr_line' id='line_1_25' title="bbox 2155 1065 3723 1136; baseline 0 -12"><span class='ocrx_word' id='word_1_173' title='bbox 2155 1069 2223 1124; x_wconf 90' lang='lat' dir='ltr'><strong>ad</strong></span> <span class='ocrx_word' id='word_1_174' title='bbox 2265 1069 2636 1123; x_wconf 87' lang='lat' dir='ltr'><strong>maturitatem</strong></span> <span class='ocrx_word' id='word_1_175' title='bbox 2684 1067 3020 1136; x_wconf 87' lang='lat' dir='ltr'><strong>perveniant.</strong></span> <span class='ocrx_word' id='word_1_176' title='bbox 3072 1065 3260 1135; x_wconf 84' lang='lat' dir='ltr'><strong>Itaque</strong></span> <span class='ocrx_word' id='word_1_177' title='bbox 3305 1067 3624 1131; x_wconf 82' lang='lat' dir='ltr'><strong>sessionem,</strong></span> <span class='ocrx_word' id='word_1_178' title='bbox 3681 1082 3723 1124; x_wconf 88' lang='lat' dir='ltr'><strong>et</strong></span> 
     </span>
    </p>
   </div>
   <div class='ocr_carea' id='block_1_26' title="bbox 2154 1140 3723 1230">
    <p class='ocr_par' dir='ltr' id='par_1_26' title="bbox 2154 1140 3723 1230">
     <span class='ocr_line' id='line_1_26' title="bbox 2154 1140 3723 1230; baseline 0 -16"><span class='ocrx_word' id='word_1_179' title='bbox 2154 1173 2458 1230; x_wconf 81' lang='lat' dir='ltr'><strong>egressum,</strong></span> <span class='ocrx_word' id='word_1_180' title='bbox 2495 1165 2552 1212; x_wconf 90' lang='lat' dir='ltr'><strong>et</strong></span> <span class='ocrx_word' id='word_1_181' title='bbox 2581 1140 2866 1211; x_wconf 82' lang='lat' dir='ltr'><strong>introitum</strong></span> <span class='ocrx_word' id='word_1_182' title='bbox 2909 1156 3063 1210; x_wconf 85' lang='lat' dir='ltr'><strong>tuum</strong></span> <span class='ocrx_word' id='word_1_183' title='bbox 3092 1165 3219 1210; x_wconf 90' lang='lat' dir='ltr'><strong>ante</strong></span> <span class='ocrx_word' id='word_1_184' title='bbox 3253 1158 3504 1227; x_wconf 81' lang='lat' dir='ltr'><strong>cognovi,</strong></span> <span class='ocrx_word' id='word_1_185' title='bbox 3525 1168 3579 1213; x_wconf 90' lang='lat' dir='ltr'><strong>et</strong></span> <span class='ocrx_word' id='word_1_186' title='bbox 3605 1160 3723 1214; x_wconf 85' lang='lat' dir='ltr'><strong>insa-</strong></span> 
     </span>
    </p>
   </div>
   <div class='ocr_carea' id='block_1_27' title="bbox 2154 1247 3723 1327">
    <p class='ocr_par' dir='ltr' id='par_1_27' title="bbox 2154 1247 3723 1327">
     <span class='ocr_line' id='line_1_27' title="bbox 2154 1247 3723 1327; baseline 0.003 -26"><span class='ocrx_word' id='word_1_187' title='bbox 2154 1250 2321 1311; x_wconf 87' lang='lat' dir='ltr'><strong>niam,</strong></span> <span class='ocrx_word' id='word_1_188' title='bbox 2352 1263 2457 1317; x_wconf 87' lang='lat' dir='ltr'><strong>qua</strong></span> <span class='ocrx_word' id='word_1_189' title='bbox 2486 1255 2676 1301; x_wconf 87' lang='lat' dir='ltr'><strong>contra</strong></span> <span class='ocrx_word' id='word_1_190' title='bbox 2709 1261 2795 1300; x_wconf 91' lang='lat' dir='ltr'><strong>me</strong></span> <span class='ocrx_word' id='word_1_191' title='bbox 2821 1247 3257 1303; x_wconf 85' lang='lat' dir='ltr'><strong>debacchatnrus</strong></span> <span class='ocrx_word' id='word_1_192' title='bbox 3287 1265 3430 1327; x_wconf 82' lang='lat' dir='ltr'><strong>eras,</strong></span> <span class='ocrx_word' id='word_1_193' title='bbox 3466 1253 3723 1321; x_wconf 79' lang='lat' dir='ltr'><strong>prophetis</strong></span> 
     </span>
    </p>
   </div>
   <div class='ocr_carea' id='block_1_28' title="bbox 2157 1321 3720 1417">
    <p class='ocr_par' dir='ltr' id='par_1_28' title="bbox 2157 1321 3720 1417">
     <span class='ocr_line' id='line_1_28' title="bbox 2157 1321 3720 1417; baseline 0.002 -26"><span class='ocrx_word' id='word_1_194' title='bbox 2157 1321 2577 1391; x_wconf 86' lang='lat' dir='ltr'><strong>vaticinantibus</strong></span> <span class='ocrx_word' id='word_1_195' title='bbox 2605 1352 2728 1390; x_wconf 89' lang='lat' dir='ltr'><strong>sum</strong></span> <span class='ocrx_word' id='word_1_196' title='bbox 2758 1336 2993 1401; x_wconf 86' lang='lat' dir='ltr'><strong>locutus;</strong></span> <span class='ocrx_word' id='word_1_197' title='bbox 3029 1353 3127 1417; x_wconf 82' lang='lat' dir='ltr'><strong>per</strong></span> <span class='ocrx_word' id='word_1_198' title='bbox 3154 1353 3292 1414; x_wconf 82' lang='lat' dir='ltr'><strong>quos</strong></span> <span class='ocrx_word' id='word_1_199' title='bbox 3315 1323 3446 1417; x_wconf 84' lang='lat' dir='ltr'><strong>olim</strong></span> <span class='ocrx_word' id='word_1_200' title='bbox 3473 1339 3720 1395; x_wconf 85' lang='lat' dir='ltr'><strong>dicturum</strong></span> 
     </span>
    </p>
   </div>
   <div class='ocr_carea' id='block_1_29' title="bbox 2154 1426 3737 1499">
    <p class='ocr_par' dir='ltr' id='par_1_29' title="bbox 2154 1426 3737 1499">
     <span class='ocr_line' id='line_1_29' title="bbox 2154 1426 3737 1499; baseline 0.001 -15"><span class='ocrx_word' id='word_1_201' title='bbox 2154 1443 2275 1484; x_wconf 88' lang='lat' dir='ltr'><strong>esse</strong></span> <span class='ocrx_word' id='word_1_202' title='bbox 2306 1437 2356 1484; x_wconf 91' lang='lat' dir='ltr'><strong>te</strong></span> <span class='ocrx_word' id='word_1_203' title='bbox 2386 1443 2666 1483; x_wconf 88' lang='lat' dir='ltr'><strong>noveram.</strong></span> <span class='ocrx_word' id='word_1_204' title='bbox 2695 1427 2850 1499; x_wconf 86' lang='lat' dir='ltr'><strong>(Isai.</strong></span> <span class='ocrx_word' id='word_1_205' title='bbox 2876 1443 2986 1491; x_wconf 85' lang='lat' dir='ltr'><strong>xw,</strong></span> <span class='ocrx_word' id='word_1_206' title='bbox 3019 1427 3107 1498; x_wconf 70' lang='grc'><strong>14)</strong></span> <span class='ocrx_word' id='word_1_207' title='bbox 3137 1426 3205 1482; x_wconf 87' lang='lat' dir='ltr'><strong>In</strong></span> <span class='ocrx_word' id='word_1_208' title='bbox 3231 1427 3418 1482; x_wconf 70' lang='lat' dir='ltr'><strong>malum</strong></span> <span class='ocrx_word' id='word_1_209' title='bbox 3463 1431 3737 1486; x_wconf 74' lang='lat' dir='ltr'><strong>ascendam.</strong></span> 
     </span>
    </p>
   </div>
   <div class='ocr_carea' id='block_1_30' title="bbox 2153 1501 3721 1590">
    <p class='ocr_par' dir='ltr' id='par_1_30' title="bbox 2153 1501 3721 1590">
     <span class='ocr_line' id='line_1_30' title="bbox 2153 1501 3721 1590; baseline 0 -17"><span class='ocrx_word' id='word_1_210' title='bbox 2153 1536 2310 1588; x_wconf 86' lang='lat' dir='ltr'><strong>super</strong></span> <span class='ocrx_word' id='word_1_211' title='bbox 2343 1518 2518 1572; x_wconf 77' lang='lat' dir='ltr'><strong>sidera</strong></span> <span class='ocrx_word' id='word_1_212' title='bbox 2541 1501 2655 1572; x_wconf 77' lang='lat' dir='ltr'><strong>cazli</strong></span> <span class='ocrx_word' id='word_1_213' title='bbox 2675 1534 2867 1588; x_wconf 90' lang='lat' dir='ltr'><strong>ponam</strong></span> <span class='ocrx_word' id='word_1_214' title='bbox 2888 1517 3132 1570; x_wconf 82' lang='lat' dir='ltr'><strong>thronum</strong></span> <span class='ocrx_word' id='word_1_215' title='bbox 3167 1534 3360 1583; x_wconf 87' lang='lat' dir='ltr'><strong>meum,</strong></span> <span class='ocrx_word' id='word_1_216' title='bbox 3385 1536 3578 1590; x_wconf 85' lang='lat' dir='ltr'><strong>eraque</strong></span> <span class='ocrx_word' id='word_1_217' title='bbox 3601 1522 3721 1575; x_wconf 74' lang='lat' dir='ltr'><strong>simi-</strong></span> 
     </span>
    </p>
   </div>
   <div class='ocr_carea' id='block_1_31' title="bbox 2154 1591 3721 1683">
    <p class='ocr_par' dir='ltr' id='par_1_31' title="bbox 2154 1591 3721 1683">
     <span class='ocr_line' id='line_1_31' title="bbox 2154 1591 3721 1683; baseline 0.003 -20"><span class='ocrx_word' id='word_1_218' title='bbox 2154 1608 2218 1663; x_wconf 85' lang='lat' dir='ltr'><strong>lis</strong></span> <span class='ocrx_word' id='word_1_219' title='bbox 2247 1591 2536 1662; x_wconf 82' lang='lat' dir='ltr'><strong>Altissimo.</strong></span> <span class='ocrx_word' id='word_1_220' title='bbox 2579 1593 2765 1678; x_wconf 83' lang='lat' dir='ltr'><strong>Itaque</strong></span> <span class='ocrx_word' id='word_1_221' title='bbox 2791 1606 2942 1662; x_wconf 81' lang='lat' dir='ltr'><strong>furor</strong></span> <span class='ocrx_word' id='word_1_222' title='bbox 2971 1616 3118 1673; x_wconf 92' lang='lat' dir='ltr'><strong>tuus,</strong></span> <span class='ocrx_word' id='word_1_223' title='bbox 3147 1603 3202 1663; x_wconf 79' lang='lat' dir='ltr'><strong>et</strong></span> <span class='ocrx_word' id='word_1_224' title='bbox 3229 1611 3480 1679; x_wconf 85' lang='lat' dir='ltr'><strong>superbia</strong></span> <span class='ocrx_word' id='word_1_225' title='bbox 3509 1619 3599 1664; x_wconf 89' lang='lat' dir='ltr'><strong>tua</strong></span> <span class='ocrx_word' id='word_1_226' title='bbox 3625 1629 3721 1683; x_wconf 74' lang='grc' dir='ltr'><strong>ρετ-</strong></span> 
     </span>
    </p>
   </div>
   <div class='ocr_carea' id='block_1_32' title="bbox 2153 1688 3719 1775">
    <p class='ocr_par' dir='ltr' id='par_1_32' title="bbox 2153 1688 3719 1775">
     <span class='ocr_line' id='line_1_32' title="bbox 2153 1688 3719 1775; baseline 0.003 -20"><span class='ocrx_word' id='word_1_227' title='bbox 2153 1701 2305 1755; x_wconf 86' lang='lat' dir='ltr'><strong>venit</strong></span> <span class='ocrx_word' id='word_1_228' title='bbox 2335 1688 2388 1754; x_wconf 88' lang='lat' dir='ltr'><strong>in</strong></span> <span class='ocrx_word' id='word_1_229' title='bbox 2432 1715 2594 1755; x_wconf 89' lang='lat' dir='ltr'><strong>aures</strong></span> <span class='ocrx_word' id='word_1_230' title='bbox 2641 1715 2813 1766; x_wconf 86' lang='lat' dir='ltr'><strong>meas,</strong></span> <span class='ocrx_word' id='word_1_231' title='bbox 2855 1710 2910 1756; x_wconf 91' lang='lat' dir='ltr'><strong>et</strong></span> <span class='ocrx_word' id='word_1_232' title='bbox 2955 1717 3297 1772; x_wconf 89' lang='lat' dir='ltr'><strong>nequaquam</strong></span> <span class='ocrx_word' id='word_1_233' title='bbox 3333 1713 3385 1757; x_wconf 88' lang='lat' dir='ltr'><strong>te</strong></span> <span class='ocrx_word' id='word_1_234' title='bbox 3427 1703 3572 1758; x_wconf 88' lang='lat' dir='ltr'><strong>ultra</strong></span> <span class='ocrx_word' id='word_1_235' title='bbox 3618 1722 3719 1775; x_wconf 88' lang='lat' dir='ltr'><strong>por-</strong></span> 
     </span>
    </p>
   </div>
   <div class='ocr_carea' id='block_1_33' title="bbox 472 1778 3722 1876">
    <p class='ocr_par' dir='ltr' id='par_1_33' title="bbox 472 1778 3722 1876">
     <span class='ocr_line' id='line_1_33' title="bbox 472 1778 3722 1876; baseline 0.006 -29"><span class='ocrx_word' id='word_1_236' title='bbox 472 1792 598 1861; x_wconf 79' lang='lat' dir='ltr'><strong>lilia,</strong></span> <span class='ocrx_word' id='word_1_237' title='bbox 629 1795 754 1864; x_wconf 82' lang='lat' dir='ltr'><strong>quia</strong></span> <span class='ocrx_word' id='word_1_238' title='bbox 794 1810 859 1850; x_wconf 72' lang='lat' dir='ltr'><strong>ex</strong></span> <span class='ocrx_word' id='word_1_239' title='bbox 891 1797 1102 1852; x_wconf 85' lang='lat' dir='ltr'><strong>cunctis</strong></span> <span class='ocrx_word' id='word_1_240' title='bbox 1152 1799 1404 1868; x_wconf 75' lang='lat' dir='ltr'><strong>gentibus</strong></span> <span class='ocrx_word' id='word_1_241' title='bbox 1449 1778 1741 1855; x_wconf 53' lang='lat' dir='ltr'><strong>simulata</strong></span> <span class='ocrx_word' id='word_1_242' title='bbox 1775 1800 2053 1855; x_wconf 87' lang='lat' dir='ltr'><strong>adoranti-</strong></span> <span class='ocrx_word' id='word_1_243' title='bbox 2079 1779 2127 1839; x_wconf 88' lang='grc' dir='ltr'>Β</span> <span class='ocrx_word' id='word_1_244' title='bbox 2157 1794 2304 1876; x_wconf 62' lang='lat' dir='ltr'><strong>tabo.</strong></span> <span class='ocrx_word' id='word_1_245' title='bbox 2329 1804 2389 1849; x_wconf 77' lang='grc' dir='ltr'><strong>ιιι</strong></span> <span class='ocrx_word' id='word_1_246' title='bbox 2417 1778 2688 1864; x_wconf 68' lang='lat' dir='ltr'><strong>intelligas</strong></span> <span class='ocrx_word' id='word_1_247' title='bbox 2708 1795 2851 1874; x_wconf 77' lang='lat' dir='ltr'><strong>quod</strong></span> <span class='ocrx_word' id='word_1_248' title='bbox 2878 1795 3121 1874; x_wconf 73' lang='lat' dir='ltr'><strong>potuisti.</strong></span> <span class='ocrx_word' id='word_1_249' title='bbox 3156 1811 3264 1850; x_wconf 70' lang='lat' dir='ltr'><strong>non</strong></span> <span class='ocrx_word' id='word_1_250' title='bbox 3292 1796 3401 1852; x_wconf 74' lang='lat' dir='ltr'><strong>tuis</strong></span> <span class='ocrx_word' id='word_1_251' title='bbox 3426 1798 3661 1866; x_wconf 71' lang='lat' dir='ltr'><strong>potuisse</strong></span> <span class='ocrx_word' id='word_1_252' title='bbox 3683 1808 3722 1854; x_wconf 75' lang='grc' dir='ltr'><strong>ιε</strong></span> 
     </span>
    </p>
   </div>
   <div class='ocr_carea' id='block_1_34' title="bbox 467 1884 2049 1963">
    <p class='ocr_par' dir='ltr' id='par_1_34' title="bbox 467 1884 2049 1963">
     <span class='ocr_line' id='line_1_34' title="bbox 467 1884 2049 1963; baseline 0.004 -22"><span class='ocrx_word' id='word_1_253' title='bbox 467 1884 587 1951; x_wconf 83' lang='lat' dir='ltr'><strong>bus,</strong></span> <span class='ocrx_word' id='word_1_254' title='bbox 621 1887 736 1942; x_wconf 82' lang='lat' dir='ltr'><strong>haec</strong></span> <span class='ocrx_word' id='word_1_255' title='bbox 763 1887 878 1942; x_wconf 87' lang='lat' dir='ltr'><strong>sola</strong></span> <span class='ocrx_word' id='word_1_256' title='bbox 919 1897 1209 1943; x_wconf 87' lang='lat' dir='ltr'><strong>conservat</strong></span> <span class='ocrx_word' id='word_1_257' title='bbox 1246 1891 1555 1946; x_wconf 83' lang='lat' dir='ltr'><strong>castitatem</strong></span> <span class='ocrx_word' id='word_1_258' title='bbox 1605 1892 1882 1963; x_wconf 79' lang='lat' dir='ltr'><strong>religionis</strong></span> <span class='ocrx_word' id='word_1_259' title='bbox 1929 1893 2049 1959; x_wconf 89' lang='lat' dir='ltr'><strong>Dei,</strong></span> 
     </span>
    </p>
   </div>
   <div class='ocr_carea' id='block_1_35' title="bbox 467 1979 2054 2055">
    <p class='ocr_par' dir='ltr' id='par_1_35' title="bbox 467 1979 2054 2055">
     <span class='ocr_line' id='line_1_35' title="bbox 467 1979 2054 2055; baseline 0.003 -22"><span class='ocrx_word' id='word_1_260' title='bbox 467 1986 524 2033; x_wconf 87' lang='lat' dir='ltr'><strong>et</strong></span> <span class='ocrx_word' id='word_1_261' title='bbox 571 1979 734 2034; x_wconf 84' lang='lat' dir='ltr'><strong>unius</strong></span> <span class='ocrx_word' id='word_1_262' title='bbox 787 1979 1090 2035; x_wconf 87' lang='lat' dir='ltr'><strong>divinitatis</strong></span> <span class='ocrx_word' id='word_1_263' title='bbox 1139 1981 1362 2035; x_wconf 89' lang='lat' dir='ltr'><strong>cultum.</strong></span> <span class='ocrx_word' id='word_1_264' title='bbox 1415 1980 1765 2038; x_wconf 81' lang='lat' dir='ltr'><strong>Subsanuavit</strong></span> <span class='ocrx_word' id='word_1_265' title='bbox 1809 1991 1858 2037; x_wconf 88' lang='lat' dir='ltr'><strong>te</strong></span> <span class='ocrx_word' id='word_1_266' title='bbox 1896 1994 2054 2055; x_wconf 85' lang='lat' dir='ltr'><strong>atque</strong></span> 
     </span>
    </p>
   </div>
   <div class='ocr_carea' id='block_1_36' title="bbox 466 2069 2054 2143">
    <p class='ocr_par' dir='ltr' id='par_1_36' title="bbox 466 2069 2054 2143">
     <span class='ocr_line' id='line_1_36' title="bbox 466 2069 2054 2143; baseline 0.004 -20"><span class='ocrx_word' id='word_1_267' title='bbox 466 2069 718 2141; x_wconf 73' lang='lat' dir='ltr'><strong>despexit.</strong></span> <span class='ocrx_word' id='word_1_268' title='bbox 743 2069 812 2124; x_wconf 89' lang='lat' dir='ltr'><strong>Et</strong></span> <span class='ocrx_word' id='word_1_269' title='bbox 839 2086 982 2140; x_wconf 71' lang='lat' dir='ltr'><strong>quae,</strong></span> <span class='ocrx_word' id='word_1_270' title='bbox 1006 2087 1076 2126; x_wconf 91' lang='lat' dir='ltr'><strong>ne</strong></span> <span class='ocrx_word' id='word_1_271' title='bbox 1098 2080 1150 2127; x_wconf 91' lang='lat' dir='ltr'><strong>te</strong></span> <span class='ocrx_word' id='word_1_272' title='bbox 1173 2073 1241 2126; x_wconf 90' lang='lat' dir='ltr'><strong>ad</strong></span> <span class='ocrx_word' id='word_1_273' title='bbox 1271 2071 1506 2140; x_wconf 86' lang='lat' dir='ltr'><strong>majores</strong></span> <span class='ocrx_word' id='word_1_274' title='bbox 1534 2073 1900 2143; x_wconf 90' lang='lat' dir='ltr'><strong>blasphemias</strong></span> <span class='ocrx_word' id='word_1_275' title='bbox 1923 2091 2054 2130; x_wconf 86' lang='lat' dir='ltr'><strong>con-</strong></span> 
     </span>
    </p>
   </div>
   <div class='ocr_carea' id='block_1_37' title="bbox 467 2161 2050 2234">
    <p class='ocr_par' dir='ltr' id='par_1_37' title="bbox 467 2161 2050 2234">
     <span class='ocr_line' id='line_1_37' title="bbox 467 2161 2050 2234; baseline 0.004 -19"><span class='ocrx_word' id='word_1_276' title='bbox 467 2161 684 2226; x_wconf 76' lang='lat' dir='ltr'><strong>citaret,</strong></span> <span class='ocrx_word' id='word_1_277' title='bbox 713 2163 960 2233; x_wconf 65' lang='lat' dir='ltr'><strong>praesenti</strong></span> <span class='ocrx_word' id='word_1_278' title='bbox 986 2178 1093 2217; x_wconf 91' lang='lat' dir='ltr'><strong>non</strong></span> <span class='ocrx_word' id='word_1_279' title='bbox 1130 2165 1511 2234; x_wconf 85' lang='lat' dir='ltr'><strong>respondebat.</strong></span> <span class='ocrx_word' id='word_1_280' title='bbox 1540 2163 1689 2231; x_wconf 85' lang='lat' dir='ltr'><strong>Post,</strong></span> <span class='ocrx_word' id='word_1_281' title='bbox 1720 2175 1770 2221; x_wconf 86' lang='lat' dir='ltr'><strong>te</strong></span> <span class='ocrx_word' id='word_1_282' title='bbox 1796 2165 2050 2234; x_wconf 89' lang='lat' dir='ltr'><strong>abeunte,</strong></span> 
     </span>
    </p>
   </div>
   <div class='ocr_carea' id='block_1_38' title="bbox 467 2253 2052 2324">
    <p class='ocr_par' dir='ltr' id='par_1_38' title="bbox 467 2253 2052 2324">
     <span class='ocr_line' id='line_1_38' title="bbox 467 2253 2052 2324; baseline 0.006 -20"><span class='ocrx_word' id='word_1_283' title='bbox 467 2253 686 2306; x_wconf 79' lang='lat' dir='ltr'><strong>movebit</strong></span> <span class='ocrx_word' id='word_1_284' title='bbox 737 2262 893 2324; x_wconf 88' lang='lat' dir='ltr'><strong>caput</strong></span> <span class='ocrx_word' id='word_1_285' title='bbox 943 2271 1120 2309; x_wconf 82' lang='lat' dir='ltr'><strong>suum.</strong></span> <span class='ocrx_word' id='word_1_286' title='bbox 1175 2254 1336 2310; x_wconf 81' lang='lat' dir='ltr'><strong>Certa</strong></span> <span class='ocrx_word' id='word_1_287' title='bbox 1384 2256 1453 2310; x_wconf 88' lang='lat' dir='ltr'><strong>de</strong></span> <span class='ocrx_word' id='word_1_288' title='bbox 1490 2257 1717 2323; x_wconf 90' lang='lat' dir='ltr'><strong>ultione,</strong></span> <span class='ocrx_word' id='word_1_289' title='bbox 1763 2273 1957 2313; x_wconf 85' lang='lat' dir='ltr'><strong>secura</strong></span> <span class='ocrx_word' id='word_1_290' title='bbox 1985 2259 2052 2314; x_wconf 88' lang='lat' dir='ltr'><strong>de</strong></span> 
     </span>
    </p>
   </div>
   <div class='ocr_carea' id='block_1_39' title="bbox 467 2345 2055 2414">
    <p class='ocr_par' dir='ltr' id='par_1_39' title="bbox 467 2345 2055 2414">
     <span class='ocr_line' id='line_1_39' title="bbox 467 2345 2055 2414; baseline 0.006 -18"><span class='ocrx_word' id='word_1_291' title='bbox 467 2356 659 2412; x_wconf 68' lang='lat' dir='ltr'><strong>paena,</strong></span> <span class='ocrx_word' id='word_1_292' title='bbox 683 2351 738 2399; x_wconf 89' lang='lat' dir='ltr'><strong>et</strong></span> <span class='ocrx_word' id='word_1_293' title='bbox 759 2345 875 2401; x_wconf 70' lang='lat' dir='ltr'><strong>tunc</strong></span> <span class='ocrx_word' id='word_1_294' title='bbox 902 2345 1115 2402; x_wconf 90' lang='lat' dir='ltr'><strong>locutus</strong></span> <span class='ocrx_word' id='word_1_295' title='bbox 1167 2355 1250 2402; x_wconf 90' lang='lat' dir='ltr'><strong>est</strong></span> <span class='ocrx_word' id='word_1_296' title='bbox 1278 2366 1290 2401; x_wconf 92' lang='lat'>:</span> <span class='ocrx_word' id='word_1_297' title='bbox 1317 2362 1424 2403; x_wconf 92' lang='lat' dir='ltr'><strong>non</strong></span> <span class='ocrx_word' id='word_1_298' title='bbox 1448 2357 1640 2402; x_wconf 90' lang='lat' dir='ltr'><strong>contra</strong></span> <span class='ocrx_word' id='word_1_299' title='bbox 1673 2363 1779 2414; x_wconf 90' lang='lat' dir='ltr'><strong>me,</strong></span> <span class='ocrx_word' id='word_1_300' title='bbox 1809 2349 1904 2404; x_wconf 90' lang='lat' dir='ltr'><strong>sed</strong></span> <span class='ocrx_word' id='word_1_301' title='bbox 1930 2364 2055 2405; x_wconf 91' lang='lat' dir='ltr'><strong>con-</strong></span> 
     </span>
    </p>
   </div>
   <div class='ocr_carea' id='block_1_40' title="bbox 467 2435 2055 2513">
    <p class='ocr_par' dir='ltr' id='par_1_40' title="bbox 467 2435 2055 2513">
     <span class='ocr_line' id='line_1_40' title="bbox 467 2435 2055 2513; baseline 0.007 -26"><span class='ocrx_word' id='word_1_302' title='bbox 467 2443 549 2488; x_wconf 82' lang='lat' dir='ltr'><strong>tra</strong></span> <span class='ocrx_word' id='word_1_303' title='bbox 589 2435 877 2492; x_wconf 86' lang='lat' dir='ltr'><strong>Dominum</strong></span> <span class='ocrx_word' id='word_1_304' title='bbox 924 2440 1234 2507; x_wconf 88' lang='lat' dir='ltr'><strong>superbisti,</strong></span> <span class='ocrx_word' id='word_1_305' title='bbox 1283 2456 1385 2496; x_wconf 91' lang='lat' dir='ltr'><strong>nec</strong></span> <span class='ocrx_word' id='word_1_306' title='bbox 1431 2442 1544 2511; x_wconf 87' lang='lat' dir='ltr'><strong>ipse</strong></span> <span class='ocrx_word' id='word_1_307' title='bbox 1588 2456 1686 2510; x_wconf 91' lang='lat' dir='ltr'><strong>per</strong></span> <span class='ocrx_word' id='word_1_308' title='bbox 1724 2449 1798 2508; x_wconf 89' lang='lat' dir='ltr'><strong>te,</strong></span> <span class='ocrx_word' id='word_1_309' title='bbox 1831 2443 1924 2498; x_wconf 90' lang='lat' dir='ltr'><strong>sed</strong></span> <span class='ocrx_word' id='word_1_310' title='bbox 1955 2457 2055 2513; x_wconf 87' lang='lat' dir='ltr'><strong>per</strong></span> 
     </span>
    </p>
   </div>
   <div class='ocr_carea' id='block_1_41' title="bbox 464 2529 2048 2604">
    <p class='ocr_par' dir='ltr' id='par_1_41' title="bbox 464 2529 2048 2604">
     <span class='ocr_line' id='line_1_41' title="bbox 464 2529 2048 2604; baseline 0.006 -24"><span class='ocrx_word' id='word_1_311' title='bbox 464 2541 652 2582; x_wconf 78' lang='lat' dir='ltr'><strong>servos</strong></span> <span class='ocrx_word' id='word_1_312' title='bbox 697 2536 857 2596; x_wconf 91' lang='lat' dir='ltr'><strong>tuos,</strong></span> <span class='ocrx_word' id='word_1_313' title='bbox 907 2539 970 2584; x_wconf 90' lang='lat' dir='ltr'><strong>ut</strong></span> <span class='ocrx_word' id='word_1_314' title='bbox 1009 2529 1186 2600; x_wconf 85' lang='lat' dir='ltr'><strong>major</strong></span> <span class='ocrx_word' id='word_1_315' title='bbox 1233 2540 1383 2587; x_wconf 89' lang='lat' dir='ltr'><strong>esset</strong></span> <span class='ocrx_word' id='word_1_316' title='bbox 1431 2533 1743 2603; x_wconf 83' lang='lat' dir='ltr'><strong>arrogantia</strong></span> <span class='ocrx_word' id='word_1_317' title='bbox 1795 2533 2048 2604; x_wconf 86' lang='lat' dir='ltr'><strong>blasphe-</strong></span> 
     </span>
    </p>
   </div>
   <div class='ocr_carea' id='block_1_42' title="bbox 465 2617 2052 2694">
    <p class='ocr_par' dir='ltr' id='par_1_42' title="bbox 465 2617 2052 2694">
     <span class='ocr_line' id='line_1_42' title="bbox 465 2617 2052 2694; baseline 0.005 -24"><span class='ocrx_word' id='word_1_318' title='bbox 465 2617 684 2672; x_wconf 82' lang='lat' dir='ltr'><strong>mantis.</strong></span> <span class='ocrx_word' id='word_1_319' title='bbox 720 2617 746 2658; x_wconf 70' lang='grc' dir='ltr'><strong>ι’</strong></span> <span class='ocrx_word' id='word_1_320' title='bbox 774 2618 973 2674; x_wconf 71' lang='grc' dir='ltr'><strong>Βὶετίειὶ</strong></span> <span class='ocrx_word' id='word_1_321' title='bbox 1001 2621 1136 2676; x_wconf 83' lang='lat' dir='ltr'><strong>enim</strong></span> <span class='ocrx_word' id='word_1_322' title='bbox 1160 2621 1300 2692; x_wconf 88' lang='lat' dir='ltr'><strong>quod</strong></span> <span class='ocrx_word' id='word_1_323' title='bbox 1337 2623 1395 2676; x_wconf 89' lang='lat' dir='ltr'><strong>in</strong></span> <span class='ocrx_word' id='word_1_324' title='bbox 1427 2622 1808 2694; x_wconf 81' lang='lat' dir='ltr'><strong>quadrigarum</strong></span> <span class='ocrx_word' id='word_1_325' title='bbox 1837 2632 2052 2678; x_wconf 87' lang='lat' dir='ltr'><strong>tuarum</strong></span> 
     </span>
    </p>
   </div>
   <div class='ocr_carea' id='block_1_43' title="bbox 463 2709 2051 2788">
    <p class='ocr_par' dir='ltr' id='par_1_43' title="bbox 463 2709 2051 2788">
     <span class='ocr_line' id='line_1_43' title="bbox 463 2709 2051 2788; baseline 0.004 -26"><span class='ocrx_word' id='word_1_326' title='bbox 463 2709 802 2788; x_wconf 75' lang='lat' dir='ltr'><strong>multitudine</strong></span> <span class='ocrx_word' id='word_1_327' title='bbox 853 2713 1154 2767; x_wconf 80' lang='lat' dir='ltr'><strong>ascenderis</strong></span> <span class='ocrx_word' id='word_1_328' title='bbox 1198 2715 1255 2768; x_wconf 83' lang='lat' dir='ltr'><strong>in</strong></span> <span class='ocrx_word' id='word_1_329' title='bbox 1307 2713 1641 2768; x_wconf 83' lang='lat' dir='ltr'><strong>altitudinem</strong></span> <span class='ocrx_word' id='word_1_330' title='bbox 1687 2716 1968 2780; x_wconf 87' lang='lat' dir='ltr'><strong>montium,</strong></span> <span class='ocrx_word' id='word_1_331' title='bbox 2003 2724 2051 2770; x_wconf 91' lang='lat' dir='ltr'><strong>et</strong></span> 
     </span>
    </p>
   </div>
   <div class='ocr_carea' id='block_1_44' title="bbox 453 2799 2054 2877">
    <p class='ocr_par' dir='ltr' id='par_1_44' title="bbox 453 2799 2054 2877">
     <span class='ocr_line' id='line_1_44' title="bbox 453 2799 2054 2877; baseline 0.007 -25"><span class='ocrx_word' id='word_1_332' title='bbox 453 2799 589 2870; x_wconf 81' lang='lat' dir='ltr'><strong>juga</strong></span> <span class='ocrx_word' id='word_1_333' title='bbox 617 2799 804 2857; x_wconf 82' lang='lat' dir='ltr'><strong>Libani</strong></span> <span class='ocrx_word' id='word_1_334' title='bbox 842 2803 1047 2858; x_wconf 71' lang='lat' dir='ltr'><strong>excelsa</strong></span> <span class='ocrx_word' id='word_1_335' title='bbox 1073 2805 1379 2860; x_wconf 85' lang='lat' dir='ltr'><strong>succideris.</strong></span> <span class='ocrx_word' id='word_1_336' title='bbox 1407 2805 1614 2862; x_wconf 83' lang='lat' dir='ltr'><strong>Cedros</strong></span> <span class='ocrx_word' id='word_1_337' title='bbox 1657 2814 1819 2877; x_wconf 88' lang='lat' dir='ltr'><strong>atque</strong></span> <span class='ocrx_word' id='word_1_338' title='bbox 1845 2807 2054 2863; x_wconf 83' lang='lat' dir='ltr'><strong>abietes</strong></span> 
     </span>
    </p>
   </div>
   <div class='ocr_carea' id='block_1_45' title="bbox 464 2891 2054 2969">
    <p class='ocr_par' dir='ltr' id='par_1_45' title="bbox 464 2891 2054 2969">
     <span class='ocr_line' id='line_1_45' title="bbox 464 2891 2054 2969; baseline 0.006 -23"><span class='ocrx_word' id='word_1_339' title='bbox 464 2891 626 2957; x_wconf 76' lang='lat' dir='ltr'><strong>illlus,</strong></span> <span class='ocrx_word' id='word_1_340' title='bbox 649 2909 769 2963; x_wconf 77' lang='lat' dir='ltr'><strong>qua:</strong></span> <span class='ocrx_word' id='word_1_341' title='bbox 801 2895 885 2950; x_wconf 90' lang='lat' dir='ltr'><strong>vel</strong></span> <span class='ocrx_word' id='word_1_342' title='bbox 914 2896 982 2950; x_wconf 85' lang='lat' dir='ltr'><strong>de</strong></span> <span class='ocrx_word' id='word_1_343' title='bbox 1009 2898 1218 2953; x_wconf 82' lang='lat' dir='ltr'><strong>cunctis</strong></span> <span class='ocrx_word' id='word_1_344' title='bbox 1267 2898 1524 2967; x_wconf 74' lang='lat' dir='ltr'><strong>gentibus</strong></span> <span class='ocrx_word' id='word_1_345' title='bbox 1565 2900 1938 2969; x_wconf 87' lang='lat' dir='ltr'><strong>metaphorice</strong></span> <span class='ocrx_word' id='word_1_346' title='bbox 1985 2901 2054 2957; x_wconf 91' lang='lat' dir='ltr'><strong>de</strong></span> 
     </span>
    </p>
   </div>
   <div class='ocr_carea' id='block_1_46' title="bbox 468 2983 2049 3061">
    <p class='ocr_par' dir='ltr' id='par_1_46' title="bbox 468 2983 2049 3061">
     <span class='ocr_line' id='line_1_46' title="bbox 468 2983 2049 3061; baseline 0.006 -24"><span class='ocrx_word' id='word_1_347' title='bbox 468 2983 800 3053; x_wconf 81' lang='lat' dir='ltr'><strong>principibus</strong></span> <span class='ocrx_word' id='word_1_348' title='bbox 848 3001 1046 3042; x_wconf 87' lang='lat' dir='ltr'><strong>earum</strong></span> <span class='ocrx_word' id='word_1_349' title='bbox 1067 2987 1328 3044; x_wconf 76' lang='lat' dir='ltr'><strong>debemus</strong></span> <span class='ocrx_word' id='word_1_350' title='bbox 1354 2990 1602 3061; x_wconf 83' lang='lat' dir='ltr'><strong>accipere</strong></span> <span class='ocrx_word' id='word_1_351' title='bbox 1627 3011 1643 3044; x_wconf 66' lang='lat'><strong>:~</strong></span> <span class='ocrx_word' id='word_1_352' title='bbox 1673 2990 1758 3046; x_wconf 90' lang='lat' dir='ltr'><strong>vel</strong></span> <span class='ocrx_word' id='word_1_353' title='bbox 1787 2989 2049 3047; x_wconf 78' lang='lat' dir='ltr'><strong>Hierusa—</strong></span> 
     </span>
    </p>
   </div>
   <div class='ocr_carea' id='block_1_47' title="bbox 462 3074 2050 3155">
    <p class='ocr_par' dir='ltr' id='par_1_47' title="bbox 462 3074 2050 3155">
     <span class='ocr_line' id='line_1_47' title="bbox 462 3074 2050 3155; baseline 0.004 -23"><span class='ocrx_word' id='word_1_354' title='bbox 462 3074 590 3140; x_wconf 83' lang='lat' dir='ltr'><strong>lem,</strong></span> <span class='ocrx_word' id='word_1_355' title='bbox 607 3090 730 3146; x_wconf 64' lang='lat' dir='ltr'><strong>qua</strong></span> <span class='ocrx_word' id='word_1_356' title='bbox 751 3077 1143 3148; x_wconf 78' lang='lat' dir='ltr'><strong>interpretatur</strong></span> <span class='ocrx_word' id='word_1_357' title='bbox 1154 3079 1418 3146; x_wconf 70' lang='lat' dir='ltr'><strong>Libanus;</strong></span> <span class='ocrx_word' id='word_1_358' title='bbox 1441 3091 1501 3137; x_wconf 92' lang='lat' dir='ltr'><strong>ut</strong></span> <span class='ocrx_word' id='word_1_359' title='bbox 1522 3083 1714 3138; x_wconf 80' lang='lat' dir='ltr'><strong>cedros</strong></span> <span class='ocrx_word' id='word_1_360' title='bbox 1733 3081 1870 3152; x_wconf 82' lang='lat' dir='ltr'><strong>ejus,</strong></span> <span class='ocrx_word' id='word_1_361' title='bbox 1888 3092 2050 3155; x_wconf 84' lang='lat' dir='ltr'><strong>atque</strong></span> 
     </span>
    </p>
   </div>
   <div class='ocr_carea' id='block_1_48' title="bbox 461 3163 2050 3246">
    <p class='ocr_par' dir='ltr' id='par_1_48' title="bbox 461 3163 2050 3246">
     <span class='ocr_line' id='line_1_48' title="bbox 461 3163 2050 3246; baseline 0.009 -28"><span class='ocrx_word' id='word_1_362' title='bbox 461 3163 671 3222; x_wconf 87' lang='lat' dir='ltr'><strong>abietes</strong></span> <span class='ocrx_word' id='word_1_363' title='bbox 713 3169 780 3224; x_wconf 84' lang='lat' dir='ltr'><strong>ad</strong></span> <span class='ocrx_word' id='word_1_364' title='bbox 819 3177 1070 3240; x_wconf 86' lang='lat' dir='ltr'><strong>potentes</strong></span> <span class='ocrx_word' id='word_1_365' title='bbox 1109 3187 1346 3243; x_wconf 85' lang='lat' dir='ltr'><strong>quoque,</strong></span> <span class='ocrx_word' id='word_1_366' title='bbox 1378 3183 1435 3229; x_wconf 92' lang='lat' dir='ltr'><strong>et</strong></span> <span class='ocrx_word' id='word_1_367' title='bbox 1461 3175 1774 3246; x_wconf 86' lang='lat' dir='ltr'><strong>optimates,</strong></span> <span class='ocrx_word' id='word_1_368' title='bbox 1807 3175 2050 3232; x_wconf 84' lang='lat' dir='ltr'><strong>altitudi-</strong></span> 
     </span>
    </p>
   </div>
   <div class='ocr_carea' id='block_1_49' title="bbox 463 3265 2053 3338">
    <p class='ocr_par' dir='ltr' id='par_1_49' title="bbox 463 3265 2053 3338">
     <span class='ocr_line' id='line_1_49' title="bbox 463 3265 2053 3338; baseline 0.007 -26"><span class='ocrx_word' id='word_1_369' title='bbox 463 3273 589 3313; x_wconf 84' lang='lat' dir='ltr'><strong>nem</strong></span> <span class='ocrx_word' id='word_1_370' title='bbox 626 3275 758 3316; x_wconf 88' lang='lat' dir='ltr'><strong>vero</strong></span> <span class='ocrx_word' id='word_1_371' title='bbox 786 3265 1131 3321; x_wconf 82' lang='lat' dir='ltr'><strong>summitates</strong></span> <span class='ocrx_word' id='word_1_372' title='bbox 1175 3265 1338 3332; x_wconf 89' lang='lat' dir='ltr'><strong>illius,</strong></span> <span class='ocrx_word' id='word_1_373' title='bbox 1370 3267 1679 3338; x_wconf 87' lang='lat' dir='ltr'><strong>saltumque</strong></span> <span class='ocrx_word' id='word_1_374' title='bbox 1703 3266 1938 3325; x_wconf 83' lang='lat' dir='ltr'><strong>Carmeli</strong></span> <span class='ocrx_word' id='word_1_375' title='bbox 1965 3283 2053 3323; x_wconf 81' lang='lat' dir='ltr'><strong>re-</strong></span> 
     </span>
    </p>
   </div>
   <div class='ocr_carea' id='block_1_50' title="bbox 463 3347 2050 3429">
    <p class='ocr_par' dir='ltr' id='par_1_50' title="bbox 463 3347 2050 3429">
     <span class='ocr_line' id='line_1_50' title="bbox 463 3347 2050 3429; baseline 0.006 -26"><span class='ocrx_word' id='word_1_376' title='bbox 463 3347 704 3408; x_wconf 69' lang='lat' dir='ltr'><strong>feramus</strong></span> <span class='ocrx_word' id='word_1_377' title='bbox 723 3354 794 3408; x_wconf 90' lang='lat' dir='ltr'><strong>ad</strong></span> <span class='ocrx_word' id='word_1_378' title='bbox 814 3354 1092 3425; x_wconf 86' lang='lat' dir='ltr'><strong>templum.</strong></span> <span class='ocrx_word' id='word_1_379' title='bbox 1109 3355 1372 3428; x_wconf 85' lang='lat' dir='ltr'><strong>Quodque</strong></span> <span class='ocrx_word' id='word_1_380' title='bbox 1389 3356 1580 3412; x_wconf 74' lang='lat' dir='ltr'><strong>infert:</strong></span> <span class='ocrx_word' id='word_1_381' title='bbox 1599 3357 1712 3429; x_wconf 80' lang='lat' dir='ltr'><strong>Ego</strong></span> <span class='ocrx_word' id='word_1_382' title='bbox 1733 3357 1870 3428; x_wconf 80' lang='lat' dir='ltr'><strong>fodi,</strong></span> <span class='ocrx_word' id='word_1_383' title='bbox 1882 3366 1932 3412; x_wconf 86' lang='lat' dir='ltr'><strong>et</strong></span> <span class='ocrx_word' id='word_1_384' title='bbox 1945 3358 2050 3413; x_wconf 75' lang='lat' dir='ltr'><strong>bibi</strong></span> 
     </span>
    </p>
   </div>
   <div class='ocr_carea' id='block_1_51' title="bbox 462 3445 2051 3520">
    <p class='ocr_par' dir='ltr' id='par_1_51' title="bbox 462 3445 2051 3520">
     <span class='ocr_line' id='line_1_51' title="bbox 462 3445 2051 3520; baseline 0.008 -27"><span class='ocrx_word' id='word_1_385' title='bbox 462 3455 680 3512; x_wconf 70' lang='lat' dir='ltr'><strong>aquam,</strong></span> <span class='ocrx_word' id='word_1_386' title='bbox 709 3453 759 3498; x_wconf 82' lang='lat' dir='ltr'><strong>et</strong></span> <span class='ocrx_word' id='word_1_387' title='bbox 787 3445 1044 3501; x_wconf 65' lang='grc' dir='ltr'><strong>ωεσσαυὶ</strong></span> <span class='ocrx_word' id='word_1_388' title='bbox 1071 3447 1284 3519; x_wconf 75' lang='lat' dir='ltr'><strong>uestigio</strong></span> <span class='ocrx_word' id='word_1_389' title='bbox 1318 3447 1465 3520; x_wconf 81' lang='lat' dir='ltr'><strong>pedis</strong></span> <span class='ocrx_word' id='word_1_390' title='bbox 1510 3449 1636 3514; x_wconf 83' lang='lat' dir='ltr'><strong>mei,</strong></span> <span class='ocrx_word' id='word_1_391' title='bbox 1680 3465 1856 3504; x_wconf 82' lang='lat' dir='ltr'><strong>omnes</strong></span> <span class='ocrx_word' id='word_1_392' title='bbox 1913 3451 2051 3505; x_wconf 76' lang='lat' dir='ltr'><strong>riuos</strong></span> 
     </span>
    </p>
   </div>
   <div class='ocr_carea' id='block_1_52' title="bbox 461 3533 2051 3613">
    <p class='ocr_par' dir='ltr' id='par_1_52' title="bbox 461 3533 2051 3613">
     <span class='ocr_line' id='line_1_52' title="bbox 461 3533 2051 3613; baseline 0.008 -28"><span class='ocrx_word' id='word_1_393' title='bbox 461 3548 710 3604; x_wconf 69' lang='lat' dir='ltr'><strong>aggerum</strong></span> <span class='ocrx_word' id='word_1_394' title='bbox 733 3551 752 3590; x_wconf 92' lang='lat'><strong><em>:</em></strong></span> <span class='ocrx_word' id='word_1_395' title='bbox 778 3533 894 3592; x_wconf 85' lang='lat' dir='ltr'><strong>IIoc</strong></span> <span class='ocrx_word' id='word_1_396' title='bbox 922 3538 1146 3612; x_wconf 78' lang='lat' dir='ltr'><strong>intelligi</strong></span> <span class='ocrx_word' id='word_1_397' title='bbox 1176 3547 1356 3610; x_wconf 87' lang='lat' dir='ltr'><strong>potest</strong></span> <span class='ocrx_word' id='word_1_398' title='bbox 1379 3538 1539 3609; x_wconf 88' lang='lat' dir='ltr'><strong>juxta</strong></span> <span class='ocrx_word' id='word_1_399' title='bbox 1568 3538 1880 3608; x_wconf 87' lang='lat' dir='ltr'><strong>historiam,</strong></span> <span class='ocrx_word' id='word_1_400' title='bbox 1906 3541 2051 3613; x_wconf 87' lang='lat' dir='ltr'><strong>quod</strong></span> 
     </span>
    </p>
   </div>
   <div class='ocr_carea' id='block_1_53' title="bbox 462 3625 2048 3700">
    <p class='ocr_par' dir='ltr' id='par_1_53' title="bbox 462 3625 2048 3700">
     <span class='ocr_line' id='line_1_53' title="bbox 462 3625 2048 3700; baseline 0.007 -22"><span class='ocrx_word' id='word_1_401' title='bbox 462 3634 562 3694; x_wconf 83' lang='lat' dir='ltr'><strong>pro</strong></span> <span class='ocrx_word' id='word_1_402' title='bbox 605 3625 950 3686; x_wconf 78' lang='lat' dir='ltr'><strong>multitudine</strong></span> <span class='ocrx_word' id='word_1_403' title='bbox 987 3632 1267 3687; x_wconf 82' lang='lat' dir='ltr'><strong>exercitus</strong></span> <span class='ocrx_word' id='word_1_404' title='bbox 1295 3633 1478 3688; x_wconf 86' lang='lat' dir='ltr'><strong>omnia</strong></span> <span class='ocrx_word' id='word_1_405' title='bbox 1505 3631 1707 3688; x_wconf 81' lang='lat' dir='ltr'><strong>ﬂuenta</strong></span> <span class='ocrx_word' id='word_1_406' title='bbox 1738 3633 2048 3700; x_wconf 87' lang='lat' dir='ltr'><strong>siccaverit,</strong></span> 
     </span>
    </p>
   </div>
   <div class='ocr_carea' id='block_1_54' title="bbox 461 3719 2052 3796">
    <p class='ocr_par' dir='ltr' id='par_1_54' title="bbox 461 3719 2052 3796">
     <span class='ocr_line' id='line_1_54' title="bbox 461 3719 2052 3796; baseline 0.006 -25"><span class='ocrx_word' id='word_1_407' title='bbox 461 3725 522 3772; x_wconf 88' lang='lat' dir='ltr'><strong>ut</strong></span> <span class='ocrx_word' id='word_1_408' title='bbox 564 3727 757 3787; x_wconf 86' lang='lat' dir='ltr'><strong>puteos</strong></span> <span class='ocrx_word' id='word_1_409' title='bbox 783 3721 888 3776; x_wconf 84' lang='lat' dir='ltr'><strong>sibi</strong></span> <span class='ocrx_word' id='word_1_410' title='bbox 917 3719 1104 3778; x_wconf 80' lang='lat' dir='ltr'><strong>fodere</strong></span> <span class='ocrx_word' id='word_1_411' title='bbox 1151 3724 1224 3778; x_wconf 89' lang='lat' dir='ltr'><strong>sit</strong></span> <span class='ocrx_word' id='word_1_412' title='bbox 1263 3725 1575 3796; x_wconf 88' lang='lat' dir='ltr'><strong>compulsus</strong></span> <span class='ocrx_word' id='word_1_413' title='bbox 1599 3738 1616 3778; x_wconf 89' lang='lat'><strong>:</strong></span> <span class='ocrx_word' id='word_1_414' title='bbox 1635 3724 1792 3795; x_wconf 82' lang='lat' dir='ltr'><strong>juxta</strong></span> <span class='ocrx_word' id='word_1_415' title='bbox 1819 3726 2052 3782; x_wconf 75' lang='lat' dir='ltr'><strong>transla-</strong></span> 
     </span>
    </p>
   </div>
   <div class='ocr_carea' id='block_1_55' title="bbox 462 3809 2049 3887">
    <p class='ocr_par' dir='ltr' id='par_1_55' title="bbox 462 3809 2049 3887">
     <span class='ocr_line' id='line_1_55' title="bbox 462 3809 2049 3887; baseline 0.006 -24"><span class='ocrx_word' id='word_1_416' title='bbox 462 3809 704 3874; x_wconf 81' lang='lat' dir='ltr'><strong>tionem,</strong></span> <span class='ocrx_word' id='word_1_417' title='bbox 754 3812 901 3880; x_wconf 87' lang='lat' dir='ltr'><strong>quod</strong></span> <span class='ocrx_word' id='word_1_418' title='bbox 936 3828 1127 3869; x_wconf 81' lang='lat' dir='ltr'><strong>omnes</strong></span> <span class='ocrx_word' id='word_1_419' title='bbox 1171 3814 1434 3886; x_wconf 87' lang='lat' dir='ltr'><strong>populos,</strong></span> <span class='ocrx_word' id='word_1_420' title='bbox 1487 3815 1581 3887; x_wconf 87' lang='lat' dir='ltr'><strong>qui</strong></span> <span class='ocrx_word' id='word_1_421' title='bbox 1634 3816 1736 3872; x_wconf 85' lang='lat' dir='ltr'><strong>sub</strong></span> <span class='ocrx_word' id='word_1_422' title='bbox 1787 3832 2049 3887; x_wconf 84' lang='lat' dir='ltr'><strong>aquarum</strong></span> 
     </span>
    </p>
   </div>
   <div class='ocr_carea' id='block_1_56' title="bbox 461 3900 2050 3965">
    <p class='ocr_par' dir='ltr' id='par_1_56' title="bbox 461 3900 2050 3965">
     <span class='ocr_line' id='line_1_56' title="bbox 461 3900 2050 3965; baseline 0.006 -11"><span class='ocrx_word' id='word_1_423' title='bbox 461 3900 690 3955; x_wconf 81' lang='lat' dir='ltr'><strong>nomine</strong></span> <span class='ocrx_word' id='word_1_424' title='bbox 736 3901 1008 3959; x_wconf 84' lang='lat' dir='ltr'><strong>interdum</strong></span> <span class='ocrx_word' id='word_1_425' title='bbox 1058 3905 1403 3962; x_wconf 82' lang='lat' dir='ltr'><strong>scribuntur.</strong></span> <span class='ocrx_word' id='word_1_426' title='bbox 1455 3921 1554 3962; x_wconf 88' lang='lat' dir='ltr'><strong>suo</strong></span> <span class='ocrx_word' id='word_1_427' title='bbox 1608 3916 1850 3965; x_wconf 77' lang='lat' dir='ltr'><strong>vastaret</strong></span> <span class='ocrx_word' id='word_1_428' title='bbox 1890 3924 2050 3965; x_wconf 88' lang='lat' dir='ltr'><strong>exer-</strong></span> 
     </span>
    </p>
   </div>
   <div class='ocr_carea' id='block_1_57' title="bbox 460 3992 596 4046">
    <p class='ocr_par' dir='ltr' id='par_1_57' title="bbox 460 3992 596 4046">
     <span class='ocr_line' id='line_1_57' title="bbox 460 3992 596 4046; baseline -0.007 0"><span class='ocrx_word' id='word_1_429' title='bbox 460 3992 596 4046; x_wconf 64' lang='lat' dir='ltr'><strong>cita.</strong></span> 
     </span>
    </p>
   </div>
   <div class='ocr_carea' id='block_1_58' title="bbox 538 4083 2050 4166">
    <p class='ocr_par' dir='ltr' id='par_1_58' title="bbox 538 4083 2050 4166">
     <span class='ocr_line' id='line_1_58' title="bbox 538 4083 2050 4166; baseline 0.012 -33"><span class='ocrx_word' id='word_1_430' title='bbox 538 4083 723 4155; x_wconf 71' lang='lat' dir='ltr'><strong>(Vers.</strong></span> <span class='ocrx_word' id='word_1_431' title='bbox 748 4087 866 4158; x_wconf 77' lang='lat'><strong>25.)</strong></span> <span class='ocrx_word' id='word_1_432' title='bbox 909 4107 926 4138; x_wconf 77' lang='grc' dir='ltr'><strong><em>ι</em></strong></span> <span class='ocrx_word' id='word_1_433' title='bbox 959 4088 1216 4160; x_wconf 77' lang='lat' dir='ltr'><strong>Nunquid</strong></span> <span class='ocrx_word' id='word_1_434' title='bbox 1257 4105 1361 4147; x_wconf 79' lang='lat' dir='ltr'><strong>non</strong></span> <span class='ocrx_word' id='word_1_435' title='bbox 1387 4093 1582 4148; x_wconf 80' lang='lat' dir='ltr'><strong>audisti</strong></span> <span class='ocrx_word' id='word_1_436' title='bbox 1609 4111 1725 4166; x_wconf 79' lang='lat' dir='ltr'><strong>qua&#39;</strong></span> <span class='ocrx_word' id='word_1_437' title='bbox 1765 4093 1889 4149; x_wconf 86' lang='lat' dir='ltr'><strong>olim</strong></span> <span class='ocrx_word' id='word_1_438' title='bbox 1915 4095 2050 4165; x_wconf 80' lang='lat' dir='ltr'><strong>fece—</strong></span> 
     </span>
    </p>
   </div>
   <div class='ocr_carea' id='block_1_59' title="bbox 461 4175 2049 4254">
    <p class='ocr_par' dir='ltr' id='par_1_59' title="bbox 461 4175 2049 4254">
     <span class='ocr_line' id='line_1_59' title="bbox 461 4175 2049 4254; baseline 0.009 -27"><span class='ocrx_word' id='word_1_439' title='bbox 461 4175 608 4228; x_wconf 76' lang='lat' dir='ltr'><strong>rim?</strong></span> <span class='ocrx_word' id='word_1_440' title='bbox 635 4192 699 4229; x_wconf 76' lang='lat' dir='ltr'><strong>ex</strong></span> <span class='ocrx_word' id='word_1_441' title='bbox 739 4177 921 4232; x_wconf 81' lang='lat' dir='ltr'><strong>diebus</strong></span> <span class='ocrx_word' id='word_1_442' title='bbox 961 4181 1194 4250; x_wconf 86' lang='lat' dir='ltr'><strong>antiquis</strong></span> <span class='ocrx_word' id='word_1_443' title='bbox 1228 4199 1320 4254; x_wconf 83' lang='lat' dir='ltr'><strong>ego</strong></span> <span class='ocrx_word' id='word_1_444' title='bbox 1349 4183 1607 4254; x_wconf 82' lang='lat' dir='ltr'><strong>plasmavi</strong></span> <span class='ocrx_word' id='word_1_445' title='bbox 1645 4185 1798 4251; x_wconf 86' lang='lat' dir='ltr'><strong>illud,</strong></span> <span class='ocrx_word' id='word_1_446' title='bbox 1829 4196 1878 4240; x_wconf 87' lang='lat' dir='ltr'><strong>et</strong></span> <span class='ocrx_word' id='word_1_447' title='bbox 1912 4203 2049 4242; x_wconf 86' lang='lat' dir='ltr'><strong>nunc</strong></span> 
     </span>
    </p>
   </div>
   <div class='ocr_carea' id='block_1_60' title="bbox 462 4269 2049 4349">
    <p class='ocr_par' dir='ltr' id='par_1_60' title="bbox 462 4269 2049 4349">
     <span class='ocr_line' id='line_1_60' title="bbox 462 4269 2049 4349; baseline 0.008 -28"><span class='ocrx_word' id='word_1_448' title='bbox 462 4269 708 4323; x_wconf 74' lang='lat' dir='ltr'><strong>adduxi:</strong></span> <span class='ocrx_word' id='word_1_449' title='bbox 749 4282 1003 4344; x_wconf 85' lang='lat' dir='ltr'><strong>eruntque</strong></span> <span class='ocrx_word' id='word_1_450' title='bbox 1041 4275 1096 4328; x_wconf 91' lang='lat' dir='ltr'><strong>in</strong></span> <span class='ocrx_word' id='word_1_451' title='bbox 1123 4275 1440 4343; x_wconf 85' lang='lat' dir='ltr'><strong>columnam,</strong></span> <span class='ocrx_word' id='word_1_452' title='bbox 1467 4277 1679 4332; x_wconf 89' lang='lat' dir='ltr'><strong>collium</strong></span> <span class='ocrx_word' id='word_1_453' title='bbox 1703 4281 2049 4349; x_wconf 76' lang='lat' dir='ltr'><strong>pugnantium</strong></span> 
     </span>
    </p>
   </div>
   <div class='ocr_carea' id='block_1_61' title="bbox 462 4361 2045 4437">
    <p class='ocr_par' dir='ltr' id='par_1_61' title="bbox 462 4361 2045 4437">
     <span class='ocr_line' id='line_1_61' title="bbox 462 4361 2045 4437; baseline 0.006 -23"><span class='ocrx_word' id='word_1_454' title='bbox 462 4361 696 4416; x_wconf 76' lang='lat' dir='ltr'><strong>civitates</strong></span> <span class='ocrx_word' id='word_1_455' title='bbox 722 4364 962 4419; x_wconf 66' lang='lat' dir='ltr'><strong>munita.</strong></span> <span class='ocrx_word' id='word_1_456' title='bbox 989 4363 1059 4419; x_wconf 87' lang='lat' dir='ltr'><strong>Et</strong></span> <span class='ocrx_word' id='word_1_457' title='bbox 1087 4367 1178 4437; x_wconf 86' lang='lat' dir='ltr'><strong>qui</strong></span> <span class='ocrx_word' id='word_1_458' title='bbox 1206 4368 1384 4422; x_wconf 82' lang='lat' dir='ltr'><strong>sedent</strong></span> <span class='ocrx_word' id='word_1_459' title='bbox 1414 4368 1468 4423; x_wconf 89' lang='lat' dir='ltr'><strong>in</strong></span> <span class='ocrx_word' id='word_1_460' title='bbox 1494 4369 1590 4434; x_wconf 90' lang='lat' dir='ltr'><strong>eis,</strong></span> <span class='ocrx_word' id='word_1_461' title='bbox 1617 4368 1840 4424; x_wconf 83' lang='lat' dir='ltr'><strong>humiles</strong></span> <span class='ocrx_word' id='word_1_462' title='bbox 1865 4386 2045 4437; x_wconf 88' lang='lat' dir='ltr'><strong>manu,</strong></span> 
     </span>
    </p>
   </div>
   <div class='ocr_carea' id='block_1_62' title="bbox 460 4457 2127 4546">
    <p class='ocr_par' dir='ltr' id='par_1_62' title="bbox 460 4457 2127 4546">
     <span class='ocr_line' id='line_1_62' title="bbox 460 4457 2127 4546; baseline 0.006 -41"><span class='ocrx_word' id='word_1_463' title='bbox 460 4461 910 4522; x_wconf 87' lang='lat' dir='ltr'><strong>contremuerunt,</strong></span> <span class='ocrx_word' id='word_1_464' title='bbox 953 4465 1003 4510; x_wconf 90' lang='lat' dir='ltr'><strong>et</strong></span> <span class='ocrx_word' id='word_1_465' title='bbox 1042 4457 1248 4527; x_wconf 80' lang='lat' dir='ltr'><strong>confusi</strong></span> <span class='ocrx_word' id='word_1_466' title='bbox 1277 4468 1396 4513; x_wconf 89' lang='lat' dir='ltr'><strong>sunt</strong></span> <span class='ocrx_word' id='word_1_467' title='bbox 1425 4460 1578 4528; x_wconf 89' lang='lat' dir='ltr'><strong>quasi</strong></span> <span class='ocrx_word' id='word_1_468' title='bbox 1618 4459 1798 4530; x_wconf 79' lang='lat' dir='ltr'><strong>fenum</strong></span> <span class='ocrx_word' id='word_1_469' title='bbox 1825 4461 1960 4530; x_wconf 86' lang='lat' dir='ltr'><strong>agri,</strong></span> <span class='ocrx_word' id='word_1_470' title='bbox 2001 4471 2048 4515; x_wconf 90' lang='lat' dir='ltr'><strong>et</strong></span> <span class='ocrx_word' id='word_1_471' title='bbox 2073 4486 2127 4546; x_wconf 76' lang='grc' dir='ltr'><strong>Ι)</strong></span> 
     </span>
    </p>
   </div>
   <div class='ocr_carea' id='block_1_63' title="bbox 458 4546 2047 4626">
    <p class='ocr_par' dir='ltr' id='par_1_63' title="bbox 458 4546 2047 4626">
     <span class='ocr_line' id='line_1_63' title="bbox 458 4546 2047 4626; baseline 0.008 -28"><span class='ocrx_word' id='word_1_472' title='bbox 458 4547 633 4599; x_wconf 79' lang='lat' dir='ltr'><strong>virens</strong></span> <span class='ocrx_word' id='word_1_473' title='bbox 659 4546 816 4602; x_wconf 74' lang='lat' dir='ltr'><strong>herba</strong></span> <span class='ocrx_word' id='word_1_474' title='bbox 855 4559 1278 4623; x_wconf 56' lang='lat' dir='ltr'><strong>tectorum-qna:</strong></span> <span class='ocrx_word' id='word_1_475' title='bbox 1323 4555 1560 4623; x_wconf 65' lang='lat' dir='ltr'><strong>arefacta</strong></span> <span class='ocrx_word' id='word_1_476' title='bbox 1604 4563 1716 4619; x_wconf 89' lang='lat' dir='ltr'><strong>est,</strong></span> <span class='ocrx_word' id='word_1_477' title='bbox 1766 4565 2047 4626; x_wconf 85' lang='lat' dir='ltr'><strong>antequam</strong></span> 
     </span>
    </p>
   </div>
   <div class='ocr_carea' id='block_1_64' title="bbox 461 4638 2048 4718">
    <p class='ocr_par' dir='ltr' id='par_1_64' title="bbox 461 4638 2048 4718">
     <span class='ocr_line' id='line_1_64' title="bbox 461 4638 2048 4718; baseline 0.007 -27"><span class='ocrx_word' id='word_1_478' title='bbox 461 4638 654 4693; x_wconf 73' lang='lat' dir='ltr'><strong>veniret</strong></span> <span class='ocrx_word' id='word_1_479' title='bbox 685 4640 755 4694; x_wconf 81' lang='lat' dir='ltr'><strong>ad</strong></span> <span class='ocrx_word' id='word_1_480' title='bbox 787 4643 1164 4698; x_wconf 73' lang='lat' dir='ltr'><strong>maturitatem.</strong></span> <span class='ocrx_word' id='word_1_481' title='bbox 1207 4645 1586 4700; x_wconf 79' lang='lat' dir='ltr'><strong>IIabitaeulum</strong></span> <span class='ocrx_word' id='word_1_482' title='bbox 1611 4656 1780 4712; x_wconf 84' lang='lat' dir='ltr'><strong>tuum,</strong></span> <span class='ocrx_word' id='word_1_483' title='bbox 1809 4657 1856 4701; x_wconf 88' lang='lat' dir='ltr'><strong>et</strong></span> <span class='ocrx_word' id='word_1_484' title='bbox 1877 4664 2048 4718; x_wconf 86' lang='lat' dir='ltr'><strong>egres—</strong></span> 
     </span>
    </p>
   </div>
   <div class='ocr_carea' id='block_1_65' title="bbox 460 4735 2046 4812">
    <p class='ocr_par' dir='ltr' id='par_1_65' title="bbox 460 4735 2046 4812">
     <span class='ocr_line' id='line_1_65' title="bbox 460 4735 2046 4812; baseline 0.009 -30"><span class='ocrx_word' id='word_1_485' title='bbox 460 4746 578 4783; x_wconf 87' lang='lat' dir='ltr'><strong>sum</strong></span> <span class='ocrx_word' id='word_1_486' title='bbox 607 4740 778 4797; x_wconf 83' lang='lat' dir='ltr'><strong>tuum,-</strong></span> <span class='ocrx_word' id='word_1_487' title='bbox 808 4744 856 4788; x_wconf 88' lang='lat' dir='ltr'><strong>et</strong></span> <span class='ocrx_word' id='word_1_488' title='bbox 881 4735 1153 4790; x_wconf 82' lang='lat' dir='ltr'><strong>introitum</strong></span> <span class='ocrx_word' id='word_1_489' title='bbox 1176 4747 1344 4803; x_wconf 83' lang='lat' dir='ltr'><strong>tuum,</strong></span> <span class='ocrx_word' id='word_1_490' title='bbox 1374 4748 1420 4792; x_wconf 89' lang='lat' dir='ltr'><strong>et</strong></span> <span class='ocrx_word' id='word_1_491' title='bbox 1457 4740 1595 4792; x_wconf 82' lang='lat' dir='ltr'><strong>viam</strong></span> <span class='ocrx_word' id='word_1_492' title='bbox 1621 4748 1768 4793; x_wconf 87' lang='lat' dir='ltr'><strong>tuam</strong></span> <span class='ocrx_word' id='word_1_493' title='bbox 1798 4758 1892 4812; x_wconf 86' lang='lat' dir='ltr'><strong>ego</strong></span> <span class='ocrx_word' id='word_1_494' title='bbox 1910 4758 2046 4812; x_wconf 77' lang='lat' dir='ltr'><strong>pra:-</strong></span> 
     </span>
    </p>
   </div>
   <div class='ocr_carea' id='block_1_66' title="bbox 459 4821 2046 4898">
    <p class='ocr_par' dir='ltr' id='par_1_66' title="bbox 459 4821 2046 4898">
     <span class='ocr_line' id='line_1_66' title="bbox 459 4821 2046 4898; baseline 0.009 -25"><span class='ocrx_word' id='word_1_495' title='bbox 459 4821 602 4885; x_wconf 84' lang='lat' dir='ltr'><strong>scivi,</strong></span> <span class='ocrx_word' id='word_1_496' title='bbox 633 4832 682 4876; x_wconf 90' lang='lat' dir='ltr'><strong>et</strong></span> <span class='ocrx_word' id='word_1_497' title='bbox 711 4822 944 4892; x_wconf 80' lang='lat' dir='ltr'><strong>furorem</strong></span> <span class='ocrx_word' id='word_1_498' title='bbox 980 4835 1130 4881; x_wconf 85' lang='lat' dir='ltr'><strong>tuum</strong></span> <span class='ocrx_word' id='word_1_499' title='bbox 1161 4839 1347 4882; x_wconf 83' lang='lat' dir='ltr'><strong>contra</strong></span> <span class='ocrx_word' id='word_1_500' title='bbox 1377 4845 1476 4893; x_wconf 88' lang='lat' dir='ltr'><strong>me,</strong></span> <span class='ocrx_word' id='word_1_501' title='bbox 1507 4830 1753 4884; x_wconf 82' lang='lat' dir='ltr'><strong>insanisti</strong></span> <span class='ocrx_word' id='word_1_502' title='bbox 1782 4831 1836 4885; x_wconf 90' lang='lat' dir='ltr'><strong>in</strong></span> <span class='ocrx_word' id='word_1_503' title='bbox 1866 4849 1966 4898; x_wconf 86' lang='lat' dir='ltr'><strong>me,</strong></span> <span class='ocrx_word' id='word_1_504' title='bbox 1996 4843 2046 4887; x_wconf 78' lang='lat' dir='ltr'><strong>et</strong></span> 
     </span>
    </p>
   </div>
   <div class='ocr_carea' id='block_1_67' title="bbox 459 4913 1535 4983">
    <p class='ocr_par' dir='ltr' id='par_1_67' title="bbox 459 4913 1535 4983">
     <span class='ocr_line' id='line_1_67' title="bbox 459 4913 1535 4983; baseline 0.01 -18"><span class='ocrx_word' id='word_1_505' title='bbox 459 4913 702 4983; x_wconf 71' lang='lat' dir='ltr'><strong>superbia</strong></span> <span class='ocrx_word' id='word_1_506' title='bbox 725 4923 817 4968; x_wconf 90' lang='lat' dir='ltr'><strong>tua</strong></span> <span class='ocrx_word' id='word_1_507' title='bbox 840 4918 1072 4972; x_wconf 86' lang='lat' dir='ltr'><strong>ascendit</strong></span> <span class='ocrx_word' id='word_1_508' title='bbox 1100 4920 1156 4974; x_wconf 88' lang='lat' dir='ltr'><strong>in</strong></span> <span class='ocrx_word' id='word_1_509' title='bbox 1187 4937 1341 4976; x_wconf 87' lang='lat' dir='ltr'><strong>aures</strong></span> <span class='ocrx_word' id='word_1_510' title='bbox 1373 4938 1535 4976; x_wconf 88' lang='lat' dir='ltr'><strong>meas.</strong></span> 
     </span>
    </p>
   </div>
   <div class='ocr_carea' id='block_1_68' title="bbox 537 5003 2040 5085">
    <p class='ocr_par' dir='ltr' id='par_1_68' title="bbox 537 5003 2040 5085">
     <span class='ocr_line' id='line_1_68' title="bbox 537 5003 2040 5085; baseline 0.008 -29"><span class='ocrx_word' id='word_1_511' title='bbox 537 5023 555 5054; x_wconf 74' lang='grc' dir='ltr'>ι</span> <span class='ocrx_word' id='word_1_512' title='bbox 585 5003 712 5060; x_wconf 62' lang='lat' dir='ltr'><strong>Haec</strong></span> <span class='ocrx_word' id='word_1_513' title='bbox 749 5021 816 5060; x_wconf 77' lang='lat' dir='ltr'><strong>ex</strong></span> <span class='ocrx_word' id='word_1_514' title='bbox 843 5021 1076 5076; x_wconf 88' lang='lat' dir='ltr'><strong>persona</strong></span> <span class='ocrx_word' id='word_1_515' title='bbox 1127 5011 1345 5066; x_wconf 87' lang='lat' dir='ltr'><strong>Domini</strong></span> <span class='ocrx_word' id='word_1_516' title='bbox 1387 5021 1577 5066; x_wconf 81' lang='lat' dir='ltr'><strong>contra</strong></span> <span class='ocrx_word' id='word_1_517' title='bbox 1623 5012 1788 5067; x_wconf 83' lang='lat' dir='ltr'><strong>verba</strong></span> <span class='ocrx_word' id='word_1_518' title='bbox 1831 5013 2040 5085; x_wconf 73' lang='lat' dir='ltr'><strong>Assyrii</strong></span> 
     </span>
    </p>
   </div>
   <div class='ocr_carea' id='block_1_69' title="bbox 459 5096 2040 5174">
    <p class='ocr_par' dir='ltr' id='par_1_69' title="bbox 459 5096 2040 5174">
     <span class='ocr_line' id='line_1_69' title="bbox 459 5096 2040 5174; baseline 0.006 -24"><span class='ocrx_word' id='word_1_519' title='bbox 459 5096 742 5152; x_wconf 89' lang='lat' dir='ltr'><strong>sentienda</strong></span> <span class='ocrx_word' id='word_1_520' title='bbox 791 5106 936 5165; x_wconf 86' lang='lat' dir='ltr'><strong>sunt,</strong></span> <span class='ocrx_word' id='word_1_521' title='bbox 983 5101 1130 5170; x_wconf 89' lang='lat' dir='ltr'><strong>quod</strong></span> <span class='ocrx_word' id='word_1_522' title='bbox 1164 5101 1232 5155; x_wconf 88' lang='lat' dir='ltr'><strong>ad</strong></span> <span class='ocrx_word' id='word_1_523' title='bbox 1263 5102 1654 5174; x_wconf 85' lang='lat' dir='ltr'><strong>blasphemiam</strong></span> <span class='ocrx_word' id='word_1_524' title='bbox 1685 5104 1803 5174; x_wconf 87' lang='lat' dir='ltr'><strong>ejus</strong></span> <span class='ocrx_word' id='word_1_525' title='bbox 1839 5105 1919 5159; x_wconf 84' lang='lat' dir='ltr'><strong>sic</strong></span> <span class='ocrx_word' id='word_1_526' title='bbox 1954 5120 2040 5159; x_wconf 52' lang='lat' dir='ltr'><strong>re-</strong></span> 
     </span>
    </p>
   </div>
   <div class='ocr_carea' id='block_1_70' title="bbox 460 5190 2044 5268">
    <p class='ocr_par' dir='ltr' id='par_1_70' title="bbox 460 5190 2044 5268">
     <span class='ocr_line' id='line_1_70' title="bbox 460 5190 2044 5268; baseline 0.006 -26"><span class='ocrx_word' id='word_1_527' title='bbox 460 5190 739 5259; x_wconf 87' lang='lat' dir='ltr'><strong>sponderit</strong></span> <span class='ocrx_word' id='word_1_528' title='bbox 783 5192 1068 5250; x_wconf 87' lang='lat' dir='ltr'><strong>Dominus.</strong></span> <span class='ocrx_word' id='word_1_529' title='bbox 1109 5194 1249 5249; x_wconf 86' lang='lat' dir='ltr'><strong>Num</strong></span> <span class='ocrx_word' id='word_1_530' title='bbox 1283 5196 1524 5268; x_wconf 79' lang='lat' dir='ltr'><strong>ignoras,</strong></span> <span class='ocrx_word' id='word_1_531' title='bbox 1572 5198 1715 5266; x_wconf 80' lang='lat' dir='ltr'><strong>quod</strong></span> <span class='ocrx_word' id='word_1_532' title='bbox 1757 5191 1889 5262; x_wconf 65' lang='lat' dir='ltr'><strong>hinc,</strong></span> <span class='ocrx_word' id='word_1_533' title='bbox 1923 5207 2044 5268; x_wconf 68' lang='lat' dir='ltr'><strong>Quae</strong></span> 
     </span>
    </p>
   </div>
   <div class='ocr_carea' id='block_1_71' title="bbox 462 5282 2040 5363">
    <p class='ocr_par' dir='ltr' id='par_1_71' title="bbox 462 5282 2040 5363">
     <span class='ocr_line' id='line_1_71' title="bbox 462 5282 2040 5363; baseline 0.008 -28"><span class='ocrx_word' id='word_1_534' title='bbox 462 5282 658 5350; x_wconf 83' lang='lat' dir='ltr'><strong>fecisti,</strong></span> <span class='ocrx_word' id='word_1_535' title='bbox 706 5302 828 5342; x_wconf 87' lang='lat' dir='ltr'><strong>mea</strong></span> <span class='ocrx_word' id='word_1_536' title='bbox 882 5287 1081 5346; x_wconf 77' lang='lat' dir='ltr'><strong>feceris</strong></span> <span class='ocrx_word' id='word_1_537' title='bbox 1121 5290 1419 5358; x_wconf 87' lang='lat' dir='ltr'><strong>voluntate,</strong></span> <span class='ocrx_word' id='word_1_538' title='bbox 1462 5300 1519 5347; x_wconf 91' lang='lat' dir='ltr'><strong>et</strong></span> <span class='ocrx_word' id='word_1_539' title='bbox 1569 5307 1669 5363; x_wconf 71' lang='lat' dir='ltr'><strong>ego</strong></span> <span class='ocrx_word' id='word_1_540' title='bbox 1707 5293 1823 5348; x_wconf 61' lang='lat' dir='ltr'><strong>hinc</strong></span> <span class='ocrx_word' id='word_1_541' title='bbox 1861 5292 2040 5348; x_wconf 77' lang='lat' dir='ltr'><strong>futura</strong></span> 
     </span>
    </p>
   </div>
   <div class='ocr_carea' id='block_1_72' title="bbox 459 5377 2042 5455">
    <p class='ocr_par' dir='ltr' id='par_1_72' title="bbox 459 5377 2042 5455">
     <span class='ocr_line' id='line_1_72' title="bbox 459 5377 2042 5455; baseline 0.006 -23"><span class='ocrx_word' id='word_1_542' title='bbox 459 5377 826 5446; x_wconf 66' lang='lat' dir='ltr'><strong>praedixerim,</strong></span> <span class='ocrx_word' id='word_1_543' title='bbox 858 5394 924 5437; x_wconf 89' lang='lat' dir='ltr'><strong>ac</strong></span> <span class='ocrx_word' id='word_1_544' title='bbox 947 5397 1047 5452; x_wconf 88' lang='lat' dir='ltr'><strong>per</strong></span> <span class='ocrx_word' id='word_1_545' title='bbox 1072 5391 1122 5438; x_wconf 88' lang='lat' dir='ltr'><strong>te</strong></span> <span class='ocrx_word' id='word_1_546' title='bbox 1143 5381 1389 5439; x_wconf 73' lang='lat' dir='ltr'><strong>facienda</strong></span> <span class='ocrx_word' id='word_1_547' title='bbox 1421 5384 1793 5440; x_wconf 86' lang='lat' dir='ltr'><strong>mandaverim</strong></span> <span class='ocrx_word' id='word_1_548' title='bbox 1812 5385 1835 5438; x_wconf 91' lang='lat'><strong>?</strong></span> <span class='ocrx_word' id='word_1_549' title='bbox 1854 5384 2042 5455; x_wconf 82' lang='lat' dir='ltr'><strong>Itaque</strong></span> 
     </span>
    </p>
   </div>
   <div class='ocr_carea' id='block_1_73' title="bbox 458 5465 2040 5547">
    <p class='ocr_par' dir='ltr' id='par_1_73' title="bbox 458 5465 2040 5547">
     <span class='ocr_line' id='line_1_73' title="bbox 458 5465 2040 5547; baseline 0.005 -24"><span class='ocrx_word' id='word_1_550' title='bbox 458 5470 600 5538; x_wconf 85' lang='lat' dir='ltr'><strong>quod</strong></span> <span class='ocrx_word' id='word_1_551' title='bbox 625 5465 754 5526; x_wconf 86' lang='lat' dir='ltr'><strong>olim</strong></span> <span class='ocrx_word' id='word_1_552' title='bbox 782 5471 1146 5541; x_wconf 84' lang='lat' dir='ltr'><strong>decreveram,</strong></span> <span class='ocrx_word' id='word_1_553' title='bbox 1201 5477 1305 5532; x_wconf 83' lang='lat' dir='ltr'><strong>hoc</strong></span> <span class='ocrx_word' id='word_1_554' title='bbox 1345 5483 1430 5532; x_wconf 84' lang='lat' dir='ltr'><strong>est</strong></span> <span class='ocrx_word' id='word_1_555' title='bbox 1465 5475 1735 5546; x_wconf 80' lang='lat' dir='ltr'><strong>expletum</strong></span> <span class='ocrx_word' id='word_1_556' title='bbox 1775 5485 2040 5547; x_wconf 83' lang='lat' dir='ltr'><strong>tempore,</strong></span> 
     </span>
    </p>
   </div>
   <div class='ocr_carea' id='block_1_74' title="bbox 532 5579 1823 5643">
    <p class='ocr_par' dir='ltr' id='par_1_74' title="bbox 532 5579 1823 5643">
     <span class='ocr_line' id='line_1_74' title="bbox 532 5579 1823 5643; baseline 0.006 -10"><span class='ocrx_word' id='word_1_557' title='bbox 532 5592 557 5618; x_wconf 79' lang='grc' dir='ltr'>ι</span> <span class='ocrx_word' id='word_1_558' title='bbox 591 5579 988 5643; x_wconf 81' lang='lat' dir='ltr'><strong>Subsequentia</strong></span> <span class='ocrx_word' id='word_1_559' title='bbox 1020 5586 1134 5641; x_wconf 89' lang='lat' dir='ltr'><strong>l&#39;ere</strong></span> <span class='ocrx_word' id='word_1_560' title='bbox 1161 5585 1320 5642; x_wconf 83' lang='lat' dir='ltr'><strong>docet</strong></span> <span class='ocrx_word' id='word_1_561' title='bbox 1352 5587 1516 5642; x_wconf 87' lang='lat' dir='ltr'><strong>etiam</strong></span> <span class='ocrx_word' id='word_1_562' title='bbox 1549 5588 1823 5643; x_wconf 80' lang='lat' dir='ltr'><strong>Rabanns.</strong></span> 
     </span>
    </p>
   </div>
   <div class='ocr_carea' id='block_1_75' title="bbox 535 5648 2042 5729">
    <p class='ocr_par' dir='ltr' id='par_1_75' title="bbox 535 5648 2042 5729">
     <span class='ocr_line' id='line_1_75' title="bbox 535 5648 2042 5729; baseline 0.002 -18"><span class='ocrx_word' id='word_1_563' title='bbox 535 5648 560 5729; x_wconf 60' lang='grc' dir='ltr'><strong>ξ</strong></span> <span class='ocrx_word' id='word_1_564' title='bbox 592 5650 746 5729; x_wconf 58' lang='grc' dir='ltr'><strong>Ῡεῑᾚ-</strong></span> <span class='ocrx_word' id='word_1_565' title='bbox 893 5658 984 5707; x_wconf 77' lang='lat' dir='ltr'><strong>sed</strong></span> <span class='ocrx_word' id='word_1_566' title='bbox 1015 5657 1122 5729; x_wconf 65' lang='lat' dir='ltr'><strong>hic,</strong></span> <span class='ocrx_word' id='word_1_567' title='bbox 1158 5665 1212 5712; x_wconf 91' lang='lat' dir='ltr'><strong>ct</strong></span> <span class='ocrx_word' id='word_1_568' title='bbox 1231 5658 1487 5729; x_wconf 79' lang='lat' dir='ltr'><strong>deinceps</strong></span> <span class='ocrx_word' id='word_1_569' title='bbox 1516 5659 1759 5714; x_wconf 82' lang='lat' dir='ltr'><strong>nonnihil</strong></span> <span class='ocrx_word' id='word_1_570' title='bbox 1785 5657 2042 5715; x_wconf 65' lang='lat' dir='ltr'><strong>diﬂ‘crens</strong></span> 
     </span>
    </p>
   </div>
   <div class='ocr_carea' id='block_1_76' title="bbox 463 5717 1518 5800">
    <p class='ocr_par' dir='ltr' id='par_1_76' title="bbox 463 5717 1518 5800">
     <span class='ocr_line' id='line_1_76' title="bbox 463 5717 1518 5800; baseline 0.014 -31"><span class='ocrx_word' id='word_1_571' title='bbox 463 5735 491 5772; x_wconf 71' lang='grc' dir='ltr'><strong>ει</strong></span> <span class='ocrx_word' id='word_1_572' title='bbox 519 5717 746 5800; x_wconf 63' lang='lat' dir='ltr'><strong>Yulgata</strong></span> <span class='ocrx_word' id='word_1_573' title='bbox 779 5717 1152 5800; x_wconf 77' lang='lat' dir='ltr'><strong>interpretatio</strong></span> <span class='ocrx_word' id='word_1_574' title='bbox 1177 5717 1518 5800; x_wconf 56' lang='lat' dir='ltr'><strong>preponit&#39;ur.</strong></span> 
     </span>
    </p>
   </div>
   <div class='ocr_carea' id='block_1_77' title="bbox 537 5742 1528 5870">
    <p class='ocr_par' dir='ltr' id='par_1_77' title="bbox 537 5742 1528 5870">
     <span class='ocr_line' id='line_1_77' title="bbox 537 5742 1518 5850; baseline 0.011 -77"><span class='ocrx_word' id='word_1_575' title='bbox 537 5742 552 5773; x_wconf 76' lang='grc' dir='ltr'><em>υ</em></span> <span class='ocrx_word' id='word_1_576' title='bbox 567 5742 746 5800; x_wconf 54' lang='lat' dir='ltr'><strong>ungula</strong></span> <span class='ocrx_word' id='word_1_577' title='bbox 779 5742 1152 5788; x_wconf 82' lang='lat' dir='ltr'><strong>Interpretatlo</strong></span> <span class='ocrx_word' id='word_1_578' title='bbox 1169 5742 1518 5850; x_wconf 50' lang='lat' dir='ltr'><strong>reponitur.</strong></span> 
     </span>
     <span class='ocr_line' id='line_1_78' title="bbox 537 5789 1528 5870; baseline 0.012 -28"><span class='ocrx_word' id='word_1_579' title='bbox 537 5792 561 5828; x_wconf 66' lang='grc' dir='ltr'><strong>ιε</strong></span> <span class='ocrx_word' id='word_1_580' title='bbox 598 5789 745 5846; x_wconf 64' lang='grc' dir='ltr'><strong>[ιιιη.</strong></span> <span class='ocrx_word' id='word_1_581' title='bbox 779 5789 1078 5859; x_wconf 59' lang='lat' dir='ltr'><strong>(ructante,</strong></span> <span class='ocrx_word' id='word_1_582' title='bbox 1107 5811 1164 5850; x_wconf 79' lang='lat' dir='ltr'><strong>se</strong></span> <span class='ocrx_word' id='word_1_583' title='bbox 1226 5812 1528 5870; x_wconf 82' lang='lat' dir='ltr'><strong>perperam.</strong></span> 
     </span>
    </p>
   </div>
   <div class='ocr_carea' id='block_1_78' title="bbox 2077 3135 2122 3197">
    <p class='ocr_par' dir='ltr' id='par_1_78' title="bbox 2077 3135 2122 3197">
     <span class='ocr_line' id='line_1_79' title="bbox 2077 3135 2122 3197; baseline 0 0"><span class='ocrx_word' id='word_1_584' title='bbox 2077 3135 2122 3197; x_wconf 88' lang='lat' dir='ltr'><strong>C</strong></span> 
     </span>
    </p>
   </div>
   <div class='ocr_carea' id='block_1_79' title="bbox 2153 1869 3725 1960">
    <p class='ocr_par' dir='ltr' id='par_1_79' title="bbox 2153 1869 3725 1960">
     <span class='ocr_line' id='line_1_80' title="bbox 2153 1869 3725 1960; baseline 0.002 -18"><span class='ocrx_word' id='word_1_585' title='bbox 2153 1869 2383 1952; x_wconf 85' lang='lat' dir='ltr'><strong>viribus,</strong></span> <span class='ocrx_word' id='word_1_586' title='bbox 2416 1886 2510 1940; x_wconf 91' lang='lat' dir='ltr'><strong>sed</strong></span> <span class='ocrx_word' id='word_1_587' title='bbox 2537 1899 2660 1941; x_wconf 83' lang='lat' dir='ltr'><strong>meo</strong></span> <span class='ocrx_word' id='word_1_588' title='bbox 2698 1870 2947 1941; x_wconf 85' lang='lat' dir='ltr'><strong>arbitrio.</strong></span> <span class='ocrx_word' id='word_1_589' title='bbox 2997 1885 3342 1941; x_wconf 86' lang='lat' dir='ltr'><strong>Merebantur</strong></span> <span class='ocrx_word' id='word_1_590' title='bbox 3381 1888 3531 1942; x_wconf 88' lang='lat' dir='ltr'><strong>enim</strong></span> <span class='ocrx_word' id='word_1_591' title='bbox 3570 1889 3725 1960; x_wconf 79' lang='lat' dir='ltr'><strong>impia:</strong></span> 
     </span>
    </p>
   </div>
   <div class='ocr_carea' id='block_1_80' title="bbox 2153 1976 3723 2053">
    <p class='ocr_par' dir='ltr' id='par_1_80' title="bbox 2153 1976 3723 2053">
     <span class='ocr_line' id='line_1_81' title="bbox 2153 1976 3723 2053; baseline 0.003 -21"><span class='ocrx_word' id='word_1_592' title='bbox 2153 1984 2364 2048; x_wconf 74' lang='lat' dir='ltr'><strong>gentes;</strong></span> <span class='ocrx_word' id='word_1_593' title='bbox 2415 1987 2472 2032; x_wconf 90' lang='lat' dir='ltr'><strong>et</strong></span> <span class='ocrx_word' id='word_1_594' title='bbox 2518 1987 2540 2016; x_wconf 74' lang='grc' dir='ltr'><strong>ε</strong></span> <span class='ocrx_word' id='word_1_595' title='bbox 2586 1976 2938 2034; x_wconf 65' lang='lat' dir='ltr'><strong>infructuosae</strong></span> <span class='ocrx_word' id='word_1_596' title='bbox 2983 1979 3225 2046; x_wconf 89' lang='lat' dir='ltr'><strong>arbores,</strong></span> <span class='ocrx_word' id='word_1_597' title='bbox 3273 1989 3334 2034; x_wconf 90' lang='lat' dir='ltr'><strong>ut</strong></span> <span class='ocrx_word' id='word_1_598' title='bbox 3379 1997 3477 2051; x_wconf 86' lang='lat' dir='ltr'><strong>per</strong></span> <span class='ocrx_word' id='word_1_599' title='bbox 3508 1991 3564 2036; x_wconf 90' lang='lat' dir='ltr'><strong>te</strong></span> <span class='ocrx_word' id='word_1_600' title='bbox 3592 1988 3723 2053; x_wconf 79' lang='lat' dir='ltr'><strong>quasi</strong></span> 
     </span>
    </p>
   </div>
   <div class='ocr_carea' id='block_1_81' title="bbox 2154 2067 3724 2134">
    <p class='ocr_par' dir='ltr' id='par_1_81' title="bbox 2154 2067 3724 2134">
     <span class='ocr_line' id='line_1_82' title="bbox 2154 2067 3724 2134; baseline 0.006 -12"><span class='ocrx_word' id='word_1_601' title='bbox 2154 2067 2412 2134; x_wconf 87' lang='lat' dir='ltr'><strong>securim,</strong></span> <span class='ocrx_word' id='word_1_602' title='bbox 2461 2076 2517 2124; x_wconf 92' lang='lat' dir='ltr'><strong>et</strong></span> <span class='ocrx_word' id='word_1_603' title='bbox 2555 2083 2763 2124; x_wconf 88' lang='lat' dir='ltr'><strong>serram</strong></span> <span class='ocrx_word' id='word_1_604' title='bbox 2800 2084 2980 2125; x_wconf 89' lang='lat' dir='ltr'><strong>meam</strong></span> <span class='ocrx_word' id='word_1_605' title='bbox 3027 2071 3439 2128; x_wconf 85' lang='lat' dir='ltr'><strong>succiderentur</strong></span> <span class='ocrx_word' id='word_1_606' title='bbox 3479 2083 3540 2129; x_wconf 91' lang='lat' dir='ltr'><strong>et</strong></span> <span class='ocrx_word' id='word_1_607' title='bbox 3587 2076 3724 2131; x_wconf 78' lang='lat' dir='ltr'><strong>cade-</strong></span> 
     </span>
    </p>
   </div>
   <div class='ocr_carea' id='block_1_82' title="bbox 2155 2165 2296 2212">
    <p class='ocr_par' dir='ltr' id='par_1_82' title="bbox 2155 2165 2296 2212">
     <span class='ocr_line' id='line_1_83' title="bbox 2155 2165 2296 2212; baseline 0.007 -1"><span class='ocrx_word' id='word_1_608' title='bbox 2155 2165 2296 2212; x_wconf 88' lang='lat' dir='ltr'><strong>rent.</strong></span> 
     </span>
    </p>
   </div>
   <div class='ocr_carea' id='block_1_83' title="bbox 2226 2245 3724 2322">
    <p class='ocr_par' dir='ltr' id='par_1_83' title="bbox 2226 2245 3724 2322">
     <span class='ocr_line' id='line_1_84' title="bbox 2226 2245 3724 2322; baseline 0.007 -23"><span class='ocrx_word' id='word_1_609' title='bbox 2226 2245 2407 2320; x_wconf 81' lang='lat' dir='ltr'><strong>(Vers.</strong></span> <span class='ocrx_word' id='word_1_610' title='bbox 2421 2247 2538 2320; x_wconf 76' lang='grc'><strong>28.)</strong></span> <span class='ocrx_word' id='word_1_611' title='bbox 2562 2267 2579 2300; x_wconf 82' lang='lat' dir='ltr'><strong>t</strong></span> <span class='ocrx_word' id='word_1_612' title='bbox 2594 2246 2798 2304; x_wconf 81' lang='lat' dir='ltr'><strong>Ponant</strong></span> <span class='ocrx_word' id='word_1_613' title='bbox 2821 2249 2999 2322; x_wconf 86' lang='lat' dir='ltr'><strong>itaque</strong></span> <span class='ocrx_word' id='word_1_614' title='bbox 3020 2250 3276 2306; x_wconf 84' lang='lat' dir='ltr'><strong>circulum</strong></span> <span class='ocrx_word' id='word_1_615' title='bbox 3296 2252 3351 2307; x_wconf 89' lang='lat' dir='ltr'><strong>in</strong></span> <span class='ocrx_word' id='word_1_616' title='bbox 3374 2254 3594 2309; x_wconf 84' lang='lat' dir='ltr'><strong>naribus</strong></span> <span class='ocrx_word' id='word_1_617' title='bbox 3614 2256 3724 2319; x_wconf 82' lang='lat' dir='ltr'><strong>tuis,</strong></span> 
     </span>
    </p>
   </div>
   <div class='ocr_carea' id='block_1_84' title="bbox 2153 2342 3727 2416">
    <p class='ocr_par' dir='ltr' id='par_1_84' title="bbox 2153 2342 3727 2416">
     <span class='ocr_line' id='line_1_85' title="bbox 2153 2342 3727 2416; baseline 0.006 -21"><span class='ocrx_word' id='word_1_618' title='bbox 2153 2350 2201 2396; x_wconf 85' lang='lat' dir='ltr'><strong>et</strong></span> <span class='ocrx_word' id='word_1_619' title='bbox 2233 2358 2441 2396; x_wconf 86' lang='lat' dir='ltr'><strong>camum</strong></span> <span class='ocrx_word' id='word_1_620' title='bbox 2463 2342 2518 2397; x_wconf 91' lang='lat' dir='ltr'><strong>in</strong></span> <span class='ocrx_word' id='word_1_621' title='bbox 2545 2342 2699 2398; x_wconf 83' lang='lat' dir='ltr'><strong>labiis</strong></span> <span class='ocrx_word' id='word_1_622' title='bbox 2722 2345 2847 2408; x_wconf 83' lang='lat' dir='ltr'><strong>tuis,</strong></span> <span class='ocrx_word' id='word_1_623' title='bbox 2884 2352 2947 2399; x_wconf 94' lang='lat' dir='ltr'><strong>ut</strong></span> <span class='ocrx_word' id='word_1_624' title='bbox 2974 2343 3460 2416; x_wconf 84' lang='lat' dir='ltr'><strong>hlasphemantium</strong></span> <span class='ocrx_word' id='word_1_625' title='bbox 3491 2363 3588 2403; x_wconf 87' lang='lat' dir='ltr'><strong>ora</strong></span> <span class='ocrx_word' id='word_1_626' title='bbox 3621 2365 3727 2404; x_wconf 88' lang='lat' dir='ltr'><strong>con-</strong></span> 
     </span>
    </p>
   </div>
   <div class='ocr_carea' id='block_1_85' title="bbox 2155 2433 3724 2510">
    <p class='ocr_par' dir='ltr' id='par_1_85' title="bbox 2155 2433 3724 2510">
     <span class='ocr_line' id='line_1_86' title="bbox 2155 2433 3724 2510; baseline 0.004 -21"><span class='ocrx_word' id='word_1_627' title='bbox 2155 2433 2442 2506; x_wconf 76' lang='lat' dir='ltr'><strong>stringam,</strong></span> <span class='ocrx_word' id='word_1_628' title='bbox 2491 2442 2547 2489; x_wconf 88' lang='lat' dir='ltr'><strong>et</strong></span> <span class='ocrx_word' id='word_1_629' title='bbox 2575 2449 2917 2505; x_wconf 88' lang='lat' dir='ltr'><strong>nequaquam</strong></span> <span class='ocrx_word' id='word_1_630' title='bbox 2968 2436 3111 2492; x_wconf 89' lang='lat' dir='ltr'><strong>ultra</strong></span> <span class='ocrx_word' id='word_1_631' title='bbox 3152 2437 3285 2494; x_wconf 88' lang='lat' dir='ltr'><strong>talia</strong></span> <span class='ocrx_word' id='word_1_632' title='bbox 3327 2438 3475 2510; x_wconf 88' lang='lat' dir='ltr'><strong>loqui</strong></span> <span class='ocrx_word' id='word_1_633' title='bbox 3520 2441 3724 2506; x_wconf 87' lang='lat' dir='ltr'><strong>audeas,</strong></span> 
     </span>
    </p>
   </div>
   <div class='ocr_carea' id='block_1_86' title="bbox 2154 2525 3726 2600">
    <p class='ocr_par' dir='ltr' id='par_1_86' title="bbox 2154 2525 3726 2600">
     <span class='ocr_line' id='line_1_87' title="bbox 2154 2525 3726 2600; baseline 0.006 -20"><span class='ocrx_word' id='word_1_634' title='bbox 2154 2525 2474 2596; x_wconf 84' lang='lat' dir='ltr'><strong>frenumqne</strong></span> <span class='ocrx_word' id='word_1_635' title='bbox 2516 2525 2758 2595; x_wconf 90' lang='lat' dir='ltr'><strong>injiciam</strong></span> <span class='ocrx_word' id='word_1_636' title='bbox 2791 2527 2951 2583; x_wconf 87' lang='lat' dir='ltr'><strong>labiis</strong></span> <span class='ocrx_word' id='word_1_637' title='bbox 2979 2528 3106 2597; x_wconf 89' lang='lat' dir='ltr'><strong>tuis,</strong></span> <span class='ocrx_word' id='word_1_638' title='bbox 3132 2531 3276 2600; x_wconf 91' lang='lat' dir='ltr'><strong>quod</strong></span> <span class='ocrx_word' id='word_1_639' title='bbox 3303 2539 3450 2586; x_wconf 91' lang='lat' dir='ltr'><strong>tuam</strong></span> <span class='ocrx_word' id='word_1_640' title='bbox 3481 2532 3726 2589; x_wconf 78' lang='lat' dir='ltr'><strong>ferocia</strong></span> 
     </span>
    </p>
   </div>
   <div class='ocr_carea' id='block_1_87' title="bbox 2155 2617 3165 2693">
    <p class='ocr_par' dir='ltr' id='par_1_87' title="bbox 2155 2617 3165 2693">
     <span class='ocr_line' id='line_1_88' title="bbox 2155 2617 3165 2693; baseline 0.005 -20"><span class='ocrx_word' id='word_1_641' title='bbox 2155 2617 2360 2684; x_wconf 91' lang='lat' dir='ltr'><strong>domet,</strong></span> <span class='ocrx_word' id='word_1_642' title='bbox 2393 2627 2449 2675; x_wconf 88' lang='lat' dir='ltr'><strong>et</strong></span> <span class='ocrx_word' id='word_1_643' title='bbox 2479 2626 2532 2673; x_wconf 88' lang='lat' dir='ltr'><strong>te</strong></span> <span class='ocrx_word' id='word_1_644' title='bbox 2561 2619 2786 2675; x_wconf 86' lang='lat' dir='ltr'><strong>reducat</strong></span> <span class='ocrx_word' id='word_1_645' title='bbox 2814 2619 2868 2674; x_wconf 89' lang='lat' dir='ltr'><strong>in</strong></span> <span class='ocrx_word' id='word_1_646' title='bbox 2893 2619 3165 2693; x_wconf 78' lang='lat' dir='ltr'><strong>Assyrios.</strong></span> 
     </span>
    </p>
   </div>
   <div class='ocr_carea' id='block_1_88' title="bbox 2231 2710 3726 2785">
    <p class='ocr_par' dir='ltr' id='par_1_88' title="bbox 2231 2710 3726 2785">
     <span class='ocr_line' id='line_1_89' title="bbox 2231 2710 3726 2785; baseline 0.007 -24"><span class='ocrx_word' id='word_1_647' title='bbox 2231 2729 2249 2761; x_wconf 82' lang='grc' dir='ltr'>ι</span> <span class='ocrx_word' id='word_1_648' title='bbox 2265 2710 2377 2764; x_wconf 86' lang='lat' dir='ltr'><strong>Tibi</strong></span> <span class='ocrx_word' id='word_1_649' title='bbox 2403 2720 2579 2766; x_wconf 89' lang='lat' dir='ltr'><strong>autem</strong></span> <span class='ocrx_word' id='word_1_650' title='bbox 2601 2710 2876 2784; x_wconf 80' lang='lat' dir='ltr'><strong>(Ezechia)</strong></span> <span class='ocrx_word' id='word_1_651' title='bbox 2892 2712 2990 2767; x_wconf 76' lang='lat' dir='ltr'><strong>hoc</strong></span> <span class='ocrx_word' id='word_1_652' title='bbox 3010 2715 3107 2768; x_wconf 90' lang='lat' dir='ltr'><strong>erit</strong></span> <span class='ocrx_word' id='word_1_653' title='bbox 3129 2715 3357 2785; x_wconf 86' lang='lat' dir='ltr'><strong>signum.</strong></span> <span class='ocrx_word' id='word_1_654' title='bbox 3397 2717 3624 2772; x_wconf 80' lang='lat' dir='ltr'><strong>Contede</strong></span> <span class='ocrx_word' id='word_1_655' title='bbox 3644 2718 3726 2771; x_wconf 76' lang='lat' dir='ltr'><strong>hoc</strong></span> 
     </span>
    </p>
   </div>
   <div class='ocr_carea' id='block_1_89' title="bbox 2154 2803 3730 2879">
    <p class='ocr_par' dir='ltr' id='par_1_89' title="bbox 2154 2803 3730 2879">
     <span class='ocr_line' id='line_1_90' title="bbox 2154 2803 3730 2879; baseline 0.005 -24"><span class='ocrx_word' id='word_1_656' title='bbox 2154 2817 2293 2856; x_wconf 88' lang='lat' dir='ltr'><strong>anno</strong></span> <span class='ocrx_word' id='word_1_657' title='bbox 2321 2818 2438 2873; x_wconf 73' lang='lat' dir='ltr'><strong>qua:</strong></span> <span class='ocrx_word' id='word_1_658' title='bbox 2480 2803 2754 2874; x_wconf 86' lang='lat' dir='ltr'><strong>repereris,</strong></span> <span class='ocrx_word' id='word_1_659' title='bbox 2795 2813 2842 2858; x_wconf 92' lang='lat' dir='ltr'><strong>et</strong></span> <span class='ocrx_word' id='word_1_660' title='bbox 2883 2803 2938 2858; x_wconf 87' lang='lat' dir='ltr'><strong>in</strong></span> <span class='ocrx_word' id='word_1_661' title='bbox 2980 2822 3120 2859; x_wconf 88' lang='lat' dir='ltr'><strong>anno</strong></span> <span class='ocrx_word' id='word_1_662' title='bbox 3147 2807 3376 2861; x_wconf 86' lang='lat' dir='ltr'><strong>secundo</strong></span> <span class='ocrx_word' id='word_1_663' title='bbox 3418 2825 3538 2879; x_wconf 65' lang='lat' dir='ltr'><strong>qua</strong></span> <span class='ocrx_word' id='word_1_664' title='bbox 3563 2820 3730 2879; x_wconf 76' lang='lat' dir='ltr'><strong>sponte</strong></span> 
     </span>
    </p>
   </div>
   <div class='ocr_carea' id='block_1_90' title="bbox 2155 2891 3728 2963">
    <p class='ocr_par' dir='ltr' id='par_1_90' title="bbox 2155 2891 3728 2963">
     <span class='ocr_line' id='line_1_91' title="bbox 2155 2891 3728 2963; baseline 0.002 -17"><span class='ocrx_word' id='word_1_665' title='bbox 2155 2901 2465 2946; x_wconf 85' lang='lat' dir='ltr'><strong>nascuntur.</strong></span> <span class='ocrx_word' id='word_1_666' title='bbox 2506 2891 2677 2947; x_wconf 88' lang='lat' dir='ltr'><strong>Porro</strong></span> <span class='ocrx_word' id='word_1_667' title='bbox 2703 2893 2759 2947; x_wconf 89' lang='lat' dir='ltr'><strong>in</strong></span> <span class='ocrx_word' id='word_1_668' title='bbox 2788 2910 2927 2948; x_wconf 88' lang='lat' dir='ltr'><strong>anno</strong></span> <span class='ocrx_word' id='word_1_669' title='bbox 2957 2895 3110 2950; x_wconf 86' lang='lat' dir='ltr'><strong>tertio</strong></span> <span class='ocrx_word' id='word_1_670' title='bbox 3144 2897 3421 2963; x_wconf 87' lang='lat' dir='ltr'><strong>seminate,</strong></span> <span class='ocrx_word' id='word_1_671' title='bbox 3452 2908 3502 2952; x_wconf 83' lang='lat' dir='ltr'><strong>et</strong></span> <span class='ocrx_word' id='word_1_672' title='bbox 3530 2901 3728 2954; x_wconf 83' lang='lat' dir='ltr'><strong>metite:</strong></span> 
     </span>
    </p>
   </div>
   <div class='ocr_carea' id='block_1_91' title="bbox 2152 2970 3454 3060">
    <p class='ocr_par' dir='ltr' id='par_1_91' title="bbox 2152 2970 3454 3060">
     <span class='ocr_line' id='line_1_92' title="bbox 2152 2970 3454 3060; baseline 0.008 -22"><span class='ocrx_word' id='word_1_673' title='bbox 2152 2970 2386 3056; x_wconf 77' lang='lat' dir='ltr'><strong>plantate</strong></span> <span class='ocrx_word' id='word_1_674' title='bbox 2415 2987 2611 3052; x_wconf 78' lang='lat' dir='ltr'><strong>uineas,</strong></span> <span class='ocrx_word' id='word_1_675' title='bbox 2643 2996 2690 3042; x_wconf 83' lang='lat' dir='ltr'><strong>et</strong></span> <span class='ocrx_word' id='word_1_676' title='bbox 2721 2989 2972 3044; x_wconf 77' lang='lat' dir='ltr'><strong>comedit‘e</strong></span> <span class='ocrx_word' id='word_1_677' title='bbox 2994 2988 3226 3060; x_wconf 80' lang='lat' dir='ltr'><strong>fructum</strong></span> <span class='ocrx_word' id='word_1_678' title='bbox 3251 3009 3454 3048; x_wconf 84' lang='lat' dir='ltr'><strong>earum.</strong></span> 
     </span>
    </p>
   </div>
   <div class='ocr_carea' id='block_1_92' title="bbox 2231 3062 3729 3164">
    <p class='ocr_par' dir='ltr' id='par_1_92' title="bbox 2231 3062 3729 3164">
     <span class='ocr_line' id='line_1_93' title="bbox 2231 3062 3729 3164; baseline 0.007 -32"><span class='ocrx_word' id='word_1_679' title='bbox 2231 3082 2250 3130; x_wconf 69' lang='grc' dir='ltr'><em>ἃ</em></span> <span class='ocrx_word' id='word_1_680' title='bbox 2279 3063 2472 3162; x_wconf 64' lang='lat' dir='ltr'><strong>Omnia</strong></span> <span class='ocrx_word' id='word_1_681' title='bbox 2515 3066 2632 3162; x_wconf 72' lang='lat' dir='ltr'><strong>inec</strong></span> <span class='ocrx_word' id='word_1_682' title='bbox 2671 3062 2942 3150; x_wconf 69' lang='lat' dir='ltr'><strong>Propheta</strong></span> <span class='ocrx_word' id='word_1_683' title='bbox 2967 3085 3066 3164; x_wconf 69' lang='lat' dir='ltr'><strong>per</strong></span> <span class='ocrx_word' id='word_1_684' title='bbox 3091 3076 3311 3163; x_wconf 77' lang='lat' dir='ltr'><strong>nuntios</strong></span> <span class='ocrx_word' id='word_1_685' title='bbox 3329 3085 3420 3164; x_wconf 30' lang='lat' dir='ltr'><strong>.ad</strong></span> <span class='ocrx_word' id='word_1_686' title='bbox 3450 3085 3729 3142; x_wconf 64' lang='lat' dir='ltr'><strong>Ezechias</strong></span> 
     </span>
    </p>
   </div>
   <div class='ocr_carea' id='block_1_93' title="bbox 2153 3155 3733 3253">
    <p class='ocr_par' dir='ltr' id='par_1_93' title="bbox 2153 3155 3733 3253">
     <span class='ocr_line' id='line_1_94' title="bbox 2153 3155 3733 3253; baseline 0.006 -28"><span class='ocrx_word' id='word_1_687' title='bbox 2153 3155 2416 3241; x_wconf 84' lang='lat' dir='ltr'><strong>loquitur,</strong></span> <span class='ocrx_word' id='word_1_688' title='bbox 2442 3171 2573 3241; x_wconf 91' lang='lat' dir='ltr'><strong>quid</strong></span> <span class='ocrx_word' id='word_1_689' title='bbox 2596 3158 2966 3229; x_wconf 82' lang='lat' dir='ltr'><strong>Sennacberib</strong></span> <span class='ocrx_word' id='word_1_690' title='bbox 2997 3155 3218 3240; x_wconf 66' lang='lat' dir='ltr'><strong>dixerit,</strong></span> <span class='ocrx_word' id='word_1_691' title='bbox 3244 3158 3378 3253; x_wconf 86' lang='lat' dir='ltr'><strong>quid</strong></span> <span class='ocrx_word' id='word_1_692' title='bbox 3401 3177 3453 3232; x_wconf 91' lang='lat' dir='ltr'><strong>ei</strong></span> <span class='ocrx_word' id='word_1_693' title='bbox 3481 3177 3733 3234; x_wconf 75' lang='lat' dir='ltr'><strong>Dominus</strong></span> 
     </span>
    </p>
   </div>
   <div class='ocr_carea' id='block_1_94' title="bbox 2152 3263 3731 3334">
    <p class='ocr_par' dir='ltr' id='par_1_94' title="bbox 2152 3263 3731 3334">
     <span class='ocr_line' id='line_1_95' title="bbox 2152 3263 3731 3334; baseline 0.004 -15"><span class='ocrx_word' id='word_1_694' title='bbox 2152 3263 2498 3334; x_wconf 86' lang='lat' dir='ltr'><strong>responderit</strong></span> <span class='ocrx_word' id='word_1_695' title='bbox 2525 3278 2542 3318; x_wconf 91' lang='lat'><strong>:</strong></span> <span class='ocrx_word' id='word_1_696' title='bbox 2573 3279 2682 3318; x_wconf 85' lang='lat' dir='ltr'><strong>non</strong></span> <span class='ocrx_word' id='word_1_697' title='bbox 2711 3264 2780 3319; x_wconf 91' lang='lat' dir='ltr'><strong>ad</strong></span> <span class='ocrx_word' id='word_1_698' title='bbox 2807 3263 2985 3334; x_wconf 88' lang='lat' dir='ltr'><strong>ipsum</strong></span> <span class='ocrx_word' id='word_1_699' title='bbox 3013 3265 3326 3322; x_wconf 81' lang='lat' dir='ltr'><strong>sermonem</strong></span> <span class='ocrx_word' id='word_1_700' title='bbox 3353 3265 3508 3334; x_wconf 80' lang='lat' dir='ltr'><strong>facit,</strong></span> <span class='ocrx_word' id='word_1_701' title='bbox 3539 3284 3609 3325; x_wconf 88' lang='lat' dir='ltr'><strong>ne</strong></span> <span class='ocrx_word' id='word_1_702' title='bbox 3632 3268 3731 3324; x_wconf 75' lang='lat' dir='ltr'><strong>tor-</strong></span> 
     </span>
    </p>
   </div>
   <div class='ocr_carea' id='block_1_95' title="bbox 2151 3354 3731 3426">
    <p class='ocr_par' dir='ltr' id='par_1_95' title="bbox 2151 3354 3731 3426">
     <span class='ocr_line' id='line_1_96' title="bbox 2151 3354 3731 3426; baseline 0.005 -17"><span class='ocrx_word' id='word_1_703' title='bbox 2151 3354 2296 3409; x_wconf 80' lang='lat' dir='ltr'><strong>sitan</strong></span> <span class='ocrx_word' id='word_1_704' title='bbox 2322 3354 2530 3410; x_wconf 86' lang='lat' dir='ltr'><strong>dubitet</strong></span> <span class='ocrx_word' id='word_1_705' title='bbox 2571 3363 2824 3422; x_wconf 85' lang='lat' dir='ltr'><strong>ventura,</strong></span> <span class='ocrx_word' id='word_1_706' title='bbox 2871 3371 2994 3426; x_wconf 61' lang='lat' dir='ltr'><strong>qua;</strong></span> <span class='ocrx_word' id='word_1_707' title='bbox 3039 3356 3185 3414; x_wconf 85' lang='lat' dir='ltr'><strong>dicta</strong></span> <span class='ocrx_word' id='word_1_708' title='bbox 3229 3367 3378 3414; x_wconf 86' lang='lat' dir='ltr'><strong>sunt.</strong></span> <span class='ocrx_word' id='word_1_709' title='bbox 3425 3360 3492 3415; x_wconf 84' lang='lat' dir='ltr'><strong>Et</strong></span> <span class='ocrx_word' id='word_1_710' title='bbox 3534 3361 3731 3417; x_wconf 84' lang='lat' dir='ltr'><strong>idcirco</strong></span> 
     </span>
    </p>
   </div>
   <div class='ocr_carea' id='block_1_96' title="bbox 2151 3446 3733 3522">
    <p class='ocr_par' dir='ltr' id='par_1_96' title="bbox 2151 3446 3733 3522">
     <span class='ocr_line' id='line_1_97' title="bbox 2151 3446 3733 3522; baseline 0.006 -20"><span class='ocrx_word' id='word_1_711' title='bbox 2151 3446 2229 3502; x_wconf 87' lang='lat' dir='ltr'><strong>illi</strong></span> <span class='ocrx_word' id='word_1_712' title='bbox 2259 3446 2500 3505; x_wconf 85' lang='lat' dir='ltr'><strong>maxime</strong></span> <span class='ocrx_word' id='word_1_713' title='bbox 2529 3448 2807 3520; x_wconf 65' lang='lat' dir='ltr'><strong>propheta:</strong></span> <span class='ocrx_word' id='word_1_714' title='bbox 2831 3449 2974 3520; x_wconf 83' lang='lat' dir='ltr'><strong>apud</strong></span> <span class='ocrx_word' id='word_1_715' title='bbox 2999 3449 3255 3522; x_wconf 79' lang='lat' dir='ltr'><strong>populum</strong></span> <span class='ocrx_word' id='word_1_716' title='bbox 3285 3467 3602 3510; x_wconf 73' lang='lat' dir='ltr'><strong>sermonum</strong></span> <span class='ocrx_word' id='word_1_717' title='bbox 3621 3469 3733 3510; x_wconf 80' lang='lat' dir='ltr'><strong>suo-</strong></span> 
     </span>
    </p>
   </div>
   <div class='ocr_carea' id='block_1_97' title="bbox 2151 3537 3734 3618">
    <p class='ocr_par' dir='ltr' id='par_1_97' title="bbox 2151 3537 3734 3618">
     <span class='ocr_line' id='line_1_98' title="bbox 2151 3537 3734 3618; baseline 0.004 -25"><span class='ocrx_word' id='word_1_718' title='bbox 2151 3553 2274 3617; x_wconf 86' lang='lat' dir='ltr'><strong>rum</strong></span> <span class='ocrx_word' id='word_1_719' title='bbox 2319 3537 2592 3594; x_wconf 83' lang='lat' dir='ltr'><strong>habebant</strong></span> <span class='ocrx_word' id='word_1_720' title='bbox 2637 3538 2822 3618; x_wconf 72' lang='lat' dir='ltr'><strong>fidem,</strong></span> <span class='ocrx_word' id='word_1_721' title='bbox 2871 3539 2999 3610; x_wconf 87' lang='lat' dir='ltr'><strong>quia</strong></span> <span class='ocrx_word' id='word_1_722' title='bbox 3040 3557 3149 3598; x_wconf 88' lang='lat' dir='ltr'><strong>non</strong></span> <span class='ocrx_word' id='word_1_723' title='bbox 3175 3541 3353 3598; x_wconf 87' lang='lat' dir='ltr'><strong>solum</strong></span> <span class='ocrx_word' id='word_1_724' title='bbox 3385 3543 3453 3598; x_wconf 86' lang='lat' dir='ltr'><strong>de</strong></span> <span class='ocrx_word' id='word_1_725' title='bbox 3477 3542 3585 3611; x_wconf 87' lang='lat' dir='ltr'><strong>his,</strong></span> <span class='ocrx_word' id='word_1_726' title='bbox 3620 3559 3734 3615; x_wconf 70' lang='lat' dir='ltr'><strong>qn:</strong></span> 
     </span>
    </p>
   </div>
   <div class='ocr_carea' id='block_1_98' title="bbox 2149 3613 3732 3706">
    <p class='ocr_par' dir='ltr' id='par_1_98' title="bbox 2149 3613 3732 3706">
     <span class='ocr_line' id='line_1_99' title="bbox 2149 3613 3732 3706; baseline 0.004 -22"><span class='ocrx_word' id='word_1_727' title='bbox 2149 3613 2322 3684; x_wconf 85' lang='lat' dir='ltr'><strong>multa</strong></span> <span class='ocrx_word' id='word_1_728' title='bbox 2355 3637 2480 3698; x_wconf 81' lang='lat' dir='ltr'><strong>post</strong></span> <span class='ocrx_word' id='word_1_729' title='bbox 2511 3613 2710 3686; x_wconf 68' lang='lat' dir='ltr'><strong>alecula</strong></span> <span class='ocrx_word' id='word_1_730' title='bbox 2755 3629 2938 3686; x_wconf 76' lang='lat' dir='ltr'><strong>futura</strong></span> <span class='ocrx_word' id='word_1_731' title='bbox 2982 3639 3160 3699; x_wconf 85' lang='lat' dir='ltr'><strong>erant,</strong></span> <span class='ocrx_word' id='word_1_732' title='bbox 3206 3631 3304 3688; x_wconf 83' lang='lat' dir='ltr'><strong>sed</strong></span> <span class='ocrx_word' id='word_1_733' title='bbox 3346 3631 3518 3690; x_wconf 88' lang='lat' dir='ltr'><strong>etia</strong></span> <span class='ocrx_word' id='word_1_734' title='bbox 3540 3613 3732 3706; x_wconf 51' lang='lat' dir='ltr'><strong>quiin</strong></span> 
     </span>
    </p>
   </div>
   <div class='ocr_carea' id='block_1_99' title="bbox 2149 3718 3730 3796">
    <p class='ocr_par' dir='ltr' id='par_1_99' title="bbox 2149 3718 3730 3796">
     <span class='ocr_line' id='line_1_100' title="bbox 2149 3718 3730 3796; baseline 0.004 -22"><span class='ocrx_word' id='word_1_735' title='bbox 2149 3718 2470 3784; x_wconf 89' lang='lat' dir='ltr'><strong>continenti,</strong></span> <span class='ocrx_word' id='word_1_736' title='bbox 2515 3729 2572 3775; x_wconf 89' lang='lat' dir='ltr'><strong>et</strong></span> <span class='ocrx_word' id='word_1_737' title='bbox 2617 3727 2740 3790; x_wconf 88' lang='lat' dir='ltr'><strong>post</strong></span> <span class='ocrx_word' id='word_1_738' title='bbox 2785 3735 2894 3776; x_wconf 87' lang='lat' dir='ltr'><strong>non</strong></span> <span class='ocrx_word' id='word_1_739' title='bbox 2941 3722 3146 3793; x_wconf 67' lang='lat' dir='ltr'><strong>grande</strong></span> <span class='ocrx_word' id='word_1_740' title='bbox 3188 3725 3452 3795; x_wconf 83' lang='lat' dir='ltr'><strong>temporis</strong></span> <span class='ocrx_word' id='word_1_741' title='bbox 3503 3726 3730 3796; x_wconf 78' lang='lat' dir='ltr'><strong>spatium</strong></span> 
     </span>
    </p>
   </div>
   <div class='ocr_carea' id='block_1_100' title="bbox 2149 3810 3730 3885">
    <p class='ocr_par' dir='ltr' id='par_1_100' title="bbox 2149 3810 3730 3885">
     <span class='ocr_line' id='line_1_101' title="bbox 2149 3810 3730 3885; baseline 0.003 -19"><span class='ocrx_word' id='word_1_742' title='bbox 2149 3815 2333 3866; x_wconf 82' lang='lat' dir='ltr'><strong>essent</strong></span> <span class='ocrx_word' id='word_1_743' title='bbox 2365 3810 2659 3882; x_wconf 89' lang='lat' dir='ltr'><strong>implenda,</strong></span> <span class='ocrx_word' id='word_1_744' title='bbox 2706 3813 3107 3881; x_wconf 87' lang='lat' dir='ltr'><strong>memorabant,</strong></span> <span class='ocrx_word' id='word_1_745' title='bbox 3152 3821 3208 3870; x_wconf 90' lang='lat' dir='ltr'><strong>et</strong></span> <span class='ocrx_word' id='word_1_746' title='bbox 3235 3816 3382 3885; x_wconf 90' lang='lat' dir='ltr'><strong>quod</strong></span> <span class='ocrx_word' id='word_1_747' title='bbox 3409 3815 3556 3871; x_wconf 88' lang='lat' dir='ltr'><strong>intra</strong></span> <span class='ocrx_word' id='word_1_748' title='bbox 3588 3815 3730 3871; x_wconf 82' lang='lat' dir='ltr'><strong>bien-</strong></span> 
     </span>
    </p>
   </div>
   <div class='ocr_carea' id='block_1_101' title="bbox 2149 3902 3732 3976">
    <p class='ocr_par' dir='ltr' id='par_1_101' title="bbox 2149 3902 3732 3976">
     <span class='ocr_line' id='line_1_102' title="bbox 2149 3902 3732 3976; baseline 0.006 -20"><span class='ocrx_word' id='word_1_749' title='bbox 2149 3902 2324 3968; x_wconf 89' lang='lat' dir='ltr'><strong>nium,</strong></span> <span class='ocrx_word' id='word_1_750' title='bbox 2351 3911 2407 3958; x_wconf 91' lang='lat' dir='ltr'><strong>et</strong></span> <span class='ocrx_word' id='word_1_751' title='bbox 2441 3918 2540 3958; x_wconf 87' lang='lat' dir='ltr'><strong>rex</strong></span> <span class='ocrx_word' id='word_1_752' title='bbox 2562 3903 2908 3976; x_wconf 79' lang='lat' dir='ltr'><strong>Assyriorum</strong></span> <span class='ocrx_word' id='word_1_753' title='bbox 2932 3906 3206 3976; x_wconf 89' lang='lat' dir='ltr'><strong>interiret,</strong></span> <span class='ocrx_word' id='word_1_754' title='bbox 3233 3915 3291 3962; x_wconf 92' lang='lat' dir='ltr'><strong>et</strong></span> <span class='ocrx_word' id='word_1_755' title='bbox 3327 3909 3448 3964; x_wconf 90' lang='lat' dir='ltr'><strong>urbi</strong></span> <span class='ocrx_word' id='word_1_756' title='bbox 3487 3909 3732 3964; x_wconf 78' lang='lat' dir='ltr'><strong>Hierusa-</strong></span> 
     </span>
    </p>
   </div>
   <div class='ocr_carea' id='block_1_102' title="bbox 2148 3994 3728 4071">
    <p class='ocr_par' dir='ltr' id='par_1_102' title="bbox 2148 3994 3728 4071">
     <span class='ocr_line' id='line_1_103' title="bbox 2148 3994 3728 4071; baseline 0.003 -21"><span class='ocrx_word' id='word_1_757' title='bbox 2148 3994 2256 4050; x_wconf 90' lang='lat' dir='ltr'><strong>lem</strong></span> <span class='ocrx_word' id='word_1_758' title='bbox 2293 3995 2559 4054; x_wconf 84' lang='lat' dir='ltr'><strong>securitas</strong></span> <span class='ocrx_word' id='word_1_759' title='bbox 2584 3997 2936 4064; x_wconf 81' lang='lat' dir='ltr'><strong>redderetur;</strong></span> <span class='ocrx_word' id='word_1_760' title='bbox 2981 4000 3080 4054; x_wconf 84' lang='lat' dir='ltr'><strong>hoe</strong></span> <span class='ocrx_word' id='word_1_761' title='bbox 3115 4001 3235 4066; x_wconf 86' lang='lat' dir='ltr'><strong>erit,</strong></span> <span class='ocrx_word' id='word_1_762' title='bbox 3285 3999 3480 4070; x_wconf 89' lang='lat' dir='ltr'><strong>inquit,</strong></span> <span class='ocrx_word' id='word_1_763' title='bbox 3528 4003 3728 4071; x_wconf 67' lang='lat' dir='ltr'><strong>signa</strong></span> 
     </span>
    </p>
   </div>
   <div class='ocr_carea' id='block_1_103' title="bbox 2147 4078 3728 4159">
    <p class='ocr_par' dir='ltr' id='par_1_103' title="bbox 2147 4078 3728 4159">
     <span class='ocr_line' id='line_1_104' title="bbox 2147 4078 3728 4159; baseline 0.003 -20"><span class='ocrx_word' id='word_1_764' title='bbox 2147 4101 2354 4152; x_wconf 86' lang='lat' dir='ltr'><strong>eorum,</strong></span> <span class='ocrx_word' id='word_1_765' title='bbox 2393 4102 2512 4156; x_wconf 69' lang='lat' dir='ltr'><strong>quae</strong></span> <span class='ocrx_word' id='word_1_766' title='bbox 2553 4078 2736 4156; x_wconf 77' lang='lat' dir='ltr'><strong>futura</strong></span> <span class='ocrx_word' id='word_1_767' title='bbox 2777 4089 3092 4159; x_wconf 88' lang='lat' dir='ltr'><strong>pronuntio,</strong></span> <span class='ocrx_word' id='word_1_768' title='bbox 3145 4090 3289 4159; x_wconf 88' lang='lat' dir='ltr'><strong>quod</strong></span> <span class='ocrx_word' id='word_1_769' title='bbox 3340 4090 3443 4146; x_wconf 88' lang='lat' dir='ltr'><strong>hoc</strong></span> <span class='ocrx_word' id='word_1_770' title='bbox 3492 4105 3638 4146; x_wconf 81' lang='lat' dir='ltr'><strong>anno</strong></span> <span class='ocrx_word' id='word_1_771' title='bbox 3673 4105 3728 4144; x_wconf 76' lang='lat' dir='ltr'><strong>es</strong></span> 
     </span>
    </p>
   </div>
   <div class='ocr_carea' id='block_1_104' title="bbox 2148 4176 3731 4250">
    <p class='ocr_par' dir='ltr' id='par_1_104' title="bbox 2148 4176 3731 4250">
     <span class='ocr_line' id='line_1_105' title="bbox 2148 4176 3731 4250; baseline 0.001 -18"><span class='ocrx_word' id='word_1_772' title='bbox 2148 4176 2402 4232; x_wconf 86' lang='lat' dir='ltr'><strong>comedas</strong></span> <span class='ocrx_word' id='word_1_773' title='bbox 2435 4191 2557 4246; x_wconf 72' lang='lat' dir='ltr'><strong>qua:</strong></span> <span class='ocrx_word' id='word_1_774' title='bbox 2582 4178 2849 4247; x_wconf 88' lang='lat' dir='ltr'><strong>repereris</strong></span> <span class='ocrx_word' id='word_1_775' title='bbox 2880 4196 2896 4232; x_wconf 86' lang='lat'>:</span> <span class='ocrx_word' id='word_1_776' title='bbox 2927 4193 3070 4234; x_wconf 88' lang='lat' dir='ltr'><strong>anno</strong></span> <span class='ocrx_word' id='word_1_777' title='bbox 3113 4188 3293 4235; x_wconf 88' lang='lat' dir='ltr'><strong>autem</strong></span> <span class='ocrx_word' id='word_1_778' title='bbox 3334 4182 3578 4236; x_wconf 88' lang='lat' dir='ltr'><strong>secundo</strong></span> <span class='ocrx_word' id='word_1_779' title='bbox 3618 4195 3731 4250; x_wconf 68' lang='lat' dir='ltr'><strong>qua:</strong></span> 
     </span>
    </p>
   </div>
   <div class='ocr_carea' id='block_1_105' title="bbox 2149 4270 3731 4342">
    <p class='ocr_par' dir='ltr' id='par_1_105' title="bbox 2149 4270 3731 4342">
     <span class='ocr_line' id='line_1_106' title="bbox 2149 4270 3731 4342; baseline 0 -18"><span class='ocrx_word' id='word_1_780' title='bbox 2149 4276 2340 4337; x_wconf 89' lang='lat' dir='ltr'><strong>sponte</strong></span> <span class='ocrx_word' id='word_1_781' title='bbox 2369 4276 2670 4324; x_wconf 88' lang='lat' dir='ltr'><strong>nascuntur</strong></span> <span class='ocrx_word' id='word_1_782' title='bbox 2696 4285 2708 4321; x_wconf 94' lang='lat'><strong>:</strong></span> <span class='ocrx_word' id='word_1_783' title='bbox 2744 4270 2796 4324; x_wconf 92' lang='lat' dir='ltr'><strong>in</strong></span> <span class='ocrx_word' id='word_1_784' title='bbox 2820 4285 2963 4328; x_wconf 87' lang='lat' dir='ltr'><strong>anno</strong></span> <span class='ocrx_word' id='word_1_785' title='bbox 2991 4277 3174 4326; x_wconf 87' lang='lat' dir='ltr'><strong>autem</strong></span> <span class='ocrx_word' id='word_1_786' title='bbox 3205 4272 3388 4336; x_wconf 88' lang='lat' dir='ltr'><strong>tertio,</strong></span> <span class='ocrx_word' id='word_1_787' title='bbox 3412 4271 3603 4342; x_wconf 72' lang='lat' dir='ltr'><strong>fugato</strong></span> <span class='ocrx_word' id='word_1_788' title='bbox 3623 4271 3731 4340; x_wconf 87' lang='lat' dir='ltr'><strong>jam</strong></span> 
     </span>
    </p>
   </div>
   <div class='ocr_carea' id='block_1_106' title="bbox 2148 4360 3730 4433">
    <p class='ocr_par' dir='ltr' id='par_1_106' title="bbox 2148 4360 3730 4433">
     <span class='ocr_line' id='line_1_107' title="bbox 2148 4360 3730 4433; baseline 0 -18"><span class='ocrx_word' id='word_1_789' title='bbox 2148 4360 2393 4433; x_wconf 83' lang='lat' dir='ltr'><strong>Assyrio,</strong></span> <span class='ocrx_word' id='word_1_790' title='bbox 2436 4370 2492 4417; x_wconf 89' lang='lat' dir='ltr'><strong>et</strong></span> <span class='ocrx_word' id='word_1_791' title='bbox 2546 4361 2828 4417; x_wconf 87' lang='lat' dir='ltr'><strong>obsidione</strong></span> <span class='ocrx_word' id='word_1_792' title='bbox 2881 4363 3080 4430; x_wconf 87' lang='lat' dir='ltr'><strong>laxata,</strong></span> <span class='ocrx_word' id='word_1_793' title='bbox 3127 4366 3381 4420; x_wconf 80' lang='lat' dir='ltr'><strong>seminate</strong></span> <span class='ocrx_word' id='word_1_794' title='bbox 3430 4375 3480 4420; x_wconf 85' lang='lat' dir='ltr'><strong>et</strong></span> <span class='ocrx_word' id='word_1_795' title='bbox 3531 4367 3730 4420; x_wconf 78' lang='lat' dir='ltr'><strong>metite:</strong></span> 
     </span>
    </p>
   </div>
   <div class='ocr_carea' id='block_1_107' title="bbox 2151 4453 3732 4529">
    <p class='ocr_par' dir='ltr' id='par_1_107' title="bbox 2151 4453 3732 4529">
     <span class='ocr_line' id='line_1_108' title="bbox 2151 4453 3732 4529; baseline 0.004 -22"><span class='ocrx_word' id='word_1_796' title='bbox 2151 4453 2384 4524; x_wconf 88' lang='lat' dir='ltr'><strong>plantate</strong></span> <span class='ocrx_word' id='word_1_797' title='bbox 2410 4454 2604 4520; x_wconf 79' lang='lat' dir='ltr'><strong>uineas,</strong></span> <span class='ocrx_word' id='word_1_798' title='bbox 2637 4463 2685 4509; x_wconf 87' lang='lat' dir='ltr'><strong>et</strong></span> <span class='ocrx_word' id='word_1_799' title='bbox 2715 4455 2918 4525; x_wconf 87' lang='lat' dir='ltr'><strong>fructus</strong></span> <span class='ocrx_word' id='word_1_800' title='bbox 2943 4473 3128 4511; x_wconf 85' lang='lat' dir='ltr'><strong>earum</strong></span> <span class='ocrx_word' id='word_1_801' title='bbox 3149 4457 3422 4512; x_wconf 86' lang='lat' dir='ltr'><strong>comedite.</strong></span> <span class='ocrx_word' id='word_1_802' title='bbox 3457 4457 3732 4529; x_wconf 77' lang='lat' dir='ltr'><strong>Siquidem</strong></span> 
     </span>
    </p>
   </div>
   <div class='ocr_carea' id='block_1_108' title="bbox 2151 4545 3734 4621">
    <p class='ocr_par' dir='ltr' id='par_1_108' title="bbox 2151 4545 3734 4621">
     <span class='ocr_line' id='line_1_109' title="bbox 2151 4545 3734 4621; baseline 0.002 -20"><span class='ocrx_word' id='word_1_803' title='bbox 2151 4545 2178 4585; x_wconf 71' lang='grc' dir='ltr'>ἀ</span> <span class='ocrx_word' id='word_1_804' title='bbox 2209 4547 2358 4602; x_wconf 88' lang='lat' dir='ltr'><strong>urbis</strong></span> <span class='ocrx_word' id='word_1_805' title='bbox 2391 4546 2553 4617; x_wconf 89' lang='lat' dir='ltr'><strong>hujus</strong></span> <span class='ocrx_word' id='word_1_806' title='bbox 2579 4548 2841 4621; x_wconf 68' lang='lat' dir='ltr'><strong>reliquiae,</strong></span> <span class='ocrx_word' id='word_1_807' title='bbox 2876 4565 2997 4620; x_wconf 69' lang='lat' dir='ltr'><strong>quae</strong></span> <span class='ocrx_word' id='word_1_808' title='bbox 3042 4566 3186 4606; x_wconf 91' lang='lat' dir='ltr'><strong>nunc</strong></span> <span class='ocrx_word' id='word_1_809' title='bbox 3234 4551 3417 4606; x_wconf 85' lang='lat' dir='ltr'><strong>hostili</strong></span> <span class='ocrx_word' id='word_1_810' title='bbox 3463 4551 3734 4607; x_wconf 82' lang='lat' dir='ltr'><strong>vallantur</strong></span> 
     </span>
    </p>
   </div>
   <div class='ocr_carea' id='block_1_109' title="bbox 2151 4637 3735 4706">
    <p class='ocr_par' dir='ltr' id='par_1_109' title="bbox 2151 4637 3735 4706">
     <span class='ocr_line' id='line_1_110' title="bbox 2151 4637 3735 4706; baseline 0.001 -12"><span class='ocrx_word' id='word_1_811' title='bbox 2151 4637 2416 4703; x_wconf 81' lang='lat' dir='ltr'><strong>exercitu,</strong></span> <span class='ocrx_word' id='word_1_812' title='bbox 2447 4647 2504 4694; x_wconf 91' lang='lat' dir='ltr'><strong>et</strong></span> <span class='ocrx_word' id='word_1_813' title='bbox 2525 4654 2786 4696; x_wconf 87' lang='lat' dir='ltr'><strong>evasuras</strong></span> <span class='ocrx_word' id='word_1_814' title='bbox 2815 4655 2939 4699; x_wconf 87' lang='lat' dir='ltr'><strong>esse</strong></span> <span class='ocrx_word' id='word_1_815' title='bbox 2980 4656 3086 4697; x_wconf 90' lang='lat' dir='ltr'><strong>non</strong></span> <span class='ocrx_word' id='word_1_816' title='bbox 3116 4641 3363 4706; x_wconf 87' lang='lat' dir='ltr'><strong>credunt,</strong></span> <span class='ocrx_word' id='word_1_817' title='bbox 3407 4651 3618 4698; x_wconf 86' lang='lat' dir='ltr'><strong>tantam</strong></span> <span class='ocrx_word' id='word_1_818' title='bbox 3654 4657 3735 4696; x_wconf 87' lang='lat' dir='ltr'><strong>rc-</strong></span> 
     </span>
    </p>
   </div>
   <div class='ocr_carea' id='block_1_110' title="bbox 2150 4729 3734 4800">
    <p class='ocr_par' dir='ltr' id='par_1_110' title="bbox 2150 4729 3734 4800">
     <span class='ocr_line' id='line_1_111' title="bbox 2150 4729 3734 4800; baseline 0.001 -16"><span class='ocrx_word' id='word_1_819' title='bbox 2150 4729 2352 4800; x_wconf 90' lang='lat' dir='ltr'><strong>cipient</strong></span> <span class='ocrx_word' id='word_1_820' title='bbox 2379 4745 2562 4785; x_wconf 89' lang='lat' dir='ltr'><strong>rerum</strong></span> <span class='ocrx_word' id='word_1_821' title='bbox 2594 4731 2836 4787; x_wconf 90' lang='lat' dir='ltr'><strong>omnium</strong></span> <span class='ocrx_word' id='word_1_822' title='bbox 2876 4730 3262 4788; x_wconf 87' lang='lat' dir='ltr'><strong>abundantiam</strong></span> <span class='ocrx_word' id='word_1_823' title='bbox 3304 4747 3370 4786; x_wconf 89' lang='lat' dir='ltr'><strong>ac</strong></span> <span class='ocrx_word' id='word_1_824' title='bbox 3395 4730 3734 4795; x_wconf 79' lang='lat' dir='ltr'><strong>felicitatem,</strong></span> 
     </span>
    </p>
   </div>
   <div class='ocr_carea' id='block_1_111' title="bbox 2150 4823 3734 4896">
    <p class='ocr_par' dir='ltr' id='par_1_111' title="bbox 2150 4823 3734 4896">
     <span class='ocr_line' id='line_1_112' title="bbox 2150 4823 3734 4896; baseline 0.003 -20"><span class='ocrx_word' id='word_1_825' title='bbox 2150 4831 2212 4876; x_wconf 90' lang='lat' dir='ltr'><strong>ut</strong></span> <span class='ocrx_word' id='word_1_826' title='bbox 2241 4824 2411 4877; x_wconf 87' lang='lat' dir='ltr'><strong>instar</strong></span> <span class='ocrx_word' id='word_1_827' title='bbox 2437 4823 2646 4878; x_wconf 85' lang='lat' dir='ltr'><strong>arboris</strong></span> <span class='ocrx_word' id='word_1_828' title='bbox 2675 4823 2782 4879; x_wconf 86' lang='lat' dir='ltr'><strong>alta</strong></span> <span class='ocrx_word' id='word_1_829' title='bbox 2812 4824 2994 4880; x_wconf 89' lang='lat' dir='ltr'><strong>radice</strong></span> <span class='ocrx_word' id='word_1_830' title='bbox 3021 4823 3279 4891; x_wconf 60' lang='lat' dir='ltr'><strong>fundata,</strong></span> <span class='ocrx_word' id='word_1_831' title='bbox 3313 4825 3492 4896; x_wconf 90' lang='lat' dir='ltr'><strong>pomis</strong></span> <span class='ocrx_word' id='word_1_832' title='bbox 3525 4826 3734 4882; x_wconf 80' lang='lat' dir='ltr'><strong>densis-</strong></span> 
     </span>
    </p>
   </div>
   <div class='ocr_carea' id='block_1_112' title="bbox 2151 4912 2688 4982">
    <p class='ocr_par' dir='ltr' id='par_1_112' title="bbox 2151 4912 2688 4982">
     <span class='ocr_line' id='line_1_113' title="bbox 2151 4912 2688 4982; baseline 0.004 -16"><span class='ocrx_word' id='word_1_833' title='bbox 2151 4912 2308 4968; x_wconf 87' lang='lat' dir='ltr'><strong>simis</strong></span> <span class='ocrx_word' id='word_1_834' title='bbox 2342 4912 2688 4982; x_wconf 86' lang='lat' dir='ltr'><strong>impleantur.</strong></span> 
     </span>
    </p>
   </div>
   <div class='ocr_carea' id='block_1_113' title="bbox 2229 5013 3731 5085">
    <p class='ocr_par' dir='ltr' id='par_1_113' title="bbox 2229 5013 3731 5085">
     <span class='ocr_line' id='line_1_114' title="bbox 2229 5013 3731 5085; baseline 0.002 -21"><span class='ocrx_word' id='word_1_835' title='bbox 2229 5026 2251 5053; x_wconf 81' lang='lat' dir='ltr'><strong>e</strong></span> <span class='ocrx_word' id='word_1_836' title='bbox 2283 5013 2380 5068; x_wconf 68' lang='lat' dir='ltr'><strong>«Et</strong></span> <span class='ocrx_word' id='word_1_837' title='bbox 2418 5013 2762 5085; x_wconf 86' lang='lat' dir='ltr'><strong>quodcunque</strong></span> <span class='ocrx_word' id='word_1_838' title='bbox 2801 5013 3060 5084; x_wconf 82' lang='lat' dir='ltr'><strong>reliquum</strong></span> <span class='ocrx_word' id='word_1_839' title='bbox 3086 5014 3243 5084; x_wconf 81' lang='lat' dir='ltr'><strong>fuerit</strong></span> <span class='ocrx_word' id='word_1_840' title='bbox 3273 5015 3337 5069; x_wconf 88' lang='lat' dir='ltr'><strong>de</strong></span> <span class='ocrx_word' id='word_1_841' title='bbox 3373 5015 3532 5070; x_wconf 84' lang='lat' dir='ltr'><strong>domo</strong></span> <span class='ocrx_word' id='word_1_842' title='bbox 3563 5015 3731 5076; x_wconf 75' lang='lat' dir='ltr'><strong>Iuda,</strong></span> 
     </span>
    </p>
   </div>
   <div class='ocr_carea' id='block_1_114' title="bbox 2151 5104 3711 5175">
    <p class='ocr_par' dir='ltr' id='par_1_114' title="bbox 2151 5104 3711 5175">
     <span class='ocr_line' id='line_1_115' title="bbox 2151 5104 3711 5175; baseline 0 -17"><span class='ocrx_word' id='word_1_843' title='bbox 2151 5104 2314 5158; x_wconf 86' lang='lat' dir='ltr'><strong>mittet</strong></span> <span class='ocrx_word' id='word_1_844' title='bbox 2363 5105 2592 5159; x_wconf 84' lang='lat' dir='ltr'><strong>radicem</strong></span> <span class='ocrx_word' id='word_1_845' title='bbox 2631 5105 2896 5170; x_wconf 84' lang='lat' dir='ltr'><strong>deorsum,</strong></span> <span class='ocrx_word' id='word_1_846' title='bbox 2948 5115 2995 5160; x_wconf 89' lang='lat' dir='ltr'><strong>et</strong></span> <span class='ocrx_word' id='word_1_847' title='bbox 3029 5105 3183 5175; x_wconf 78' lang='lat' dir='ltr'><strong>faciet</strong></span> <span class='ocrx_word' id='word_1_848' title='bbox 3223 5106 3456 5174; x_wconf 84' lang='lat' dir='ltr'><strong>fructum</strong></span> <span class='ocrx_word' id='word_1_849' title='bbox 3499 5122 3711 5161; x_wconf 77' lang='lat' dir='ltr'><strong>sursum</strong></span> 
     </span>
    </p>
   </div>
   <div class='ocr_carea' id='block_1_115' title="bbox 2150 5197 3734 5269">
    <p class='ocr_par' dir='ltr' id='par_1_115' title="bbox 2150 5197 3734 5269">
     <span class='ocr_line' id='line_1_116' title="bbox 2150 5197 3734 5269; baseline -0.001 -17"><span class='ocrx_word' id='word_1_850' title='bbox 2150 5197 2289 5264; x_wconf 83' lang='lat' dir='ltr'><strong>Quid</strong></span> <span class='ocrx_word' id='word_1_851' title='bbox 2320 5198 2422 5252; x_wconf 87' lang='lat' dir='ltr'><strong>hoc</strong></span> <span class='ocrx_word' id='word_1_852' title='bbox 2451 5198 2569 5252; x_wconf 86' lang='lat' dir='ltr'><strong>loco</strong></span> <span class='ocrx_word' id='word_1_853' title='bbox 2598 5197 2840 5252; x_wconf 85' lang='lat' dir='ltr'><strong>radicum</strong></span> <span class='ocrx_word' id='word_1_854' title='bbox 2872 5199 3114 5265; x_wconf 90' lang='lat' dir='ltr'><strong>nomine,</strong></span> <span class='ocrx_word' id='word_1_855' title='bbox 3139 5199 3243 5254; x_wconf 90' lang='lat' dir='ltr'><strong>nisi</strong></span> <span class='ocrx_word' id='word_1_856' title='bbox 3272 5200 3506 5255; x_wconf 83' lang='lat' dir='ltr'><strong>latentes</strong></span> <span class='ocrx_word' id='word_1_857' title='bbox 3528 5199 3734 5269; x_wconf 75' lang='lat' dir='ltr'><strong>cogita-</strong></span> 
     </span>
    </p>
   </div>
   <div class='ocr_carea' id='block_1_116' title="bbox 2151 5288 3728 5360">
    <p class='ocr_par' dir='ltr' id='par_1_116' title="bbox 2151 5288 3728 5360">
     <span class='ocr_line' id='line_1_117' title="bbox 2151 5288 3728 5360; baseline -0.003 -17"><span class='ocrx_word' id='word_1_858' title='bbox 2151 5289 2326 5343; x_wconf 92' lang='lat' dir='ltr'><strong>tiones</strong></span> <span class='ocrx_word' id='word_1_859' title='bbox 2369 5288 2685 5359; x_wconf 89' lang='lat' dir='ltr'><strong>accipimus,</strong></span> <span class='ocrx_word' id='word_1_860' title='bbox 2731 5304 2852 5359; x_wconf 75' lang='lat' dir='ltr'><strong>qua:</strong></span> <span class='ocrx_word' id='word_1_861' title='bbox 2883 5290 2935 5344; x_wconf 90' lang='lat' dir='ltr'><strong>in</strong></span> <span class='ocrx_word' id='word_1_862' title='bbox 2964 5289 3177 5346; x_wconf 90' lang='lat' dir='ltr'><strong>occulto</strong></span> <span class='ocrx_word' id='word_1_863' title='bbox 3213 5292 3503 5360; x_wconf 88' lang='lat' dir='ltr'><strong>prodeunt,</strong></span> <span class='ocrx_word' id='word_1_864' title='bbox 3541 5290 3640 5346; x_wconf 72' lang='lat' dir='ltr'><strong>sed</strong></span> <span class='ocrx_word' id='word_1_865' title='bbox 3679 5288 3728 5340; x_wconf 86' lang='lat' dir='ltr'><strong>in</strong></span> 
     </span>
    </p>
   </div>
   <div class='ocr_carea' id='block_1_117' title="bbox 2148 5383 3727 5454">
    <p class='ocr_par' dir='ltr' id='par_1_117' title="bbox 2148 5383 3727 5454">
     <span class='ocr_line' id='line_1_118' title="bbox 2148 5383 3727 5454; baseline -0.004 -16"><span class='ocrx_word' id='word_1_866' title='bbox 2148 5383 2514 5439; x_wconf 82' lang='lat' dir='ltr'><strong>ostentatione</strong></span> <span class='ocrx_word' id='word_1_867' title='bbox 2552 5383 2734 5454; x_wconf 89' lang='lat' dir='ltr'><strong>operis</strong></span> <span class='ocrx_word' id='word_1_868' title='bbox 2766 5397 2863 5452; x_wconf 81' lang='lat' dir='ltr'><strong>per</strong></span> <span class='ocrx_word' id='word_1_869' title='bbox 2890 5385 3433 5454; x_wconf 74' lang='lat' dir='ltr'><strong>apertum.surgunt?</strong></span> <span class='ocrx_word' id='word_1_870' title='bbox 3468 5383 3727 5438; x_wconf 80' lang='lat' dir='ltr'><strong>Radicem</strong></span> 
     </span>
    </p>
   </div>
   <div class='ocr_carea' id='block_1_118' title="bbox 2148 5471 3723 5546">
    <p class='ocr_par' dir='ltr' id='par_1_118' title="bbox 2148 5471 3723 5546">
     <span class='ocr_line' id='line_1_119' title="bbox 2148 5471 3723 5546; baseline -0.003 -17"><span class='ocrx_word' id='word_1_871' title='bbox 2148 5490 2277 5544; x_wconf 80' lang='lat' dir='ltr'><strong>ergo</strong></span> <span class='ocrx_word' id='word_1_872' title='bbox 2331 5473 2585 5530; x_wconf 87' lang='lat' dir='ltr'><strong>deorsum</strong></span> <span class='ocrx_word' id='word_1_873' title='bbox 2630 5473 2866 5536; x_wconf 88' lang='lat' dir='ltr'><strong>mittere,</strong></span> <span class='ocrx_word' id='word_1_874' title='bbox 2905 5482 2989 5528; x_wconf 90' lang='lat' dir='ltr'><strong>est</strong></span> <span class='ocrx_word' id='word_1_875' title='bbox 3021 5475 3405 5546; x_wconf 77' lang='lat' dir='ltr'><strong>cogitationem</strong></span> <span class='ocrx_word' id='word_1_876' title='bbox 3445 5475 3642 5532; x_wconf 86' lang='lat' dir='ltr'><strong>bonam</strong></span> <span class='ocrx_word' id='word_1_877' title='bbox 3671 5471 3723 5525; x_wconf 85' lang='lat' dir='ltr'><strong>in</strong></span> 
     </span>
    </p>
   </div>
   <div class='ocr_carea' id='block_1_119' title="bbox 2213 5558 2960 5654">
    <p class='ocr_par' dir='ltr' id='par_1_119' title="bbox 2213 5558 2960 5654">
     <span class='ocr_line' id='line_1_120' title="bbox 2213 5558 2960 5654; baseline -0.003 -18"><span class='ocrx_word' id='word_1_878' title='bbox 2213 5585 2237 5624; x_wconf 76' lang='grc' dir='ltr'>ἀ</span> <span class='ocrx_word' id='word_1_879' title='bbox 2268 5581 2457 5637; x_wconf 72' lang='lat' dir='ltr'><strong>Parva:</strong></span> <span class='ocrx_word' id='word_1_880' title='bbox 2482 5584 2637 5654; x_wconf 67' lang='lat' dir='ltr'><strong>urbis</strong></span> <span class='ocrx_word' id='word_1_881' title='bbox 2661 5583 2913 5654; x_wconf 73' lang='lat' dir='ltr'><strong>reliquia&#39;.</strong></span> <span class='ocrx_word' id='word_1_882' title='bbox 2940 5558 2960 5571; x_wconf 51' lang='lat'><strong><em>.</em></strong></span> 
     </span>
    </p>
   </div>
   <div class='ocr_carea' id='block_1_120' title="bbox 2219 5652 3716 5720">
    <p class='ocr_par' dir='ltr' id='par_1_120' title="bbox 2219 5652 3716 5720">
     <span class='ocr_line' id='line_1_121' title="bbox 2219 5652 3716 5720; baseline -0.007 -10"><span class='ocrx_word' id='word_1_883' title='bbox 2219 5668 2242 5695; x_wconf 73' lang='grc' dir='ltr'><strong>ο</strong></span> <span class='ocrx_word' id='word_1_884' title='bbox 2291 5655 2442 5709; x_wconf 81' lang='lat' dir='ltr'><strong>Vers.</strong></span> <span class='ocrx_word' id='word_1_885' title='bbox 2471 5653 2561 5707; x_wconf 84' lang='grc'><strong>50.</strong></span> <span class='ocrx_word' id='word_1_886' title='bbox 2595 5652 2870 5709; x_wconf 86' lang='lat' dir='ltr'><strong>Hactenus</strong></span> <span class='ocrx_word' id='word_1_887' title='bbox 2903 5653 3069 5708; x_wconf 86' lang='lat' dir='ltr'><strong>etiam</strong></span> <span class='ocrx_word' id='word_1_888' title='bbox 3097 5652 3354 5708; x_wconf 81' lang='lat' dir='ltr'><strong>Rabanus</strong></span> <span class='ocrx_word' id='word_1_889' title='bbox 3396 5673 3408 5708; x_wconf 93' lang='lat'><strong>:</strong></span> <span class='ocrx_word' id='word_1_890' title='bbox 3437 5655 3716 5720; x_wconf 83' lang='lat' dir='ltr'><strong>desumpta</strong></span> 
     </span>
    </p>
   </div>
   <div class='ocr_carea' id='block_1_121' title="bbox 2143 5721 3710 5795">
    <p class='ocr_par' dir='ltr' id='par_1_121' title="bbox 2143 5721 3710 5795">
     <span class='ocr_line' id='line_1_122' title="bbox 2143 5721 3710 5795; baseline -0.005 -14"><span class='ocrx_word' id='word_1_891' title='bbox 2143 5735 2268 5794; x_wconf 76' lang='lat' dir='ltr'><strong>sunt</strong></span> <span class='ocrx_word' id='word_1_892' title='bbox 2299 5723 2682 5795; x_wconf 76' lang='lat' dir='ltr'><strong>subsequentia</strong></span> <span class='ocrx_word' id='word_1_893' title='bbox 2712 5738 2780 5779; x_wconf 81' lang='lat' dir='ltr'><strong>ex</strong></span> <span class='ocrx_word' id='word_1_894' title='bbox 2812 5723 3049 5795; x_wconf 80' lang='lat' dir='ltr'><strong>Paterio,</strong></span> <span class='ocrx_word' id='word_1_895' title='bbox 3082 5724 3316 5795; x_wconf 82' lang='lat' dir='ltr'><strong>ideoque</strong></span> <span class='ocrx_word' id='word_1_896' title='bbox 3338 5742 3404 5779; x_wconf 86' lang='lat' dir='ltr'><strong>ex</strong></span> <span class='ocrx_word' id='word_1_897' title='bbox 3431 5721 3710 5795; x_wconf 70' lang='lat' dir='ltr'><strong>Gregorio.</strong></span> 
     </span>
    </p>
   </div>
   <div class='ocr_carea' id='block_1_122' title="bbox 2146 5791 3569 5865">
    <p class='ocr_par' dir='ltr' id='par_1_122' title="bbox 2146 5791 3569 5865">
     <span class='ocr_line' id='line_1_123' title="bbox 2146 5791 3569 5865; baseline -0.006 -13"><span class='ocrx_word' id='word_1_898' title='bbox 2146 5791 2276 5853; x_wconf 73' lang='lat' dir='ltr'><strong>Vide</strong></span> <span class='ocrx_word' id='word_1_899' title='bbox 2301 5812 2354 5850; x_wconf 91' lang='lat' dir='ltr'><strong>n.</strong></span> <span class='ocrx_word' id='word_1_900' title='bbox 2387 5791 2494 5865; x_wconf 59' lang='lat'><strong>8|;</strong></span> <span class='ocrx_word' id='word_1_901' title='bbox 2516 5795 2648 5851; x_wconf 86' lang='lat' dir='ltr'><strong>alias</strong></span> <span class='ocrx_word' id='word_1_902' title='bbox 2676 5802 2837 5864; x_wconf 84' lang='lat' dir='ltr'><strong>caput</strong></span> <span class='ocrx_word' id='word_1_903' title='bbox 2863 5794 2950 5862; x_wconf 73' lang='grc'><strong>48,</strong></span> <span class='ocrx_word' id='word_1_904' title='bbox 2985 5793 3106 5849; x_wconf 89' lang='lat' dir='ltr'><strong>libri</strong></span> <span class='ocrx_word' id='word_1_905' title='bbox 3145 5791 3240 5849; x_wconf 74' lang='lat' dir='ltr'><strong>vni</strong></span> <span class='ocrx_word' id='word_1_906' title='bbox 3274 5793 3569 5848; x_wconf 79' lang='lat' dir='ltr'><strong>Moralium.</strong></span> 
     </span>
    </p>
   </div>
  </div>
