3924 6170
368 245 475 303 793

363 465 451 514 est
477 453 714 510 ellicacia
762 453 942 523 operis
985 463 1152 518 recta,
1183 466 1304 522 quae
1324 454 1604 524 cogitavit,
1635 453 1942 508 ostendere.

365 547 530 603 Mittit
569 563 690 617 ergo
725 546 957 600 radicem
984 545 1249 608 deorsum,
1279 554 1335 598 ut
1373 543 1533 612 faciat
1567 543 1798 613 fructum
1825 559 1947 596 sur-

283 641 289 650 ’
360 654 497 697 sum.
520 639 600 696 Ac
623 640 668 694 si
701 647 885 708 aperte
913 638 1186 693 diceretur
1210 655 1223 690 :
1252 637 1307 691 in
1337 637 1462 690 imis
1487 636 1746 704 cogitatio
1770 635 1944 691 nascia

359 741 468 796 tur;
501 739 562 785 ut
584 731 638 784 in
667 730 893 785 summis
916 728 1200 782 retributio
1226 727 1504 782 reddatur.

431 837 457 865 II
488 824 597 878 «De
624 822 959 878 Hierusalem
985 823 1144 888 enim,
1170 833 1217 876 et
1244 823 1308 876 de
1328 833 1503 878 monte
1530 821 1661 878 Sion”
1682 823 1943 894 egredien-

355 922 446 969 tur
473 914 731 986 reliquiis,
761 924 816 970 et
841 915 1141 984 implebunt
1171 923 1374 968 terram
1401 913 1662 980 Judzeam,
1697 931 1804 969 non
1844 923 1942 970 suo

353 1006 576 1071 merito,
621 1006 714 1061 sed
748 1006 842 1060 Dei
890 1003 1287 1069 misericordia,
1341 1004 1451 1059 imo
1496 1005 1614 1060 zelo
1653 1005 1796 1074 quod
1847 1003 1942 1059 ad-

355 1110 547 1151 versus
588 1096 782 1166 impios
813 1095 1018 1150 zelatus
1044 1103 1129 1149 est
1152 1095 1408 1165 p0pulum
1439 1111 1616 1150 suum.
1648 1095 1802 1163 Quod
1837 1111 1938 1150 au:

354 1198 464 1242 tem
494 1187 560 1242 ad
584 1195 882 1242 extremum
929 1185 1136 1240 infert:
1173 1185 1351 1258 (γει-ε.
1383 1186 1474 1256 54)
1529 1184 1811 1257 Protegam
1854 1205 1939 1240 ur-

353 1280 468 1334 bem
505 1279 661 1343 hanc,
683 1289 732 1332 et
758 1278 968 1332 saleabo
997 1295 1113 1332 eam
1135 1287 1346 1348 propter
1373 1295 1474 1345 me,
1505 1289 1554 1332 et
1579 1288 1790 1350 propter
1825 1279 1936 1334 Das

353 1370 438 1424 rid
459 1385 665 1424 servum
704 1385 876 1422 meum
900 1383 918 1420 :
941 1368 1070 1423 illud
1111 1368 1402 1438 signiﬁcat,
1431 1369 1576 1438 quod
1603 1384 1710 1424 non
1741 1370 1937 1424 merito

352 1474 474 1523 suo,
526 1458 620 1514 sed
672 1459 768 1512 Dei
814 1458 1105 1514 clementia
1149 1467 1562 1524 conserventur,
1621 1459 1731 1514 imo
1766 1460 1936 1530 patris

345 1557 540 1604 corum
565 1547 733 1602 David
764 1548 1047 1614 memoria,
1083 1549 1136 1603 in
1169 1564 1276 1618 quo
1311 1549 1689 1614 admonentur,
1729 1557 1787 1604 et
1822 1565 1934 1604 suae

349 1639 710 1710 negligentiae,
752 1648 809 1694 et
854 1640 999 1695 illius
1045 1640 1190 1706 ﬁdei,
1237 1649 1400 1711 atque
1422 1639 1672 1709 justitize,
1703 1650 1758 1698 et
1785 1641 1929 1711 quod

1030 233 1490 315 QUA‘ZSTIONES
1528 247 1677 302 xxx
1725 237 1952 304 SUPER
1989 247 2245 305 uanos
2282 247 2546 306 necum.
2586 279 2656 288 -
2689 237 2889 303 LIBER
2926 238 3012 303 1v.

367 345 569 419 abditis
610 360 992 432 multiplicare,
1037 361 1270 417 fructum
1319 378 1448 418 vero
1477 379 1692 419 sursum
1742 362 1942 429 facere,
1973 367 2021 427 Α

3529 243 3633 308 794

2121 363 2299 436 (Vere.
2326 365 2438 437 155.)
2480 365 2710 437 Cumque
2750 365 2986 421 diluculo
3007 369 3341 434 surrexisset,
3373 370 3496 424 uidit
3522 388 3634 426 om-

2049 457 2136 511 nia
2174 472 2396 528 corpora
2440 467 2794 521 mortuorum,
2846 456 2864 495 τ
2907 467 2955 510 et
3004 457 3251 526 frendens
3300 461 3449 526 abiit,
3480 473 3526 516 et
3554 480 3634 517 re-

2046 562 2224 599 uersus
2280 555 2354 599 est
2405 545 2761 600 Sennaclterib
2810 563 2902 600 rea:
2945 547 3307 618 Assyriorum,
3347 561 3396 604 et
3435 544 3635 608 inansit

2044 637 2100 690 in
2137 635 2348 690 Ninive.
2385 634 2619 704 Cumque
2671 628 2918 690 adoraret
2960 638 3016 691 in
3057 639 3246 710 templo
3295 643 3320 680 ε
3363 642 3632 699 Neesrach

2048 725 2214 780 Deum
2256 742 2434 791 suum,
2458 726 2804 780 Adrameleclt
2853 738 2900 781 et
2931 726 3186 794 Sarasar,
3225 729 3325 798 ﬁlii
3353 731 3488 800 ejus,
3515 750 3636 803 per-

2043 825 2317 871 cusserunt
2389 833 2506 871 eum
2580 817 2761 887 gladio
2823 830 2841 870 :
2903 819 3251 891 fugeruntque
3312 823 3367 875 in
3435 831 3634 877 terram

2041 908 2437 976 Armeniorum,
2476 919 2524 964 et
2562 910 2793 980 regnavit
2828 922 2923 981 pro
2979 929 3037 965 eo
3079 913 3104 951 h
3147 912 3447 967 Asorathan
3485 914 3631 984 ﬁlius

2042 999 2180 1068 ejus.

2119 1093 2135 1132 ί
2177 1113 2194 1140 ι
2216 1090 2348 1146 Cum
2390 1093 2534 1146 enim
2563 1107 2657 1146 rex
2687 1093 2792 1147 iste
2833 1108 3087 1148 reversus
3111 1101 3258 1150 esset
3279 1084 3506 1149 Niniven
3537 1111 3629 1150 ur—

2039 1181 2162 1236 bem
2216 1180 2228 1232 i
2269 1184 2450 1237 sedem
2498 1184 2648 1254 regni
2690 1183 2794 1249 sui,
2826 1191 2881 1237 et
2907 1184 3161 1239 adoraret
3201 1186 3255 1239 in
3287 1174 3488 1254 templo
3518 1174 3629 1240 Ne-

2038 1273 2201 1326 sracb
2245 1271 2412 1325 Deum
2463 1287 2620 1325 suum
2649 1312 2664 1337 ,
2729 1271 2883 1342 quasi
2935 1271 3215 1328 victoriam
3267 1275 3333 1330 de
3382 1266 3629 1330 hostibus

2039 1370 2362 1431 reportaret,
2380 1370 2435 1416 et
2460 1362 2742 1417 delubrum
2768 1363 2896 1418 idoli
2925 1365 3007 1418 sui
3031 1364 3392 1435 triumphans,
3424 1377 3479 1421 et
3505 1381 3627 1438 gra-

2037 1451 2364 1508 tulabundus
2407 1453 2806 1524 ingrederetur,
2857 1464 3199 1526 contemptor
3247 1459 3362 1512 veri
3407 1459 3522 1523 Dei,
3568 1459 3624 1512 in

2036 1543 2165 1600 fano
2215 1543 2336 1598 falsi
2379 1545 2618 1600 numinis
2669 1547 2990 1603 trucidatur.
3043 1547 3152 1602 Nec
3193 1549 3438 1617 angelico
3468 1550 3626 1619 periit

2039 1635 2240 1708 gladio,
2281 1637 2425 1706 quod
2453 1645 2572 1691 erat
2611 1653 2898 1693 commune
2929 1655 3051 1693 cum
3080 1640 3346 1709 pluribus,
3376 1640 3472 1694 sed
3501 1654 3625 1709 par-

349 1730 406 1784 in
445 1738 653 1784 tantum
682 1730 950 1800 justitiam
985 1731 1176 1802 diligat
1201 1733 1365 1796 Deus,
1397 1739 1458 1785 ut
1483 1732 1650 1788 etiam
1679 1741 1929 1801 posteros
1964 1743 2010 1802 Β
2041 1727 2236 1783 ricidio
2283 1726 2540 1792 ﬁliorum,
2576 1728 2669 1796 qui
2719 1728 2974 1799 fugerunt
3002 1729 3055 1782 in
3106 1737 3310 1784 terram
3354 1729 3622 1794 Araratb,

349 1828 664 1875 sanctorum
706 1820 985 1875 hominum
1016 1836 1121 1876 non
1154 1835 1254 1875 suo
1284 1821 1500 1885 merito,
1534 1821 1626 1874 sed
1663 1821 1929 1891 majorum

349 1909 550 1966 virtute
571 1919 808 1967 tueatur.

418 2001 598 2075 (Vers.
639 2003 756 2074 55.)
808 2021 825 2052 ι
853 2000 1082 2055 Factum
1119 2012 1193 2056 est
1223 2020 1345 2072 ergo
1371 2019 1425 2056 tn
1460 2012 1608 2056 nocte
1639 2001 1754 2066 illa,
1797 2003 1932 2056 venit

342 2093 572 2164 Angelus
615 2091 852 2157 Domini,
907 2101 954 2145 et
1003 2092 1258 2162 percussit
1307 2092 1334 2131 ι’
1367 2103 1541 2145 castra
1591 2091 1929 2162 Assyriorum

341 2195 548 2239 centum
586 2183 850 2253 octoginta
892 2182 1118 2251 quinque
1161 2180 1435 2236 millia.De
1482 2182 1584 2236 hoc
1619 2197 1833 2252 quoque
1873 2183 1926 2235 in

341 2275 790 2343 Paralipomenon
821 2272 1018 2342 legitur
1051 2290 1063 2324 :
1105 2271 1193 2343 (II
1233 2272 1378 2328 Par..
1415 2273 1505 2336 5‘2,
1553 2273 1645 2342 21)
1683 2273 1750 2326 Et
1791 2274 1909 2326 mist

343 2364 604 2417 Dominus
644 2361 921 2432 Angelum,
963 2362 1051 2432 qui
1077 2363 1331 2431 percussit
1379 2379 1584 2415 omnem
1632 2363 1803 2416 rirum
1849 2380 1930 2416 ro-

343 2454 574 2517 bustum,
619 2462 668 2507 et
704 2451 1026 2517 bellatorem,
1072 2463 1120 2506 et
1162 2453 1451 2524 principem
1495 2456 1751 2508 exercitus
1797 2455 1929 2524 regis

345 2542 680 2614 Assyriorum
717 2558 1051 2612 reversusque
1077 2551 1153 2596 est
1183 2559 1302 2596 cum
1328 2543 1617 2613 ignominia
1650 2543 1705 2596 in
1730 2552 1928 2597 terram

341 2650 519 2688 suam.
561 2633 789 2690 Centum
815 2635 1089 2703 octoginta
1121 2634 1360 2704 quinque
1395 2634 1562 2688 millia
1597 2633 1927 2691 fortissimo-

339 2737 460 2776 rum
491 2722 734 2776 virorum
755 2723 826 2777 ab
850 2737 960 2777 uno
986 2723 1193 2793 Angelo
1225 2739 1329 2778 una
1357 2732 1514 2779 nocte
1540 2724 1844 2791 caeduntur,
1873 2734 1929 2780 et

336 2809 544 2880 absque
570 2811 883 2868 vulneribus
911 2813 1221 2868 occisorum
1262 2829 1410 2868 mors
1461 2830 1604 2870 szevu
1643 2815 1921 2881 discurrit,

335 2903 632 2960 excludens
660 2920 692 2958 a
715 2905 1038 2976 corporibus
1082 2906 1296 2961 animas
1340 2905 1552 2962 Domini
1600 2908 1874 2964 voluntate
1905 2928 1919 2962 ε

335 3004 394 3048 et
445 2995 558 3065 ipse
611 3009 708 3051 rex
754 2995 1102 3066 Assyriorum
1151 2997 1354 3052 idcirco
1397 3006 1647 3052 servatus
1689 3007 1810 3064 est,
1863 3008 1922 3053 ut

336 3085 503 3140 sciret
524 3087 822 3156 potentiam
845 3087 939 3142 Dei
966 3087 1393 3158 blasphemantia
1418 3103 1515 3144 ora
1537 3094 1918 3160 comprimere,
1950 3092 1997 3156 C

335 3175 600 3246 ﬁeretque
645 3177 800 3232 testis
839 3177 985 3234 illius
1029 3179 1355 3250 maiestatis,
1411 3195 1572 3250 quem
1600 3183 1763 3251 paulo
1795 3191 1922 3238 ante

335 3276 757 3338 contempserat.
793 3281 816 3310 ο
848 3269 927 3326 De
965 3271 1165 3327 talibus
1199 3282 1379 3328 autem
1411 3273 1575 3330 rebus
1609 3275 1720 3344 agit
1747 3274 1923 3330 omni-

339 3367 536 3428 potens
572 3359 718 3417 Deus
751 3361 920 3418 multa
961 3377 1061 3432 per
1099 3363 1339 3436 angelos,
1380 3381 1487 3422 non
1521 3375 1580 3422 ut
1602 3366 1718 3436 ipse
1747 3367 1816 3422 ab
1839 3368 1921 3423 eis

337 3449 536 3516 discat,
576 3451 673 3508 sed
699 3461 760 3507 ut
793 3454 864 3509 ab
891 3453 986 3510 illo
1017 3454 1120 3526 ipsi
1163 3471 1264 3525 per
1304 3457 1530 3513 verbum
1575 3456 1694 3526 ejus
1729 3467 1915 3530 agant,

335 3552 435 3598 aut
463 3546 716 3600 nuntient
761 3547 879 3602 sine
918 3547 1189 3616 corporali
1215 3563 1350 3604 sono
1377 3549 1545 3604 etiam
1569 3549 1714 3619 quod
1735 3551 1919 3606 volue-

333 3635 430 3701 rit,
462 3636 530 3690 ab
555 3651 624 3692 eo
659 3637 832 3702 missi,
865 3637 934 3692 ad
963 3653 1102 3707 quos
1129 3639 1379 3704 voluerit,
1411 3649 1584 3695 totum
1609 3642 1680 3696 ab
1707 3641 1800 3697 illo
1819 3657 1918 3712 per

333 3726 470 3782 illud
498 3729 720 3785 verbum
751 3731 870 3802 ejus
905 3731 1212 3797 audientes,
1251 3733 1306 3789 id
1333 3740 1421 3788 est
1449 3733 1502 3788 in
1534 3732 1654 3801 ejus
1686 3735 1918 3790 veritate

333 3816 706 3886 invenientes,
766 3819 894 3891 quid
942 3821 1045 3877 sibi
1094 3821 1433 3890 faciendum,
1485 3824 1648 3894 quid,
1697 3826 1916 3894 quibus,

330 3910 552 3978 quando
585 3911 939 3967 nuntiandum
979 3913 1072 3968 sit.
1102 3912 1130 3952 ἀ
1160 3912 1264 3968 Sed
1295 3921 1473 3968 tamen
1494 3931 1600 3968 non
1627 3931 1693 3969 ea:
1715 3915 1916 3986 angelis

331 4002 572 4056 homines
622 4003 907 4073 beatiﬁcat,
952 4003 1044 4059 sed
1081 4020 1146 4058 ea:
1191 4021 1247 4059 se
1299 4005 1434 4074 ipso,
1495 4005 1630 4059 sicut
1680 4005 1914 4076 angelos.

335 4104 363 4132 ⁸
395 4090 504 4148 Nec
528 4093 709 4165 aliqua
750 4110 818 4150 ex
851 4095 1032 4165 aliquo
1071 4103 1314 4165 tempore
1341 4095 1447 4166 (vel
1475 4095 1545 4150 ab
1571 4094 1800 4165 angelis,
1832 4096 1917 4151 vel

331 4183 406 4236 ab
451 4183 784 4256 hominibus)
815 4185 1090 4256 cognovit,
1126 4194 1186 4240 ut
1217 4193 1420 4250 nosset,
1462 4184 1559 4239 sed
1587 4183 1768 4240 futura
1799 4200 1916 4240 om-

331 4271 425 4326 nia
455 4273 793 4343 temporalia,
826 4283 988 4344 atque
1022 4275 1076 4329 in
1107 4275 1186 4330 eis
1215 4275 1402 4340 etiam,
1431 4274 1583 4344 quid,
1615 4282 1669 4329 et
1696 4276 1912 4345 quando

331 4362 404 4416 ab
431 4361 524 4418 illo
557 4364 780 4432 petituri
828 4362 1120 4429 fueramus,
1159 4373 1215 4420 et
1239 4380 1395 4435 quos,
1427 4373 1482 4420 et
1520 4365 1584 4420 de
1611 4365 1806 4435 quibus
1832 4380 1916 4420 re-

2039 1817 2093 1872 in
2123 1833 2228 1887 qua
2253 1816 2533 1887 Scriptura
2557 1817 2863 1873 Asoratban
2890 1818 3058 1872 ﬁlium
3085 1818 3220 1887 ejus,
3256 1819 3346 1889 qui
3378 1818 3628 1890 regnavit

2037 1923 2135 1978 pro
2177 1923 2242 1963 eo
2282 1916 2514 1964 testatur
2556 1909 2772 1964 misisse
2816 1910 3152 1966 habitatores
3194 1909 3458 1964 Samaria:
3484 1951 3499 1976 ,
3557 1926 3627 1966 ne

2037 2010 2182 2056 terra
2233 2010 2544 2056 remaneret
2587 2001 2813 2056 inculta.
2857 2001 3092 2057 Ararath
3130 2011 3312 2058 autem
3346 2005 3497 2073 regio
3524 2004 3627 2058 Ar-

2036 2093 2342 2148 meniorum
2406 2093 2732 2163 campestris
2795 2108 2892 2164 per
2947 2109 3113 2164 quam
3176 2093 3377 2149 Araxis
3431 2094 3625 2148 ﬂuvius

2034 2182 2188 2248 ﬂuit,
2243 2183 2578 2239 incredibilis
2614 2192 2700 2240 est
2748 2185 3034 2251 ubertatis,
3082 2185 3151 2239 ad
3201 2186 3408 2241 radices
3457 2183 3621 2239 Tauri

2036 2274 2259 2340 montis,
2291 2276 2384 2344 qui
2409 2291 2583 2344 usque
2610 2277 2735 2332 illuc
2761 2278 3093 2332 extenditur.
3130 2278 3274 2348 Ergo
3303 2287 3357 2333 et
3385 2293 3538 2342 area,
3567 2278 3620 2332 in

2034 2381 2140 2434 qua
2167 2366 2428 2423 liberatus
2465 2378 2550 2423 est
2594 2369 2726 2433 Noe,
2781 2385 2903 2423 cum
2948 2369 3137 2424 liberis
3189 2370 3326 2434 suis,
3371 2379 3622 2424 cessante

2034 2456 2258 2521 diluvio,
2302 2473 2409 2512 non
2445 2459 2514 2513 ad
2545 2467 2759 2513 montes
2786 2460 3116 2528 generaliter
3145 2460 3416 2514 Armeniae
3442 2459 3619 2514 delata

2031 2553 2139 2611 est,
2168 2561 2289 2615 qua:
2316 2547 2619 2618 appellatur
2657 2547 2918 2612 Araratb,
2965 2550 3060 2604 sed
3103 2551 3170 2604 ad
3213 2558 3428 2604 montes
3457 2549 3619 2603 Tauri

2031 2635 2349 2702 altissimos,
2377 2637 2468 2706 qui
2497 2636 2728 2690 Ararth
2753 2637 3037 2691 imminent
3065 2639 3292 2708 campis.

2103 2726 2257 2799 (Cap.
2283 2727 2398 2799 20.)
2430 2727 2498 2781 In
2526 2727 2708 2781 diebus
2740 2727 2846 2781 illis
2872 2731 3144 2797 wgrotavit
3171 2728 3427 2783 Ezechias
3458 2746 3620 2800 usque

2027 2817 2098 2872 ad
2121 2827 2336 2873 mortem
2358 2827 2406 2872 et
2430 2818 2562 2872 venit
2579 2817 2648 2871 ad
2664 2835 2779 2872 eum
2796 2816 2969 2872 Isaias
2990 2818 3133 2888 [ilius
3148 2819 3330 2884 Amos,
3344 2821 3615 2890 propheta,

2026 2907 2262 2980 dixitque
2286 2910 2357 2974 ei,
2380 2909 2492 2963 lucc
2518 2909 2644 2962 dicit
2672 2898 2930 2963 Dominus
2961 2899 3236 2980 :Prwcipe
3267 2897 3449 2963 domui
3479 2919 3615 2963 tute:

2025 2999 2268 3053 morieris
2306 2999 2444 3054 enim
2469 3009 2546 3065 tu,
2580 3007 2628 3053 et
2653 3017 2757 3053 non
2783 3000 2944 3053 vives.

2103 3106 2124 3140 ι
2151 3087 2317 3154 Quem
2351 3087 2534 3159 (Prov.
2563 3105 2648 3155 ιιι,
2680 3088 2769 3160 ιθ)
2817 3087 2988 3160 diligit
3013 3087 3272 3142 Dominus
3303 3087 3541 3157 corripit,
3565 3098 3613 3142 et

2024 3179 2249 3250 castigat
2285 3195 2489 3234 omnem
2524 3179 2717 3249 (ilium,
2757 3197 2909 3250 quem
2953 3181 3153 3251 recipit.
3198 3167 3278 3235 Ne
3310 3179 3615 3235 elevaretur

2023 3287 2120 3329 cor
2151 3272 2399 3328 Ezechiae
2425 3280 2550 3343 post
2576 3272 2925 3329 incredibiles
2963 3272 3287 3342 triumphos,
3315 3278 3371 3327 et
3396 3271 3463 3326 de
3496 3284 3613 3326 me-

2021 3363 2111 3419 dia
2143 3363 2464 3434 captivitate
2499 3364 2810 3430 victoriam,
2853 3362 3174 3419 inﬁrmitate
3204 3363 3451 3434 corporis
3480 3360 3614 3418 visi-

2023 3451 2191 3524 tatur,
2222 3465 2281 3514 et
2306 3457 2460 3514 audit
2489 3472 2548 3514 se
2577 3472 2701 3514 esse
2743 3457 3090 3522 moriturum,
3132 3463 3194 3511 ιιι
3221 3469 3515 3510 conversus
3541 3453 3610 3510 ad

2025 3548 2310 3604 Dominum
2345 3546 2529 3604 ﬂectat
2568 3546 2895 3603 sententiam
2931 3545 3068 3614 ejus.
3102 3545 3128 3584 ιι
3161 3544 3268 3598 Sed
3293 3542 3459 3608 nulla,
3490 3557 3612 3612 quas

2018 3639 2076 3694 in
2101 3640 2206 3694 hoc
2227 3640 2432 3694 mundo
2462 3638 2774 3694 hominibus
2802 3637 3081 3698 eveniunt,
3122 3635 3327 3702 absque
3361 3633 3611 3702 omnipo-

2020 3729 2185 3784 tentis
2227 3729 2324 3784 Dei
2363 3727 2578 3784 oeculto
2605 3727 2836 3783 consilio
2863 3725 3020 3780 ﬁunt.
3059 3723 3195 3778 Nam
3232 3730 3426 3778 cuncta
3464 3722 3609 3778 Deus

2025 3817 2044 3857 ι
2071 3817 2253 3872 futura
2275 3815 2592 3887 praecisus,
2613 3825 2742 3871 ante
2759 3815 2955 3870 saecula
2986 3814 3228 3871 deerevit
3252 3813 3488 3884 qualiter
3507 3829 3609 3884 per

2019 3907 2214 3963 saecula
2241 3907 2616 3978 disponantur.
2674 3906 2947 3962 Statutum
3001 3905 3200 3976 quippe
3238 3903 3352 3974 jam
3399 3905 3605 3961 homini

2017 4007 2119 4063 est,
2151 4000 2236 4054 vel
2269 4007 2529 4069 quantum
2562 3999 2708 4054 hunc
2741 3998 2929 4053 mundi
2957 3997 3293 4068 prosperitas
3322 4005 3601 4068 sequatur,

2020 4091 2103 4147 vel
2126 4099 2387 4161 quantum
2411 4105 2852 4161 unumquemque
2871 4090 3174 4145 adversitas
3201 4089 3379 4155 feriat,
3397 4105 3464 4144 ne
3492 4089 3603 4144 ele-

2017 4191 2136 4238 ctos
2183 4180 2299 4251 ejus
2350 4190 2446 4238 aut
2491 4183 2844 4238 immoderata
2897 4183 3230 4254 prosperitas
3279 4183 3472 4249 elevet,
3509 4193 3604 4239 aut

2017 4275 2182 4330 nimia
2224 4276 2527 4332 adversitas
2566 4285 2751 4347 gravet
2780 4295 2792 4330 :
2819 4285 3082 4332 statutum
3126 4291 3342 4346 quoque
3369 4286 3454 4332 est
3482 4278 3598 4331 min

2016 4374 2217 4421 aeterna
2265 4366 2526 4430 veritate,
2580 4375 2838 4437 quantum
2896 4366 2949 4420 in
3005 4376 3032 4403 η
3085 4366 3187 4421 ista
3226 4367 3336 4421 vita
3386 4366 3598 4422 mortali

329 4453 457 4520 bus,
508 4453 594 4508 vel
635 4455 1009 4524 exauditurus,
1063 4456 1148 4511 vel
1191 4471 1297 4511 non
1346 4457 1699 4512 exauditurus
1741 4463 1907 4521 esset,
1937 4452 1991 4513 D
2019 4469 2044 4496 ο
2073 4460 2447 4530 unusquisque
2474 4461 2844 4532 temporaliter
2869 4461 3052 4515 vivat:
3082 4473 3107 4511 P
3133 4463 3259 4532 quia
3291 4462 3394 4516 etsi
3426 4475 3599 4514 annos

329 4543 453 4599 sine
501 4545 656 4600 initio
704 4546 994 4616 praescii-it.
1045 4546 1342 4603 Universas
1388 4557 1572 4604 autem
1629 4557 1912 4605 creaturas

329 4651 484 4702 suas,
514 4645 569 4692 et
607 4637 937 4707 spirituales,
973 4647 1028 4693 et
1059 4639 1394 4709 corporales,
1442 4657 1550 4696 non
1598 4642 1726 4712 quia
1760 4651 1908 4708 sunt,

329 4727 454 4784 ideo
479 4730 649 4796 novit,
677 4730 773 4786 sed
797 4730 918 4786 ideo
940 4738 1086 4796 sunt,
1117 4730 1242 4800 quia
1273 4731 1440 4786 novit.

412 4901 436 4970 ξ
462 4892 617 4970 Yers.
642 4887 731 4970 51‘.
766 4877 844 4944 En
873 4888 1068 4944 iterum
1097 4901 1196 4942 nos
1225 4885 1382 4941 docet
1413 4877 1689 4939 Rabanus.

409 4959 438 5001 δ
464 4958 531 5014 In
556 4958 763 5014 castris.

412 5041 436 5070 ε
468 5030 743 5084 Ilactenus
776 5044 992 5101 quoque
1030 5025 1318 5101 “abantis;
1361 5035 1482 5101 qua:
1505 5033 1816 5101 sequuntur
1843 5029 1912 5101 ad

327 5116 580 5172 magnam
610 5095 823 5172 partem
850 5095 1066 5171 excepit
1078 5099 1150 5172 ab
1172 5097 1475 5172 Augustino
1495 5095 1788 5161 Claudius;
1819 5099 1910 5168 qui

329 5170 512 5227 tanien
537 5170 788 5227 nonnulla
813 5170 1138 5234 immutavit,
1165 5179 1222 5223 nt
1251 5170 1302 5222 in
1332 5183 1446 5221 rem
1472 5183 1624 5221 suam
1650 5178 1907 5223 verteret.

326 5242 585 5304 Consule,
625 5242 873 5308 obsecro,
918 5256 1036 5310 qua:
1067 5241 1230 5294 tradit
1269 5239 1604 5309 Augustinus
1647 5254 1798 5293 num.
1840 5239 1913 5293 22

326 5312 476 5384 (cap.
502 5311 591 5384 l5]
618 5313 736 5384 lib,
762 5327 832 5366 xv
861 5313 926 5367 de
957 5310 1150 5384 Trinit.

401 5381 438 5422 (Γ
457 5384 510 5436 7.
536 5381 603 5438 de
625 5383 785 5438 Civit.
814 5399 929 5452 cap.
955 5381 1041 5436 50.

406 5465 429 5489 ρ
465 5453 588 5507 [an
631 5448 1109 5522 prorsus'excepit
1148 5464 1211 5506 ex
1255 5449 1377 5508 loco
1405 5449 1636 5521 allegato
1665 5448 1786 5503 libri
1844 5464 1911 5503 xv

326 5523 392 5578 de
427 5522 699 5578 Trinitate.

407 5592 426 5632 f
466 5591 747 5647 Recedens.

406 5664 432 5702 ε
470 5660 725 5716 .‘Vcsroch.

2017 4552 2326 4625 quindecim
2371 4553 2616 4608 Ezechiae
2653 4553 2766 4623 regi
2808 4554 2876 4607 ad
2911 4553 3079 4607 vitam
3110 4552 3316 4607 addidit
3354 4550 3600 4620 omnipo-

2018 4655 2137 4700 tens
2163 4646 2327 4710 Deus,
2363 4653 2544 4699 tamen
2571 4659 2692 4698 cum
2717 4660 2842 4698 eum
2865 4644 3002 4699 mori
3028 4643 3296 4714 permisit,
3325 4651 3452 4698 tunc
3473 4657 3597 4698 eum

2014 4737 2288 4810 praescivit
2311 4752 2433 4792 esse
2455 4737 2799 4792 moriturum.
2827 4737 2944 4804 Qua
2974 4737 3027 4792 in
3058 4751 3115 4792 re
3139 4736 3369 4807 quaestio
3397 4735 3594 4801 oritur,

2088 4883 2113 4927 ἱ»
2144 4886 2512 4941 Asarhaddon.

2097 4957 2110 4998 ἰ
2151 4957 2308 5012 Redit
2335 4957 2606 5012 Rabanus.

2093 5027 2106 5077 i
2147 5028 2406 5081 Primam.

2091 5100 2115 5138 ιι
2155 5098 2427 5168 Hactenus
2467 5097 2761 5155 Rabanus:
2795 5098 3176 5168 subsequentia
3204 5097 3416 5168 excepit
3440 5097 3595 5153 Clau-

2017 5166 2137 5224 dius
2165 5185 2194 5222 a
2228 5157 2471 5232 Pat'érib,
2522 5169 2750 5238 ideoque
2797 5183 2827 5222 a
2879 5157 3142 5238 Gregorio
3185 5169 3302 5224 btec
3340 5157 3594 5224 tradente

2015 5257 2070 5293 ιι.
2100 5240 2135 5293 2
2164 5239 2255 5292 lib.
2281 5255 2378 5292 xu.
2412 5238 2598 5292 Moral.

2095 5309 2107 5348 ι
2146 5310 2425 5363 Secutura.

2089 5392 2128 5418 ιτι
2165 5381 2365 5432 Desunt
2401 5377 2564 5448 verba
2594 5377 2802 5448 lueciin
2845 5387 3040 5433 (eterna
3078 5377 3314 5447 veritate,
3395 5394 3514 5448 qua:
3538 5392 3602 5432 ex

2016 5458 2203 5506 nostro
2233 5447 2525 5516 exemplari
2557 5447 2678 5501 addi
2711 5447 2927 5503 debent.

2092 5521 2118 5557 ν’
2153 5519 2298 5572 lnsa.

2089 5594 2115 5624 υ
2325 5587 2710 5659 unusquisque.

2090 5669 2117 5712 ι’
2151 5658 2310 5714 Nam.
