3922 6180
379 301 484 360 795

1454 291 1727 352 CLAUDII
1767 284 2230 345 TAURINENSIS
2267 286 2574 344 EPISCOPI

3506 294 3590 349 τις

378 413 651 486 quomodo
673 412 722 467 ei
744 420 842 482 per
875 406 1198 479 Prophetam
1234 405 1483 460 dicatur:
1520 403 1747 476 Hispone
1776 399 1957 455 domui
1986 399 2036 459 Α
2054 396 2261 464 justum
2293 411 2352 452 se
2382 398 2616 451 asseruit
2637 399 2804 452 etiam
2836 399 2888 453 in
2911 400 3252 472 cogitatione,
3296 409 3452 472 atque
3476 407 3599 463 una.

378 512 504 569 tute,
550 505 677 575 quia
716 499 955 554 morieris
979 509 1035 551 tu
1070 506 1117 552 et
1153 513 1255 551 non
1288 496 1466 567 vives‘:
1491 494 1576 549 cui
1608 491 1807 548 mortui
1837 504 1961 545 sen-

379 594 551 650 tentia
581 592 723 647 dicta
760 596 863 651 est,
891 587 983 641 sed
1016 587 1265 658 protinus
1313 585 1380 641 ad
1408 583 1526 653 ejus
1573 583 1844 652 lacrymas
1880 587 1963 635 est

377 683 560 739 addita
588 681 721 743 vita,
766 679 858 733 sed
891 692 986 747 per
1015 677 1346 747 Prophetam
1374 674 1637 730 Dominus
1666 671 1822 737 dixit,
1855 685 1963 740 quo

380 774 621 841 tempore
664 769 801 823 mori
850 767 966 838 ipse
999 767 1329 822 merebatur.
1363 765 1469 820 Per
1490 764 1798 834 largitatem
1834 774 1963 816 vero

377 856 790 925 misericordiae,
838 861 929 916 illo
973 874 1098 915 eum
1146 868 1391 929 tempore
1440 875 1469 911 a
1519 854 1960 917 morte'distulit,

376 969 482 1023 quo
508 961 637 1009 ante
663 952 857 1008 saecula
883 953 997 1021 ipse
1022 951 1295 1021 prmseivit
1328 963 1342 1003 :
1374 963 1475 1003 nec
1501 947 1763 1018 propheta
1795 946 1964 1015 igitur

378 1045 564 1110 fallax,
611 1044 739 1114 quia
791 1050 1005 1111 tempus
1048 1044 1243 1095 mortis
1286 1039 1548 1103 innotuit,
1599 1052 1707 1106 quo
1753 1037 1837 1089 vir
1872 1035 1966 1089 ille

378 1137 515 1192 mori
560 1136 895 1199 merebatur,
933 1148 1036 1187 nec
1072 1132 1343 1188 dominica
1373 1144 1398 1171 ει
1430 1130 1679 1186 instituta
1708 1128 1965 1184 convulsa

379 1236 525 1290 sunt,
560 1224 686 1295 quia
724 1231 784 1277 ut
826 1239 890 1278 ex
933 1223 1183 1294 largitate
1213 1218 1307 1277 Dei
1333 1222 1458 1275 anni
1484 1222 1607 1276 vita:
1632 1227 1963 1283 crescerent,

381 1310 485 1372 hoc
509 1330 724 1386 quoque
755 1322 878 1369 ante
903 1313 1098 1370 succida
1149 1310 1433 1383 praefixum
1474 1310 1591 1375 fuit,
1643 1321 1806 1381 atque
1837 1326 1965 1381 spa-

382 1405 516 1460 tium
550 1405 694 1468 vitae,
749 1403 893 1473 quod
941 1402 1218 1472 inopinate
1270 1400 1411 1457 foris
1444 1407 1529 1457 est
1566 1398 1805 1456 additum
1848 1401 1969 1456 sine

382 1502 670 1566 augmento
689 1492 1049 1563 praescientim
1075 1490 1172 1545 fuit
1198 1491 1343 1546 intus
1378 1498 1660 1546 statutum.
1685 1509 1707 1541 ι

454 1584 635 1657 (Vers.
669 1582 750 1655 2.)
783 1583 1151 1654 Convenitque
1183 1582 1440 1637 Ezechias
1480 1581 1668 1651 facient
1707 1594 1866 1636 suam
1898 1576 1971 1635 ad

383 1677 659 1747 parietem.
687 1676 717 1715 ιι
750 1693 768 1725 ι
791 1672 924 1741 Quia
952 1674 1020 1728 ad
1056 1672 1315 1744 templum
1342 1673 1423 1728 ire
1449 1687 1558 1727 non
1601 1678 1855 1742 poterat,
1900 1671 1969 1726 ad

2063 487 2152 542 ille
2196 486 2440 555 offendit,
2484 488 2609 543 inde
2633 489 2735 545 iste
2764 487 2782 529 ι
2814 489 3043 546 Domino
3069 489 3284 560 placuit.
3311 491 3417 547 Cur
3441 492 3602 565 itaque

2062 579 2197 634 hoc?
2227 578 2339 633 Nisi
2365 579 2492 649 quia
2524 580 2873 651 omnipotens
2911 580 3055 636 Deus
3096 579 3419 652 singulorum
3459 585 3605 639 verba

2068 674 2093 712 8
2118 686 2201 742 ac
2249 672 2613 743 cogitationes
2653 681 2889 743 pensat,
2927 682 2984 728 et
3013 673 3071 727 in
3121 673 3241 744 ejus
3280 674 3486 729 auribus
3526 692 3605 732 ss-

2062 761 2228 829 perba
2277 775 2386 815 non
2437 771 2583 827 sunt,
2633 772 2756 831 quae
2802 761 2993 818 humili
3031 765 3197 818 corde
3223 763 3562 833 pmferuntur.
3586 757 3630 819 ι’

2134 848 2313 921 (Vera.
2339 850 2394 916 4,
2422 860 2472 905 et
2492 848 2572 923 5.)
2619 851 2688 905 Et
2722 851 2924 921 factum
2963 861 3044 908 est
3084 853 3293 908 verbum
3324 855 3516 911 Domini
3549 859 3606 913 ad

2066 934 2264 998 Isaiam
2288 942 2507 999 dicens:
2534 944 2830 1012 Revertere,
2857 954 2906 1002 et
2927 946 3016 1002 die
3047 945 3289 1004 Ezechia:
3320 949 3435 1004 duci
3458 952 3608 1022 populi

2065 1035 2167 1087 mei
2189 1047 2207 1086 :
2229 1034 2423 1090 Audivi
2448 1035 2740 1090 orationem
2771 1045 2918 1091 luam
2943 1049 2964 1090 :
2988 1047 3041 1091 et
3069 1037 3180 1092 vidi
3217 1036 3464 1109 ια’-μαι
3490 1048 3605 1095 tuas.

2069 1124 2204 1179 Ecce
2230 1141 2325 1197 ego
2357 1126 2543 1181 sanari
2563 1135 2634 1191 te,
2676 1126 2764 1181 die
2791 1128 2945 1182 tertio
2976 1126 3229 1183 ascendes
3261 1128 3491 1200 templum
3520 1129 3608 1185 Do-

2068 1219 2216 1272 mini.
2255 1219 2602 1290 Vocatusque
2632 1227 2719 1275 est
2745 1219 3012 1276 Ezechias
3034 1222 3147 1276 dux
3167 1219 3370 1291 populi,
3397 1220 3610 1277 etI-‘ilius

2068 1308 2251 1375 David,
2295 1310 2451 1381 cujus
2492 1326 2656 1381 opera
2706 1314 3041 1377 sectabatur,
3074 1312 3270 1382 fecerat
3299 1312 3429 1367 enim
3447 1321 3610 1366 rectam

2061 1399 2223 1468 juxta
2248 1402 2451 1467 omnia,
2483 1412 2602 1473 qua:
2641 1401 2764 1471 fecit
2789 1398 2963 1455 David
2993 1410 3150 1471 pater
3185 1401 3322 1470 ejus,
3355 1408 3409 1455 et
3433 1400 3611 1455 auditur

2069 1486 2187 1562 eius
2207 1491 2384 1547 oratio
2413 1510 2425 1545 :
2454 1492 2813 1561 videnturque
2840 1490 3122 1563 lacrymze,
3146 1491 3393 1561 quoniam
3408 1489 3608 1545 ambula

2070 1592 2210 1637 verat
2232 1596 2414 1637 coram
2440 1580 2690 1648 Domino,
2727 1584 2786 1638 in
2814 1583 3033 1638 veritate
3059 1591 3111 1637 et
3138 1581 3296 1636 corde
3328 1580 3551 1651 perfecto,
3569 1586 3612 1635 et

2071 1674 2295 1733 ﬂeverat
2332 1676 2460 1734 ﬂetu
2498 1691 2713 1748 magno,
2744 1685 2799 1734 et
2832 1678 2974 1748 quod
3011 1673 3275 1747 placitum
3299 1673 3455 1730 estin
3475 1673 3611 1728 oculis

350 1840 354 1845 ἡ
386 1765 649 1838 parietem
678 1764 884 1834 templi,
917 1760 1075 1832 juxta
1115 1763 1259 1834 quod
1290 1761 1544 1817 Salomon
1594 1760 1855 1832 palatium
1881 1769 1971 1814 ex.
1996 1756 2046 1818 Β
2072 1770 2190 1842 ejus
2217 1769 2441 1827 fecerat.

386 1864 633 1911 traxerat
662 1873 674 1910 :
704 1856 788 1911 vel
841 1853 1086 1910 absolute
1131 1854 1201 1910 ad
1249 1854 1533 1925 parietem,
1591 1869 1659 1909 ne
1703 1855 1973 1925 lacrymas

389 1966 515 2007 suas
544 1949 905 2005 assidentibus
950 1948 1053 2003 sibi
1083 1956 1362 2004 ostentare
1379 1947 1658 2003 videretur
1683 1965 1696 2001 :
1729 1957 1751 1985 ε
1777 1955 1833 2001 et
1856 1945 1970 2001 ait:

390 2039 643 2104 Obsecro,
664 2039 911 2105 Domine,
927 2046 1207 2105 memento,
1230 2053 1429 2109 quteso,
1452 2038 1712 2107 quomodo
1736 2036 1975 2092 ambula»

388 2132 549 2185 verim
570 2131 626 2183 in
649 2138 926 2199 conspectu
953 2138 1042 2183 tuo
1067 2129 1124 2183 in
1144 2129 1380 2195 veritate,
1405 2137 1452 2183 et
1475 2127 1529 2182 in
1551 2128 1706 2182 corde
1723 2127 1975 2199 perfecto,

390 2231 439 2276 et
466 2220 606 2292 quod
627 2219 879 2290 placitum
909 2234 983 2275 est
1022 2236 1201 2275 coram
1229 2230 1296 2286 te,
1323 2220 1554 2291 fecerim.
1581 2218 1977 2276 Perfectionem

391 2312 571 2367 cordis
590 2308 648 2364 in
676 2325 742 2366 eo
771 2327 915 2367 nunc
936 2312 1087 2375 dicit,
1118 2312 1262 2381 quod
1291 2312 1431 2367 idola
1462 2312 1815 2376 destruxerit,
1845 2320 1980 2367 tem-

388 2402 464 2471 pli
490 2401 676 2456 valvas
707 2402 1007 2470 aperuerit,
1053 2411 1361 2471 serpentem
1404 2417 1613 2458 aeneum
1643 2402 1977 2458 comminue-

392 2495 482 2561 rit,
508 2503 564 2550 et
588 2502 782 2552 caetera
822 2494 1033 2561 fecerit,
1067 2511 1189 2567 quae
1215 2495 1497 2566 Scriptura
1549 2496 1673 2552 libri
1697 2496 1904 2567 Regum
1926 2503 1981 2551 et

392 2581 840 2657 Par..lipomenon
873 2594 1282 2642 commemorat.
1341 2585 1614 2657 Flevitque
1640 2588 1764 2657 [leta
1791 2602 1980 2658 magno

396 2686 618 2749 propter
637 2677 1058 2748 promissionem
1083 2677 1295 2733 Domini
1327 2678 1394 2734 ad
1420 2677 1608 2744 David,
1640 2690 1803 2747 quam
1830 2676 1980 2730 vide-

396 2771 489 2825 bat
516 2771 570 2825 in
600 2785 699 2826 sua
733 2779 911 2826 morte
937 2771 1260 2840 perituram.
1292 2770 1369 2825 Eo
1392 2771 1539 2825 enim
1569 2779 1813 2840 tempore
1848 2770 1983 2824 Ezca

2145 1854 2325 1934 (γεγε.
2349 1860 2426 1933 6.)
2463 1856 2534 1916 Et
2562 1856 2758 1916 addam
2795 1856 2977 1915 diebus
3006 1852 3115 1914 tuis
3142 1854 3431 1930 quindecim
3447 1864 3609 1910 mos:

2075 1952 2164 2008 sed
2188 1948 2323 2008 etde
2343 1969 2501 2007 manu
2529 1953 2665 2023 regis
2692 1952 3035 2023 Assyriorum
3068 1948 3305 2004 liberabo
3322 1957 3390 2013 te,
3406 1954 3451 2001 et
3468 1941 3611 2000 civita-

2076 2053 2180 2098 tem
2221 2043 2376 2109 Itanc,
2419 2051 2466 2096 et
2492 2051 2760 2113 protegam
2798 2040 2981 2095 urbem
3022 2040 3186 2094 istam
3228 2045 3429 2110 propter
3460 2048 3544 2099 nte,
3573 2042 3609 2087 et

2077 2142 2287 2205 propter
2314 2132 2486 2188 David
2510 2148 2717 2187 servum
2741 2148 2934 2186 meum.
2962 2132 2991 2171 ιι
3024 2148 3044 2182 t
3069 2129 3376 2185 Secundum
3399 2125 3610 2196 queda-

2081 2240 2274 2281 causas
2301 2223 2603 2281 futurorum
2627 2224 2927 2280 moriturus
2950 2231 3076 2279 erat
3103 2220 3381 2286 Ezechias,
3404 2218 3479 2274 cui
3501 2216 3610 2271 Deus

2081 2315 2290 2371 addidit
2311 2314 2619 2385 quindecim
2647 2329 2819 2370 annos
2838 2314 2906 2369 ad
2930 2314 3128 2380 vitam,
3150 2308 3205 2368 id
3228 2311 3404 2381 utique
3424 2308 3608 2368 iaciens.

2080 2404 2225 2474 quod
2258 2412 2385 2459 ante
2427 2403 2873 2460 constitutionem
2911 2402 3107 2461 mundi
3151 2417 3218 2461 se
3248 2401 3492 2457 facturum
3518 2411 3610 2452 me

2081 2497 2420 2567 pra-sciebat,
2450 2507 2509 2554 et
2537 2497 2593 2553 in
2621 2512 2718 2553 sua
2745 2498 3029 2553 voluntate
3067 2495 3334 2552 servabat.
3373 2492 3478 2548 Non
3510 2502 3611 2559 ergo

2083 2589 2137 2643 id
2166 2588 2313 2653 fecit,
2345 2590 2489 2659 quod
2516 2587 2758 2645 futurum
2780 2604 2889 2644 non
2914 2597 3056 2651 erat,
3083 2589 3193 2644 hoc
3213 2588 3352 2642 enim
3378 2584 3527 2656 magis
3550 2582 3611 2635 lu-

2085 2689 2267 2735 turum
2313 2689 2454 2747 erat,
2489 2681 2635 2749 quod
2660 2688 2713 2735 te
2737 2679 3009 2734 facturum
3038 2693 3164 2736 esse
3202 2676 3613 2750 prtesciehatzta-

2082 2786 2205 2826 men
2249 2772 2324 2827 illi
2372 2774 2496 2827 anni
2537 2773 2707 2828 additi
2752 2786 2861 2828 non
2910 2781 3067 2828 recte
3108 2773 3427 2831 dicerentur,
3453 2765 3539 2822 nisi
3561 2762 3613 2818 ad

392 2861 546 2916 cbias
575 2859 715 2916 ﬁlios
749 2876 855 2916 non
893 2862 1127 2916 habebat
1152 2878 1165 2915 :
1190 2869 1314 2931 post
1347 2861 1567 2916 tertium
1598 2860 1743 2915 enim
1772 2874 1977 2914 annum
2085 2862 2286 2936 aliquid
2315 2865 2665 2931 adderentur,
2694 2864 2838 2936 quod
2868 2880 2926 2921 se
2950 2861 3117 2921 aliter
3143 2865 3199 2920 in
3221 2864 3341 2919 allis
3363 2858 3520 2918 causis
3539 2857 3612 2910 hs-

398 2967 667 3008 concessae
702 2953 829 3008 vita:
874 2951 1175 3006 Manassem
1218 2951 1422 3021 genuit.
1473 2951 1614 3022 Ergo
1656 2952 1758 3006 iste
1806 2949 1983 3007 omnis
2084 2958 2299 3014 buerat.
2330 2957 2638 3014 Secundum
2678 2957 2888 3027 aliquas
2936 2957 3109 3027 igitur
3148 2969 3339 3012 causas
3378 2949 3613 3006 interiores

396 3049 485 3097 cst
509 3042 698 3109 ﬂetus,
736 3043 862 3113 quia
908 3043 1289 3112 desperaret-at
1336 3042 1612 3097 Christum
1654 3042 1720 3098 de
1760 3054 1860 3097 suo
1900 3055 1985 3098 se-
2080 3046 2193 3120 jam
2222 3049 2389 3104 vitam
2416 3046 2647 3110 ﬁnierat,
2686 3048 2984 3103 secundum
3015 3046 3141 3103 illas
3172 3052 3366 3106 autem,
3395 3040 3612 3111 quasue!

400 3134 544 3187 mine
573 3126 929 3188 nas'citurum.
959 3132 986 3172 ἀ
1016 3132 1344 3203 Plerumque
1372 3135 1517 3187 enim
1542 3132 1677 3203 justi
1715 3133 1986 3204 aliquibus
2011 3126 2057 3191 C
2090 3142 2144 3196 in
2184 3139 2484 3204 voluntate,
2520 3147 2576 3195 et
2608 3137 2955 3208 prtescientia
2990 3136 3117 3202 Dei,
3157 3135 3250 3207 qui
3274 3148 3340 3190 cx
3366 3127 3617 3186 aeternitate

396 3224 811 3281 necessitatibus
847 3222 1030 3280 aﬂlicti
1056 3238 1152 3280 sua
1178 3239 1344 3295 opera
1373 3234 1640 3295 coguntur
1664 3224 1824 3280 fateri
1846 3242 1862 3280 :
1887 3222 1983 3280 sed
2084 3237 2325 3294 noverat,
2352 3228 2495 3301 quod
2517 3228 2611 3283 illo
2637 3236 2883 3299 tempore
2903 3226 3303 3289 iacturuserat,
3320 3232 3377 3279 et
3399 3222 3494 3277 hoc
3512 3229 3615 3271 vere

400 3332 524 3374 cum
547 3330 735 3372 eorum
769 3316 911 3373 dicta
942 3315 1127 3387 injusti
1151 3315 1398 3382 audiunt,
1430 3316 1545 3371 haec
1572 3331 1671 3386 per
1695 3316 1984 3372 elationem
2084 3318 2327 3375 futurum
2351 3325 2489 3383 erat,
2526 3324 2661 3373 tunc
2677 3326 2797 3372 erat
2827 3316 3088 3372 ﬁniturus
3107 3301 3614 3382 νίκαιςηήοῆυῦ-

400 3406 599 3479 potius,
630 3422 791 3478 quam
823 3422 923 3479 per
945 3409 1230 3461 veritatem
1265 3406 1579 3461 existimant
1622 3405 1851 3475 prolata.
1904 3406 1984 3460 Ex
2084 3413 2163 3468 vn
2189 3413 2375 3468 vitam.
2405 3410 2541 3479 Quia
2566 3410 2674 3466 etsi
2703 3410 2887 3466 oranti
2921 3420 3246 3466 concessum
3270 3412 3369 3468 est,
3394 3395 3617 3458 etiade

404 3498 521 3555 suis
548 3499 692 3554 enim
738 3498 994 3554 cordibus
1024 3497 1188 3552 verba
1213 3496 1484 3567 iustorum
1512 3503 1763 3567 pensant,
1793 3504 1848 3554 et
1880 3498 1987 3554 dici
2082 3512 2215 3560 eum
2231 3510 2532 3568 oraturum,
2555 3508 2616 3557 ut
2632 3501 2728 3558 tali
2744 3500 2982 3557 orationi
3007 3500 3234 3557 concedi
3250 3484 3610 3568 oportevekillc

402 3585 681 3647 humiliter
710 3605 868 3661 posse
909 3604 1037 3645 vera
1086 3591 1227 3645 bona
1269 3594 1375 3642 non
1413 3600 1436 3628 σε
1463 3588 1793 3644 existimant.
1830 3589 1991 3646 Sicut

401 3682 546 3736 enim
588 3681 766 3751 gravis
803 3680 959 3751 culpa
999 3689 1104 3746 est,
1134 3679 1239 3734 sibi
1265 3679 1368 3734 hoc
1401 3680 1674 3736 hominem
1707 3692 1986 3751 arrogare,

400 3773 544 3842 quod
566 3784 674 3825 non
703 3779 806 3837 est,
836 3771 915 3827 sic
943 3770 1260 3841 plemmque
1301 3769 1457 3841 culpa
1492 3770 1637 3826 nulla
1674 3776 1781 3837 εει,
1809 3773 1855 3827 si
1883 3772 1987 3828 hu-

407 3860 608 3917 militer
635 3863 834 3918 bonum
862 3862 1027 3928 dicat,
1057 3863 1205 3931 quod
1225 3870 1328 3919 est.
1355 3862 1509 3920 Unde
1536 3874 1678 3933 saepe
1700 3866 1986 3936 contingit,

403 3960 466 4008 ut
480 3952 614 4023 justi
642 3959 699 4009 et
748 3953 934 4025 iniusti
962 3952 1201 4008 habeant
1220 3954 1386 4008 verba
1417 3953 1613 4009 similia
1638 3968 1654 4007 :
1687 3956 1781 4011 sed
1802 3962 1990 4012 tamen

405 4058 503 4101 cor
537 4059 751 4114 semper
779 4045 936 4115 longe
964 4044 1245 4100 dissimile.
1276 4045 1343 4101 Et
1376 4061 1442 4101 ex
1472 4046 1669 4117 quibus
1698 4049 1859 4105 dictis
1887 4049 1991 4105 Do-

407 4137 587 4193 minus
612 4137 679 4192 ab
705 4135 922 4206 injuStis
957 4136 1268 4202 oll'cnditnr,
1322 4139 1377 4193 in
1431 4140 1636 4195 eisdem
1685 4156 1898 4212 quoque
1959 4159 1990 4197 a

400 4224 564 4295 iustis
593 4224 856 4294 placatur.
892 4225 1028 4279 Nam
1062 4219 1370 4282 Pharisacus
1406 4227 1688 4299 ingressus
1732 4233 1990 4302 templum

407 4319 624 4374 dicebat
648 4334 661 4370 :
689 4315 842 4386 (Luc.
866 4333 1022 4383 xvm,
1056 4316 1145 4389 12)
1168 4315 1364 4388 Jejuno
1391 4320 1469 4375 bis
1490 4322 1545 4376 in
1571 4322 1787 4379 sabbato
1811 4338 1829 4376 .'
1851 4325 1991 4379 deci-

407 4424 523 4465 mas
547 4407 615 4464 do
644 4410 875 4464 omnium
902 4426 1018 4482 qua:
1041 4409 1299 4482 possideo.
1326 4411 1431 4467 Sed
1467 4414 1797 4484 justilicatus
1817 4415 1990 4486 magis

2088 3594 2278 3665 ιηῖφιθ
2317 3593 2659 3665 Nam“.
2684 3592 2844 3663 cuius
2876 3591 3229 3663 praescientia
3274 3588 3381 3643 falli
3422 3598 3513 3640 nea
3536 3592 3612 3649 po-

2088 3694 2250 3753 terat,
2282 3693 2340 3743 et
2374 3686 2496 3741 ideo
2527 3684 2672 3755 quod
2712 3686 3056 3756 praesciebat,
3096 3677 3613 3739 necessariaiam"!!!

2089 3786 2229 3836 erat.
2253 3798 2272 3831 ι
2292 3778 2616 3847 Quindecim
2640 3778 2792 3842 anni,
2817 3776 2911 3847 qui
2937 3775 3007 3831 ab
3027 3775 3395 3847 agt-amicae,
3420 3761 3619 3824 Etodtil!

2091 3874 2228 3943 regi,
2281 3872 2576 3927 miserante
2623 3871 2753 3935 Deo,
2805 3870 2873 3924 ad
2912 3869 3080 3923 vitam
3131 3869 3185 3925 ei
3226 3861 3471 3938 protelati
3498 3861 3615 3915 sunt.

2091 3964 2319 4037 mystice
2363 3963 2630 4035 figurant,
2664 3965 2793 4032 quia
2839 3961 3155 4030 quicunque
3188 3958 3454 4025 utriusque
3488 3952 3615 4003 te“?

2092 4054 2260 4110 menti
2293 4052 2684 4123 plenitudinem
2712 4050 3043 4114 custodiunt,
3080 4058 3301 4105 πίει-ηε
3324 4039 3618 4106 salutis”

2093 4145 2262 4199 mium
2300 4149 2726 4212 consequuntur,
2762 4156 2828 4196 ac
2847 4153 2946 4211 per
2967 4139 3108 4212 legis
3130 4130 3613 4197 consumatioaemi

2092 4241 2149 4289 et
2175 4230 2451 4304 Evangelii
2477 4232 2868 4304 plenitudinem
2897 4232 2964 4289 ad
2989 4232 3119 4289 vita:
3150 4240 3361 4288 aeternae
3384 4221 3613 4281 nantem

2092 4324 2501 4379 beatitudinem.

2165 4414 2343 4487 (Vera.
2369 4416 2448 4487 7.)
2496 4415 2743 4487 Dixitque
2787 4415 2963 4470 Isaias
2993 4428 3013 4470 :
3040 4416 3240 4486 Aﬁ‘erte
3274 4412 3392 4468 mihi
3431 4409 3611 4462 meum

407 4501 747 4573 publicanus,
797 4517 959 4573 quam
1000 4501 1089 4557 ille
1123 4502 1277 4558 exiit.
1326 4502 1588 4560 Ezechias
1633 4519 1848 4576 quoque
1896 4521 1987 4560 rex
2013 4487 2067 4548 Ῑ)
2091 4506 2334 4576 ficorum.
2376 4506 2551 4572 Quam
2586 4521 2707 4560 cum
2747 4504 3067 4570 attulissent,
3107 4514 3159 4560 et
3192 4502 3463 4576 posuissent
3492 4496 3612 4559 3'?”

407 4607 532 4649 cum
590 4591 835 4647 molestia
890 4594 1138 4664 corporis
1191 4592 1424 4650 afﬂictus
1471 4595 1539 4649 ad
1588 4595 1990 4650 extremitatem

404 4684 742 4755 pervenisset
795 4684 943 4750 vitm,
997 4685 1052 4739 in
1103 4685 1349 4740 oratione
1400 4695 1755 4756 compunctus
1808 4687 1988 4741 dixit:

408 4774 661 4838 Obsecro,
701 4773 934 4845 Domine
967 4786 985 4825 :
1020 4783 1279 4828 memento
1325 4774 1587 4845 quomodo
1619 4774 1991 4832 ambulaverint

408 4880 587 4917 coram
620 4874 669 4917 te
699 4842 778 4918 .in
814 4865 1030 4919 veritate
1076 4874 1125 4919 et
1164 4842 1611 4937 corde—perfecto.
1655 4867 1767 4923 Nec
1812 4876 1991 4924 tamen

412 4953 672 5008 Dominus
695 4955 835 5009 hanc
865 4952 1259 5009 confessionem
1284 4953 1631 5024 perfectionis
1657 4957 1775 5028 ejus
1798 4958 1988 5028 despe-

410 5045 509 5110 xit,
550 5054 646 5101 aut
686 5046 885 5113 renuit,
924 5061 1083 5116 quem
1112 5062 1237 5102 mox
1266 5046 1320 5101 in
1347 5047 1462 5104 suis
1488 5050 1740 5118 precibus
1762 5051 1987 5106 exaudi-

409 5136 505 5189 vit.
530 5135 672 5192 Eccc
695 5137 1000 5193 Pharismus
1026 5152 1084 5193 se
1105 5137 1423 5207 justiﬁeavit
1444 5137 1497 5192 in
1519 5154 1699 5210 opere.
1727 5140 1987 5196 Ezechias

484 5327 508 5353 ιι
546 5314 774 5369 Sintula.

484 5384 513 5423 ι»
541 5384 619 5438 Eu
651 5384 843 5439 iterum
876 5386 1153 5442 llabanus.

484 5464 506 5491 ο
540 5454 691 5525 vers.
719 5456 1085 5525 3._Adduntur
1121 5458 1235 5511 huic
1272 5457 1324 5510 in
1353 5455 1568 5525 vulgato
1605 5457 1864 5511 Rabano:
1895 5468 1985 5512 aut

416 5530 550 5576 recte
583 5523 740 5597 juxta
764 5523 1073 5588 Jeremiam,
1096 5527 1191 5597 “ad
1219 5543 1308 5580 cor
1340 5523 1514 5592 suum,
1566 5529 1649 5597 qui
1692 5529 1909 5597 circum,
1936 5528 1989 5581 id

412 5600 489 5646 est
530 5592 792 5663 parietem
817 5609 908 5663 cor
955 5594 1205 5663 appellat,
1252 5606 1308 5649 ut
1348 5605 1458 5651 tota
1496 5592 1664 5651 mente
1705 5596 1988 5651 Dominum

415 5659 733 5729 precaretur.
768 5659 885 5712 Alia
931 5659 1197 5732 nonnulla
1231 5674 1416 5731 postca
1456 5666 1619 5720 etiam
1667 5666 1955 5732 adduntur,

414 5744 537 5798 qua!
557 5742 587 5781 a
617 5735 801 5781 nostro
824 5729 1115 5797 exemplari
1144 5729 1356 5786 absunt.

2092 4594 2243 4650 ulcus
2264 4595 2399 4666 ejus,
2436 4603 2655 4650 curatus
2681 4603 2780 4650 est.
2823 4592 2903 4650 Ac
2929 4609 3030 4664 per
3052 4594 3157 4650 hoc
3183 4607 3286 4648 non
3310 4578 3611 4660 spernenda"

2091 4701 2214 4742 esse
2256 4687 2601 4752 medicinam,
2641 4703 2762 4757 quae
2794 4701 2895 4743 usu
2933 4694 3166 4752 constet,
3192 4693 3248 4740 ct
3275 4673 3607 4751 experimento,

2094 4779 2220 4848 quia
2250 4785 2305 4831 et
2343 4778 2485 4832 banc
2528 4776 2721 4832 fecerit
2771 4778 2934 4832 Deus.
2992 4776 3125 4832 Post
3170 4776 3283 4830 haec
3327 4770 3399 4825 ait
3436 4761 3603 4820 lsaias:

2095 4867 2252 4939 (vers.
2285 4867 2341 4937 9)
2390 4865 2507 4921 Hoc
2540 4868 2641 4922 erit
2670 4864 2878 4938 signum
2911 4883 2945 4919 a
2985 4864 3234 4930 Domino,
3261 4858 3393 4935 quod
3413 4857 3605 4939 iactanti

2093 4937 2161 5015 sit
2204 4958 2463 5013 Dominus
2510 4937 2824 5022 sermonem,
2874 4971 3026 5028 quem
3076 4953 3277 5009 locutus
3319 4955 3406 5004 est.
3453 4939 3527 4995 V58

2093 5048 2341 5105 ascendat
2378 5047 2567 5101 umbra
2600 5046 2776 5101 decem
2815 5045 2991 5111 lineis,
3029 5062 3102 5100 an
3130 5052 3184 5100 ut
3226 5044 3483 5096 revertatur
3512 5032 3604 5079 ιοη·

2093 5140 2208 5195 dem
2241 5138 2530 5210 gradibus?
2562 5136 2630 5191 Et
2657 5137 2733 5192 ait
2766 5135 3023 5191 Ezechias
3053 5150 3074 5188 :
3106 5131 3280 5190 Facile
3300 5136 3373 5185 est
3410 5118 3601 5179 statim"

2171 5315 2189 5356 1
2223 5314 2621 5387 subsequentia
2648 5312 2830 5370 docuit
2860 5328 2924 5369 cx
2955 5312 3211 5386 Gregorio
3243 5309 3327 5365 lib.
3352 5320 3416 5359 xu
3450 5285 3594 5352 Μοηιο

2093 5405 2146 5442 n.
2176 5387 2243 5441 36
2270 5386 2533 5440 Patet-ius.

2171 5471 2190 5490 '
2218 5456 2527 5511 zEstimant.

2173 5527 2191 5565 ι’
2221 5527 2499 5579 Dominum
2529 5524 2773 5594 placarit.

2167 5600 2191 5635 ⁸
2219 5598 2261 5649 Α
2284 5595 2703 5663 cogitationibus.

2161 5667 2187 5706 δ
2219 5646 2785 5736 ii:£ai:"¢iiiiigpsuno
2830 5664 3113 5736 desumpta
3153 5666 3377 5736 psunthca
3405 5646 3585 5736 ducet!“

2097 5752 2241 5791 num.
2271 5736 2362 5801 23,
2399 5750 2517 5806 cap.
2564 5726 2646 5800 i7,
2681 5734 2771 5789 lib.
2806 5752 2857 5789 γι
2888 5737 2950 5790 de
2977 5726 3159 5791 Genui
3189 5729 3249 5784 ad
3273 5726 3482 5780 litteram.
