3924 6170
307 257 416 315 797

955 257 1412 325 QUIESTIONES
1452 258 1598 313 XXX
1639 257 1862 313 SUPER
1904 244 2149 313 LIBROS
2184 233 2447 319 REGUM:
2485 289 2559 299 -—
2596 246 2798 312 LlBER
2836 257 2917 313 IV:

3463 250 3568 317 798

307 390 535 429 crescere
572 368 746 428 decent
790 373 961 439 lineis,
993 392 1085 430 nec
1134 380 1232 430 ttae
1264 380 1403 441 volo,
1454 385 1509 429 ut
1545 374 1665 443 ﬁat,
1709 373 1800 429 sed
1828 383 1885 427 ut
1913 372 2154 438 AJacoh
2198 374 2277 430 sic
2326 373 2584 444 loquitur.
2622 372 2689 427 Et
2717 372 2875 437 dixit,
2915 373 3110 442 inquit,
3151 364 3378 444 Angelus
3425 372 3524 429 Dei
3549 389 3572 431 .'

306 470 597 517 revertatur
624 470 907 518 retrorsum
940 464 1117 519 decem
1150 465 1425 536 gradibus.
1472 463 1739 519 Inrocaoit
1779 464 1886 517 ita-

305 566 402 622 que
416 548 594 606 Isaias
614 556 866 624 propheta
884 552 1190 622 Dominum,
1224 563 1274 609 et
1297 554 1504 610 reduxit
1527 553 1767 608 umbram
1796 570 1885 624 per

303 639 493 708 lineas,
530 641 720 713 quibus
752 642 874 713 jam
909 643 1246 700 descenderat
1280 645 1337 700 in
1373 644 1644 717 horologia
1681 644 1883 710 Aelius,

305 721 590 787 i-etrorsum
613 733 793 789 decem
824 734 1093 807 gradibus.
1686 790 1695 797 .

374 832 401 861 ι
433 838 453 872 ι
480 821 836 881 ldomnomen
850 826 1139 896 graduum,
1159 826 1304 897 quod
1322 836 1379 883 et
1396 826 1663 883 linearum
1685 827 1888 898 signiﬁ-

303 918 415 976 cat,
445 911 498 967 id
520 920 609 967 est
646 913 1049 972 distinctionem
1083 917 1373 983 horarum,
1416 933 1553 988 quas
1602 918 1883 974 duodecim

303 1017 400 1071 per
432 1002 576 1057 diem
616 1003 673 1057 in
710 1004 994 1075 horologia
1015 1015 1205 1063 notare
1231 1006 1486 1063 solemus.
1518 1006 1644 1064 Sive
1670 1017 1731 1062 ut
1758 1006 1884 1061 llic-'-

303 1109 566 1164 ronymus
586 1095 739 1163 dicit,
764 1096 840 1151 ita
882 1106 1038 1152 erant
1077 1100 1341 1155 exstructi
1377 1100 1581 1172 gradus
1610 1107 1728 1154 arte
1771 1114 1887 1153 mea

301 1187 553 1252 cbanica,
599 1194 661 1242 ut
684 1201 787 1257 per
816 1188 1058 1260 singulos
1096 1191 1287 1247 umbra
1329 1186 1681 1258 descendens,
1723 1190 1885 1245 hura-

302 1294 423 1334 rum
481 1277 657 1349 spatia
707 1277 1044 1334 terminaret.
1096 1279 1229 1334 Erat
1251 1289 1433 1335 autem
1483 1281 1617 1336 hora
1653 1280 1761 1335 diei
1793 1282 1883 1335 de:

300 1369 464 1434 cima,
489 1368 706 1439 quando
729 1368 848 1423 haec
870 1368 985 1440 regi
1007 1368 1350 1441 loquebatur.
1381 1369 1478 1426 Vis
1504 1385 1653 1441 ergo,
1684 1371 1880 1440 inquit,

300 1465 364 1514 ut
401 1458 664 1514 ascendat
700 1458 893 1514 umbra
947 1460 1135 1516 decem
1186 1461 1345 1517 lineis
1403 1462 1734 1532 procedente
1772 1463 1883 1530 sole

301 1562 464 1618 super
487 1554 690 1602 terram
711 1562 811 1619 per
833 1541 1076 1605 barcach
1094 1548 1285 1621 plagas
1303 1566 1474 1621 usque
1498 1551 1569 1606 ad
1589 1551 1883 1617 orientem,

302 1638 330 1679 ι’
359 1637 504 1709 quod
529 1637 631 1695 sub
657 1645 862 1694 terram
906 1639 1224 1709 quotidiana
1265 1641 1655 1697 consuetudine
1689 1658 1884 1699 cursus

1995 463 2104 533 Ego
2131 480 2249 518 sum
2274 463 2418 518 Deus
2458 464 2543 529 cui
2570 452 2769 518 tinxisti
2797 462 3030 529 titulum,
3060 471 3108 517 et
3157 464 3335 519 vovisti
3374 470 3567 533 votum,

1989 560 2048 606 ut
2071 561 2125 606 et
2148 552 2685 623 Angelum,etDeum
2706 551 3038 607 ostenderet.
3062 552 3343 608 Secundus
3367 555 3572 624 gradus

1988 642 2357 697 descensiouis
2387 643 2442 696 in
2489 641 2823 697 Patriarchis
2867 638 2990 708 fuit,
3029 643 3154 712 quia
3209 642 3264 696 in
3307 644 3547 698 omnibus

1988 740 2048 786 ut
2076 732 2154 786 ait
2174 731 2489 804 Apostolus,
2528 733 2637 803 ipse
2683 741 2759 787 est
2800 742 3065 801 operatus.
3094 720 3312 788 TertiUS
3348 733 3404 788 in
3433 733 3532 805 legi

1985 822 2203 880 datione
2235 839 2248 877 :
2284 824 2411 895 quia
2443 834 2500 879 et
2525 824 2580 879 in
2634 825 2751 895 lege
2780 825 2895 894 ipse
2924 824 3137 880 locutus
3180 833 3282 880 est.
3333 826 3570 893 Quartus

1985 915 2183 985 gradus
2212 914 2269 968 in
2301 912 2429 970 Jesu
2462 913 2630 980 Nave,
2660 915 2748 984 qui
2787 914 3045 985 populum
3072 915 3127 970 in
3153 923 3356 969 terram
3387 931 3570 986 repro-

1987 1005 2261 1061 missionis
2318 1004 2639 1061 introduxit.
2691 1005 2922 1073 Quintus
2968 1006 3023 1059 in
3084 1004 3386 1071 Judieibus,
3439 1007 3563 1075 quia

1985 1095 2231 1149 eumdem
2269 1095 2526 1165 populum
2580 1111 2677 1164 per
2710 1110 2804 1151 eos
2834 1096 2949 1164 ipse
2998 1096 3237 1164 regebat.
3277 1094 3475 1151 Sextus
3512 1096 3566 1150 in

1985 1187 2206 1257 regibus
2232 1185 2561 1255 Iudaeorum,
2592 1189 2721 1259 quia
2753 1189 2806 1244 in
2836 1189 2915 1243 eis
2936 1190 3053 1259 ipse
3081 1190 3359 1260 regnabat.
3389 1188 3565 1259 Septi-

1985 1293 2107 1333 mus
2130 1279 2184 1333 in
2216 1279 2522 1351 Proplwtis,
2553 1281 2677 1350 quia
2704 1295 2803 1350 per
2835 1295 2931 1336 eos
2958 1287 3041 1335 est
3068 1280 3367 1335 nuntiatus.
3400 1278 3566 1337 Octa—

1985 1380 2085 1424 vus
2129 1370 2181 1425 in
2208 1371 2580 1439 Pontilicibus,
2611 1372 2735 1442 quia
2778 1371 2893 1442 ipse
2916 1386 3160 1428 summus
3192 1370 3459 1427 Sacerdos
3483 1379 3569 1426 est

1984 1454 2183 1514 Patris.
2216 1459 2401 1515 Nouus
2426 1461 2479 1515 in
2509 1461 2748 1517 homine.
2797 1461 3048 1516 Decimus
3075 1461 3129 1515 in
3156 1461 3429 1532 passione.
3464 1459 3569 1516 Per

1985 1549 2084 1605 bos
2106 1549 2252 1604 enim
2281 1551 2466 1606 decem
2497 1551 2721 1621 gradus,
2747 1566 2884 1621 quos
2920 1551 3037 1621 ipse
3081 1565 3180 1621 per
3210 1550 3463 1604 umbram
3488 1548 3566 1603 le-

1985 1640 2067 1712 gis
2095 1642 2288 1710 prisca:
2310 1640 2564 1697 Christus
2585 1643 2883 1708 descendit,
2911 1658 2978 1698 ac
3003 1657 3196 1697 rursus
3223 1648 3347 1712 post
3381 1656 3567 1696 resur-

299 1729 384 1784 sui
405 1735 524 1783 erat
546 1726 792 1785 facturus
818 1745 833 1783 :
862 1743 956 1795 an,
998 1738 1059 1783 ut
1094 1736 1398 1785 revertatur
1439 1731 1632 1786 umbra
1659 1731 1880 1787 totidem
1911 1732 1958 1791 Β
1989 1732 2282 1787 rectionem
2329 1749 2485 1788 suam
2531 1732 2622 1789 Sol
2659 1732 2886 1802 iustitiae
2920 1731 3171 1789 Christus
3216 1748 3315 1803 per
3344 1731 3565 1788 eosdem

298 1818 577 1890 gradibus,
615 1834 876 1879 conversa
924 1827 1224 1875 retrorsum
1269 1819 1410 1877 facie
1454 1821 1609 1887 solis,
1652 1822 1879 1892 ipsoque

296 1923 395 1978 per
414 1908 709 1966 australem
731 1908 942 1981 plagam
964 1910 1034 1966 ad
1054 1911 1320 1967 orientem
1345 1912 1635 1985 regresso?
1651 1912 1723 1967 At
1748 1926 1841 1968 rex
1861 1925 1877 1966 ι

298 2000 481 2058 Facile
507 2011 604 2068 est,
635 2002 833 2073 inquit,
866 2003 1104 2058 umbram
1127 2022 1357 2062 crescere
1381 2005 1556 2061 decem
1581 2005 1754 2073 lineis,
1788 2022 1880 2061 nec

296 2094 394 2148 hoc
438 2091 553 2149 volo
594 2102 649 2147 ut
688 2094 808 2162 ﬁat,
853 2093 945 2148 sed
973 2104 1027 2147 ut
1061 2105 1346 2150 revertatur
1374 2106 1660 2151 retrorsum
1703 2096 1879 2150 decent

293 2184 568 2257 gradibus.
603 2184 749 2239 Vidit
776 2198 1031 2252 namque,
1067 2184 1195 2254 quia
1226 2184 1447 2254 majoris
1482 2186 1730 2242 miraculi
1757 2203 1880 2242 esse

295 2284 516 2347 poterat
535 2275 582 2331 si
623 2275 706 2330 sol
741 2274 1079 2330 contrarium
1119 2291 1219 2332 suo
1247 2276 1385 2339 mori
1419 2293 1641 2331 cursum
1670 2287 1877 2347 ageret,

297 2383 466 2437 quam
495 2367 543 2422 si
569 2374 833 2422 consueto
858 2381 1118 2438 processu
1157 2368 1436 2433 incedens,
1474 2369 1689 2423 tametsi
1716 2370 1883 2425 multo

295 2458 485 2523 altius,
514 2457 571 2513 id
592 2465 677 2513 est
705 2472 869 2528 super
896 2469 919 2496 ο
952 2458 1248 2514 translatus
1282 2459 1351 2513 ad
1395 2460 1689 2526 orientem,
1726 2460 1880 2531 quasi

298 2547 526 2603 secundi
558 2547 667 2603 diei
691 2561 873 2614 mane,
915 2548 1065 2604 nulla
1099 2548 1491 2605 interveniente
1519 2558 1678 2606 nocte
1701 2550 1879 2606 factu-

296 2653 393 2693 rus
415 2638 718 2694 advolaret.
744 2637 879 2694 Nam
899 2647 956 2695 et
982 2640 1088 2695 hoc
1113 2641 1207 2711 qui
1237 2640 1292 2696 in
1327 2640 1505 2698 insula
1537 2643 1729 2715 Thyle,
1762 2660 1883 2714 quae

293 2729 439 2785 ultra
464 2729 829 2793 Brittanniam
854 2741 958 2801 est,
991 2734 1074 2789 vel
1097 2734 1151 2789 in
1174 2734 1378 2791 ultimis
1410 2735 1512 2807 Sey
1522 2737 1737 2792 tharum
1761 2737 1883 2793 lini-

292 2823 399 2879 bus
425 2823 649 2894 degunt,
685 2825 835 2880 omni
861 2832 1051 2880 aestate
1077 2825 1267 2883 diebus
1288 2826 1494 2897 aliquot
1519 2826 1634 2883 ﬁeri
1660 2827 1876 2894 vident;

291 2915 534 2985 quia-sol
556 2923 757 2973 caetero
781 2916 903 2972 orbl
932 2916 990 2971 in
1012 2931 1237 2984 occasu,
1263 2925 1320 2973 et
1347 2918 1449 2973 sub
1478 2926 1621 2974 terra
1648 2919 1874 2988 positus,

292 3005 649 3063 nihilominus
694 3014 806 3062 tota
843 3014 1006 3063 nocte
1044 3022 1207 3078 supra
1248 3016 1451 3063 terram
1492 3016 1770 3079 appareat.
1811 3009 1879 3063 Et

1985 1820 2184 1890 gradus
2209 1820 2234 1860 ιι
2266 1832 2481 1876 rursum
2507 1822 2750 1878 ascendit
2775 1822 2828 1875 in
2851 1821 3071 1886 ctelum,
3100 1829 3156 1876 et
3184 1834 3398 1876 omnem
3419 1820 3565 1876 illam

1984 1911 2230 1966 umbram
2282 1911 2417 1982 legis
2468 1913 2718 1968 veritatis
2770 1913 2938 1969 radiis
2977 1912 3286 1977 illustravit,
3334 1912 3566 1968 obscura

1983 1999 2252 2066 revolans,
2306 2000 2491 2058 clausa
2542 2017 2812 2068 reserans,
2859 2009 2915 2059 et
2973 2002 3156 2058 omnia
3210 2009 3354 2057 tecta
3400 2002 3569 2058 denu-

1981 2089 2136 2146 dans.
2183 2110 2203 2143 s
2888 2094 2897 2100 '

2051 2180 2168 2253 (20,
2198 2181 2311 2253 12.)
2339 2180 2407 2237 In
2441 2192 2670 2254 tempore
2718 2181 2810 2238 illo
2838 2182 2979 2238 misit
3017 2185 3032 2224 ί
3087 2182 3376 2237 Meradaclt
3401 2181 3568 2238 Bala—

1981 2269 2088 2326 dan
2116 2266 2207 2325 rica:
2230 2270 2519 2342 Babylonis
2540 2271 2769 2338 litteras,
2795 2281 2843 2326 et
2886 2289 3109 2327 munera
3135 2272 3205 2326 ad
3233 2271 3517 2327 Ezechiam
3551 2290 3562 2326 :

1982 2359 2227 2413 audierat
2252 2360 2392 2413 enim
2419 2360 2561 2430 quod
2589 2370 2892 2432 (egrotasset
2941 2360 3218 2426 Ezechias,
3249 2369 3356 2415 etc.
3391 2360 3404 2410 i
3442 2381 3462 2413 ί
3499 2360 3568 2416 In

1983 2457 2211 2518 tempore
2236 2449 2362 2512 illo;
2391 2450 2496 2505 hoc
2519 2458 2604 2506 est
2640 2452 2695 2505 in
2725 2451 2917 2505 eodem
2952 2465 3115 2516 anno,
3150 2465 3257 2521 quo
3280 2450 3397 2505 haec
3416 2457 3565 2522 gesta

1982 2545 2128 2603 sunt,
2162 2554 2285 2608 quae
2311 2542 2562 2610 superius
2590 2549 2908 2608 narrantur,
2936 2542 3085 2598 misit
3113 2541 3401 2599 Mcrodaeh
3425 2542 3569 2599 ﬁlius

1981 2628 2219 2685 Baladan
2250 2647 2348 2687 rex
2378 2632 2670 2704 Babylonis
2702 2633 2938 2702 litteras,
2983 2643 3042 2689 et
3068 2650 3295 2691 munera
3321 2635 3389 2689 ad
3431 2635 3568 2691 Eze—

1981 2722 2184 2789 chiam,
2208 2724 2334 2793 quia
2359 2724 2500 2794 apud
2524 2739 2618 2780 eos
2639 2732 2919 2787 astrorum
2934 2724 3283 2781 observantia
3313 2734 3419 2792 est,
3440 2726 3571 2782 stel-

1980 2809 2266 2884 larumque
2291 2830 2484 2871 cursus
2507 2815 2671 2888 longo
2714 2831 2838 2883 usu,
2884 2824 2942 2873 et
2964 2817 3359 2875 exercitatione
3385 2818 3569 2889 cogni-

1981 2913 2090 2968 tus,
2121 2903 2266 2975 quod
2296 2913 2353 2960 et
2376 2906 2431 2960 in
2462 2906 2674 2962 Domini
2700 2908 2985 2964 nativitate
3013 2917 3370 2965 monstratur.
3404 2909 3565 2967 Intel-

1980 2995 2230 3051 lexerunt
2290 2995 2470 3054 Solem
2533 3013 2812 3054 reversum
2865 2999 2975 3056 diei
3041 2999 3216 3069 spatia
3264 2999 3561 3071 duplicata,

292 3097 566 3168 quomodo
617 3110 650 3150 a
690 3105 849 3166 parte
899 3096 1198 3152 occidentis
1244 3097 1311 3153 ad
1354 3077 1619 3153 orientem
1656 3097 1877 3153 humilis
1903 3081 1948 3143 C
1979 3088 2189 3145 servire
2240 3090 2291 3144 ei
2331 3104 2491 3160 quem
2522 3089 2688 3145 Deum
2736 3089 2912 3146 solum
2942 3091 2965 3130 ιι
2999 3092 3264 3162 putabant
3295 3108 3307 3145 :
3337 3077 3568 3160 dumque

292 3186 507 3252 trudit,
548 3187 838 3244 manifeste
888 3188 1158 3255 videatur,
1212 3200 1236 3228 ο
1283 3190 1455 3245 donec
1499 3198 1744 3260 tempore
1779 3206 1879 3261 op-

292 3286 531 3348 portuno
559 3278 736 3335 denuo
764 3279 861 3335 toti
886 3278 1005 3334 orbi
1046 3279 1321 3335 communi
1359 3288 1553 3336 exortu
1575 3280 1873 3341 reddatur:

291 3367 436 3422 sicut
465 3375 523 3422 et
560 3374 808 3423 veterum
847 3369 1111 3436 historiae,
1163 3376 1219 3424 et
1259 3370 1430 3426 nostri
1471 3370 1720 3427 homines
1752 3371 1872 3436 asvi,

291 3459 389 3531 qui
428 3459 538 3517 illis
589 3460 657 3517 de
708 3460 955 3530 partibus
1004 3460 1302 3517 adveniunt
1325 3500 1342 3527 ,
1414 3460 1878 3519 abundantissime

291 3551 550 3622 produnt.
591 3550 878 3621 Nunquam
930 3559 1112 3609 autem
1162 3551 1219 3616 ii,
1264 3551 1356 3621 qui
1404 3551 1666 3607 interiora
1703 3552 1875 3608 austri

290 3640 555 3706 incolunt,
598 3641 784 3697 vident
831 3640 1000 3713 solem
1043 3656 1141 3710 per
1187 3640 1518 3696 meridianas
1563 3640 1753 3713 plagas
1807 3641 1877 3696 ad

288 3729 555 3787 orientem
580 3731 650 3786 ab
679 3746 879 3788 occasu
910 3729 1109 3787 redire.

366 3820 435 3876 Ut
464 3820 892 3879 manifestiorem
938 3822 1084 3879 enim
1117 3837 1338 3878 sensum
1381 3821 1685 3893 legentibus
1725 3822 1876 3879 face-

288 3919 397 3976 ret,
421 3910 566 3983 quod
596 3912 830 3984 signum,
861 3921 915 3967 et
953 3913 1238 3984 prtesentis
1272 3912 1559 3983 temporis,
1608 3922 1665 3969 et
1706 3913 1874 3969 futuri

289 4012 451 4075 typus
479 4013 620 4071 erat,
647 4014 707 4060 ut
733 4005 1006 4076 quomodo
1058 4004 1152 4061 Sol
1187 4006 1565 4061 revertebatur
1593 4004 1660 4060 ad
1713 4021 1873 4061 exor-

287 4095 437 4149 dium
468 4102 648 4161 suum,
682 4096 761 4151 ita
787 4106 844 4155 ct
880 4096 1129 4153 Ezechias
1166 4096 1281 4151 vita
1316 4095 1498 4163 addita
1528 4110 1700 4151 annos
1747 4096 1874 4153 red-

286 4184 462 4252 deret,
491 4186 649 4243 nobis
675 4202 892 4258 quoque
922 4188 977 4242 in
1024 4186 1382 4253 hebdomade,
1411 4196 1468 4242 et
1506 4186 1749 4257 ogdoadc
1794 4186 1875 4241 vi-

287 4275 558 4343 ventibus,
613 4291 711 4348 per
764 4277 1221 4333 resurrectionem
1266 4276 1468 4332 Christi
1520 4277 1645 4331 vita:
1700 4276 1872 4346 spatia

286 4367 644 4437 protelentur.
684 4366 703 4407 τ
741 4385 760 4419 ι
800 4368 895 4424 Vel
916 4376 1067 4425 certe
1093 4368 1280 4424 decem
1304 4369 1505 4440 gradus
1527 4368 1582 4423 in
1610 4369 1871 4424 descensu

1979 3199 2173 3240 causas
2213 3182 2375 3253 hujus
2429 3183 2697 3249 miraculi,
2745 3184 3123 3254 rationemque
3167 3184 3564 3254 perquirerent.

1980 3275 2123 3330 tanta
2150 3291 2247 3347 per
2271 3291 2464 3331 omnes
2494 3285 2683 3349 gentes
2705 3276 2991 3342 volitante,
3015 3275 3322 3332 didicerunt
3342 3285 3561 3347 propter

1975 3366 2383 3438 aegrotationem
2410 3366 2555 3438 regis
2576 3364 2729 3423 Judtc
2751 3367 2917 3422 etiam
2952 3383 3170 3423 cursum
3205 3367 3346 3438 signi
3374 3367 3565 3425 claris-

1978 3457 2102 3513 simi
2128 3466 2520 3515 commutatum
2551 3476 2564 3511 z
2594 3458 2739 3529 quod
2763 3460 2928 3514 etiam
2951 3459 3091 3514 liber
3112 3458 3563 3528 Paralipomenon

1976 3549 2290 3619 plenissime
2356 3557 2594 3606 testatur
2655 3551 2843 3605 dicens
2895 3567 2908 3602 :
2954 3548 3042 3619 (II
3091 3548 3280 3602 Paral.
3324 3548 3417 3614 52,
3470 3550 3563 3618 ‘50)

1977 3639 2099 3711 Ipse
2135 3648 2210 3695 est
2242 3638 2523 3705 Ezechias,
2545 3640 2635 3710 qui
2660 3639 2781 3708 fecit
2814 3640 2870 3692 in
2909 3637 3150 3692 omnibus
3180 3639 3292 3693 suis
3319 3654 3564 3708 prospere

1974 3747 2093 3801 quae
2125 3729 2307 3786 voluit.
2351 3730 2599 3785 Attamen
2637 3730 2692 3784 in
2725 3728 2983 3801 legatione
3007 3727 3305 3797 principum
3334 3727 3564 3799 Babylo-

1978 3822 2082 3891 nis,
2114 3821 2203 3892 qui
2233 3821 2380 3876 missi
2425 3821 2639 3892 fuerunt
2689 3820 2759 3873 ad
2807 3835 2947 3887 eum,
2982 3829 3038 3873 ut
3072 3819 3454 3890 interrogarent
3499 3820 3564 3876 de

1974 3921 2237 3985 portento,
2281 3911 2421 3983 quod
2457 3910 2723 3966 acciderat
2747 3927 2906 3981 super
2948 3920 3170 3976 terram,
3209 3909 3416 3981 reliquit
3442 3926 3562 3965 eum

1978 4003 2143 4071 Deus,
2168 4012 2226 4058 ut
2256 4013 2569 4069 tentaretur,
2596 4012 2645 4058 et
2676 4012 2801 4059 nota
2839 4002 3026 4073 ﬁerent
3052 4002 3249 4069 omnia,
3273 4018 3391 4074 quis
3409 4010 3561 4057 erant

1976 4096 2032 4151 in
2057 4095 2215 4152 corde
2240 4095 2378 4168 ejus.
2431 4095 2640 4153 Idcirco
2669 4104 2851 4151 autem
2876 4095 3162 4152 tentatioui
3204 4094 3428 4152 relictus
3453 4101 3559 4160 est,

1977 4189 2105 4258 quia
2136 4198 2259 4258 post
2296 4196 2502 4243 tantam
2534 4187 2838 4254 victoriam,
2870 4197 2929 4242 et
2969 4188 3112 4243 Solis
3148 4202 3478 4258 regressum,
3505 4195 3564 4242 et

1976 4277 2498 4351 congratulationem
2529 4278 2679 4349 regni
2724 4278 3112 4349 potentissimi,
3156 4294 3252 4335 cor
3280 4277 3426 4333 illius
3449 4276 3562 4332 ela-

1978 4379 2094 4424 tum
2145 4378 2250 4425 est.
2302 4368 2549 4440 Denique
2597 4371 2651 4424 in
2695 4371 2883 4426 eodem
2934 4371 3209 4427 volumine
3255 4371 3557 4427 scribitur:

284 4456 441 4523 solis,
502 4465 805 4530 temporum
867 4460 1085 4516 ordines
1142 4469 1300 4527 sunt,
1339 4476 1438 4531 per
1491 4476 1628 4531 quos
1679 4461 1868 4515 umbra
1897 4442 1949 4500 Ι)
1976 4460 2142 4532 (Ibid.
2168 4478 2303 4516 vers.
2334 4459 2429 4531 25)
2473 4459 2630 4514 Multi
2674 4459 2975 4528 deferebant
3018 4460 3242 4525 hostias,
3293 4470 3342 4514 et
3392 4462 3559 4514 sacri-

285 4548 582 4619 ligurarum
623 4548 828 4605 Christi
850 4549 1224 4616 descenderat,
1274 4560 1329 4606 et
1356 4566 1454 4621 per
1484 4566 1622 4622 quos
1673 4551 1871 4605 iterum

286 4637 381 4694 Sol
420 4637 647 4709 iustitiae
673 4638 923 4696 Christus
951 4648 1074 4711 post
1108 4642 1566 4698 resurrectionem
1601 4641 1867 4698 ascendit.

281 4728 500 4786 Primus
532 4730 715 4801 itaque
742 4730 942 4802 gradus
972 4729 1346 4787 descensionis
1365 4731 1433 4787 de
1462 4730 1573 4787 Deo
1598 4731 1652 4786 in
1679 4731 1870 4801 angelo

283 4821 386 4876 fuit
414 4839 429 4875 :
460 4824 486 4863 ε
514 4821 571 4878 in
592 4837 700 4893 quo
739 4821 808 4877 ad
837 4822 1087 4894 antiquos
1117 4830 1303 4894 patres
1329 4837 1592 4895 apparere
1617 4823 1873 4896 dignatus

280 4920 388 4981 est,
414 4913 541 4986 quia
570 4912 749 4987 magni
776 4912 986 4970 consilii
1024 4915 1240 4970 nuntius
1267 4923 1402 4970 erat.
1439 4914 1686 4984 Denique
1717 4923 1774 4971 et
1802 4918 1871 4971 ad

350 5147 377 5177 ι
403 5134 550 5210 ρυαξ-
567 5142 872 5210 sequuntur
891 5135 960 5190 ad
984 5133 1155 5210 huius
1179 5134 1281 5210 loci
1325 5133 1745 5210 explicationem
1766 5142 1865 5205 po-

274 5208 382 5263 sita
415 5205 579 5260 tradit
605 5203 773 5260 Béda.
800 5203 1024 5279 mnam.
1044 5204 1117 5260 25
1142 5205 1198 5261 in
1217 5203 1665 5277 hbmsllegum.]

354 5275 379 5315 δ
409 5275 542 5342 Qua:
562 5274 767 5330 subtus.
1566 5280 1569 5283 '

562 5292 767 5330 subtus.

354 5357 377 5384 ε
418 5346 607 5400 Terras
633 5345 822 5401 elatus.

349 5416 376 5455 ἀ
412 5416 631 5471 Redeat.

354 5500 377 5526 ε
408 5488 586 5541 Verba
614 5487 768 5558 haec:
800 5486 964 5541 donec
989 5496 1221 5558 tempore
1238 5495 1530 5558 opportuno
1553 5486 1727 5541 denuo
1763 5486 1859 5542 toti

279 5560 392 5613 orbi
413 5556 674 5611 communi
703 5566 888 5612 exortu
913 5556 1165 5611 reddatur
1191 5556 1390 5611 desunt
1413 5557 1466 5611 in
1496 5557 1676 5611 editis.

356 5629 374 5669 ί
405 5629 538 5696 Qun
568 5626 826 5698 deinceps
851 5627 1005 5698 legis,
1044 5627 1115 5683 ab
1142 5627 1349 5685 Isidoro
1376 5642 1495 5697 cap.
1532 5626 1565 5682 6
1606 5628 1660 5682 in
1692 5626 1857 5682 libros

283 5697 487 5770 Regum
513 5696 787 5755 mutuatus
814 5704 897 5754 est
912 5696 1198 5755 Claudius.

1973 4551 2097 4621 ﬁcia
2122 4551 2351 4607 Domino
2387 4552 2443 4605 in
2465 4549 2823 4616 Hierusalem,
2844 4559 2891 4604 et
2921 4566 3140 4605 munera
3179 4550 3423 4605 Ezechiae
3452 4552 3559 4620 regi

1972 4641 2008 4696 .1
2015 4642 2133 4698 uda:
2161 4659 2179 4698 :
2209 4652 2258 4697 et
2283 4643 2548 4698 exaltatus
2585 4652 2663 4697 est
2695 4651 2808 4712 post
2830 4642 2941 4696 ntro
2963 4657 3141 4696 coram
3168 4640 3370 4696 cunctis
3391 4642 3560 4711 genti-

1973 4735 2089 4789 bus.
2122 4733 2302 4806 (Vers.
2332 4734 2448 4806 24.)
2490 4733 2558 4790 In
2594 4734 2776 4789 diebus
2819 4732 2926 4787 illis
2962 4732 3229 4802 a'grotavit
3276 4748 3436 4803 usque
3487 4732 3557 4786 ad

1973 4836 2189 4882 mortem
2245 4843 2263 4880 :
2313 4836 2360 4880 et
2397 4826 2563 4880 oravit
2602 4826 2906 4890 Dominum,
2936 4834 2983 4878 et
3019 4823 3288 4878 exaudivit
3315 4838 3458 4886 cum,
3507 4832 3557 4876 et

1973 4915 2114 4971 dedit
2139 4916 2188 4971 ei
2215 4917 2444 4987 signum.
2488 4908 2594 4972 Sed
2622 4934 2725 4972 non
2765 4918 2915 4977 iuxta
2948 4915 3223 4986 beneﬁcia,
3263 4931 3382 4986 quw
3410 4930 3559 4968 acce-

2045 5136 2070 5177 ⁸
2104 5128 2277 5192 Verba
2312 5137 2428 5192 hate
2455 5155 2466 5191 ε
2492 5140 2546 5192 in
2571 5154 2674 5209 quo
2706 5138 2775 5191 ad
2803 5135 3046 5205 antiquos
3086 5143 3259 5204 patres
3303 5149 3556 5209 aoparere

1967 5206 2214 5277 dignatus
2238 5218 2313 5262 est
2349 5209 2402 5262 in
2443 5205 2605 5264 editis
2641 5209 2836 5263 desunt
2865 5226 2877 5259 :
2905 5219 3003 5274 per
3053 5218 3294 5259 errorem
3342 5205 3549 5274 utique.

2038 5279 2064 5317 ιι
2099 5276 2346 5332 Sursum.
2386 5287 2644 5332 praestare
2666 5280 2879 5332 videtur
2907 5286 3093 5330 nostra
3119 5273 3299 5330 lectio.

2046 5294 2064 5357 l.’
2091 5294 2349 5401 ἕατ’δὲιηῖ
2386 5294 2644 5347 praestare
2666 5294 2879 5332 videtur
2907 5294 3093 5330 11051,ΐᾶ
3119 5294 3299 5330 ιθυιιο.

2046 5360 2059 5388 ³
2136 5364 2229 5401 ero
2269 5365 2331 5399 illi
2355 5366 2391 5400 Ι.

2037 5415 2052 5467 i
2103 5417 2366 5486 Pleraque
2415 5417 2469 5471 in
2522 5415 2745 5470 Rabano
2793 5422 3029 5471 exstant.
3062 5411 3549 5486 Claudiustameu

1964 5488 2223 5570 ampulla
2286 5485 2319 5540 a
2388 5487 2614 5542 Rabano
2670 5486 2844 5543 fusius
2900 5485 3147 5557 exposita
3198 5485 3551 5557 paucioribus

1968 5560 2206 5614 tradidit.

2040 5628 2064 5668 Ιι
2097 5629 2348 5695 Additur,
2377 5626 2430 5682 id
2466 5637 2539 5684 est
2567 5626 2763 5685 Solem.
