3922 6180
351 328 455 387 799

1422 318 1698 382 CLAUDII
1732 310 2201 377 TAURINENSIS'
2235 309 2542 374 EPISCOPI

3512 306 3616 365 800

351 448 518 508 perat,
540 438 801 504 retribuit,
828 439 954 509 quia
972 437 1261 492 exaltatum
1287 447 1363 493 est
1386 453 1478 491 cor
1501 437 1640 507 ejus,
1661 445 1710 490 et
1739 434 1937 504 factum
1964 433 2016 491 Α
2039 428 2172 484 brari
2194 428 2381 483 volunt
2404 427 2705 493 Danielem,
2724 426 3011 492 Ananiam,
3041 421 3376 487 Misahelem,
3401 431 3459 477 et
3478 421 3622 477 Διι-

352 534 429 583 est
450 542 631 584 contra
669 537 786 582 eum
835 530 939 595 ira,
983 538 1029 583 et
1068 539 1249 584 contra
1276 529 1445 595 Iuda,
1485 540 1531 584 et
1578 526 1934 583 Hierusalem.

355 614 699 687 Rursumque
734 617 1014 688 Scriptura
1062 630 1250 675 sancta
1280 621 1570 677 elationem
1593 621 1773 675 cordis
1819 618 1939 687 ejus

354 700 486 763 dicit
512 708 832 776 posuitentia
878 709 1203 781 mitigatam,
1234 708 1472 767 inferens
1501 728 1513 763 :
1544 721 1592 764 et
1627 709 1938 763 humiliatus

352 806 428 850 est
455 807 658 868 postea,
686 815 745 853 eo
766 800 906 869 quod
933 799 1222 854 exaltatum
1254 811 1328 856 est
1373 818 1462 855 cor
1489 805 1625 871 ejus,
1662 810 1771 855 tam
1807 800 1934 871 ipse,

353 896 510 958 quam
535 888 856 944 habitatores
879 888 1249 957 Hierusalem;
1276 901 1325 946 et
1345 892 1542 946 idcirco
1566 908 1670 947 non
1698 893 1830 946 venit
1855 892 1939 945 ira

357 975 568 1031 Domini
596 986 755 1049 super
781 995 868 1033 eos
899 980 955 1033 in
976 979 1157 1035 diebus
1187 980 1452 1036 Ezechiae.

432 1088 451 1120 ι
495 1068 605 1142 (IV
626 1070 757 1141 Reg.
781 1088 875 1137 xx,
903 1073 991 1138 i5,
1023 1072 1153 1145 etc.)
1181 1072 1247 1128 In
1291 1074 1473 1129 diebus
1518 1072 1625 1128 illis
1677 1073 1938 1128 Ezechias

354 1158 563 1215 lmtatus
592 1169 667 1214 est
689 1160 744 1214 in
772 1162 999 1216 adventu
1024 1162 1313 1234 legatorum
1339 1164 1622 1219 Merodach
1648 1163 1893 1217 Baladan
1921 1182 1939 1220 :

354 1263 516 1318 quem
561 1258 774 1319 patrem
812 1249 982 1306 fuisse
1009 1252 1506 1310 Nabuchodonosor
1538 1253 1751 1311 Hebraei
1784 1262 1941 1309 autu-

356 1347 525 1404 mant,
557 1348 612 1395 et
640 1340 693 1395 in
721 1327 999 1397 oblatione
1024 1358 1331 1410 munerum,
1388 1354 1445 1400 et
1472 1346 1941 1418 congratulatione

354 1430 602 1486 sanitatis
621 1445 751 1486 sum.
779 1430 1123 1504 Ostenditque
1146 1435 1220 1489 eis
1249 1436 1468 1490 domum
1490 1446 1789 1491 aromatum
1819 1450 1942 1491 suo-

355 1538 492 1588 rum,
521 1534 567 1578 et
593 1525 868 1580 thesauros
891 1522 1115 1597 argenti,
1141 1535 1188 1581 et
1214 1521 1356 1594 auri,
1383 1538 1431 1582 et
1458 1526 1940 1593 odoramentorum,

354 1621 401 1665 et
426 1615 676 1681 unguenti
698 1615 899 1685 optimi,
932 1625 982 1670 et
1010 1629 1189 1672 omnes
1220 1618 1492 1673 thesauros
1537 1632 1783 1673 vasorum
1812 1633 1940 1673 sua-

357 1715 472 1755 rum
496 1706 516 1754 .‘
548 1721 647 1758 non
679 1704 780 1774 fuit
823 1723 941 1779 res,
960 1725 1117 1780 quam
1143 1724 1247 1764 non
1273 1711 1556 1765 ostenderit
1582 1711 1659 1765 eis
1701 1712 1758 1766 in
1784 1712 1940 1767 domo

354 1808 453 1845 sua
503 1802 550 1848 et
591 1794 648 1849 in
676 1797 820 1850 omni
853 1807 1108 1866 potestate
1155 1814 1253 1854 sua
1286 1812 1311 1852 :‘
1341 1798 1493 1856 Unde
1542 1801 1679 1856 iram
1705 1800 1938 1870 Deijus-
1969 1780 2017 1840 Β
2117 1796 2296 1868 (Vera.
2348 1797 2458 1870 I9.)
2496 1798 2751 1868 Dixitque
2786 1798 3049 1853 Ezechias
3096 1816 3108 1851 :

355 1883 565 1939 tissime
603 1887 936 1954 merebatur,
968 1889 1113 1958 quod
1143 1904 1250 1945 non
1277 1891 1449 1946 solum
1484 1892 1768 1948 thesauros
1788 1907 1937 1959 suos,

355 1984 519 2044 atque
566 1976 775 2046 palatii,
800 1977 893 2032 sed
940 1987 996 2034 et
1024 1980 1206 2050 templi
1237 1981 1571 2049 ostenderet,
1612 1983 1755 2052 quod
1794 1991 1941 2041 certe

357 2064 461 2120 fuit
499 2068 787 2136 potestatis
825 2069 965 2140 ejus.
1000 2071 1066 2126 de
1099 2065 1255 2143 cuius
1276 2072 1446 2128 valvis
1489 2088 1684 2130 aureas
1712 2072 1941 2130 laminas

360 2165 486 2212 ante
506 2155 620 2226 jam
652 2159 868 2214 tulerat.

435 2265 454 2297 ι
490 2246 668 2319 (Verr.
692 2249 801 2322 l4.)
828 2250 1052 2306 Intravit
1076 2262 1253 2309 autem
1273 2253 1449 2310 Isaias
1474 2252 1736 2327 Propheta
1758 2258 1828 2309 ad
1843 2254 1943 2311 Re-

355 2350 471 2404 gem
497 2335 807 2395 Ezechiam.
834 2339 1181 2412 Rursumque
1208 2351 1331 2413 post
1359 2345 1602 2414 corporis
1629 2345 1942 2411 sanitatem,

355 2435 413 2481 et
443 2428 581 2496 signi
625 2430 1077 2500 magnitudinem,
1105 2433 1287 2489 oll'erri
1315 2435 1561 2491 videmus
1601 2435 1762 2491 aliam
1788 2451 1944 2492 occa-

362 2517 571 2572 sionem
627 2520 913 2589 superbire,
950 2538 1112 2592 quam
1154 2532 1213 2578 ut
1265 2524 1523 2594 prudens,
1557 2536 1612 2582 et
1639 2525 1736 2581 Dei
1770 2525 1946 2582 cultor

357 2608 533 2665 vitare
580 2610 859 2673 debuerat.
909 2628 1011 2668 nec
1042 2623 1348 2670 monstrare
1387 2616 1703 2687 alienigenis
1731 2618 1947 2673 divitias

360 2715 507 2767 suas,
553 2717 691 2772 quas
721 2702 833 2759 Deo
865 2704 1138 2761 tribuente
1175 2708 1505 2777 possederat,
1545 2723 1612 2763 ex
1642 2722 1749 2779 quo
1790 2709 1946 2779 juxta

359 2790 504 2863 leges
556 2808 770 2863 quoque
815 2794 1127 2868 tropologiue
1173 2798 1453 2865 discimus,
1508 2815 1619 2854 non
1660 2802 1944 2858 mittendas

358 2885 674 2954 margaritas
703 2896 825 2940 ante
848 2903 1059 2956 porcos,
1108 2904 1200 2943 nec
1242 2888 1477 2944 dandum
1531 2900 1771 2946 sanctum
1799 2888 1946 2949 cani-

359 2975 475 3029 bus.
510 2974 726 3047 (Hatth.
759 2992 856 3045 vn,
887 2977 941 3051 6)
997 2977 1099 3047 Qui
1122 2980 1265 3035 enim
1294 2980 1466 3037 ﬁdelis
1489 2992 1590 3049 est,
1626 2983 1821 3054 spiritu
1848 2985 1945 3041 ab-

2042 519 2201 585 riam,
2229 520 2322 591 qui
2349 519 2572 575 fuerunt
2615 520 2683 576 de
2712 520 2863 592 regio
2889 520 3116 582 semine,
3146 517 3320 574 factos
3360 531 3489 573 esse
3530 530 3625 572 eu-

2040 611 2267 675 nuchos,
2299 627 2436 681 quos
2484 613 2538 666 iu
2574 612 2878 668 ministerio
2933 610 3434 666 Nabuchodonosor
3456 607 3627 663 fuisse
3678 634 3690 648 -

2040 716 2147 755 non
2177 702 2403 758 dubium
2430 711 2532 758 est.
2564 703 2726 775 (Dan.
2760 719 2801 769 t,
2844 702 2899 770 6,
2931 703 2985 757 7.
3020 701 3289 756 Hactenus
3317 701 3479 755 etiam
3513 697 3625 752 Ra-

2041 790 2228 845 banus.
2278 789 2502 862 Reliqua
2555 791 2705 847 docet
2759 789 3065 862 Claudius.)
3111 789 3403 844 Eunuchos
3452 787 3620 851 enim,

2040 880 2095 935 id
2112 888 2197 938 est
2214 883 2509 950 abscissos,
2532 898 2643 938 non
2667 897 2926 955 negamus
2953 882 3165 952 aliquos
3184 878 3354 935 fuisse
3374 879 3444 934 de
3465 880 3625 934 semi-

1990 1011 1999 1021 .
2041 987 2110 1028 ne
2153 976 2302 1046 regio
2325 976 2396 1030 .in
2441 976 2644 1046 palatio
2670 976 2819 1047 regis
2848 974 3160 1046 Babylonis,
3192 973 3348 1043 juxta
3390 973 3626 1043 prophe-

2042 1066 2174 1121 tiam
2201 1068 2348 1123 beati
2374 1068 2549 1135 lsaize,
2579 1068 2675 1125 sed
2725 1069 2793 1124 de
2821 1067 3008 1123 Daniel
3043 1076 3100 1123 et
3137 1066 3302 1123 sociis
3347 1064 3465 1134 ejus
3506 1080 3625 1120 cre-

2042 1159 2274 1215 dendum
2327 1161 2473 1217 nullo
2524 1162 2684 1217 modo
2720 1170 2806 1218 est
2858 1161 3034 1231 :quia
3084 1160 3130 1215 si
3158 1166 3362 1223 essent,
3400 1158 3472 1213 de
3506 1157 3624 1228 pul-

2042 1251 2350 1307 chritudine
2383 1264 2629 1322 corporis
2673 1260 2729 1308 et
2780 1260 3000 1323 aspectu
3035 1250 3248 1306 illorum
3278 1265 3387 1304 non
3408 1249 3620 1303 timeret

2043 1341 2150 1396 dux
2203 1340 2311 1407 ille,
2362 1341 2527 1413 (Ibid.
2585 1343 2734 1397 Vers.
2790 1341 2880 1415 10)
2923 1342 3016 1410 qui
3064 1355 3160 1395 eos
3198 1338 3377 1395 adhuc
3426 1352 3625 1408 pueros

2042 1430 2344 1497 erudiebat,
2370 1433 2496 1501 quia
2527 1432 2735 1503 species
2759 1432 2915 1487 faciei
2937 1427 3075 1486 solet
3094 1430 3339 1501 deperire
3364 1428 3417 1483 in
3442 1429 3624 1499 pueris

2043 1521 2316 1579 abscissls.
2370 1524 2494 1578 Fuit
2552 1533 2734 1579 autem
2800 1522 3136 1579 consuetudo
3186 1520 3324 1591 apud
3374 1522 3627 1589 antiquos

2042 1616 2306 1670 eunuchos
2327 1628 2523 1671 vocare
2547 1614 2908 1671 cubicularios
2941 1622 2997 1669 et
3022 1613 3277 1669 custodes
3302 1612 3517 1684 palatii,
3540 1612 3625 1681 qui

2010 1773 2016 1779 .
2044 1715 2246 1762 uxores
2278 1706 2569 1773 habebant,
2599 1714 2654 1761 et
2673 1704 2901 1761 abscissi
2927 1719 3159 1776 corpore
3183 1719 3291 1759 non
3314 1702 3559 1758 fuerunt.

3162 1796 3372 1851 Bonum
3418 1796 3631 1850 verbm

2040 1885 2276 1953 Domini,
2321 1889 2463 1958 quod
2491 1888 2697 1943 locutus
2737 1899 2810 1943 est
2841 1907 2859 1943 :
2884 1890 2980 1958 ﬁat
3009 1898 3213 1943 tantum
3239 1905 3348 1958 pax
3368 1889 3427 1941 in
3450 1886 3629 1942 diebus

2040 1977 2189 2031 meis.
2239 1989 2265 2018 ι
2314 1978 2383 2032 ln-
2404 1993 2513 2048 quo
2541 1981 2608 2033 ab
2637 1976 2881 2035 Hebraeis
2926 1976 3365 2049 reprehenditur,
3402 1992 3629 2032 ent-nou

2042 2070 2115 2125 sit
2153 2070 2397 2125 imitatus
2429 2071 2728 2126 bonitatem
2775 2069 2996 2141 Moysis,
3043 2070 3135 2139 qui
3184 2068 3401 2123 locutus
3440 2075 3525 2122 est
3565 2068 3633 2121 ad

2041 2144 2214 2218 Deum
2254 2180 2267 2217 :
2299 2163 2404 2218 Aut
2445 2164 2648 2219 dimitte
2688 2165 2763 2219 eis
2793 2165 2929 2219 hanc
2960 2179 3176 2229 noxam,
3207 2171 3298 2216 aut
3326 2163 3374 2216 si
3417 2178 3526 2216 non
3553 2161 3632 2231 fa-

2042 2253 2165 2319 cies,
2198 2252 2312 2308 dele
2364 2269 2445 2307 me
2467 2254 2531 2308 de
2568 2254 2699 2309 libro
2727 2270 2880 2325 quem
2918 2252 3191 2325 scripsisti.
3228 2270 3248 2302 ι
3282 2252 3312 2292 ι)
3343 2251 3490 2319 Quid
3530 2251 3631 2307 hoc

2043 2342 2161 2398 loco
2212 2343 2498 2414 Prophetas
2543 2346 2813 2401 sententia
2852 2355 3043 2401 contra
3073 2344 3366 2401 Etechiam
3421 2358 3628 2414 regem,

2044 2434 2150 2490 nisi
2172 2436 2541 2506 arrogantium
2589 2434 2995 2506 hypocritarum
3028 2433 3390 2505 cogitationes
3422 2446 3553 2486 suas
3579 2431 3630 2485 in

2045 2524 2383 2594 exquirenda
2440 2526 2719 2580 hominum
2777 2524 3135 2580 admiratione
3178 2522 3485 2594 signiﬁcat?
3532 2521 3633 2576 Per

2046 2632 2207 2673 mune
2261 2617 2408 2672 enim
2460 2619 2605 2688 quod
2632 2618 2931 2690 hypocrita:
2960 2616 3190 2682 faciunt,
3226 2615 3352 2687 quia
3408 2615 3632 2670 ocurltls

2048 2706 2468 2778 cogitationibus
2498 2708 2684 2763 laudes
2725 2709 3003 2764 hominum
3031 2708 3340 2778 requirunt,
3369 2707 3524 2775 quasi
3548 2722 3632 2759 ra-

2049 2797 2199 2853 dices
2224 2797 2392 2869 scirpi
2413 2798 2469 2853 in
2496 2813 2750 2854 acervum
2771 2806 3050 2869 petrarum
3074 2798 3295 2853 mittunt
3319 2815 3333 2850 :
3358 2798 3631 2867 operaturi

2049 2888 2249 2958 quippe
2288 2888 2475 2945 laudes
2503 2904 2630 2945 suas
2655 2890 2897 2961 cogitant
2928 2906 2941 2942 :
2975 2889 3176 2944 laudati
3212 2896 3393 2943 autem
3421 2890 3522 2945 has
3545 2900 3629 2942 se-

2048 2993 2171 3035 cum
2213 2980 2364 3036 taciti
2408 2980 2465 3036 in
2507 2980 2924 3053 cogitationibus
2961 2991 3181 3037 versant
3233 2997 3247 3033 :
3304 2981 3541 3051 gaudent
3577 2993 3633 3033 se

355 3069 572 3125 scondit
614 3071 853 3142 negotia,
913 3081 969 3128 et
1025 3074 1336 3146 quicunque
1396 3075 1501 3132 hoc
1565 3092 1674 3133 non
1732 3076 1943 3146 fecerit,
1984 3141 2016 3146 _
2049 3076 2349 3146 praecipuos
2370 3077 2425 3131 in
2446 3077 2683 3131 humana
2704 3076 3062 3132 aestimatione
3084 3074 3364 3130 claruisse.
3388 3072 3631 3141 Cumque

358 3162 537 3216 omnis
568 3160 741 3218 virtus
767 3163 910 3221 illius
933 3141 1565 3242 enervatum—(peritque)
1595 3181 1693 3241 per
1721 3171 1775 3227 ld
1801 3141 1946 3243 quod
1972 3141 2019 3204 θ
2050 3141 2231 3220 inﬂati—
2251 3167 2527 3223 favoribus
2554 3168 2693 3239 apud
2726 3168 3048 3238 semetipsos
3079 3167 3467 3230 intumescunt,
3496 3164 3634 3236 saepe

357 3252 673 3318 posteritas,
698 3254 902 3310 amisso
924 3255 1063 3311 virili
1094 3257 1290 3313 robore
1312 3260 1366 3314 in
1394 3260 1715 3317 muliebrem
1746 3263 1946 3333 redigi-

362 3348 451 3395 tur
497 3341 914 3399 mollitudinem.
942 3344 1251 3417 Ingreditur
1276 3358 1406 3422 ergo
1428 3350 1598 3407 Isaias
1639 3351 1708 3406 ad
1737 3364 1942 3422 regem,

2050 3258 2318 3313 mirantur
2354 3258 2502 3313 taciti
2538 3259 2702 3312 etiam
2732 3258 2835 3327 ipsi
2870 3256 3014 3329 quod
3044 3264 3187 3312 sunt.
3241 3255 3424 3311 Videri
3460 3255 3633 3326 quotl-

2052 3349 2139 3404 die
2161 3349 2480 3421 semetipsos
2505 3349 2728 3405 altiores
2752 3349 2997 3421 cupiunt,
3028 3363 3091 3403 ac
3126 3348 3283 3403 miris
3311 3359 3335 3387 ο
3374 3347 3633 3402 inventio-

358 3439 416 3486 et
443 3433 598 3503 quasi
638 3434 853 3491 nescius
903 3436 1216 3493 sciscitatur
1240 3441 1367 3512 quid
1412 3442 1660 3496 dixerunt
1686 3441 1787 3498 viri
1810 3440 1901 3498 isti
1924 3444 1952 3498 7
2050 3440 2210 3497 nibus
2250 3439 2306 3495 in
2354 3455 2520 3511 opere
2559 3448 2885 3497 excrescunt
2925 3454 2941 3494 :
2996 3439 3123 3511 quia
3172 3438 3312 3495 sicut
3354 3438 3381 3478 ἀ
3410 3438 3631 3493 virtuts

356 3533 409 3578 et
430 3521 570 3578 unde
594 3535 841 3581 uenerunt
861 3526 888 3581 .’
914 3525 1031 3583 Duo
1058 3527 1376 3602 interrogat,
1409 3532 1542 3602 quid
1586 3531 1753 3588 locuti
1798 3541 1945 3601 sunt,
2053 3547 2216 3590 omne
2240 3533 2430 3589 vitium
2457 3540 2742 3599 enervant,
2780 3533 2861 3587 sic
2907 3531 3220 3603 arrogantia
3255 3531 3497 3587 roborat.
3535 3530 3629 3585 Co-

358 3622 415 3668 ct
455 3613 598 3670 unde
630 3625 895 3673 venerunt
937 3636 951 3673 :
997 3618 1088 3675 ille
1116 3621 1185 3677 ad
1226 3631 1395 3677 unum
1442 3622 1740 3695 respondit,
1772 3624 1947 3682 altero
2049 3626 2130 3697 git
2181 3639 2417 3695 namque
2468 3631 2706 3679 mentem
2756 3623 3133 3695 iuvenescere,
3165 3629 3221 3676 et
3258 3629 3448 3677 contra
3498 3620 3628 3675 vires

358 3707 745 3776 praetermisso.
778 3708 961 3781 (Vere.
985 3711 1074 3786 Η)
1100 3712 1179 3769 De
1208 3723 1352 3769 terra
1377 3714 1665 3789 longinqua
1695 3728 1944 3775 uenerunt
2050 3716 2253 3783 valere,
2283 3716 2408 3787 quia
2437 3722 2492 3771 et
2510 3715 2655 3786 quod
2671 3721 2834 3786 negat
2857 3716 3015 3787 vigor
3033 3713 3381 3779 valetudinis,
3412 3726 3437 3754 ε
3462 3714 3625 3785 ὶωρεοε

358 3798 428 3852 ad
459 3815 561 3865 me,
587 3800 654 3855 de
699 3800 988 3875 Babylone.
1021 3805 1176 3873 Quod
1203 3816 1406 3878 quanto
1438 3818 1581 3863 terra
1618 3806 1833 3880 longior
1875 3810 1949 3866 sit
2052 3818 2138 3866 rat
2160 3808 2527 3866 amorlauiis.
2561 3808 2713 3865 Unde
2750 3816 2807 3864 et
2833 3807 2994 3864 factis
3030 3807 3162 3874 suis,
3186 3816 3246 3862 ιιι
3267 3806 3524 3873 diximus,
3550 3817 3627 3859 ar-

360 3889 502 3945 unde
550 3902 833 3959 venerunt,
873 3903 1024 3951 tanto
1072 3897 1176 3953 iste
1234 3908 1330 3954 rex
1376 3899 1681 3971 gloriosiOr,
1722 3910 1948 3973 propter
2051 3897 2226 3959 bitros
2255 3900 2533 3972 inquirunt
2558 3918 2572 3954 :
2601 3896 2649 3956 si
2673 3913 2802 3955 vero
2828 3900 2976 3970 operi
3023 3904 3189 3955 testes
3210 3896 3401 3954 deesse
3426 3897 3627 3953 contin-

358 3994 521 4049 quem
564 3993 875 4040 venerunt:
915 3986 985 4041 Et
1031 3998 1303 4054 venerunt,
1356 3989 1549 4060 inquit,
1602 3991 1673 4045 ad
1700 4008 1802 4057 me,
1845 3993 1941 4064 qui

359 4071 628 4128 debuerat
669 4074 896 4131 dicere:
929 4091 1180 4134 uenerunt
1204 4079 1276 4133 ad
1315 4078 1722 4151 gloriﬁcandum
1751 4081 1946 4148 Deum,

359 4176 460 4230 pro
486 4162 626 4232 signi
657 4166 1028 4236 magnitudine
1047 4169 1112 4222 de
1136 4168 1429 4240 Babylone,
1457 4185 1578 4240 quae
1598 4171 1727 4226 urbs
1756 4172 1810 4226 in
1837 4180 1951 4229 toto

357 4252 495 4306 orbe
542 4255 917 4321 potentissima
964 4267 1066 4314 est.
1113 4259 1458 4333 Rursumque
1502 4261 1670 4320 Isaias
1721 4274 1737 4316 :
1785 4262 1947 4333 Quid,

360 4346 563 4415 inquit,
612 4345 854 4402 viderunt
896 4349 950 4402 in
976 4348 1133 4405 domo
1160 4354 1292 4408 tua?
1319 4354 1387 4409 Et
1428 4355 1516 4410 ille
1566 4357 1847 4427 respondit
1881 4366 1948 4413 ex

360 4445 519 4508 parte
571 4446 779 4505 verum,
811 4442 950 4512 quod
993 4443 1170 4498 omnia
1222 4444 1449 4501 viderint
1499 4448 1554 4503 in
1580 4447 1736 4502 domo
1781 4448 1945 4515 illius,

2050 4004 2199 4066 gant,
2236 4001 2463 4049 narrant
2512 3990 2611 4063 ipsi
2662 4006 2784 4061 quae
2835 3991 3122 4059 gesserint.
3161 3990 3405 4061 Cumque
3455 3988 3622 4044 efferri

2050 4084 2329 4165 favoribus
2376 4083 2660 4154 cmperint,
2729 4092 2873 4154 stupe
2934 4084 3139 4139 eis'lcm
3198 4083 3310 4139 suis
3361 4083 3623 4152 operibus,

2049 4191 2172 4247 quae
2201 4173 2222 4215 ί
2254 4174 2432 4245 egisse
2474 4188 2532 4229 se
2561 4170 2824 4239 referunt,
2853 4173 3166 4228 mentiendo
3219 4174 3423 4242 aliquid
3451 4173 3626 4243 adjun-

2050 4275 2201 4342 gunt.
2251 4266 2386 4323 Cum
2415 4278 2547 4321 vero
2572 4275 2629 4321 et
2646 4275 2775 4320 vera
2812 4265 3018 4331 dicunt,
3053 4264 3166 4320 base
3194 4264 3425 4320 dicendo
3460 4265 3622 4319 aliena

2051 4359 2279 4424 faciunt,
2310 4358 2436 4427 quia
2479 4357 2723 4426 quassitis
2771 4360 2796 4398 ε
2832 4356 3194 4413 remuneratis
3236 4355 3516 4411 favoribus
3543 4358 3566 4396 δ
3594 4370 3620 4409 a

2052 4461 2204 4515 vera,
2229 4458 2283 4505 et
2306 4449 2496 4503 intima
2525 4447 2881 4502 retributione
2927 4455 3243 4502 vacuantur.
3276 4445 3333 4500 In
3371 4461 3436 4501 eo
3471 4446 3620 4505 enim,

360 4543 454 4584 nec
493 4529 653 4600 fuerit
692 4548 794 4598 res,
823 4549 983 4604 quam
1010 4552 1113 4590 non
1156 4538 1440 4593 ostenderit
1475 4541 1550 4595 eis
1586 4540 1641 4595 in
1684 4541 1949 4596 thesauris
1974 4529 2028 4558 υ
2053 4542 2199 4613 quod
2219 4541 2357 4597 bona
2385 4553 2480 4594 sua
2504 4536 2859 4608 patefaciunt,
2883 4537 3174 4593 ostendunt
3198 4535 3453 4605 malignis
3480 4534 3626 4606 spiri-

358 4624 493 4689 suis,
524 4625 618 4681 sed
664 4625 892 4682 alterum
939 4630 1129 4696 tacuit,
1181 4633 1249 4687 de
1294 4647 1401 4704 quo
1451 4633 1741 4688 verebatur
1779 4632 1949 4688 olfen-
2054 4618 2227 4698 tibus,
2246 4629 2399 4703 quasi
2424 4628 2804 4686 insidiantibus
2844 4625 3109 4692 hostibus,
3149 4642 3273 4698 qua:
3306 4625 3622 4695 przedcntur.

361 4728 479 4771 sam
506 4732 521 4769 :
550 4717 693 4787 quod
721 4719 1003 4774 ostenderit
1033 4720 1106 4775 eis
1141 4733 1352 4788 cuncta,
1382 4739 1501 4795 qua!
1529 4722 1742 4777 haberet
1768 4723 1824 4776 in
1852 4739 1949 4792 po-

361 4815 545 4860 testate
569 4824 667 4861 sua
691 4826 709 4862 :
740 4810 882 4864 haud
909 4809 1133 4865 dubium
1164 4812 1420 4881 quoniam
1454 4820 1509 4865 et
1540 4811 1725 4881 templi
1772 4812 1952 4882 supel-

362 4898 594 4954 lectilem
624 4901 963 4956 ostenderit:
992 4910 1213 4971 propter
1234 4917 1355 4972 quas
1385 4900 1552 4957 Isaias
1578 4901 1674 4956 Dei
1701 4918 1951 4960 sermone

363 4989 572 5062 profert
601 4993 926 5046 sententiam
960 5010 971 5045 :
1008 4989 1187 5064 (Vers.
1222 4991 1311 5063 16)
1343 4990 1485 5046 Audi
1527 4990 1741 5046 verbum
1769 4992 1950 5047 Domi-

362 5084 416 5138 ni
440 5084 783 5138 exercituum.
826 5082 1020 5139 Veniet
1061 5092 1292 5152 tempus,
1340 5082 1558 5153 quando
1591 5083 1773 5138 omnia
1809 5084 1945 5150 haec,

360 5192 483 5246 quas
525 5176 579 5231 in
624 5177 784 5232 domo
814 5184 906 5231 tua
935 5185 1084 5242 sunt,
1108 5183 1163 5231 et
1184 5191 1291 5231 non
1315 5184 1426 5241 tuo,
1472 5176 1567 5232 sed
1589 5184 1805 5246 patrum
1831 5185 1949 5234 tuo-

364 5281 484 5321 rum
510 5267 696 5323 labore
721 5268 968 5338 quaesita,
997 5269 1052 5322 in
1088 5267 1420 5339 Babylonem
1444 5267 1863 5334 transferantur,
1892 5277 1949 5324 et

362 5360 430 5415 de
451 5362 658 5417 semine
685 5370 779 5416 tuo
799 5363 931 5417 flant
945 5361 1178 5417 eunuchi
1203 5363 1255 5415 in
1276 5360 1399 5415 aula
1427 5360 1588 5432 regis.
1608 5360 1686 5415 Ex
1710 5354 1949 5431 quodie-

434 5485 459 5513 ι
489 5473 667 5531 Pauca
696 5476 812 5532 haec
840 5492 1028 5532 rursus
1059 5475 1317 5531 Rabanus
1345 5474 1527 5530 tradit.

436 5544 464 5583 λ’
493 5547 622 5611 Qum
658 5556 972 5617 sequuntur
1000 5542 1948 5617 omniaPaterius,_ideoqueUClau-

365 5614 488 5687 dius
516 5630 589 5687 ex
640 5614 904 5687 Gregorio
933 5616 1231 5687 desumpsit
1257 5632 1405 5671 num.
1444 5615 1508 5672 81
1540 5623 1594 5670 et
1627 5614 1696 5670 82
1725 5614 1819 5671 lib.
1848 5629 1943 5669 vm

364 5682 646 5740 Moralium
687 5682 803 5739 huic
830 5685 1093 5740 tradente.

438 5764 460 5792 ο
494 5752 898 5807 lntentionibus.

432 5822 459 5864 ιι
506 5822 680 5875 Virtus
723 5821 1033 5877 Iumtilitatis
1073 5831 1299 5878 enervat.

2055 4724 2260 4780 Horum
2290 4735 2420 4793 ergo
2466 4722 2651 4787 vitam,
2694 4719 2786 4775 illa
2833 4718 3043 4774 cunctis
3068 4716 3353 4773 notissima
3393 4713 3625 4770 Ezechiae

2056 4816 2213 4886 culpa
2262 4813 2534 4886 ﬁguravit.
2568 4813 2671 4880 Qui
2724 4818 3009 4884 postquam
3060 4823 3166 4863 una
3210 4821 3396 4879 prece,
3435 4812 3494 4863 et
3537 4803 3627 4861 sub

2054 4908 2216 4963 unius
2257 4907 2434 4963 noctis
2485 4906 2680 4976 spatio,
2733 4913 2952 4961 centum
3009 4903 3025 4943 ί
3086 4901 3629 4973 octuagintaquinque

2054 4999 2221 5056 millia
2243 4998 2500 5063 hostium,
2518 4998 2709 5069 angelo
2734 4996 2985 5052 feriente.
3007 4990 3321 5066 prostravit,
3350 5001 3624 5063 postquam

2050 5090 2271 5146 occasui
2313 5089 2619 5161 proximum
2661 5086 2729 5142 ad
2772 5086 2971 5142 altiora
3008 5085 3133 5141 caeli
3160 5084 3332 5154 spatia
3362 5083 3530 5139 solem
3553 5098 3624 5135 re-

2053 5180 2245 5237 duxit:
2276 5186 2561 5249 postquam
2612 5177 2780 5231 vitam
2820 5174 3215 5246 propinquante
3247 5171 3363 5241 jam
3410 5171 3624 5227 termino

2053 5278 2387 5327 coarctatam
2410 5268 2465 5323 in
2493 5276 2736 5336 tempora
2770 5266 3008 5336 longiora
3035 5262 3345 5333 protelavit,
3369 5260 3624 5331 susceptis

2053 5358 2365 5432 Babylonici
2417 5359 2561 5430 regis
2599 5358 2806 5413 nuntiis
2827 5357 2966 5412 bona
3002 5355 3208 5421 omnia,
3238 5369 3361 5425 quae
3395 5353 3626 5426 posside-

2128 5485 2151 5513 ο
2187 5470 2430 5542 Impetet.

2128 5543 2147 5583 ί
2182 5541 2477 5611 Peregisse.

2128 5616 2153 5654 ³
2188 5612 2525 5667 Remunerati

2126 5685 2151 5725 ιι
2191 5683 2268 5737 Ab
2310 5697 2493 5736 eorum
2528 5680 2735 5737 intima.
2767 5679 2996 5737 Praestat
3019 5687 3208 5737 nostra
3235 5677 3421 5741 lectio.

2132 5754 2149 5796 ί
2184 5750 2487 5825 Octoginta.
2711 5793 2719 5803 .
