3924 6170
270 279 369 336 80!

929 272 1389 342 QU/ESTIONES
1431 272 1574 326 XXX
1615 272 1844 327 SUPER

1980 271 2126 326 tROS
2167 269 2429 327 REG’UM.
2471 302 2540 312 ——
2577 271 2780 327 LIBER
2806 271 2894 329 IV.

3431 278 3539 336 802

269 399 389 461 hat,
446 392 700 457 ostendit,
729 392 824 447 sed
861 389 1145 461 Pr0phota:
1172 403 1305 444 voce
1330 387 1576 458 protinus
1601 385 1847 441 audivit:
1879 387 1928 448 Α
1955 381 2212 436 Dominus
2246 395 2264 433 :
2301 381 2387 453 (II
2425 382 2554 453 Reg.
2597 399 2696 449 vu,
2737 384 2825 456 10)
2867 383 2933 438 1η
2971 384 3302 441 Hierusalem
3341 406 3534 460 ponam

271 485 408 544 Ecce
444 485 556 539 dies
581 484 808 545 veniunt,
831 491 880 536 et
919 480 1227 550 auferentur
1255 479 1432 533 omnia
1479 492 1595 548 qute
1621 477 1676 530 in
1699 475 1852 529 domo

268 591 362 633 tua
386 585 511 631 sunt
536 575 590 629 in
617 573 957 644 Babylonem,
987 581 1035 626 et
1079 586 1182 624 non
1209 567 1529 638 relinquetur
1553 566 1852 636 quicquam,

197 695 200 698 -
269 670 395 724 dicit
445 667 723 721 Dominus.
772 663 1170 718 Sic'nimirum
1210 659 1529 730 hypocrita,
1567 664 1855 728 postquam

249 781 256 799 τ
272 761 485 831 magnis
515 759 807 814 virtutibus
839 764 1180 819 excrescunt,
1213 753 1339 823 quia
1365 765 1560 808 cavere
1595 749 1858 820 maligno—

273 869 390 909 rum
410 851 703 922 spirituum
727 848 951 904 insidias
975 847 1272 918 negligunt,
1294 850 1350 898 et
1371 842 1536 901 celari
1567 842 1621 904 in
1649 840 1858 903 eisdem

271 943 564 1000 virtutibus
586 940 793 1003 nolunt,
824 941 964 994 bona
991 954 1088 993 sua
1121 935 1480 999 ostendendo,
1519 933 1757 992 hostium
1780 929 1860 984 fa-

252 1037 440 1100 ‘ciuut,
467 1041 526 1088 et
562 1029 856 1100 prodentes
877 1027 1058 1083 subito
1081 1027 1338 1081 amittunt
1368 1023 1628 1095 quidquid
1655 1022 1858 1076 diutius

266 1128 551 1184 studentes
591 1130 903 1192 operantur.
935 1120 1074 1179 Hine
1102 1133 1199 1188 per
1235 1117 1579 1186 Rsalmistam
1607 1113 1810 1172 dicitur
1839 1129 1852 1164 :

265 1215 444 1286 (Psal.
501 1213 590 1278 77,
663 1210 751 1281 7i)
812 1208 1054 1264 Tradidit
1122 1210 1177 1264 in
1233 1206 1586 1278 captivitatem
1644 1205 1858 1258 virtutes

263 1323 470 1371 eorum,
516 1313 566 1358 et
611 1299 1054 1372 pulchritudinem
1099 1314 1279 1357 eorum
1309 1299 1365 1355 in
1399 1310 1587 1354 manus
1633 1292 1853 1347 inimici.

267 1400 456 1454 Virtus
474 1395 695 1466 quippe,
723 1401 780 1446 et
822 1390 1169 1460 pulchritudo
1211 1387 1607 1458 arrogantium,
1651 1382 1857 1445 inimici

264 1491 520 1550 manibus
545 1485 796 1549 traditur,
825 1483 952 1553 quia
978 1497 1140 1538 omne
1170 1479 1393 1544 bonum,
1435 1475 1579 1548 quod
1605 1491 1702 1552 per
1729 1489 1858 1531 cou-

263 1579 664 1652 cupiseentiam
688 1589 714 1618 α
740 1575 961 1633 laudum
982 1572 1306 1635 ostenditur,
1336 1569 1536 1630 occulti
1559 1564 1857 1627 adversarii

263 1677 370 1731 viri
411 1672 770 1741 mancipatur.
822 1666 1018 1725 Hostes
1047 1678 1283 1732 namque
1309 1661 1378 1724 ad
1406 1659 1651 1729 rapinam
1681 1657 1708 1697 ιι
1734 1670 1859 1726 pro-

1958 489 2144 532 nomen
2185 490 2378 531 meum.
2411 473 2480 528 Et
2504 478 2764 530 exstruxit
2810 477 3002 532 altaria
3037 481 3294 535 universa:
3331 483 3536 540 militia

1957 562 2070 617 cteli
2095 564 2152 618 in
2191 564 2396 618 duobus
2437 567 2589 620 atriis
2625 567 2801 637 templi
2846 567 3079 622 Domini.
3111 568 3179 622 Et
3204 571 3444 627 traduxit
3473 573 3541 636 Ii-

1957 650 2086 706 lium
2107 669 2261 706 suum
2288 670 2382 722 per
2409 655 2622 724 ignem:
2653 665 2700 709 et
2731 655 2988 711 ariolatus
3024 668 3122 725 est,
3169 669 3219 713 et
3257 662 3541 718 observavit

1958 760 2205 814 auguria,
2227 753 2277 798 et
2305 745 2429 814 fecit
2454 758 2477 785 θ
2499 747 2768 817 phgtones,
2793 757 2843 802 et
2863 751 3130 821 aruspices
3155 752 3542 823 multiplicauit,

1958 843 2015 886 ut
2048 833 2240 902 faceret
2269 834 2466 889 malum
2495 853 2672 889 coram
2705 836 2955 902 Domino,
2985 848 3032 892 et
3069 841 3301 895 irritaret
3330 860 3469 897 eum.

2029 923 2154 979 Hmc
2179 940 2310 996 ergo
2337 927 2538 990 omnia,
2564 927 2616 980 id
2630 936 2713 981 est
2739 927 2853 982 sive
2883 931 3188 1000 auguratio,
3211 932 3326 986 sive
3358 935 3544 1004 auspi-

1957 1017 2124 1083 cium,
2149 1019 2262 1074 sive
2299 1020 2552 1088 quaalibet
2588 1021 2911 1087 immolatio,
2950 1025 3064 1078 sive
3115 1027 3278 1080 etiam
3305 1028 3541 1094 sortitio,

1959 1118 2052 1164 aut
2089 1110 2398 1180 quicunque
2425 1121 2604 1168 motus
2638 1114 2838 1180 avium,
2896 1115 2983 1170 vel
3029 1119 3322 1187 pecudum,
3356 1128 3412 1174 et
3460 1121 3543 1174 in,

1959 1203 2165 1270 spectio
2195 1194 2529 1274 quascunque
2575 1203 2856 1272 librarum,
2901 1215 2995 1260 aut
3041 1208 3245 1278 aliquid
3298 1211 3440 1279 quod
3477 1213 3545 1266 de

1958 1290 2156 1349 futuris
2183 1294 2432 1349 videatur
2479 1297 2784 1361 ostendere,
2815 1297 2870 1352 in
2893 1299 3209 1368 operatione
3238 1300 3544 1356 daemonum

1959 1383 2078 1442 ﬁeri
2103 1400 2211 1442 non
2232 1387 2436 1451 dubito,
2462 1387 2807 1457 dirigentium
2826 1390 2910 1444 vel
2934 1392 3135 1457 avium,
3156 1392 3239 1446 vel
3256 1393 3541 1468 pecudum,

1958 1477 2044 1534 vel
2077 1479 2121 1533 si
2172 1478 2431 1537 ﬁbrarum
2480 1490 2678 1547 motus,
2721 1492 2815 1537 aut
2855 1485 3086 1539 sortium
3123 1487 3420 1542 secundum
3474 1502 3539 1541 ea

1958 1569 2134 1640 signa,
2173 1585 2294 1639 quae
2315 1571 2616 1626 docuerunt
2654 1574 2816 1630 iidem
2854 1575 3126 1632 daemones
3167 1578 3447 1633 observari
3473 1578 3545 1633 ab

1961 1659 2046 1714 his
2101 1661 2297 1730 quibus
2343 1662 2479 1716 artis
2523 1663 2682 1734 hujus
2731 1665 3034 1730 scientiam,
3078 1668 3416 1723 tradiderunt
3459 1687 3471 1732 ξ
3516 1685 3548 1724 a

262 1773 500 1822 vocant;
530 1761 658 1832 quia
673 1773 803 1817 suas
824 1771 1015 1818 eorum
1038 1753 1246 1814 notitiae
1269 1751 1485 1814 divitias
1512 1761 1535 1792 ο
1558 1748 1856 1812 denudant.
1887 1744 1934 1803 B
1961 1753 2163 1823 quibus
2187 1754 2438 1810 omnibus
2463 1756 2533 1822 is,
2561 1757 2655 1827 qui
2683 1757 2846 1813 homo
2886 1759 2983 1813 Dei
3010 1767 3116 1823 est,
3139 1768 3194 1814 et
3219 1761 3272 1813 in
3299 1759 3551 1829 portione

263 1855 561 1925 Quousque
601 1851 751 1911 enim
779 1850 847 1904 ab
875 1855 1092 1904 aeterna;
1115 1845 1308 1916 patriae
1338 1842 1632 1902 securitate
1655 1838 1859 1909 disiun-

263 1948 466 2018 giur,
497 1943 638 2017 (per)
667 1944 720 1997 in
764 1941 1039 1997 latronum
1069 1935 1442 1993 insidiantium
1470 1935 1578 1989 iter
1614 1931 1858 1988 ambula-

263 2053 408 2094 mus.
429 2036 533 2105 Qui
557 2049 686 2106 ergo
712 2035 767 2089 in
790 2033 988 2088 itinere
1009 2029 1309 2101 deprtedari
1331 2027 1606 2090 formidat,
1628 2025 1858 2080 abscon-

261 2129 362 2184 dat
389 2144 614 2187 necesse
639 2135 722 2183 est
751 2128 913 2189 bona,
946 2139 1067 2194 quae
1099 2131 1298 2193 portat.
1327 2120 1372 2177 Ο
1402 2121 1612 2186 miseri,
1657 2121 1752 2190 qui
1777 2117 1860 2174 ai:-

263 2220 536 2277 I’ectautes
583 2217 770 2273 laudes
814 2215 1118 2278 hominum,
1149 2213 1204 2266 in
1247 2210 1558 2280 semetipsis
1595 2209 1862 2278 dissipant

195 2299 200 2302 ’
265 2311 480 2368 fructus
503 2309 792 2369 laborum:
816 2317 1053 2372 cumque
1077 2317 1136 2358 se
1158 2300 1448 2356 ostendere
1470 2299 1663 2355 alienis
1687 2297 1863 2353 oculis

265 2410 555 2473 appetunt,
603 2399 861 2454 damnant
885 2393 1030 2464 quod
1060 2400 1248 2462 agunt.
1277 2390 1424 2456 Quos
1469 2389 1725 2450 nimirum
1750 2403 1864 2441 ma-

267 2493 405 2564 ligni
440 2491 684 2560 spiritus,
713 2501 837 2541 cum
866 2484 930 2539 ad
953 2482 1273 2554 iactantiam
1297 2487 1619 2550 provocant,
1647 2493 1860 2542 eorum,

267 2584 419 2639 sicut
445 2581 700 2644 diximus,
735 2592 901 2646 opera
957 2574 1296 2645 captivantes
1327 2571 1622 2629 denudaut.
1669 2569 1696 2610 ἀ
1728 2569 1866 2626 Hinc

268 2684 361 2730 est
379 2675 546 2739 enim,
571 2672 714 2742 quod
737 2686 834 2742 per
855 2667 1206 2740 Evangelium
1225 2665 1427 2726 veritas
1448 2664 1580 2719 dicit
1604 2681 1616 2717 :
1645 2661 1861 2734 (Matth.

272 2783 358 2831 Vt,
406 2765 463 2837 5)
504 2764 723 2818 Nescia!
758 2763 973 2817 sinistra
1009 2770 1102 2813 tua
1127 2757 1254 2829 quid
1292 2757 1454 2827 faciat
1498 2755 1712 2810 dextera
1750 2765 1863 2817 tua,

263 2867 330 2910 stt
353 2856 423 2910 sit
445 2853 772 2924 eleemosgna
798 2863 888 2905 tua
911 2853 967 2905 in
1007 2849 1332 2913 abscondito,
1358 2856 1405 2900 et
1430 2857 1578 2915 pater
1603 2856 1745 2909 tuus,
1775 2844 1868 2915 qui

263 2947 411 3001 uidet
465 2946 520 2999 in
563 2944 888 3007 abscondito,
942 2941 1118 2996 reddet
1167 2940 1278 2997 tibi.
1327 2941 1464 2998 Hinc
1493 2947 1598 3003 est,
1630 2939 1773 3009 quod
1802 2938 1869 2992 de

263 3038 572 3094 electorum
614 3035 856 3090 Ecclesia
906 3049 1002 3102 per
1043 3031 1388 3093 Psalmistam
1433 3030 1635 3084 dicitur
1682 3047 1695 3083 :
1739 3028 1862 3097 (44,

265 3092 366 3201 ἀι)
419 3129 603 3184 Omnis
659 3126 829 3198 gloria
870 3092 985 3195 ejus
1037 3123 1165 3192 ﬁlia:
1224 3124 1358 3192 regis
1408 3122 1474 3175 ab
1517 3123 1677 3175 intus.
1730 3092 1866 3174 llinc
1894 3092 1938 3154 C

261 3218 476 3275 Paulus
518 3219 596 3272 ait
627 3237 639 3271 :
671 3217 757 3290 (II
787 3216 966 3271 Coriu.
1000 3232 1040 3279 ι,
1074 3214 1163 3283 12)
1193 3212 1376 3269 Gloria
1408 3222 1588 3267 nostra
1615 3214 1726 3266 hazc
1767 3222 1864 3279 est,

263 3311 630 3365 testimonium
659 3308 988 3362 conscientia:
1029 3315 1242 3360 nostras.
1285 3305 1420 3360 Filia
1454 3306 1652 3376 quippe
1679 3321 1864 3375 regum

261 3399 542 3466 Ecclesia,
576 3414 698 3470 qua:
728 3399 782 3452 in
817 3399 960 3454 bono
999 3406 1084 3453 est
1111 3413 1276 3468 opere
1316 3397 1683 3468 spiritualium
1711 3398 1862 3468 prin-

267 3495 465 3564 cipum
494 3492 876 3561 prmdicatioue
919 3499 1202 3562 generata,
1241 3489 1466 3560 gloriam
1499 3491 1648 3544 intus
1694 3491 1857 3546 habet

261 3586 405 3657 quia
457 3585 559 3640 hoc
591 3585 735 3654 quod
772 3585 905 3655 agit,
948 3584 1002 3638 in
1047 3583 1429 3638 ostentationis
1464 3582 1730 3651 iactantia
1758 3599 1866 3638 non

261 3679 464 3734 habet.
495 3675 736 3732 Gloriam
759 3691 913 3732 suam
956 3675 1156 3729 Paulus
1186 3675 1556 3730 testimonium
1586 3675 1872 3729 conscien—

264 3772 368 3826 tia:
404 3777 692 3833 memOrat,
723 3769 848 3838 quia
879 3768 1008 3822 dum
1053 3765 1266 3821 favores
1295 3765 1408 3822 oris
1447 3765 1612 3825 alieni
1641 3779 1746 3820 non
1778 3779 1870 3834 ap-

260 3861 438 3932 petit,
484 3860 608 3915 vita:
655 3874 767 3916 suae
822 3859 1014 3929 gaudia
1059 3865 1216 3917 extra
1269 3857 1621 3926 semetipsum
1668 3869 1872 3924 ponere

263 3954 516 4024 ignorat.
564 3950 900 4010 Occultanda
942 3958 1070 4006 sunt
1095 3964 1225 4018 ergo
1251 3963 1370 4017 qua:
1397 3949 1630 4019 agimus,
1663 3962 1731 4003 ne
1756 3948 1874 4004 haec

261 4047 327 4100 in
363 4043 532 4114 hujus
564 4043 689 4098 vita:
715 4043 912 4099 itinere
947 4043 1165 4097 incaute
1197 4049 1501 4110 portantes,
1545 4038 1875 4100 latrocinan-

262 4138 422 4194 tium
445 4136 732 4206 spirituum
763 4135 1073 4190 incursione
1101 4132 1409 4206 perdamus.
1459 4154 1477 4187 ι

345 4247 472 4320 (2i,
511 4246 587 4318 1.)
621 4245 909 4300 Duodecim
947 4259 1207 4299 annorum
1260 4253 1375 4297 erat
1424 4242 1699 4298 Manasses
1757 4260 1874 4296 eum

265 4355 508 4412 regnare
545 4339 798 4408 erupisset,
831 4336 1284 4408 etquinquaginta
1321 4337 1550 4406 quinque
1602 4335 1754 4389 annis
1802 4352 1880 4388 re—

1960 1840 2058 1897 Dei
2084 1851 2424 1910 numeratur,
2453 1845 2670 1914 penitus
2694 1846 2855 1901 debet
2883 1861 3004 1902 esse
3048 1847 3259 1902 alienus
3286 1866 3299 1900 :
3332 1864 3434 1904 nec
3453 1849 3552 1904 alia

1957 1932 2090 2002 quid
2112 1932 2167 1987 iu
2201 1933 2286 1988 his
2312 1934 2518 1991 habere
2538 1951 2843 2001 commune,
2879 1953 2999 2007 qua:
3025 1937 3256 1994 occultis
3285 1940 3552 2004 machinis

1959 2024 2236 2080 demoues
2254 2037 2568 2096 operantur,
2596 2044 2666 2083 ne
2694 2030 2834 2084 forte
2876 2044 3067 2085 rursus
3093 2044 3192 2100 per
3210 2030 3328 2086 haec
3353 2031 3553 2088 demo.

1960 2116 2118 2171 nibus
2163 2117 2420 2184 societur,
2459 2126 2622 2188 atque
2669 2133 2856 2174 eorum
2907 2119 3103 2190 spiritu
3128 2127 3185 2174 et
3216 2121 3436 2176 virtute
3463 2136 3552 2177 rc-

1961 2207 2193 2277 plcatur,
2239 2216 2295 2264 et
2341 2211 2409 2264 ad
2442 2210 2710 2266 idolorum
2736 2211 2942 2266 cultum
2977 2213 3154 2268 denuo
3191 2213 3212 2253 ί
3243 2223 3550 2285 reparetur,

2032 2299 2165 2354 Post
2217 2300 2492 2370 aliquanta
2556 2301 2709 2372 (Cap.
2771 2319 2904 2366 χχιι,
2967 2304 3056 2376 ﬂ)
3126 2307 3350 2373 dicitur,
3411 2310 3554 2378 quod

1962 2390 2162 2443 miserit
2225 2389 2406 2444 Josias
2459 2393 2670 2445 nuntias
2728 2395 2797 2446 ad
2861 2393 3094 2448 Holdam
3150 2397 3552 2466 prophetissam,

1963 2495 2181 2532 uxorem
2233 2478 2456 2544 Selium,
2505 2496 2623 2550 quas
2680 2481 2948 2536 habitabat
2998 2485 3054 2538 in
3111 2483 3445 2540 Hierusalem
3500 2490 3554 2552 in

1968 2567 2212 2623 Secunda
2241 2577 2464 2639 propter
2505 2570 2700 2626 librum
2730 2571 2865 2642 legis
2901 2573 3119 2642 divinae,
3163 2577 3255 2646 qui
3303 2577 3555 2637 inventus

1968 2661 2165 2718 fuerat.

2045 2773 2063 2807 ι
2104 2756 2288 2824 δριιίἀ
2316 2758 2419 2812 hoc
2469 2760 2561 2826 sit,
2616 2763 2760 2830 quod
2789 2764 2939 2829 dicit,
2974 2766 3118 2836 quod
3157 2767 3480 2823 habitaverit
3501 2770 3554 2824 in

1971 2846 2216 2905 Secunda
2268 2867 2281 2903 :
2332 2851 2384 2904 in
2433 2854 2698 2923 superiori
2720 2863 2872 2925 parte
2899 2858 2925 2896 ιι
2958 2858 3081 2914 libri
3113 2859 3271 2929 hujus
3297 2861 3558 2927 scribitur

1968 2940 2036 2995 de
2062 2940 2208 3011 Rege
2235 2941 2486 3009 Ezechia,
2519 2945 2802 3014 a’di/icavit
2827 2963 3048 3020 quoque,
3083 2967 3242 3022 agens
3275 2953 3554 3021 industrie,

1969 3052 2173 3090 omnem
2218 3053 2453 3104 murum,
2505 3040 2595 3109 qui
2623 3039 2798 3108 fuerat
2849 3041 3154 3118 dissipatus.
3190 3045 3260 3099 Et
3297 3046 3556 3102 exstruxit

1970 3137 2139 3182 turres
2183 3128 2424 3199 desuper,
2470 3141 2518 3184 et
2572 3131 2864 3201 forinsecus
2903 3135 3128 3190 alterum
3175 3155 3406 3203 murum.
3442 3139 3553 3200 Me-

1969 3217 2128 3270 minit
2168 3216 2325 3285 hujus
2353 3218 2456 3274 loci
2509 3219 2812 3291 Sophonias
2865 3225 3052 3284 dicens
3085 3245 3098 3280 :
3129 3225 3280 3298 (Cap.
3314 3243 3352 3293 ι,
3385 3244 3430 3283 υ.
3465 3227 3554 3302 10)

1979 3304 2091 3360 V0.1:
2117 3306 2361 3362 clamoris
2393 3310 2466 3362 ad
2503 3321 2710 3380 portam
2756 3315 3001 3383 piscium,
3038 3325 3086 3369 et
3114 3304 3348 3373 ululatus
3371 3320 3440 3373 ad
3463 3307 3558 3375 Se?

1965 3397 2192 3452 cundum
2223 3413 2241 3451 :
2269 3417 2367 3471 pro
2393 3418 2498 3472 qua
2535 3413 2690 3460 vetus
2740 3407 2908 3463 editio
2957 3410 3110 3478 quasi
3140 3412 3419 3482 proprium
3463 3430 3559 3469 no-

1969 3503 2090 3543 men
2146 3489 2246 3543 loci
2302 3492 2576 3548 transtulit
2624 3496 2675 3548 in
2735 3497 2751 3535 ί
2820 3497 3060 3553 Masana.
3114 3499 3331 3554 Masana
3363 3503 3558 3574 quippe

1970 3586 2361 3658 interpretatur
2407 3590 2674 3645 Secunda.
2706 3592 2859 3659 Quod
2887 3609 3016 3665 ergo
3044 3596 3244 3650 dicitur
3277 3598 3394 3651 hmo
3433 3614 3558 3666 pro-

1969 3677 2205 3744 phetissa
2263 3679 2538 3734 habitasse
2596 3683 2648 3735 in
2689 3682 2939 3737 Secunda
2975 3696 3005 3737 τ
3051 3685 3106 3749 in
3149 3687 3370 3741 secundi
3419 3671 3557 3752 muri

1973 3767 2163 3824 Dartei
2207 3769 2510 3838 intelligere
2540 3772 2816 3826 debemus.
2864 3792 2884 3826 ι

2046 3866 2151 3937 (IV
2179 3866 2305 3937 Reg.
2355 3884 2493 3933 xxxi,
2525 3869 2802 3951 l8.)_Regi
2854 3880 3028 3924 autem
3073 3872 3242 3939 Juda,
3285 3874 3375 3952 qui
3418 3875 3558 3939 misit

1975 3975 2082 4022 vos,
2112 3969 2168 4011 ut
2193 3958 2529 4013 consuleretis
2564 3960 2869 4025 Dominum,
2898 3963 2974 4014 sic
3020 3963 3203 4018 dicetis
3231 3981 3250 4020 :
3281 3963 3410 4020 Haec
3434 3967 3562 4022 dicit

1976 4057 2230 4112 Dominus
2251 4058 2393 4113 Deus
2417 4058 2588 4112 Israel
2617 4072 2634 4110 :
2670 4056 2778 4112 Pro
2804 4077 2863 4113 eo
2899 4062 3038 4132 quod
3074 4062 3270 4117 audisti
3299 4063 3452 4118 verba
3477 4081 3564 4119 vo-

1977 4148 2212 4216 luminis,
2237 4160 2287 4204 et
2321 4151 2656 4221 perterritum
2690 4162 2764 4211 est
2787 4169 2878 4206 cor
2900 4163 3070 4220 tuum,
3102 4164 3149 4209 et
3179 4155 3488 4211 humiliatus
3509 4174 3562 4211 es

1979 4259 2154 4296 coram
2201 4243 2450 4309 Domino,
2473 4243 2667 4308 auditis
2698 4246 3024 4301 sermonibus
3069 4259 3252 4302 contra
3279 4249 3452 4304 locum
3487 4249 3558 4304 is-

1981 4343 2111 4396 tum,
2143 4342 2190 4386 et
2218 4332 2535 4387 habitatores
2561 4334 2696 4404 ejus,
2729 4335 2868 4405 quod
2905 4336 3140 4390 videlicet
3163 4338 3348 4407 ﬁerent
3376 4341 3429 4393 in
3448 4351 3562 4395 stu-

265 4429 462 4502 gnauit
491 4429 546 4483 in
594 4427 949 4482 Hierusalem.
984 4425 1232 4496 Fecitque
1271 4424 1470 4478 malum
1517 4425 1570 4478 in
1600 4435 1876 4496 conspectu
1902 4437 1954 4498 Ι)
1979 4441 2174 4494 parem,
2201 4433 2248 4477 ct
2269 4425 2323 4478 in
2349 4423 2684 4488 maledictum
2709 4440 2724 4478 .‘
2755 4437 2801 4481 et
2818 4428 3021 4480 scidisti
3045 4431 3346 4484 uestimenta
3372 4441 3487 4497 tua,
3513 4443 3563 4498 et

267 4520 504 4575 Domini
517 4519 676 4589 juxta
711 4516 856 4571 idola
897 4518 1148 4587 gentium,
1184 4533 1315 4588 quas
1345 4515 1534 4570 delevit
1561 4516 1817 4571 Dominus
1844 4534 1876 4571 a

267 4611 428 4682 facie
466 4609 697 4678 ﬁliorum
723 4607 913 4662 Israel.
944 4605 1334 4677 Conversusque
1375 4617 1472 4671 est,
1499 4616 1546 4660 et
1595 4606 1878 4674 a'diﬁcavit

267 4699 517 4765 excelsa,
565 4716 682 4770 qua:
719 4699 1075 4776 dissipaverat'
1109 4696 1366 4750 Ezechias
1411 4707 1561 4767 pater
1609 4697 1725 4766 ejus
1768 4711 1786 4749 .'
1830 4708 1879 4753 et

268 4793 457 4850 erexit
477 4809 599 4846 aras
623 4789 776 4855 Baal,
802 4799 850 4843 et
874 4790 994 4859 fecit
1019 4788 1188 4853 lucos,
1207 4790 1342 4842 sicut
1365 4790 1564 4858 fecerat
1583 4790 1759 4844 Achab
1788 4807 1881 4844 rex

272 4882 490 4948 Israel,
528 4893 578 4938 et
618 4882 860 4936 adorabit
907 4897 1108 4935 omnem
1152 4879 1397 4933 militiam
1441 4878 1577 4943 caeli,
1636 4889 1685 4933 et
1717 4879 1879 4934 coluit

271 4987 433 5028 eam.
463 4969 533 5025 Et
558 4971 818 5025 exstruxit
847 4985 968 5022 aras
997 4969 1048 5022 in
1075 4967 1231 5022 domo
1257 4967 1494 5032 Domini,
1522 4968 1586 5021 de
1618 4985 1722 5038 qua
1745 4968 1880 5024 dixit

364 5184 396 5213 ι
427 5169 647 5223 Laudis.

367 5242 402 5280 ιδ
433 5239 710 5294 Ρνοιόεαι.

371 5322 398 5349 ε
437 5310 540 5375 Qui
565 5309 816 5365 denudat.

367 5382 400 5421 ιι
431 5379 612 5434 Multis
640 5378 937 5448 interiectis
965 5378 1116 5450 addit
1164 5380 1566 5450 subsequentia.
1620 5379 1797 5450 Atque
1819 5395 1887 5434 ex

287 5457 414 5511 hoc
443 5451 657 5522 quidem
673 5450 802 5522 loco
828 5456 1040 5522 constat
1061 5448 1526 5522 Claudium'plane
1552 5451 1706 5522 sequi
1729 5449 1887 5504 Patet-

287 5527 474 5582 rium,
502 5521 592 5590 qui
633 5521 684 5575 id
710 5521 885 5590 ipsum
908 5520 1035 5589 agit.

378 5605 409 5634 ο
441 5591 733 5646 Pvtbones.

385 5607 409 5634 -
442 5607 733 5662 rytnones.

385 5663 408 5703 ί
445 5661 749 5732 Legendum
780 5659 1012 5716 arbitror
1046 5661 1362 5732 retrahatur.

386 5735 420 5775 ε
436 5731 856 5803 Explicationcm
874 5733 973 5787 loci
999 5731 1157 5800 hujus
1171 5732 1310 5785 Beda
1335 5733 1569 5797 exhibet,
1589 5742 1778 5803 quiest.
1804 5732 1892 5787 26.

1980 4515 2165 4586 fleuisti
2213 4532 2388 4569 coram
2440 4532 2543 4580 me,
2600 4525 2648 4570 et
2699 4532 2790 4586 ego
2842 4517 3042 4583 audivi,
3079 4519 3206 4572 dicit
3262 4518 3561 4573 Dominus:

1980 4605 2188 4661 Idcirco
2234 4605 2477 4676 colligam
2525 4616 2574 4660 te
2627 4607 2700 4660 ad
2731 4616 2906 4677 patres
2937 4617 3083 4674 tuos,
3115 4618 3164 4663 et
3193 4607 3452 4685 colligeris
3496 4612 3565 4677 ad

1979 4696 2273 4767 sepulcrum
2321 4706 2468 4750 tuum
2510 4698 2566 4750 in
2615 4714 2763 4768 pace,
2810 4706 2866 4751 ut
2913 4715 3015 4753 non
3067 4699 3273 4754 videant
3304 4699 3444 4754 oculi
3487 4703 3567 4767 tui

1982 4787 2158 4840 omnia
2182 4787 2343 4851 mala,
2365 4804 2482 4858 qua:
2502 4787 2813 4842 inducturus
2834 4806 2950 4846 sum
2974 4807 3128 4861 super
3147 4789 3319 4850 locum
3341 4791 3498 4845 istum
3516 4793 3565 4846 ιε.

2064 4896 2081 4926 ι
2123 4879 2370 4934 Territus
2400 4880 2503 4935 iste
2534 4879 2631 4934 Dei
2679 4881 3193 4943 comminationibus
3240 4881 3478 4943 ﬂeverat,
3514 4892 3568 4937 et

1989 4984 2088 5024 sua
2119 4971 2440 5026 vestimenta
2465 4972 2828 5034 consciderat.
2857 4979 2909 5028 et
2940 4973 3000 5026 tit
3028 4975 3269 5028 omnium
3306 4972 3566 5028 malorum
3604 4959 3613 4975 ⁸

2068 5173 2092 5212 δ
2124 5172 2178 5227 Id
2195 5182 2277 5229 est
2302 5175 2363 5228 ll.
2388 5176 2546 5231 Para.
2577 5177 2666 5241 32,
2695 5177 2748 5230 5.
2781 5177 2850 5230 Et
2879 5189 3068 5230 revera
3094 5175 3340 5239 Beda,ex
3359 5188 3486 5242 quo,
3514 5183 3567 5226 ut

1995 5241 2248 5316 diximus,
2307 5247 2604 5316 desumpsit
2647 5245 2925 5310 Claudius,
2975 5245 3091 5316 haec
3117 5245 3294 5309 habet,
3338 5241 3394 5299 in
3441 5242 3571 5307 libro

1997 5311 2781 5393 Paralipomenondcclaratur,
2815 5317 2906 5371 ubi
2943 5315 3205 5387 scriptum
3230 5323 3312 5371 est
3341 5317 3406 5371 de
3437 5328 3568 5393 pra)-

1994 5381 2106 5437 fato
2137 5381 2280 5454 Rege
2309 5385 2554 5442 Ezechia.

2073 5455 2089 5493 ί
2131 5454 2370 5515 Μαδεηα.

2070 5522 2083 5574 i
2122 5524 2378 5596 Intellige.

2074 5595 2097 5634 ¹ί
2125 5596 2255 5662 Quae
2284 5595 2586 5670 Sequuntur
2633 5597 2854 5670 tradidit
2896 5597 3228 5670 Augustinus
3254 5615 3405 5656 num.
3442 5599 3503 5654 l6
3526 5615 3570 5655 θ’

2001 5681 2150 5737 seqq.
2199 5682 2351 5738 capp.
2403 5667 2487 5721 15.
2521 5675 2576 5723 et
2619 5683 2771 5738 seqq.
2799 5668 2920 5724 liluri
2950 5667 3014 5723 de
3053 5667 3195 5725 Cura
3230 5682 3576 5728 mortuorum.
