3924 6170
356 238 460 296 805

1415 213 1689 273 CLAUDII
1724 205 2189 274 TAUNNENSS
2219 203 2527 268 EPIBCOPI

3505 200 3608 258 80$

358 352 664 408 futurorum
696 343 765 400 de
803 345 1104 412 praeparata
1155 340 1328 390 morte
1373 343 1616 394 securus,
1663 327 1795 399 quid
1851 328 1927 382 ita
1957 329 2003 388 Α
2034 322 2292 379 tulerunt.
2320 320 2554 376 Possunt
2591 318 2758 373 etiam
2782 315 3006 386 spiritus
3031 324 3375 373 marmorum
3414 313 3616 384 aliqua,

360 439 704 509 requietum
722 438 866 488 esset
895 430 949 483 in
972 442 1129 496 pace,
1166 434 1228 479 ut
1246 424 1338 478 illa
1362 422 1542 477 omnia
1569 434 1678 475 non
1699 418 1925 479 videret.

2030 428 2153 484 quae
2176 413 2262 467 hic
2286 418 2545 481 aguntur,
2571 423 2695 480 quae
2725 406 3087 469 marium
3112 413 3199 465 est
3226 420 3329 460 eos
3350 417 3540 471 meo,
3565 414 3623 462 et

360 495 587 595 lbi‘ergo
609 529 734 579 sunt
775 495 998 588 spiritus
1025 514 1428 583 defunctorum,
1472 510 1566 565 ubi
1602 524 1710 565 non
1743 508 1932 563 vident
2030 517 2170 574 quos
2210 501 2577 558 necessarium
2606 506 2695 556 est
2729 513 2797 555 ea
2823 511 3008 563 nemo,
3030 510 3145 559 non
3172 495 3356 557 solum
3382 510 3622 567 prasa-

354 628 689 689 quaacunque
730 617 983 682 aguntur,
1022 614 1118 662 aut
1142 605 1400 660 eveniunt
1430 603 1484 658 in
1522 602 1625 657 ista
1648 600 1759 655 vita
1782 611 1810 641 ι
1836 598 1934 653 ho-

358 712 583 768 minum.
605 705 888 775 Quomodo
908 718 1039 773 ergo
1059 703 1243 758 vident
1263 700 1500 761 tumulos
1523 712 1671 762 suos,
1703 704 1797 751 aut
1815 710 1938 753 eor-

356 818 489 873 pora
540 816 657 863 sua,
686 806 868 855 utrum
895 797 1105 866 objecta
1138 793 1375 864 iaceant,
1430 805 1499 845 an
1531 788 1934 860 sepulta?quo-

358 891 520 948 modo
550 890 820 949 intersunt
845 885 1080 941 miseria:
1109 885 1375 948 vivorum,
1402 895 1527 938 cum
1573 879 1660 936 vel
1705 893 1800 935 sua
1834 878 1937 949 ipsi

360 982 503 1041 mala
527 980 824 1052 patiantur,
850 977 897 1033 si
926 976 1053 1031 talia
1085 975 1280 1030 merita
1307 979 1734 1039 contraxerunt:
1765 969 1850 1024 vel
1882 970 1939 1025 in

362 1085 495 1142 pace
529 1068 891 1137 requiemut,
932 1065 1074 1121 sicut
1094 1062 1227 1118 huic
1269 1060 1430 1118 Josiaa
1474 1058 1802 1131 promissum
1830 1064 1938 1122 est,

363 1162 454 1217 ubi
479 1160 620 1215 mala
654 1158 823 1224 nulla,
852 1171 954 1212 nec
979 1153 1254 1225 patiendo,
1285 1166 1391 1215 nec
1414 1148 1797 1222 eompatiendo
1822 1162 1941 1203 sus-

362 1256 594 1318 tineant,
612 1250 826 1307 liberati
856 1248 927 1304 ab
957 1246 1210 1311 omnibus
1234 1244 1413 1310 malis,
1444 1258 1564 1314 quae
1589 1241 1844 1313 patiendo
1886 1247 1945 1294 et

361 1340 759 1413 contpatiendo,
782 1352 905 1394 cum
927 1336 1017 1392 hic
1042 1335 1305 1397 viverent,
1333 1329 1710 1393 sustinebant?
1737 1327 1944 1392 Dixerit

363 1431 560 1502 aliquis
591 1450 603 1484 :
636 1428 694 1489 Si
723 1428 881 1486 nulla.
907 1434 994 1482 est
1023 1423 1255 1486 mortuis
1278 1438 1413 1481 cura
1437 1422 1505 1478 de
1532 1420 1693 1484 vivis,
1720 1432 1945 1489 quomo-

363 1526 434 1580 do
472 1523 563 1579 ille
588 1521 738 1578 dives
762 1518 915 1591 (Luc.
939 1533 1052 1581 xvi,
1078 1516 1194 1586 27),
1222 1514 1316 1586 qui
1338 1513 1481 1585 apud
1507 1510 1713 1569 inferos
1729 1518 1947 1580 torqua-

365 1616 545 1677 batur,
578 1611 805 1682 rogabat
825 1608 1099 1673 Abraham
1138 1614 1374 1677 patrem,
1400 1611 1462 1660 ut
1476 1603 1659 1659 mittat
1679 1603 1944 1664 Lazarum

2033 600 2132 664 tia,
2156 597 2239 652 vel
2262 594 2561 667 praeterita,
2609 605 2800 649 rem
2832 590 2998 646 etiam
3044 588 3247 652 futura,
3298 587 3501 657 spiritu
3527 587 3628 642 Dei

2036 688 2330 753 revelante,
2377 697 2728 755 cognoscere.
2781 680 2935 736 Sicut
2969 694 3078 735 non
3111 691 3309 733 omnes
3350 677 3627 741 boum,

2034 781 2131 844 sed
2157 779 2451 852 prophetae,
2491 776 2620 830 dum
2665 774 2756 829 hic
2777 772 3039 834 viverent,
3070 768 3495 842 cognoscebant,
3527 783 3628 823 nec

2036 873 2139 953 ipsi
2163 870 2366 935 omnia,
2396 867 2633 937 sedquae
2658 864 2767 920 illis
2798 876 2921 918 esse
2962 859 3277 953 revelanda,
3316 858 3414 913 Dei
3446 857 3627 929 provi—

2034 949 2220 1019 dentia
2262 958 2562 1036 judicabat.
2609 954 2745 1011 una
2774 966 2991 1024 quoque
3014 951 3083 1007 ad
3121 951 3280 1006 vivos
3314 949 3533 1019 aﬁquos
3558 964 3625 1005 ex

2039 1053 2288 1117 mortuis,
2326 1052 2523 1107 sicute
2570 1046 2849 1108 contrario
2898 1043 2982 1117 (11
3030 1042 3216 1098 Coris.
3256 1057 3359 1107 xu,
3397 1040 3458 1113 Ξ)
3490 1040 3627 1096 Pau-

2040 1148 2123 1203 lus
2142 1160 2211 1208 ει
2235 1143 2375 1199 vivis
2400 1143 2454 1207 in
2484 1140 2796 1215 paradisum
2828 1143 3016 1206 raptus
3042 1141 3148 1200 est,
3174 1132 3358 1189 divina
3386 1131 3627 1203 Scriptnw

2040 1252 2102 1293 ra
2126 1242 2382 1291 testatur.
2413 1231 2551 1287 Nam
2579 1229 2664 1303 (II
2702 1229 2832 1299 Reg.
2864 1242 3060 1294 uvm,
3091 1223 3206 1297 l5.)
3237 1223 3464 1291 Samuel
3507 1237 3627 1294 pru-

2040 1330 2203 1399 plieta
2228 1325 2514 1387 defunctus
2548 1324 2569 1363 ί
2609 1323 2733 1378 vivo
2745 1320 2872 1393 ‘regi
2913 1318 3066 1379 Sauli
3092 1317 3262 1383 etiam
3292 1314 3479 1375 natura
3498 1329 3629 1385 pra—

2042 1419 2200 1474 dixit.
2256 1415 2517 1484 Quamvis
2586 1411 2851 1477 nonnulli,
2903 1424 3013 1465 non
3060 1409 3243 1480 ipsum
3297 1403 3495 1471 fuisse,
3542 1405 3630 1475 qni

2040 1511 2309 1585 potuisset
2343 1508 2568 1583 magicis
2593 1505 2806 1562 artibus
2821 1502 3059 1569 evocari,
3097 1500 3195 1556 sed
3215 1499 3455 1577 aliquem
3482 1498 3633 1568 spiri-

2044 1611 2161 1658 tum
2190 1606 2301 1655 tam
2335 1598 2493 1655 malis
2535 1596 2792 1667 operibus
2816 1600 3228 1664 congruentem,
3258 1590 3410 1648 illius
3447 1589 3636 1645 existi-

366 1703 697 1774 ad.quinque
739 1699 940 1757 fratres
971 1713 1097 1757 suos
1126 1696 1363 1753 nundino
1392 1703 1654 1757 moi-nios,
1684 1701 1744 1748 et
1768 1693 1798 1742 ιι
1825 1699 1953 1764 agat
1977 1681 2027 1741 B
2054 1700 2205 1749 mem
2238 1689 2649 1752 similitudinem
2678 1687 2959 1758 ﬁgurasse.
3007 1704 3027 1738 ι
3059 1683 3188 1739 "me
3210 1697 3313 1757 per
3348 1695 3638 1737 excessum

368 1811 495 1851 cum
532 1794 633 1857 eis,
660 1808 729 1854 ne
762 1803 784 1831 ο
816 1790 1037 1849 veniant
1076 1795 1132 1844 et
1160 1787 1261 1858 ipsi
1284 1787 1338 1842 in
1362 1785 1616 1841 eumdem
1644 1791 1950 1839 tormento-

368 1900 493 1941 rum
531 1881 741 1947 locum?
778 1878 886 1939 Sed
919 1878 1160 1948 nunquid
1197 1876 1327 1947 quia
1348 1866 1457 1932 hoc
1491 1875 1582 1935 ille
1602 1875 1763 1931 dives
1791 1874 1948 1941 dixit,

374 1976 513 2040 ideo,
539 1972 670 2043 quid
710 1970 910 2027 fratres
948 1975 1193 2040 agerent,
1225 1966 1311 2027 vel
1345 1965 1476 2036 quid
1494 1971 1830 2036 paterentur,
1860 1963 1952 2019 illo

372 2076 637 2135 tempore.
669 2062 862 2127 scivit?
891 2059 968 2127 ita
1007 2058 1083 2115 illi
1121 2057 1226 2113 fuit
1251 2071 1380 2113 cura
1415 2056 1484 2120 de
1513 2055 1672 2122 vivis,
1703 2055 1953 2127 quamvis

371 2156 501 2229 quid
524 2162 768 2235 agerent.
811 2151 1035 2211 omnino
1082 2149 1340 2213 nesciret,
1367 2143 1822 2217 quemadmodum
1867 2151 1953 2209 est

372 2250 531 2315 nobis
572 2262 704 2311 cura
735 2246 802 2302 de
830 2242 1082 2308 mortuis,
1111 2240 1362 2311 quamvis
1389 2238 1519 2311 quid
1554 2246 1721 2309 agant
1766 2238 1955 2308 utique

373 2338 701 2405 nesciamus.
727 2334 863 2399 Nam
892 2334 938 2389 si
961 2332 1096 2388 nihil
1119 2331 1187 2387 de
1213 2331 1444 2392 mortuis
1471 2342 1954 2394 curarernos,.non

374 2432 561 2504 utique
587 2444 687 2501 pro
730 2427 837 2493 illis
879 2426 991 2491 Deo
1041 2423 1488 2501 supplicaremus.
1520 2421 1763 2492 Denique
1785 2421 1957 2475 Abra-

375 2508 525 2591 ham,
548 2520 943 2585 necrLazarum
988 2516 1157 2580 misit,
1204 2524 1261 2572 et
1305 2515 1525 2586 Moysen
1569 2529 1635 2570 ac
1664 2514 1959 2584 prophetas

377 2616 466 2671 hic
485 2629 582 2675 eos
601 2611 803 2668 habere
824 2606 1125 2678 respondit,
1143 2621 1281 2686 quos
1306 2606 1495 2661 audire
1521 2605 1803 2670 deberent,
1820 2603 1958 2658 utad

380 2707 473 2769 illa
493 2704 755 2783 supplicia
778 2716 885 2765 non
906 2700 1174 2763 venirent.
1205 2698 1307 2755 Ubi
1336 2713 1526 2761 rursus
1557 2696 1798 2753 occurrit
1826 2710 1960 2766 quo-

381 2799 539 2854 modo
565 2797 693 2875 quid
718 2795 807 2850 hic
839 2800 1094 2865 ageretur
1120 2789 1393 2853 Abraham
1438 2797 1595 2863 pater
1622 2787 1736 2867 ipse
1758 2787 1963 2843 nescie-

379 2891 493 2958 bat,
525 2888 616 2949 ubi
663 2886 870 2951 sciebat
910 2898 1031 2944 esse
1063 2882 1306 2954 Moysen,
1361 2888 1417 2935 et
1445 2880 1760 2959 PrOphetas,
1795 2880 1850 2935 id
1878 2888 1964 2945 est

382 2980 550 3042 libros
593 2992 801 3041 eorum,
829 2975 1026 3046 quibus
1050 2973 1300 3030 homines
1322 2971 1645 3037 obediendo,
1690 2980 1960 3032 tormenta

2048 1786 2254 1845 idcirco
2289 1783 2635 1858 protulimus,
2685 1790 2747 1836 ut
2792 1778 3045 1835 noverint
3085 1777 3336 1837 homines
3378 1780 3641 1830 uernam

2050 1877 2337 1931 veritatem
2362 1888 2629 1944 quaerere,
2655 1870 2749 1942 qui
2777 1869 2968 1931 volunt
2996 1866 3225 1931 salvari,
3272 1881 3305 1921 a
3331 1880 3447 1936 quo
3470 1863 3642 1921 creati

2052 1980 2259 2030 sumus,
2312 1964 2487 2037 (Actu.
2540 1976 2678 2026 xvii,
2713 1958 2811 2031 28)
2856 1960 2915 2013 in
2955 1974 3058 2030 quo
3096 1958 3338 2022 uiuimus,
3371 1968 3644 2031 perque.

2051 2068 2320 2115 movemur
2345 2062 2397 2107 et
2444 2067 2648 2114 uinus.
2675 2049 2902 2113 Animas
2926 2056 3112 2102 autem
3136 2053 3379 2111 unctas,
3409 2058 3647 2100 usus:

2052 2145 2351 2211 eredinms,
2393 2151 2450 2205 et
2476 2157 2585 2205 non
2615 2139 2870 2206 humanis
2909 2136 3148 2200 miseriis
3169 2136 3459 2201 interesse,
3502 2133 3646 2188 sicut

2055 2240 2188 2297 dicit
2238 2237 2427 2301 isaias,
2473 2235 2564 2304 qui
2625 2240 2745 2288 erat
2790 2231 2937 2287 ﬁlius
2990 2229 3246 2294 Abrahae,
3292 2226 3365 2291 ad
3416 2225 3591 2284 Βαιιι
3625 2238 3643 2255 ⁸

2058 2329 2168 2402 (63,
2197 2328 2286 2399 l6)
2319 2327 2422 2395 Tu,
2453 2324 2699 2390 Domine,
2724 2331 2877 2394 pater
2905 2329 3080 2375 noster
3105 2335 3161 2374 ea
3202 2334 3223 2373 :
3260 2316 3533 2381 Abraham
3554 2331 3650 2372 ns-

2056 2423 2208 2478 sciuit
2232 2437 2328 2480 nos
2351 2432 2371 2470 :
2394 2427 2443 2473 et
2467 2415 2638 2478 Israel
2667 2430 2771 2475 non
2793 2412 3029 2491 cognovit
3051 2426 3163 2473 nos,

2138 2534 2156 2566 ι
2194 2514 2325 2577 Post
2359 2514 2477 2567 hac
2517 2509 2766 2581 sequitur
2811 2506 3041 2563 historia
3077 2502 3338 2574 degestis
3351 2499 3535 2565 lonia,
3565 2499 3653 2555 ita

2056 2608 2250 2664 dicens
2284 2626 2297 2660 :
2350 2604 2505 2677 (Cap,
2541 2617 2702 2667 xxiii,
2732 2598 2825 2674 l0)
2860 2597 3251 2662 Contaminari:
3289 2609 3497 2667 quo,“
3538 2590 3651 2646 το-

2060 2699 2237 2775 plteth,
2258 2696 2399 2769 quod
2434 2704 2511 2750 est
2535 2699 2590 2754 in
2615 2690 2852 2751 convalle
2878 2690 2976 2761 ﬁlii
3001 2688 3217 2753 Ennon,
3243 2696 3304 2741 ut
3341 2701 3495 2775 nemo
3515 2699 3656 2746 con-

2062 2774 2289 2846 secraret
2316 2787 2486 2863 ﬁlium
2511 2801 2686 2851 suam,
2718 2792 2813 2839 aut
2838 2780 3007 2851 ﬁliam
3026 2795 3119 2858 per
3149 2780 3323 2856 ignem
3353 2774 3567 2842 Helm
3594 2776 3653 2827 ⁸.

2143 2897 2162 2935 ι
2194 2878 2471 2951 Frequens
2491 2884 2578 2931 est
2606 2875 2659 2929 in
2690 2871 2989 2955 Scripturis
3027 2871 3223 2937 horum
3266 2865 3475 2923 mentio
3500 2865 3661 2921 loco—

2067 2984 2209 3035 rum,
2232 2968 2471 3031 maxime
2513 2966 2567 3022 in
2597 2964 2739 3022 libro
2768 2962 2978 3034 Regum
3010 2968 3068 3015 et
3118 2956 3371 3013 Ieremia
3406 2955 3658 3027 Prophe-

381 3070 591 3137 iiilerna
634 3022 900 3131 vitaran
919 3065 1164 3135 Denique
1191 3071 1419 3120 noverat
1469 3063 1692 3129 divitem
1720 3063 1871 3118 illum
1901 3061 1959 3125 in
1989 3022 2035 3086 Ο
2180 3022 2281 3117 list
2304 3028 2485 3115 autem
2534 3055 2692 3111 vallis
2739 3022 2953 3118 12..an,
2975 3053 3090 3112 sive
3115 3050 3214 3105 lilii
3244 3022 3458 3111 Ennon,
3489 3022 3657 3125 juxta

381 3160 612 3225 deliciis,
677 3172 968 3228 pauperem
1012 3171 1143 3211 vero
1194 3154 1463 3213 Lazarum
1522 3154 1577 3211 in
1629 3152 1958 3214 laboribustl

385 3251 607 3317 vixisse.
637 3248 769 3302 Nam
792 3256 848 3301 et
870 3248 974 3302 hoc
998 3246 1074 3300 illi
1094 3246 1170 3299 ait
1196 3261 1209 3297 :
1242 3243 1407 3316 (Ibid.
1437 3243 1529 3314 25)
1555 3242 1832 3309 Memento,
1859 3242 1960 3311 ﬁli,

383 3342 506 3414 quia
535 3337 765 3407 recepisti
796 3337 929 3390 bona
958 3335 1014 3389 in
1041 3335 1143 3389 vita
1173 3344 1264 3388 tua
1295 3346 1314 3384 :
1342 3332 1579 3395 Lazarus
1604 3342 1779 3396 autem
1801 3331 1959 3391 mala.

387 3432 605 3499 Sciebat
628 3444 759 3500 ergo
784 3428 922 3492 haec,
944 3442 1065 3497 quae
1089 3425 1277 3495 utique
1306 3423 1448 3497 apud
1488 3423 1661 3490 vivos,
1694 3438 1800 3478 non
1825 3424 1964 3501 apud

387 3532 651 3589 mortuos,
675 3530 826 3601 gesta
876 3518 1115 3576 fuerunt.
1140 3518 1361 3585 Verum,
1393 3530 1499 3571 non
1525 3531 1651 3572 cum
1678 3525 1969 3588 agerentur

386 3621 439 3673 in
471 3616 628 3682 vivis,
674 3616 769 3671 sed
798 3614 1045 3687 cum,eis
1086 3611 1317 3668 mortuis
1344 3611 1541 3682 potuit,
1579 3610 1788 3667 Lazaro
1832 3611 1970 3668 indi-

388 3719 568 3774 cante,
602 3721 951 3779 cognoscere,
977 3721 1045 3761 ne
1076 3704 1271 3765 falsum
1296 3710 1367 3759 sit
1392 3704 1535 3774 quod
1558 3704 1636 3759 ait
1661 3704 1924 3778 propheta
1952 3722 1965 3758 :

387 3799 488 3874 (Is.
514 3798 605 3864 65,
635 3797 721 3871 16)
770 3796 1036 3851 Abraham
1059 3795 1269 3859 nescivit
1293 3811 1406 3853 nos.
1431 3793 1663 3853 Proinde
1692 3792 1970 3855 latendum

386 3900 471 3948 est
511 3891 722 3947 nescire
765 3889 983 3962 quidem
1034 3896 1297 3951 mortuos,
1331 3887 1465 3959 quid
1504 3886 1594 3953 hic
1622 3895 1833 3959 agatur,
1875 3887 1971 3946 sed

388 3983 516 4039 dum
541 3983 632 4039 hic
657 3983 837 4054 agitur
870 3999 883 4045 ;
915 3988 1103 4052 postea
1131 3995 1259 4035 vero
1288 3978 1476 4039 audire
1498 3978 1567 4034 ab
1593 3978 1694 4044 eis,
1722 3978 1815 4048 qui
1843 3978 1970 4033 hinc

388 4076 457 4132 ad
486 4090 578 4130 eos
612 4073 894 4132 moriendo
934 4080 1191 4143 pergunt,
1223 4085 1330 4124 non
1376 4068 1598 4141 quidem
1632 4068 1840 4133 omnia,
1875 4069 1971 4129 sed

388 4182 510 4237 quae
543 4166 799 4220 sinuntur
826 4162 1089 4227 indicare,
1120 4160 1212 4231 qui
1243 4161 1495 4217 sinuntur
1531 4159 1697 4221 etiam
1727 4159 1829 4214 ista
1858 4174 1971 4215 me-

389 4254 613 4310 minisse
643 4271 656 4305 :
682 4260 736 4306 et
764 4266 882 4320 qua:
918 4250 1039 4311 illos
1066 4250 1262 4321 quibus
1305 4250 1420 4306 haec
1466 4249 1726 4315 indicant,
1756 4256 1972 4329 oportet

391 4347 598 4403 audire.
624 4343 857 4400 Possunt
892 4351 947 4398 et
975 4343 1043 4398 ab
1070 4341 1292 4412 angelis,
1322 4343 1413 4412 qui
1443 4342 1623 4409 rebus,
1656 4355 1776 4411 quae
1801 4355 1970 4415 agun.

391 4447 482 4494 tur
507 4436 621 4502 hic,
658 4441 860 4506 praesto
906 4440 1052 4498 sunt,
1097 4432 1284 4487 audire
1321 4431 1525 4501 aliquid
1573 4432 1794 4499 mortui,
1825 4432 1969 4503 quod

390 4541 830 4600 unumquemque
877 4524 1089 4580 illorum
1120 4523 1307 4579 audire
1346 4522 1566 4589 debere,
1603 4520 1836 4591 iudicat,
1882 4522 1970 4578 cui

390 4629 580 4681 cuncta
622 4618 863 4690 subjecta
909 4624 1053 4672 sunt.
1091 4615 1204 4670 Nisi
1248 4615 1391 4670 enim
1425 4622 1609 4670 essent
1654 4614 1848 4686 angeli,
1877 4615 1971 4689 qui

392 4724 614 4790 possent
643 4714 927 4775 interesse,
964 4715 1021 4762 et
1047 4706 1312 4769 vivorum,
1352 4715 1410 4760 et
1438 4714 1778 4762 mortuorum
1812 4706 1970 4775 locis,

348 4866 357 4887 δ
392 4825 501 4869 non
555 4805 784 4862 dixisset
812 4800 1061 4858 dominus
1082 4796 1239 4852 Jesus
1270 4817 1281 4851 :
1338 4796 1492 4870 (Luc.
1521 4813 1636 4864 3m,
1664 4797 1756 4873 22)
1791 4798 1973 4854 Conti-

351 4892 357 4909 ’
390 4906 465 4976 git
495 4909 670 4957 autem
700 4898 833 4953 mori
884 4896 1090 4965 inopem
1135 4890 1306 4958 illum,
1359 4900 1406 4945 et
1443 4891 1626 4962 aﬁ'erri
1672 4891 1739 4946 ab
1774 4892 1973 4963 angelis

391 4997 444 5049 in
489 4993 663 5048 sinum
710 4987 953 5042 Aura/ue.
1006 4982 1158 5037 Nunc
1205 4998 1334 5052 ergo
1377 4981 1484 5047 nic,
1521 4997 1664 5037 nunc
1708 4982 1817 5037 illic
1852 4998 1975 5037 esse

391 5090 704 5156 potuerunt,
737 5079 831 5152 qui
861 5078 987 5151 hinc
1014 5087 1038 5115 ε
1066 5075 1235 5139 illum,
1273 5088 1433 5144 quem
1464 5071 1604 5128 Deus
1633 5072 1822 5138 voluit,
1854 5074 1973 5130 abs-

465 5272 491 5299 ι
529 5255 861 5317 Hominibus.
918 5236 922 5253 ’

466 5329 494 5369 δ
524 5330 730 5397 Ageret.

468 5409 491 5437 ο
534 5397 793 5451 Vemrent.

464 5466 492 5507 ει
520 5466 750 5522 Additur
781 5466 1168 5533 doloribusque.

470 5547 496 5579 ο
531 5536 687 5590 Illuc.

401 5576 693 5730 134331135
736 5624 747 5658 ;
783 5604 891 5661 rivo
936 5602 1086 5659 Sauli
1130 5605 1286 5671 etiam
1336 5602 1479 5673 Regi.
1520 5601 1748 5666 Prmstat
1788 5607 1969 5655 nostra

511 5690 523 5726 ι
566 5713 579 5725 .

2066 3168 2279 3209 murum
2329 3148 2630 3207 Jerusalem
2682 3154 2874 3202 contra
2922 3144 3209 3211 orientem,
3237 3139 3294 3195 in
3319 3154 3423 3210 qua
3452 3151 3663 3192 nemus

2065 3243 2511 3324 pulcherrimum,
2562 3238 2712 3299 Siloe
2760 3234 3003 3303 fontibus
3055 3233 3334 3304 irrigatur.
3395 3227 3661 3299 Topheth

2066 3321 2249 3403 autem
2272 3340 2298 3380 ι
2318 3345 2438 3392 erat
2457 3335 2607 3393 locus
2639 3333 2693 3389 in
2718 3331 2909 3387 eadem
2937 3323 3350 3395 convallejuxta
3378 3321 3667 3385 Piscinam

2070 3431 2309 3497 fullonis,
2348 3428 2504 3505 cujus
2550 3425 2798 3481 meminit
2835 3422 3144 3497 Scriptura,
3175 3426 3232 3474 et
3262 3416 3418 3489 juxta
3457 3427 3664 3496 agrum

2077 3529 2093 3569 ί
2114 3521 2510 3586 Acheldemach,
2525 3519 2616 3590 qui
2637 3531 2807 3587 usque
2826 3514 2988 3576 hodie
3007 3516 3342 3572 monstratur
3357 3506 3426 3571 ad
3438 3513 3669 3560 austra-

2072 3617 2175 3681 lem
2194 3615 2408 3688 plagam
2430 3613 2628 3675 montis
2645 3610 2799 3667 Sion.
2825 3606 3085 3663 Solebant
3106 3611 3287 3664 autem
3307 3601 3362 3656 in
3382 3595 3665 3679 Topheth,

2072 3710 2198 3785 quia
2234 3707 2386 3767 locus
2411 3713 2534 3770 erat
2558 3698 2981 3767 ammnissimus,
3014 3694 3030 3746 i
3062 3693 3332 3762 hodieque
3367 3690 3666 3744 hortorum

2070 3781 2277 3881 praebet
2310 3800 2553 3867 delicias,
2579 3797 2757 3868 posita
2795 3809 2894 3849 ara
2938 3787 3252 3881 sacriﬁcam
3295 3781 3664 3881 “monibus,

2074 3871 2414 3963 nefandoque
2455 3891 2580 3963 igne
2611 3901 2739 3949 suos
2762 3894 3085 3949 consecrare
3105 3878 3332 3941 liberos,
3359 3874 3475 3936 sit?

2074 3962 2335 4047 caustumi
2363 3962 2581 4045 otl‘erre,
2627 3978 2767 4033 sicut
2793 3976 2847 4031 in
2867 3973 3007 4040 libro
3044 3969 3335 4027 verborum
3350 3964 3578 4026 dictum
3599 3962 3665 4019 de

2073 4075 2256 4130 Achaz
2303 4086 2433 4143 rege
2480 4069 2741 4140 scriptum
2786 4072 2873 4121 est
2900 4082 2913 4118 :
2943 4061 3135 4132 (Paro.
3181 4072 3379 4123 xxviii,
3421 4054 3479 4128 ὅ)
3537 4054 3667 4131 Ipse

2072 4176 2171 4233 est,
2211 4166 2301 4238 qui
2343 4163 2569 4229 adolevit
2598 4164 2870 4225 incensum
2901 4158 2957 4212 in
2979 4153 3114 4221 valle
3138 4152 3446 4219 Benenato»,
3468 4159 3528 4212 et
3552 4149 3668 4211 liu-

2072 4259 2229 4323 travit
2263 4255 2402 4319 ﬁlios
2441 4270 2565 4310 suos
2598 4253 2655 4306 in
2679 4252 2797 4323 igne
2822 4249 3111 4317 Benennon
3146 4244 3459 4314 :siquidem
3483 4240 3667 4306 ﬁlium

2077 4350 2267 4417 Ennon
2297 4344 2583 4418 signiﬁcat.
2628 4340 2794 4406 Vallis
2819 4346 3001 4395 autem
3025 4337 3215 4402 Ennon
3242 4333 3497 4399 hebraice
3526 4331 3668 4388 dici—

2077 4448 2166 4498 tur
2220 4439 2247 4481 ¹ι
2295 4438 2544 4505 Gebenn,
2598 4431 2753 4503 cujus
2799 4431 3016 4487 nomine
3055 4429 3109 4484 in
3154 4442 3295 4483 novo
3335 4430 3669 4487 testamento

2074 4546 2236 4608 paena
2266 4530 2561 4592 inicmrum
2590 4525 2838 4598 gehenna
2872 4520 3325 4594 cognominatur:
3349 4518 3477 4590 quia
3498 4518 3669 4573 nimi-

2078 4638 2220 4689 rum,
2253 4621 2394 4679 sicut
2416 4620 2472 4675 in
2513 4615 2758 4679 convalle
2786 4615 3001 4681 Ennon,
3028 4613 3119 4684 qui
3149 4611 3307 4669 idolis
3326 4611 3664 4678 servierunt,

2076 4716 2132 4773 in
2157 4730 2242 4780 ea,
2263 4709 2543 4785 prophetis
2563 4704 2971 4770 attestantibus,
2995 4704 3294 4775 perierunt,
3310 4704 3386 4759 ita
3407 4712 3668 4775 peccato-

2077 4821 2169 4863 res
2220 4820 2290 4861 ex
2330 4790 2436 4871 his,
2484 4816 2605 4872 quae
2637 4806 3021 4869 peccaverunt,
3068 4803 3271 4852 aeterna
3308 4794 3665 4853 damnatione

2084 4894 2103 4935 ι
2122 4895 2439 4967 puniuntur.
2469 4891 2715 4961 Denique
2730 4887 3030 4944 llieremias
3055 4901 3178 4942 cum
3195 4884 3429 4941 referret
3450 4900 3666 4956 ιιι-ποθι

2077 4987 2224 5057 pisse
2274 4983 2378 5039 sibi
2430 4981 2740 5043 Dominum,
2788 4993 2853 5033 ac
2903 4977 3105 5032 dixisse
3157 4994 3170 5029 :
3215 4973 3392 5047 (Hier.
3438 4989 3557 5039 xix.
3606 4972 3664 5044 2)

2077 5072 2341 5145 Egredere
2385 5071 2454 5125 ad
2505 5068 2690 5126 vallem
2749 5067 2849 5148 lilii
2883 5066 3097 5132 Ennon,
3125 5082 3242 5138 qua
3277 5074 3354 5121 est
3375 5065 3537 5135 juxta
3580 5065 3664 5119 in—

2158 5250 2183 5285 ε
2212 5245 2338 5311 Haec
2350 5247 2532 5302 omnia
2550 5244 2770 5299 tradidit
2795 5243 2958 5308 Beda,
2983 5242 3544 5313 quaest.27,28,29et
3567 5242 3660 5300 30.

2154 5317 2471 5440 :Iiblinueilitis
2497 5316 2716 5372 additur
2747 5315 2852 5369 sine
2879 5313 3112 5386 Thaphet
3142 5330 3161 5367 :
3200 5323 3492 5399 utrumque
3509 5314 3659 5383 enim

2081 5396 2241 5443 scribi
2251 5396 2357 5442 tur.

2157 5460 2171 5533 ξ
2203 5456 2533 5533 ᾼριιςιὰειηει.

2157 5526 2169 5575 i
2215 5525 2365 5599 ljnde
2391 5543 2553 5599 usque
2584 5525 2751 5583 hodie.

2152 5598 2175 5636 ἰ
2208 5596 2499 5652 Celaenaea.

2159 5666 2177 5706 1
2212 5665 2510 5723 Punicnmr.
