3922 6180
323 260 432 318 803

1004 259 1469 332 ΩΠᾸΞΞἸἹΟΝΕΞ
1504 259 1648 319 XXX
1690 259 1904 316 SUPER

2013 256 2202 315 lBROS
2238 255 2507 313 REGUM.
2544 286 2614 295 —
2651 255 2851 310 LIBER
2889 253 2975 309 ιγ.

3484 254 3588 311 806

319 375 541 435 troium
565 383 729 444 porta
765 374 965 444 ﬁctilis,
993 376 1153 449 paulo
1174 386 1300 449 post
1325 377 1457 434 dicit
1487 396 1500 433 ;
1538 377 1604 432 Et
1632 394 1735 433 non
1755 393 1906 432 uoca—
1932 377 1983 436 Α
2080 371 2233 442 Quod
2267 373 2427 444 paulo
2456 380 2575 445 post
2601 372 2667 428 de
2688 372 2877 429 eodem
2921 387 3049 443 rege
3083 372 3282 428 dicitur
3308 393 3321 428 :
3345 373 3415 446 (ιν.
3453 376 3514 430 t5
3541 386 3589 430 et

320 466 465 522 bitur
491 463 635 523 locus
660 465 756 520 iste
783 466 1009 537 amplius
1031 468 1283 540 Tophetli,
1308 478 1354 526 st
1387 469 1537 531 vallis
1564 468 1667 539 ﬁlii
1692 469 1901 536 Ennon,

321 557 412 613 sed
452 555 603 611 vallis
632 556 908 613 occisionis
939 572 959 612 .'
989 570 1038 615 et
1063 560 1328 631 dissipabo
1359 559 1636 617 consilium
1654 558 1821 625 Juda,
1855 567 1904 613 et

329 647 656 702 Hierusalem
693 649 751 704 in
795 649 910 706 loco
948 651 1068 719 isto,
1119 662 1168 709 et
1224 654 1518 709 subvertam
1565 669 1651 707 eos
1704 651 1900 723 gladio.

321 739 457 800 (lsa.
487 740 581 806 50,
611 740 705 813 Si)
725 740 895 801 Isaias
923 760 1136 815 quoque
1182 745 1624 801 manifestissime
1655 745 1903 816 Topbeth

323 833 593 888 ’.nfet'nttm
627 834 882 904 appellat,
912 838 998 891 cui
1025 853 1153 899 eum
1189 847 1507 909 perpetuum
1537 837 1733 900 diaboli
1764 840 1904 895 inte-

320 925 486 978 "itum
513 925 617 980 sub
639 926 859 981 nomine
892 928 1068 985 Assur
1092 930 1447 995 describebat,
1468 930 1659 991 dicens
1682 947 1697 984 :
1718 929 1763 984 Α
1787 946 1907 993 voce

316 1018 459 1071 etaim
479 1015 695 1075 Domini
715 1019 918 1089 pavebit
970 1021 1135 1078 Assur
1175 1022 1320 1093 uirga
1348 1038 1626 1093 percussus
1660 1039 1673 1077 :
1700 1019 1772 1077 Et
1806 1024 1906 1083 erit

317 1109 575 1163 transitus
626 1109 785 1180 virgte
837 1109 1116 1180 fundatus,
1163 1127 1324 1182 quam
1370 1112 1690 1183 requiescere
1743 1112 1905 1183 faciet

2011 467 2098 539 Μ)
2141 466 2367 522 Excelsa
2405 484 2626 537 quoque,
2670 483 2788 538 qute
2845 478 2994 521 erant
3044 467 3098 520 in
3152 465 3480 522 Hierusalem
3522 473 3591 529 ad

2006 557 2273 615 dexteram
2302 568 2504 630 partem
2530 559 2725 614 montis
2747 558 3070 628 offensionis,
3096 575 3211 629 qua?
3236 560 3589 629 (ediﬁcavetat

2008 664 2101 707 rea:
2133 647 2385 707 Salomon
2412 648 2657 704 Astarotlt
2702 648 2844 703 idolo
2879 647 3237 712 Sidoniorum,
3289 660 3335 704 et
3364 648 3590 709 Chamos

2007 740 2286 810 offensioni
2339 738 2518 805 Moab,
2577 750 2625 794 et
2681 739 2888 794 Moloclt
2946 741 3326 797 abominationi
3358 742 3591 811 ﬁliorum

2008 828 2251 893 Ammon,
2296 827 2481 901 polluit
2531 846 2644 894 rex,
2674 839 2722 884 et
2754 831 2993 885 contrivit
3039 841 3264 897 statuas,
3295 842 3345 887 et
3372 835 3592 889 succidit

2006 919 2175 985 lucos,
2228 918 2541 992 replevitgue
2579 919 2695 975 loca
2737 938 2918 975 eorum
2981 922 3183 976 ossibus
3243 933 3588 985 mortuorum.

2084 1027 2101 1060 ι
2131 1008 2278 1064 Luce
2322 1019 2408 1065 est
2450 1010 2671 1076 clarius,
2700 1011 2842 1081 quod
2879 1010 3093 1068 excelsa
3126 1013 3407 1073 nominare
3457 1016 3595 1074 solet

2009 1099 2292 1171 Scriptum
2336 1101 2455 1163 loca
2493 1102 2547 1156 in
2598 1100 2825 1158 collibus
2869 1102 3047 1172 posita
3091 1102 3488 1171 frondentibus,
3535 1106 3591 1169 in

320 1198 579 1254 οοαίικ,
611 1215 770 1271 ηερε,
811 1216 952 1266 ρων,
977 1202 1163 1256 statim
1209 1202 1504 1272 quomodo,
1546 1210 1604 1258 ει
1644 1203 1734 1258 ubi
1761 1210 1909 1263 esse;
1998 1193 2202 1261 quibus
2226 1192 2309 1250 vel
2338 1192 2671 1255 dzcmonibus
2700 1191 3068 1258 immolabant,
3099 1192 3182 1248 vel
3203 1193 3369 1248 etiam
3412 1193 3592 1252 Domi-

319 1289 597 1360 peritm'us
625 1289 825 1354 subdit,
849 1289 1039 1346 dicens
1057 1308 1078 1349 ς
1110 1289 1427 1362 Prteparata
1452 1301 1526 1347 est
1548 1292 1685 1347 enim
1706 1292 1772 1347 ab
1793 1293 1907 1349 lteri

324 1380 557 1451 Toplteth
607 1399 641 1436 a
697 1397 815 1452 rege
854 1393 1177 1452 prwparata,
1228 1383 1495 1455 profunda
1555 1394 1607 1438 et
1656 1383 1903 1440 dilatata.

322 1468 558 1526 Pulchre
583 1472 680 1535 ait,
703 1480 760 1526 et
785 1471 1034 1537 dilatata,
1055 1474 1180 1542 quia
1227 1472 1455 1543 Tophetlt
1497 1474 1698 1531 dicitur
1719 1474 1907 1530 latitu-
1932 1512 1937 1516 ρ

319 1559 389 1614 do
422 1573 441 1611 .'
477 1562 798 1616 nutrimenta
836 1562 1016 1633 inquit
1056 1563 1193 1632 ejus,
1237 1563 1398 1633 ignis,
1434 1572 1483 1617 et
1510 1563 1656 1634 ligna
1697 1563 1906 1619 multa:

315 1652 476 1719 ﬂatus
500 1649 713 1706 Domini
736 1653 869 1711 sicut
897 1662 1100 1711 torrens
1128 1653 1401 1724 sulphuris
1426 1654 1745 1717 succendens
1763 1672 1901 1717 eam.

2007 1304 2098 1353 no,
2124 1289 2365 1341 locorum
2394 1287 2707 1347 animnitate
2746 1285 2946 1351 allecti,
2992 1295 3180 1341 contra
3218 1286 3587 1355 interdictum,

2008 1380 2197 1435 relicto
2217 1379 2397 1445 altari,
2415 1380 2557 1449 quod
2579 1390 2695 1435 erat
2725 1381 2779 1439 in
2808 1378 3025 1448 templo,
3044 1380 3250 1436 hostias
3269 1378 3588 1447 offerebant,

2011 1467 2183 1523 Uude'
2218 1470 2413 1537 smpius
2448 1471 2501 1523 iu
2541 1471 2644 1531 hoc
2692 1470 2832 1526 libro
2868 1470 2934 1524 de
2986 1470 3243 1540 Regibus,
3291 1473 3385 1542 qui
3413 1473 3592 1535 minus

2007 1556 2246 1627 perfecte
2264 1559 2398 1629 justi
2426 1557 2596 1625 fuere,
2618 1560 2820 1619 dicitur
2843 1577 2856 1613 :
2888 1573 3243 1617 verumtamen
3259 1562 3464 1618 excelsa
3488 1581 3592 1626 non

2008 1650 2243 1704 abstulit.
2304 1650 2531 1709 Montem
2591 1661 2770 1707 autem
2816 1653 3121 1723 offensionis
3170 1664 3406 1709 montem
3462 1653 3591 1711 idoli

317 1741 716 1799 Contaminavit
760 1752 942 1801 autem
987 1744 1167 1803 Josias
1192 1746 1461 1816 Topbetb.
1488 1748 1572 1804 vel
1602 1764 1727 1805 ossa
1753 1766 1900 1806 mor-

2013 1739 2161 1805 dicit,
2190 1740 2314 1810 quia
2344 1740 2596 1795 nimirum
2619 1742 3028 1797 consuetudinis
3063 1751 3145 1797 est
3187 1742 3592 1813 Scripturarum

318 1843 535 1895 tuorum
562 1835 658 1902 ibi,
696 1836 840 1893 sicut
879 1837 933 1893 in
975 1840 1331 1908 sequentibus
1366 1841 1435 1896 de
1464 1841 1588 1898 aliis
1632 1842 1929 1903 idolorum-

318 1924 452 1983 locis
497 1924 689 1985 fecisse
712 1927 935 2001 legitur,
987 1930 1073 1989 vel
1117 1930 1298 2005 aliqua
1323 1931 1599 2001 quaelibet-
1621 1933 1903 2008 inultundn

318 2018 655 2091 dispergens,
705 2022 1415 2090 quatenusabominationi
1486 2024 1690 2093 potius,
1739 2040 1903 2094 quem

317 2108 664 2169 delectationi
712 2119 891 2184 aptus.
921 2111 1193 2180 omnibus,
1234 2114 1341 2184 qui
1378 2115 1709 2185 aspicerent,
1750 2116 1905 2174 locus

320 2208 623 2269 appareret.
1824 2244 1833 2253 ι

340 2346 351 2353 ,
395 2310 414 2341 ι
440 2291 599 2365 Ωιιοᾴ
625 2293 871 2362 sequitur
894 2294 960 2355 de
979 2294 1170 2357 eodem
1210 2309 1334 2367 rege
1366 2293 1554 2353 Josia:
1582 2296 1650 2369 (v.
1678 2298 1766 2369 11)
1800 2299 1904 2352 Ab-

320 2382 467 2441 stulit
497 2399 701 2457 quoque
728 2399 913 2455 equos,
925 2372 1326 2455 quos'dederant
1344 2403 1487 2457 reges
1510 2387 1656 2453 Iuda
1682 2388 1820 2454 Soli,
1850 2390 1906 2445 in

319 2474 540 2527 introitu
564 2473 740 2544 templi
767 2475 1002 2537 Domini,
1030 2477 1097 2532 Et
1132 2476 1293 2549 paulo
1318 2487 1487 2551 post:
1512 2477 1713 2535 Currus
1733 2490 1907 2541 autent

323 2561 465 2619 Solis
486 2552 765 2622 combussit
786 2568 916 2639 igni,
948 2570 1187 2629 ostendit
1210 2581 1236 2611 ει
1260 2571 1502 2627 omnium
1522 2572 1763 2642 gentium
1788 2572 1907 2627 ide-

324 2653 552 2720 lolatrite
580 2665 649 2719 et,
686 2660 1057 2730 superstitioni
1093 2659 1307 2719 Judzeos
1361 2677 1426 2718 eo
1460 2671 1704 2737 tempore
1740 2661 1908 2723 fuisse

323 2748 681 2818 mancipatos,
737 2752 813 2806 ita
854 2760 913 2809 ut
958 2753 1016 2809 in
1068 2755 1476 2825 venerationem
1531 2754 1692 2822 Solis,
1745 2770 1907 2826 quem

322 2855 477 2895 more
516 2840 810 2905 Gentilium
853 2847 1023 2905 Deum
1078 2860 1200 2909 esse
1248 2848 1567 2914 credebant,
1615 2848 1908 2905 simulacro

321 2926 461 3005 ejus,
494 2931 639 3001 quod
682 2931 944 3000 fecerant,
983 2949 1195 3001 currus,
1240 2952 1514 3012 equosque
1545 2937 1906 3006 subdiderint,

319 3026 372 3071 et
402 3018 506 3074 boc
534 3019 586 3074 in
614 3022 771 3079 atriis
797 3025 977 3095 templi
1002 3024 1235 3087 Domini,
1286 3027 1378 3082 Sic
1403 3028 1547 3082 enim
1577 3027 1750 3085 solent
1774 3041 1905 3098 gen-
1933 3063 1976 3125 ε

324 3110 445 3169 tiles
473 3112 699 3183 pingere
749 3115 833 3175 vel
878 3115 1058 3173 facere
1096 3118 1444 3181 simulacrum
1493 3119 1656 3184 Solis,
1687 3129 1744 3173 ut
1775 3136 1903 3189 puer

322 3214 440 3255 rum
491 3201 793 3266 imberbem
844 3204 898 3261 in
943 3221 1105 3266 curru
1161 3216 1446 3282 ponentes,
1491 3224 1661 3284 equos
1705 3211 1904 3277 eidem,

323 3288 477 3358 quasi
503 3300 667 3345 curru
681 3292 878 3347 caelum
900 3303 1145 3364 petentes
1173 3295 1475 3369 subjugent.
1493 3299 1591 3354 Cui
1618 3306 1906 3372 propterea

320 3382 473 3450 pueri
526 3391 716 3453 aptant
764 3386 1072 3459 imaginem,
1131 3390 1259 3461 quia
1310 3390 1420 3454 Sol,
1471 3392 1618 3447 velut
1664 3394 1905 3462 quotidie

322 3488 463 3545 novo
487 3484 610 3528 ortu
638 3484 815 3542 natus,
841 3478 895 3533 in
930 3478 1136 3537 nullum
1164 3497 1263 3552 per
1301 3483 1496 3539 saecula
1524 3486 1733 3542 senium
1761 3486 1898 3542 inci-

321 3563 422 3618 dit.
459 3562 529 3619 Ut
554 3574 733 3622 autcm
786 3567 961 3625 eidem
993 3586 1189 3629 currus
1224 3580 1279 3627 et
1327 3589 1495 3645 equos
1522 3576 1787 3643 tribuant,
1837 3576 1905 3633 de

319 3654 586 3711 miraculo
640 3667 916 3739 sumptum
984 3660 1117 3719 Elia:
1184 3664 1494 3737 prophetae,
1557 3667 1681 3737 quia
1737 3682 1904 3723 curru

321 3747 479 3817 igneo
504 3755 561 3802 et
595 3748 749 3827 equis
775 3748 949 3819 igneis
966 3758 1051 3806 est
1079 3761 1266 3829 raptus
1291 3754 1359 3809 ad
1383 3754 1604 3820 caelum,
1628 3754 1907 3813 Jobannes

319 3837 946 3912 Constantinopolitanus
967 3841 1263 3915 Episcopus
1276 3844 1529 3901 aestimat.
1555 3845 1582 3884 ι)
1604 3844 1740 3917 Quia
1759 3846 1905 3901 enim

322 3943 498 3998 graece
554 3930 692 3996 ἥλιος
737 3930 937 3986 dicitur
985 3930 1099 3997 Sol,
1125 3932 1266 3989 sicut
1294 3935 1459 3989 etiam
1484 3932 1757 4003 Sedulius,
1780 3951 1905 4001 cum

320 4017 387 4072 de
422 4016 603 4074 [Italiae
630 4034 858 4074 ascensu
881 4031 1119 4088 caneret,
1150 4023 1387 4084 ostendit
1416 4025 1603 4083 dicens
1631 4040 1645 4089 ;

446 4153 601 4221 Quam
624 4155 763 4221 bene
777 4154 1001 4221 fulminei
1028 4158 1303 4221 praelucens
1323 4162 1498 4211 semita
1522 4161 1635 4215 coeli

442 4214 678 4285 genrenit
712 4218 851 4285 Elin,
880 4214 1059 4285 merito
1076 4225 1159 4282 qui
1178 4231 1231 4285 et
1260 4225 1456 4272 nomine
1480 4223 1673 4285 fulgens
1697 4259 1713 4285 ,

443 4275 545 4342 liae
568 4290 663 4339 Ope
694 4275 875 4342 dignus
897 4280 1028 4330 erat!
1054 4275 1162 4330 nam
1187 4284 1227 4331 si
1251 4286 1491 4332 sermonis
1524 4275 1695 4336 {obiri

448 4337 549 4387 Una
574 4337 664 4401 per
687 4337 945 4392 accentum
969 4345 991 4375 ο
1019 4351 1237 4395 mutetur
1259 4346 1441 4408 littera,
1464 4345 1546 4401 Sol
1570 4354 1684 4399 est:

320 4462 603 4519 audientes
624 4463 797 4525 Graeci
826 4467 894 4527 ab
929 4466 955 4506 ά
989 4467 1271 4536 lsraelitis,
1301 4486 1437 4543 quos
1463 4472 1675 4530 divinas
1706 4476 1904 4533 habere

318 4553 532 4611 litteras
599 4556 741 4612 fama
815 4560 1108 4629 prodebat,
1180 4564 1499 4634 prmdicari,’
1552 4569 1695 4638 quod
1760 4569 1904 4629 Elias

315 4662 481 4701 curru
535 4648 693 4719 igneo
732 4658 789 4705 et
835 4652 992 4721 equis
1035 4653 1106 4707 sit
1157 4652 1329 4724 igneis
1361 4656 1429 4711 ad
1457 4657 1699 4712 caelestia
1733 4668 1904 4716 trans-

316 4735 461 4791 latus
498 4754 511 4789 :
544 4739 628 4793 vel
686 4748 835 4795 certe
870 4742 975 4797 boc
1021 4743 1196 4812 ipsum
1245 4745 1386 4799 inter
1414 4747 1518 4802 alia
1550 4748 1819 4819 depictum
1846 4753 1900 4809 in

316 4830 526 4897 pariete
548 4831 812 4900 videntes,
831 4833 1180 4890 crediderunt
1201 4834 1398 4891 vicinia
1421 4838 1628 4910 decepti
1644 4842 1900 4911 nominis,

318 4916 465 4973 Solis
491 4920 581 4976 hic
624 4924 906 4979 transitum
956 4941 1054 4996 per
1089 4926 1255 4983 caelos
1290 4942 1411 4984 esse
1453 4929 1814 5001 designatum,
1851 4942 1907 4988 et

317 5010 643 5066 miraculum
666 5013 925 5071 divinitus
945 5015 1147 5072 factum
1170 5027 1644 5075 commutaverunt
1667 5022 1721 5076 in
1745 5038 1905 5094 argu-

318 5112 565 5159 mentum
614 5107 817 5163 erroris
862 5109 1097 5163 humana
1148 5109 1380 5167 stultitia
1441 5113 1899 5169 commendatum.

317 5194 469 5261 Quos
528 5197 726 5252 imitati
760 5198 864 5269 ipsi
912 5197 1082 5254 Judaei
1124 5209 1460 5273 satagerunt,
1508 5218 1580 5257 ne
1635 5203 1687 5258 in
1725 5203 1905 5274 aliquo

318 5286 615 5342 Gentilium
635 5290 969 5346 stultissimis
995 5293 1172 5347 minus
1200 5293 1351 5348 stulti
1380 5303 1654 5364 parerent.
1703 5316 1721 5348 ι

394 5436 425 5532 ἓ
453 5424 611 5559 ὃ)ξοῖ
634 5427 808 5495 generi
825 5427 1140 5482 idololatria:
1167 5437 1215 5483 et
1240 5430 1640 5499 superstitionis.

396 5574 419 5601 ε
455 5564 711 5619 Mutatur.

393 5631 423 5673 ἀ
459 5633 788 5689 lsraeliticis.

400 5716 424 5742 ε
459 5704 641 5771 Aﬂ'ert.
669 5703 893 5759 Praestat
926 5713 1109 5766 nostra
1138 5706 1314 5763 lectio.

1930 4408 1981 4467 D

2004 1830 2371 1901 offensionem,
2402 1832 2540 1886 idola
2582 1847 2912 1903 nuncupare,
2943 1833 3069 1902 quia
3099 1832 3181 1887 vel
3204 1832 3256 1888 in
3292 1833 3399 1889 illis
3424 1831 3595 1890 oﬂ'en-

2004 1921 2151 1979 ditur
2183 1918 2344 1981 Deus,
2376 1921 2461 1975 vel
2508 1919 2888 1987 offensionum,
2915 1932 2969 1977 et
3000 1923 3210 1977 ruinam
3255 1925 3369 1980 suis
3411 1938 3434 1965 θ
3465 1925 3595 1982 aﬂ’e—

2004 2019 2133 2064 runt
2161 2009 2461 2066 cultoribus
2494 2029 2505 2065 :
2540 2012 2680 2067 sicut
2717 2013 2769 2067 in
2809 2013 2910 2069 bac
2944 2014 3059 2085 ipsa
3096 2018 3366 2074 sententia
3403 2017 3423 2056 ι
3467 2020 3595 2075 sub-

2004 2108 2296 2172 sequenter
2369 2102 2668 2169 intimatur,
2737 2103 2866 2160 dum
2920 2102 3124 2161 dicitur
3174 2122 3188 2161 :
3255 2106 3397 2181 (III.
3456 2109 3591 2182 Reg,

2008 2209 2083 2260 xu,
2110 2194 2164 2266 7)
2192 2194 2347 2261 Quod
2366 2195 2712 2266 a'diﬁcaverat
2737 2197 2991 2256 Salomon
3015 2216 3106 2254 rea:
3128 2198 3321 2273 Israel,
3347 2201 3595 2275 Astarollt

2006 2283 2146 2338 idolo
2197 2284 2558 2351 Sidoniorum,
2606 2297 2652 2341 et
2705 2280 2933 2367 Cltamos
2985 2291 3263 2361 οπεηεὶοηί
3299 2292 3507 2348 Moab:
3546 2305 3596 2349 et

2009 2374 2216 2431 Moloclt
2247 2377 2625 2432 abominationi
2657 2378 2891 2449 ﬁliorum
2924 2380 3166 2439 Ammon.
3201 2382 3304 2440 Ubi
3331 2384 3435 2451 hoc
3455 2401 3594 2465 quo-

2006 2466 2210 2534 que,ni
2241 2465 2417 2533 fallor,
2462 2468 2640 2539 palam
2682 2471 3005 2537 ostenditur,
3036 2473 3181 2542 quod
3229 2473 3438 2541 utinam
3487 2491 3595 2533 non

2009 2554 2409 2620 ostenderetur,
2460 2558 2588 2625 quia
2637 2557 2890 2615 videlicet
2921 2558 3178 2616 Salomon
3238 2563 3305 2618 de
3355 2563 3596 2628 admisso

2009 2642 2323 2699 idololatria:
2356 2644 2563 2703 scelere
2585 2664 2860 2718 nunquam
2888 2649 3130 2720 perfecte
3154 2652 3428 2722 paenituit.
3459 2654 3594 2712 Nam

2009 2735 2054 2789 si
2118 2735 2322 2805 fructus
2367 2740 2683 2809 pwnitentia:
2724 2741 2911 2811 dignos
2932 2742 3150 2812 faceret,
3179 2752 3451 2817 satageret
3470 2756 3598 2805 ante

2008 2826 2212 2890 omnia,
2243 2834 2301 2879 ut
2328 2826 2490 2888 idola,
2516 2843 2637 2903 quae
2658 2830 3045 2898 mdilicaverat,
3070 2832 3136 2887 de
3160 2832 3382 2891 civitate
3407 2846 3599 2900 sancta

2012 2916 2352 2986 tollerentur,
2401 2928 2455 2973 et
2509 2938 2616 2975 non
2649 2923 2702 2976 in
2755 2915 3068 2979 scandalum
3112 2926 3422 2995 stultorum,
3478 2944 3599 3005 qua:

2008 3008 2145 3079 ipse,
2194 3026 2317 3071 cum
2355 3010 2545 3071 fuisset
2580 3014 3034 3086 sapientissimus,
3090 3032 3319 3074 erronee
3370 3018 3594 3089 fecerat,

2010 3103 2163 3173 quasi
2220 3105 2494 3176 sapienter
2545 3122 2610 3162 ac
2644 3116 2790 3163 recte
2819 3106 2965 3167 facta
2996 3110 3326 3185 reliquisset.
3357 3112 3600 3173 Meminit

2010 3208 2192 3263 supra,
2220 3204 2274 3250 et
2318 3197 2479 3271 bujus
2507 3198 2609 3254 loci
2653 3198 2935 3271 Scriptura
2963 3201 3149 3261 dicens
3182 3222 3196 3258 :
3230 3203 3375 3260 Tunc
3429 3207 3599 3276 aediﬁ-

2006 3286 2141 3339 cavit
2187 3285 2441 3351 Salomon
2470 3290 2653 3357 fanum
2691 3289 2919 3349 Cltamos
2973 3293 3115 3351 idolo
3138 3294 3297 3350 Moab
3322 3297 3375 3351 in
3400 3306 3593 3365 mente,

2004 3377 2184 3447 quiest
2208 3390 2392 3441 contra
2427 3378 2785 3451 Hierusalem,
2827 3395 2876 3440 et
2908 3385 3116 3442 Moloclt
3136 3388 3338 3445 idolum
3360 3390 3597 3460 filiorum

2008 3464 2249 3525 Ammon.
2310 3470 2420 3527 Nec
2472 3471 2641 3528 rideri
2694 3474 2858 3530 debet
2916 3479 3272 3543 contrarium,
3318 3480 3463 3549 quod
3520 3481 3598 3545 ibi

2007 3569 2182 3622 mons,
2225 3557 2278 3612 in
2308 3574 2417 3630 quo
2446 3558 2589 3616 facta
2616 3572 2744 3622 sunt
2771 3565 2889 3620 haec
2915 3565 3081 3632 idola,
3118 3576 3309 3624 contra
3344 3568 3598 3628 Hierusa,

2006 3643 2131 3710 lem,
2185 3648 2275 3702 bic
2305 3649 2360 3703 in
2412 3648 2717 3709 Jerusalem
2741 3669 2864 3711 esse
2906 3657 3115 3727 positus
3146 3657 3430 3724 asseritur,
3467 3662 3596 3730 quia

2006 3735 2260 3790 nimirum
2318 3739 2371 3792 in
2403 3747 2554 3795 tanta
2601 3751 2722 3797 erat
2765 3745 2919 3800 urbis
2948 3746 3141 3801 vicinia
3182 3746 3414 3816 positus,
3443 3732 3505 3814 ut
3527 3751 3599 3813 ad

2008 3824 2178 3894 ipsam
2210 3828 2504 3899 pertinere,
2542 3832 2568 3875 σ
2594 3840 2649 3887 et
2701 3833 2875 3903 ipsam
2910 3850 3124 3907 quoque
3155 3842 3429 3906 sontibus,
3474 3855 3597 3912 qua:

2006 3914 2060 3975 in
2084 3929 2149 3969 eo
2177 3919 2623 3988 congerebantur,
2653 3923 2920 3994 attingere
2952 3925 3244 3987 videretur.
3283 3949 3302 3985 ι

2078 4007 2297 4101 (9.4,ᾼ14
2322 4022 2370 4066 et
2400 4013 2511 4086 15.)
2547 4014 2839 4073 Transtulit
2897 4018 3433 4101 (Nabuchodonosor)
3482 4045 3595 4083 om-

2008 4116 2124 4155 nem
2183 4099 2482 4159 Jerusalem
2538 4117 2588 4161 et
2640 4107 2904 4167 universos
2961 4113 3277 4186 principes:
3324 4099 3595 4174 transtulit

2005 4207 2210 4264 quoque
2230 4193 2474 4249 Joacltim
2503 4197 2558 4252 in
2585 4195 2927 4270 Babylonem,
2957 4213 3003 4264 et
3029 4201 3248 4264 Iudices
3263 4214 3418 4261 terra?
3441 4208 3593 4263 duxit

2005 4284 2061 4341 in
2105 4287 2455 4357 captivitatem
2484 4290 2549 4345 de
2567 4291 2864 4349 Jerusalem
2888 4296 2943 4353 in
2968 4295 3312 4370 Babylonem,
3337 4310 3387 4357 et
3416 4320 3592 4360 omnes

2007 4374 2143 4429 viros
2177 4378 2438 4446 robustos,
2465 4390 2572 4436 etc.
2602 4381 2757 4449 Quod
2791 4385 3034 4444 referens
3069 4390 3136 4444 de
3162 4390 3594 4451 Nabuchodono-

2011 4480 2123 4531 sor,
2165 4469 2291 4537 quia
2338 4473 2676 4528 transtulerit
2719 4492 2933 4532 omnem
2977 4478 3333 4549 Hierusalem,
3366 4497 3423 4542 et
3467 4488 3591 4541 uni-

2008 4573 2197 4614 versos
2242 4561 2534 4631 principes,
2567 4572 2622 4619 et
2652 4581 2840 4621 omnes
2867 4566 3035 4625 fortes
3065 4573 3361 4640 exercitus,
3400 4575 3591 4639 decem

2010 4647 2174 4707 millia
2218 4651 2271 4705 in
2328 4652 2720 4729 captivitatem,
2772 4656 2978 4713 addidit
3026 4655 3304 4732 Scriptum
3359 4665 3588 4737 dicens;

2009 4737 2101 4812 (V.
2144 4741 2229 4814 16)
2264 4742 2331 4798 Et
2362 4763 2564 4809 omnem
2592 4750 2850 4820 artiﬁcem
2881 4762 2929 4807 et
2957 4753 3234 4812 clusorem.

2086 4851 2104 4884 ι
2135 4833 2246 4890 Hoc
2288 4846 2372 4893 est
2406 4842 2550 4911 quod
2591 4858 2752 4914 supra
2787 4844 2962 4901 eidem
3000 4847 3196 4919 populo
3228 4847 3398 4913 Israel
3421 4850 3593 4918 Phili?

2008 4926 2154 4980 stiim
2216 4940 2506 5001 regnantes
2552 4933 2748 4991 fecisse
2796 4946 3125 5006 narrantur,
3181 4955 3305 4998 cum
3351 4942 3589 4997 dicitur:

2011 5015 2061 5087 (1
2088 5017 2215 5088 Reg.
2246 5018 2334 5090 15)
2365 5020 2538 5080 Porro
2566 5023 2714 5092 faber
2737 5025 2994 5096 ferrarius
3024 5045 3128 5083 non
3156 5029 3515 5084 inveniebatur
3539 5032 3595 5086 in

2010 5111 2151 5163 omni
2184 5121 2326 5165 terra
2352 5111 2523 5167 Israel
2549 5127 2568 5166 :
2595 5126 2839 5171 caverant
2858 5119 2996 5172 enim
3019 5116 3328 5186 Philistiim,
3364 5137 3427 5175 ne
3459 5120 3595 5191 forte

2009 5202 2239 5272 facerent
2271 5204 2480 5261 Ilebrwi
2505 5206 2762 5277 gladium,
2805 5220 2899 5263 aut
2937 5211 3196 5266 lanceam.
3254 5212 3409 5268 Sicut
3448 5214 3593 5283 enim

2012 5304 2139 5353 tunc
2165 5297 2238 5353 illi
2262 5307 2544 5364 caverunt,
2582 5313 2652 5353 ne
2696 5299 2958 5354 habentes
2998 5299 3181 5417 fabro?
3206 5302 3464 5369 ferrarios
3496 5303 3597 5363 He:

2092 5434 2112 5472 τ
2154 5434 2515 5506 §ubsequcnti.
2549 5436 2777 5491 Prmstat
2812 5445 2995 5492 nostra
3022 5437 3202 5495 lentio.
3357 5485 3363 5493 .

2088 5504 2212 5585 SrEt
2262 5504 2373 5574 ipsa
2410 5524 2614 5585 quoque
2644 5508 2908 5585 sordibus,
2946 5524 3065 5585 gnte
3110 5510 3167 5565 in
3210 5526 3597 5585 eacongrega-x

2010 5576 2229 5698 banttsr,
2264 5576 2579 5656 attaminare
2616 5578 2898 5633 videretur.
2947 5576 3211 5649 Praestare
3244 5576 3461 5643 videtur
3498 5576 3598 5645 ῖιοτ

2009 5655 2121 5699 stra
2175 5655 2335 5699 ectto.
