3922 6180
395 271 495 332 89⁸1

392 409 544 476 brtei,
578 405 669 484 qui
700 417 851 467 arma
887 401 954 456 ad
979 395 1381 470 repugnandum
1410 392 1651 448 facerent
1684 403 1698 443 :
1731 389 1804 443 ita
1838 399 1984 441 nunc
2013 366 2063 427 Α

393 477 652 562 Chaldaei,
690 507 716 535 ι
754 493 1031 547 destructa
1079 485 1419 544 Hierusalem
1477 492 1534 538 et
1577 488 1788 538 vastata
1833 477 1980 534 omni

393 601 540 646 terra
569 580 1034 654 repromissionis,
1066 580 1095 619 ι)
1124 583 1452 650 sategerunt,
1484 583 1545 629 ut
1591 573 1773 627 nullus
1814 570 1870 624 in
1916 582 1980 621 ea

395 693 418 722 ι
445 682 751 738 remaneret
769 672 988 740 artifex,
1015 671 1192 732 nullus
1213 671 1412 735 clusor,
1435 666 1525 736 qui
1555 664 1636 720 vel
1662 662 1860 718 fmdata
1891 674 1982 714 ur-

391 773 476 828 bis
507 769 707 832 moenia
738 779 1082 841 componere,
1109 763 1194 818 vel
1223 761 1395 841 possit
1420 758 1686 821 resarcire
1709 755 1736 795 ἀ
1763 755 1940 810 diruta
1965 764 1980 805 :

391 862 522 930 quin
570 861 751 930 potius
793 835 1056 935 tfuidquid
1104 835 1243 928 apud
1290 861 1504 928 gentem
1542 847 1982 911 exterminatam,

392 951 531 1006 artis
569 951 910 1014 invenerant,
959 941 1484 1014 totuminBabylouiatu
1531 938 1888 1004 transferunt,
1924 942 1987 988 ut

390 1044 480 1099 vel
509 1044 577 1098 ad
603 1042 831 1105 nihilum
865 1039 1006 1101 ultra
1031 1032 1232 1100 valeat,
1277 1035 1362 1090 vel
1403 1033 1545 1088 illius
1571 1029 1810 1086 civitatis
1840 1025 1986 1081 utili-

395 1136 600 1190 tatibus
622 1133 894 1206 proficiat.
945 1128 1112 1198 Cujus
1138 1137 1248 1182 tam
1276 1124 1532 1182 deflenda:
1565 1121 1829 1185 historiae,
1866 1131 1986 1187 quae

395 1228 623 1283 multum
662 1221 1002 1301 negligentia
1047 1219 1218 1275 nostri
1263 1215 1523 1286 temporis
1562 1213 1833 1283 congruit,
1877 1224 1986 1263 non

395 1320 591 1390 opinor
619 1315 930 1387 allegoriam
950 1327 1072 1375 esse
1099 1312 1450 1374 reticentiam,
1480 1307 1706 1368 Constat
1729 1317 1984 1372 namque,

397 1409 520 1478 quia
565 1404 920 1468 Hierusalem,
962 1410 1016 1463 et
1051 1409 1197 1455 terra
1240 1398 1404 1463 Israel
1452 1396 1723 1452 civitatem
1761 1391 1985 1458 Christi,

397 1497 450 1553 id
473 1505 558 1552 est
587 1495 886 1555 Eeclesiam
915 1499 1160 1548 sanctam
1190 1507 1202 1543 :
1228 1487 1467 1566 Babylon
1489 1493 1693 1556 autem,
1727 1491 1784 1537 et
1823 1480 1987 1542 Chal-

391 1594 520 1659 .dzei,
553 1593 666 1648 sive
710 1589 970 1656 Pbilistaai
1002 1587 1278 1649 civitatem
1321 1581 1538 1646 diaboli,
1574 1580 1627 1636 id
1657 1586 1744 1640 est
1773 1589 1988 1640 omnem

399 1684 778 1754 malignorum,
813 1681 926 1740 sive
953 1679 1254 1742 hominum,
1294 1676 1408 1738 sive
1442 1671 1770 1743 Angelorum
1809 1665 1991 1730 multi—

397 1772 636 1827 tudinem
678 1770 964 1844 designat;
992 1767 1268 1845 servitque
1315 1762 1479 1828 lsrael
1520 1758 1831 1825 Philistteis,
1875 1755 1988 1845 sive

397 1858 683 1924 Chaldmis,
713 1873 837 1913 cum
877 1855 1066 1918 ﬁdeles
1104 1844 1306 1925 quique
1334 1851 1553 1907 nomine
1597 1858 1753 1914 tenus
1792 1847 1848 1911 in
1887 1844 1990 1910 Ec-

395 1951 562 2009 clesia
574 1950 957 2019 consistentes,
986 1955 1246 2009 cancrum
1269 1944 1339 1998 ab
1362 1939 1656 2005 immundis
1675 1937 1762 1999 vel
1785 1935 1990 2013 spiriti-

397 2042 522 2106 bus,
547 2039 630 2094 vel
663 2037 977 2101 bnminibus
1017 2033 1250 2114 decepti,
1282 2039 1377 2094 aut
1422 2029 1685 2095 avaritiae,
1707 2036 1805 2093 aut
1833 2025 1990 2079 luxu-

397 2132 513 2198 rite,
565 2138 660 2184 aut
709 2127 869 2192 alteri
921 2127 1145 2182 cuilibet
1181 2131 1404 2196 peccato
1440 2120 1642 2187 mentis
1682 2116 1820 2181 colla
1859 2115 1989 2171 sub-

397 2222 640 2278 mittunt.
683 2217 920 2282 Abducit
967 2225 1150 2272 autem
1200 2211 1698 2277 Nabuchodonosor
1733 2207 1991 2274 Hierusaq

397 2312 528 2381 lem,
557 2321 613 2368 et
641 2313 928 2375 universos
951 2307 1253 2382 principes,
1286 2304 1563 2384 fortesque
1599 2300 1875 2365 exercitus
1898 2297 1992 2352 de.-

399 2419 517 2462 cem
540 2401 706 2458 millia
732 2399 787 2455 in
814 2398 1208 2477 captivitatem,
1237 2411 1362 2452 eum
1383 2402 1438 2448 et
1460 2392 1751 2466 magistros
1768 2389 1992 2469 populo—

407 2509 552 2561 rum,
579 2487 647 2548 et
673 2506 766 2546 eos
802 2491 894 2569 qui
929 2487 1227 2550 ἰηνὶηεὶὺίιὶ
1277 2486 1459 2550 animo
1490 2482 1720 2548 Domino
1761 2479 1990 2546 servire,

401 2601 470 2641 ac
494 2583 812 2655 decalogum
859 2581 993 2660 legis
1022 2579 1259 2639 ﬁdeliter
1309 2578 1362 2641 in
1392 2576 1489 2631 Dei
1528 2591 1593 2630 ac
1630 2571 1863 2654 proximi
1906 2570 1990 2626 vi-

401 2677 667 2734 debantur
696 2688 882 2729 amore
917 2671 1232 2732 conservari
1254 2710 1269 2735 ,
1325 2669 1506 2732 subito
1563 2666 1678 2721 sive
1723 2662 1993 2725 illecebris

402 2767 613 2832 mundi,
655 2780 752 2820 seu
794 2763 1214 2824 adversitatibus
1252 2760 1484 2826 subacti,
1514 2769 1538 2798 ε
1575 2766 1670 2811 aut
1697 2753 1994 2825 majoribus

401 2857 648 2929 polluunt
669 2871 726 2912 se
747 2854 1100 2919 facinoribus,
1132 2861 1225 2909 aut
1261 2860 1406 2907 certe
1434 2850 1492 2915 in
1530 2847 1784 2912 haeresim
1828 2844 1996 2902 decli-

403 2947 599 3010 nando,
632 2955 832 3018 aperta:
873 2945 1158 3015 apostasia:
1199 2943 1220 2983 ί
1274 2957 1468 2998 nomen
1515 2940 1776 3005 incidunt.
1828 2937 1994 2992 Arma

402 3054 554 3103 vero,
587 3039 784 3109 quibus
808 3045 998 3092 contra
1034 3033 1310 3090 diabolum
1349 3038 1732 3110 repugnantes,
1771 3026 1995 3091 liberta-

406 3140 514 3185 tem
543 3145 573 3183 a
604 3093 723 3184 ‘Deo
752 3127 909 3183 nobis
941 3129 1195 3182 donatam
1231 3093 1590 3190 defendimus,
1627 3123 1653 3162 ε
1688 3093 1818 3198 quid
1866 3126 1994 3183 sunt
2019 3093 2065 3157 δ

405 3221 576 3285 aliud,
609 3221 712 3274 nisi
739 3219 952 3289 eloquia
981 3217 1410 3287 Scripturarum,
1439 3216 1490 3268 in
1518 3215 1714 3283 quibus
1741 3220 1797 3267 et
1825 3211 1997 3282 ipsius

409 3311 642 3375 Domini,
666 3318 722 3364 et
741 3318 1052 3363 sanctorum
1076 3305 1193 3374 ejus
1205 3305 1489 3376 exemplis,
1513 3319 1620 3374 quo
1639 3303 1831 3358 ordine
1855 3302 1996 3363 bella

405 3401 662 3454 vitiorum
699 3398 948 3469 superari
989 3397 1236 3462 debeant,
1290 3395 1409 3448 luce
1457 3394 1656 3448 clarius
1691 3392 1997 3448 discimus?

408 3490 513 3546 Sed
559 3491 814 3546 Philisttei
857 3489 997 3544 ﬁlios
1025 3487 1190 3542 Israel
1219 3486 1390 3542 fabris
1438 3500 1712 3540 armorum
1758 3484 1994 3562 privant,

405 3601 530 3641 cum
562 3583 780 3655 maligni
813 3583 1037 3652 spiritus
1067 3580 1279 3635 animos
1308 3577 1544 3638 fidelium
1578 3592 1609 3634 a
1648 3574 1999 3634 meditatione

407 3692 580 3732 sacra:
625 3676 872 3730 lectionis
898 3716 912 3740 ,
959 3673 1238 3734 saecularia
1277 3671 1380 3735 illis
1429 3670 1640 3740 negotia
1686 3668 1995 3738 inserendo,

408 3767 686 3822 retardant
716 3783 728 3819 :
753 3779 820 3820 ne
843 3765 926 3820 vel
953 3765 1052 3838 ipsi
1085 3779 1182 3845 per
1210 3763 1370 3844 hujus
1391 3761 1710 3824 exercitium
1740 3758 2000 3813 resisten-

407 3859 460 3915 di
504 3859 752 3914 fiduciam
786 3864 1023 3921 sumant,
1064 3855 1149 3911 vel
1181 3854 1314 3909 alios
1360 3851 1523 3918 forte,
1559 3851 1652 3922 qui
1687 3851 1868 3922 legere
1899 3866 1996 3905 neg-

409 3955 610 4018 sciunt,
636 3953 703 4007 ad
734 3950 1094 4016 resistendum
1115 3947 1280 4011 vitiis,
1313 3945 1648 4010 exhortando
1693 3929 1786 4007 aut
1828 3942 1999 4005 corri-

410 4045 609 4115 piendo
657 4041 975 4107 accendant.
1027 4039 1242 4094 Tollunt
1287 4036 1471 4092 fabros
1512 4050 1812 4099 armorum,
1873 4048 1998 4097 eum

409 4151 524 4200 eos,
556 4135 648 4215 qui
685 4148 841 4189 sacra
870 4131 1083 4201 eloquia
1121 4139 1339 4197 norunt,
1374 4129 1426 4183 in
1459 4134 1667 4181 tantum
1700 4124 1998 4186 sceleribus

409 4230 667 4292 obruunt,
695 4235 753 4280 ut
793 4227 974 4282 dicere
1003 4225 1166 4291 bona,
1206 4240 1325 4294 quae
1352 4225 1378 4264 ιι
1419 4221 1729 4286 didicerint,
1775 4235 1998 4290 prorsus

408 4320 752 4385 erubescant.
803 4315 1164 4384 Transferunt
1207 4331 1422 4371 omnem
1488 4315 1751 4370 artiﬁcem
1789 4321 1843 4368 et
1883 4312 1998 4368 clu-

1457 252 1734 313 CLAUDll
1772 247 2237 309 TAUBINENSIS
2275 244 2578 305 EPlSCOPI

2087 361 2433 434 compellunt.
2477 357 2634 427 Quod
2655 355 2699 412 si
2722 354 2990 411 clusorem
3024 349 3128 406 hoc
3180 345 3320 410 loco,
3353 359 3463 400 non
3503 342 3670 398 ostio-

2085 470 2226 518 rum,
2254 452 2368 507 sive
2398 463 2698 513 murorum,
2727 444 2822 500 sed
2845 442 2966 498 auri
2991 439 3191 512 potius,
3227 449 3674 512 gemmarumque

2087 544 2386 614 intelligere
2415 540 2768 601 voluerimus,
2803 536 2871 591 ad
2905 547 3072 588 unum
3100 527 3362 601 profecto,
3390 525 3672 580 eumdem-

2084 648 2189 704 que
2215 631 2474 702 spiritalis
2497 627 2763 699 expositio
2792 625 2954 680 ﬁnem
2978 620 3218 690 respicit.
3265 617 3479 672 Dictum
3513 615 3673 686 quip-

2085 740 2152 795 pe
2179 733 2264 780 est
2294 725 2357 777 de
2383 722 2659 792 Sapientia
2690 740 2702 773 :
2737 717 2924 789 (Prov.
2950 731 3046 780 xx,
3073 713 3162 785 15)
3193 711 3331 777 Quia
3357 725 3550 763 auram
3571 717 3671 772 est,

2084 824 2133 870 et
2164 813 2443 869 multitudo
2466 827 2788 883 gemmarum
2809 823 2827 860 :
2851 817 3014 878 atque
3044 806 3164 860 ideo
3190 803 3431 858 clusores
3453 801 3670 861 borum,

2085 921 2192 960 non
2221 905 2353 959 alios
2377 904 2575 973 aptius,
2604 916 2763 971 quam
2794 900 3048 954 doctores
3075 894 3375 964 intelligere
3405 891 3672 953 valemus,

2085 999 2177 1069 qui
2213 997 2450 1068 quandiu
2500 1003 2646 1050 recte
2691 994 2897 1056 vivunt,
2945 1006 3010 1045 ac
3055 989 3269 1051 docent,
3310 986 3365 1040 in
3419 992 3674 1038 ornatum

2087 1097 2289 1145 sanctae
2311 1087 2545 1143 civitatis
2577 1083 2897 1140 industriam
2925 1094 3036 1135 suae
3057 1078 3194 1133 artis
3224 1073 3567 1145 impendunt.
3604 1072 3679 1126 At

2086 1183 2132 1237 si
2170 1181 2309 1236 forte
2343 1177 2689 1242 erraverint,
2736 1173 2866 1244 quid
2903 1171 3006 1226 nisi
3062 1186 3093 1224 a
3139 1183 3267 1240 rege
3301 1165 3678 1221 Chaldaeum

2087 1271 2284 1341 captivi
2304 1267 2652 1340 Babyloniam
2681 1259 3124 1319 transferuntur?
3161 1257 3444 1339 Artificem
3475 1262 3534 1309 et
3562 1253 3680 1309 clu-

2087 1337 2267 1419 sorem
2290 1362 2359 1416 ab
2381 1337 2766 1428 Hierosolymis
2786 1353 3132 1426 Babyloniam
3157 1337 3573 1417 transmigrare,
3596 1353 3683 1400 est

2088 1453 2347 1508 talentum
2359 1449 2509 1506 verbi
2531 1448 2744 1504 ett-litus
2763 1455 3045 1516 acceptum
3069 1443 3122 1496 iu
3143 1430 3287 1495 terra
3299 1436 3476 1493 defodi
3486 1478 3502 1502 ,
3531 1437 3583 1491 id
3596 1443 3682 1490 est

2087 1544 2371 1602 scientiam
2385 1539 2718 1613 spiritualem
2735 1537 2802 1593 ad
2815 1544 3159 1608 peccatorum
3174 1546 3338 1613 opera
3363 1531 3633 1585 converti.
3657 1549 3676 1581 ι

2162 1635 2292 1690 Post
2321 1608 2440 1690 haec
2475 1629 2641 1686 refert
2671 1628 2977 1699 Scriptura,
3009 1628 3160 1696 (xxv,
3190 1608 3243 1688 Β,
3275 1619 3330 1684 6,
3355 1617 3487 1689 etc.)
3535 1618 3682 1688 quod

2016 1738 2064 1797 Β
2091 1725 2387 1796 fugientem
2412 1737 2592 1794 mem
2627 1719 2950 1776 Sedechiam
2991 1716 3062 1770 ab
3107 1713 3352 1769 exercitu
3399 1709 3685 1765 Chaldaeo-

2090 1832 2231 1882 rum,
2258 1814 2766 1886 apprehensumque
2794 1810 3066 1864 duxerunt
3091 1806 3159 1860 ad
3182 1817 3366 1874 regem
3389 1800 3684 1872 Babylonis

2088 1907 2147 1964 in
2177 1905 2468 1970 ReNatba,
2495 1903 2589 1974 qui
2619 1901 2832 1958 locutus
2856 1905 2942 1954 est
2967 1911 3091 1952 cum
3122 1909 3189 1951 eo
3207 1893 3472 1964 judicium
3502 1890 3684 1946 :tilios

2089 2003 2272 2051 autem
2315 1992 2595 2050 Sedechia
2637 1990 2837 2046 occidit
2871 2000 3058 2043 coram
3095 1999 3194 2048 eo,
3245 1993 3304 2039 et
3335 1980 3526 2038 oculos
3565 1978 3685 2047 eius

2088 2086 2292 2151 eﬂ’odit,
2333 2083 2616 2156 ﬁnxitque
2645 2097 2770 2139 eum
2808 2079 3038 2146 catenis,
3084 2085 3142 2133 et
3187 2076 3414 2134 adduxit
3459 2074 3519 2130 in
3572 2073 3682 2128 Ba-

2089 2176 2365 2249 bylonem.

2168 2287 2184 2327 i
2222 2302 2240 2336 ι
2273 2283 2413 2339 Dum
2458 2281 2742 2353 Scriptura
2789 2293 2945 2346 saera
2973 2276 3265 2339 "Sedeclllc
3305 2273 3682 2346 captivitatem

2094 2383 2280 2430 narrat
2301 2414 2316 2439 ,
2366 2372 2613 2429 ordinem
2672 2369 3004 2440 captivitatis
3058 2368 3287 2423 interna:
3342 2364 3681 2421 denuntiat:

2093 2464 2208 2520 Rex
2236 2465 2436 2536 quippe
2467 2461 2758 2534 Babylonis
2795 2469 2880 2523 est
2917 2460 3172 2530 antiquus
3212 2455 3227 2509 i
3275 2471 3564 2529 possessor
3600 2455 3682 2512 ln-

2095 2557 2239 2623 timte
2269 2541 2626 2618 confusionis,
2652 2553 2745 2622 qui
2768 2553 2920 2624 prius
2945 2549 3086 2606 ﬁlios
3113 2556 3242 2604 ante
3266 2547 3530 2604 intuentis
3555 2562 3683 2602 ocu—

2092 2645 2174 2701 los
2211 2644 2466 2708 trucidat,
2504 2643 2632 2714 quia
2661 2631 2805 2712 saepe
2834 2641 2914 2697 sic
2940 2641 3082 2696 bona
3113 2653 3278 2711 opera
3311 2636 3588 2701 interﬁcit,
3625 2645 3682 2690 ut

2093 2743 2208 2798 hzec
2232 2755 2292 2794 se
2317 2739 2570 2794 amittere
2605 2738 2742 2806 ipse,
2769 2735 2860 2807 qui
2895 2742 3085 2806 captus
3112 2741 3217 2802 est,
3255 2731 3444 2789 dolens
3471 2739 3680 2786 cernat.

2093 2831 2230 2888 Nam
2258 2832 2284 2870 ¹ι
2307 2829 2474 2902 gemit
2490 2813 2804 2900 plerumque
2828 2825 3064 2893 animus,
3087 2833 3144 2880 et
3167 2833 3345 2880 tamen
3367 2823 3553 2878 carnis
3574 2837 3682 2888 sua

2095 2923 2540 2984 delectationibus
2593 2922 2800 2987 victus,
2842 2921 3019 2987 bona,
3067 2934 3188 2989 quae
3233 2918 3439 2990 genuit,
3493 2931 3683 2980 amans

2094 3014 2294 3094 perdit,
2319 3022 2374 3069 et
2405 3027 2526 3098 qua:
2548 3012 2756 3083 patitur
2778 3011 2973 3066 damna
2998 3010 3331 3073 considerat,
3365 3024 3470 3065 nec
3503 3015 3681 3074 tamen

2095 3106 2316 3173 virtutis
2357 3104 2640 3170 brachium
2685 3109 2877 3157 contra
2919 3116 3100 3172 regem
3148 3099 3444 3170 Babylonis
3491 3099 3680 3167 levat;

2098 3200 2193 3255 sed
2231 3197 2358 3252 dum
2401 3193 2588 3249 videns
2625 3191 2878 3262 nequitia:
2923 3189 3324 3262 perpetratione
3364 3188 3683 3264 percutitur,

2099 3292 2169 3347 ad
2195 3292 2297 3346 hoc
2331 3287 2347 3327 ι
2378 3301 2592 3358 quoque
2611 3296 2838 3357 peccato
2862 3283 3268 3353 superducitur,
3298 3290 3355 3335 ut
3399 3281 3518 3350 ipso
3557 3295 3685 3358 quo-

2097 3398 2205 3454 que
2246 3354 2474 3436 rationis
2501 3354 2704 3434 lumine
2734 3377 2997 3447 privetur.
3047 3375 3200 3430 Unde
3245 3361 3536 3444 Babylbnis
3571 3354 3684 3436 rex,

2098 3476 2355 3532 extinctis
2403 3475 2556 3554 prius
2595 3472 2740 3537 filiis,
2806 3468 3085 3525 Sedechiae
3125 3467 3313 3523 oculos
3357 3467 3521 3530 eruit,
3565 3465 3685 3536 quia

2099 3568 2366 3637 malignus
2412 3565 2636 3636 spiritus
2681 3562 2962 3618 subductis
3004 3559 3156 3630 prius
3199 3558 3356 3612 bonis
3398 3556 3682 3637 operibus,

2097 3667 2220 3730 post
2243 3636 2616 3728 intelligentiae
2642 3654 2822 3708 lumen
2851 3651 3008 3716 tollit,
3044 3651 3186 3720 quod
3214 3659 3363 3704 recte
3393 3636 3684 3710 sedechias

2101 3751 2154 3805 in
2206 3749 2471 3804 Reblatha
2514 3747 2738 3819 patitur.
2780 3745 3046 3800 Reblatha
3087 3743 3306 3812 quippe,
3348 3740 3519 3802 multa
3560 3741 3680 3808 Ιιιεε,

2099 3841 2507 3911 interpretatur.
2566 3838 2628 3892 Ei
2656 3837 2800 3892 enim
2829 3833 3154 3906 quandoque
3184 3843 3239 3887 et
3263 3833 3441 3887 lumen
3467 3831 3684 3901 rationis

2101 3941 2140 3970 ιι·
2167 3929 2468 3994 claudetur,
2499 3927 2588 3999 qui
2611 3942 2778 3997 pravo
2806 3940 2908 3980 usu
2937 3941 3003 3980 ex
3029 3923 3334 3994 iniquitatis
3369 3938 3482 3978 sua:
3516 3922 3684 3980 multi-

2100 4020 2285 4076 tudine
2311 4026 2589 4089 gravatur.
2633 4037 2652 4070 ι

2173 4140 2202 4168 ιι
2241 4129 2395 4185 Sicut
2436 4129 2582 4184 enim
2622 4136 2817 4199 quarta
2853 4127 2940 4182 die
2979 4126 3179 4183 coelum
3225 4125 3280 4195 in
3331 4123 3490 4192 initio
3546 4137 3683 4192 crea-

2100 4235 2346 4281 turarum
2402 4224 2764 4280 luminaribus
2815 4230 3065 4276 ornatum
3095 4221 3324 4286 exstitit,
3381 4219 3454 4280 ita
3503 4227 3683 4287 quarta

2096 4325 2257 4381 aetate
2279 4316 2465 4371 mundi
2493 4314 2821 4370 Israelitieus
2853 4311 3081 4382 populus
3124 4310 3331 4367 caelesti
3381 4309 3486 4365 ﬁde
3523 4307 3682 4377 incly-

411 4427 597 4507 sorern
617 4411 672 4507 in
701 4411 1049 4484 Babyloniam
1085 4409 1150 4464 de
1180 4408 1536 4471 Hierusalem,
1579 4423 1702 4463 cum
1747 4422 1859 4470 eos,
1905 4405 1995 4476 qui
2023 4448 2076 4507 Β
2102 4415 2189 4462 tus
2218 4448 2233 4472 ,
2275 4422 2306 4461 a
2342 4405 2628 4477 Prophetis
2656 4445 2670 4470 ,
2710 4402 2864 4474 quasi
2905 4417 2936 4455 a
2973 4400 3142 4463 stellis
3194 4399 3525 4466 illuminatus
3552 4438 3567 4461 ,
3602 4409 3681 4450 re-

411 4502 709 4565 multif‘aria
733 4502 990 4556 virtutum
1017 4501 1332 4572 operatione
1364 4499 1611 4569 pluribus
1638 4499 1916 4569 prodesse,
1945 4505 2000 4551 et

410 4595 690 4650 civitatem
715 4591 810 4652 Dei
837 4601 1028 4650 contra
1053 4575 1380 4672 irruptiones
1404 4591 1760 4645 tentationum
1787 4588 2002 4644 munire

412 4683 679 4748 solebant,
735 4702 767 4738 a
804 4684 1082 4766 proposito
1119 4681 1411 4742 deflectunt
1435 4722 1448 4748 ,
1499 4691 1661 4752 atque
1701 4681 2000 4750 ingenium,

410 4776 556 4846 quod
579 4775 792 4850 tuitioni
831 4781 1031 4829 sancta:
1058 4772 1311 4827 Ecclesia:
1340 4771 1651 4850 impendere
1680 4771 2001 4835 debuerant,

411 4845 480 4923 ad
526 4845 857 4921 voluntatem
912 4865 1091 4934 potius
1147 4861 1292 4932 regis
1337 4845 1633 4925 vitiorum,
1687 4861 2003 4928 dispensare

487 5096 512 5124 ι
567 5081 782 5147 ναδῑαια
806 5078 1102 5140 Jerusalem
1132 5088 1179 5134 et
1219 5078 1362 5137 omni
1413 5085 1576 5135 terra.
1627 5077 1895 5138 Prmsiare
1922 5079 2005 5133 vi.

419 5153 576 5210 detur
603 5161 787 5208 nostra
813 5150 992 5206 lectio.

489 5224 518 5265 ιι
554 5221 837 5294 Satagunt.

490 5305 515 5334 ο
554 5293 866 5348 Remanent.

492 5363 520 5403 ά
559 5363 806 5432 Dirupta.

497 5445 521 5473 ο
557 5451 589 5486 a
620 5447 638 5483 :
663 5431 884 5502 praestat
906 5441 1086 5487 nostra
1111 5431 1290 5496 lectio,

503 5502 522 5542 ί
567 5511 764 5556 notam.

505 5574 531 5612 ⁸
571 5571 722 5636 Qua.

499 5639 526 5678 ιι
569 5639 882 5692 didicerant.

505 5709 519 5748 ί
569 5705 964 5772 Subsequentia
992 5709 1197 5766 lineolis
1226 5721 1405 5769 notata
1429 5714 1677 5778 l’atertus
1710 5730 1774 5768 ex
1809 5712 2009 5781 Grego-

2102 4515 2210 4570 gno
2261 4499 2428 4553 David
2483 4506 2539 4552 et
2605 4497 2910 4552 Salomonis
2955 4495 3258 4567 gloriosus,
3311 4491 3494 4560 templi
3532 4491 3682 4560 etiam

2104 4589 2432 4646 sanctissimi
2469 4589 2776 4654 altitudine,
2811 4595 2926 4642 toto
2963 4595 3049 4640 est
3086 4585 3400 4640 nobilitatus
3443 4583 3495 4651 in
3544 4581 3680 4647 prbe.

2106 4682 2213 4737 Sed
2237 4681 2447 4751 accepit
2476 4695 2777 4751 vesperam,
2803 4681 3040 4749 quando,
3070 4674 3541 4733 crebrescentibus
3565 4687 3681 4744 pec-

2105 4773 2263 4838 catis,
2295 4787 2522 4844 regnum
2557 4771 2686 4827 illud
2717 4787 2747 4824 a
2770 4769 3037 4825 Chaldaeis
3065 4767 3404 4837 dissipatum,
3439 4763 3682 4834 templum

2107 4862 2369 4928 dirutum,
2394 4872 2448 4919 et
2463 4871 2572 4917 tota
2595 4876 2728 4931 gens
2751 4862 2840 4916 illa
2859 4862 3016 4927 estin
3037 4857 3386 4940 Babyloniam
3412 4855 3680 4924 translata.

2106 5080 2189 5135 rio
2207 5082 2524 5153 desumpsit,
2551 5081 2962 5153 idecqueetiam
2985 5079 3260 5153 Claudius.
3289 5078 3525 5153 Consule
3547 5091 3679 5133 num.

2106 5166 2321 5228 xxxvii,
2344 5149 2466 5228 cap.
2501 5153 2588 5228 id,
2618 5149 2747 5228 olim
2775 5151 2864 5217 16,
2892 5151 3016 5206 libri
3041 5166 3114 5206 vu
3141 5149 3326 5207 Moral.

2180 5221 2193 5270 ἱ
2243 5221 2471 5278 Additur
2493 5239 2506 5276 :
2532 5223 2714 5280 hostis.

2179 5292 2205 5362 'f
2246 5293 2380 5346 bona
2409 5293 2593 5362 gignit.

2187 5360 2204 5400 ι
2246 5360 2558 5434 quandoque
2581 5362 2777 5434 peccati
2809 5378 2922 5420 usu.

2184 5444 2223 5471 ιη
2252 5432 2540 5486 clauditur.

2185 5513 2212 5540 ιι
2252 5502 2382 5568 Quae
2407 5508 2707 5572 sequuntur
2738 5501 2950 5572 lineolis
2984 5499 3210 5572 minime
3234 5507 3418 5572 nntata
3462 5499 3517 5556 in
3551 5494 3682 5572 nulli!

2111 5565 2328 5629 vetusto
2374 5565 2642 5642 scriptore
2680 5573 2859 5634 inveni
2889 5591 2900 5636 ς
2925 5565 3301 5642 Augustiniatii
3343 5579 3522 5634 tamen
3571 5565 3684 5640 styli

2111 5644 2356 5700 nonnihil
2381 5643 2598 5706 habent.
