3924 6170
935 237 1400 318 QUASSTIONES
1436 235 1586 294 XXX
1623 233 1853 298 SUPER
1888 232 2135 294 LIBROS
2172 236 2439 298 REGUM.
2477 268 2548 280 —-
2584 237 2786 293 LIBER
2825 233 2910 292 IV.

3449 236 3554 294 δη

293 359 346 431 (1
367 359 492 416 Cor.
515 373 605 424 xv,
627 357 720 428 ει)
739 355 952 428 quando
979 354 1258 410 tradiderit
1285 367 1501 425 regnum
1529 349 1662 416 Deo,
1685 359 1734 406 et
1761 347 1871 404 Pa-
1897 348 1950 410 Α
1974 347 2210 404 divinam
2251 350 2308 405 in
2357 351 2533 420 capite
2576 352 2907 417 unctionem,
2955 365 3064 406 non
3098 348 3266 408 lorica
3308 349 3550 420 indutus,

287 453 381 520 tri,
413 461 464 507 et
491 448 810 506 manaverit
829 448 1154 519 principatus
1182 458 1229 500 ι.

360 634 516 709 (Cap.
536 651 625 700 xv,
651 634 728 706 t.)
751 633 960 704 Qua-ris
979 634 1163 696 etiam,
1186 646 1307 687 cum
1337 631 1598 687 Dominus
1633 629 1870 686 misisset

287 725 416 780 Saul
439 735 723 794 percutere
749 731 1064 794 peccatores
1089 721 1372 786 Amalech,
1403 720 1557 791 (vers.
1583 718 1637 791 6)
1657 734 1758 774 cur
1775 734 1870 788 pe-

284 814 460 886 percit
482 814 705 878 Chineo,
735 814 922 868 dicens
940 819 1062 882 post
1079 826 1251 882 pauca
1275 829 1286 865 :
1314 809 1393 864 Tu
1412 811 1550 866 enim
1573 809 1743 878 fecisti
1766 809 1868 862 mi-

283 903 628 961 sericordiam
657 919 775 956 cum
808 902 1045 957 omnibus
1073 901 1199 971 ﬁliis
1232 899 1426 965 Israel,
1465 916 1586 954 cum
1622 900 1870 955 ascende—

283 1004 400 1051 rent
438 994 504 1048 de
529 992 782 1064 Egypto.
830 993 899 1047 Et
919 992 1046 1048 inde
1073 991 1272 1062 quaeris
1296 990 1418 1060 quis
1449 989 1614 1044 fuerit
1635 990 1721 1044 hic
1748 989 1870 1044 Clui-

282 1106 436 1154 neus,
489 1095 546 1144 et
588 1086 679 1140 ubi
723 1086 950 1157 legitur,
997 1085 1138 1140 hanc
1181 1083 1377 1140 fecisse
1417 1081 1867 1139 misericordiam.

280 1178 523 1234 Cluneus
573 1176 750 1232 dictus
796 1183 882 1231 est
936 1173 1141 1243 familia
1187 1172 1366 1244 populi
1418 1172 1754 1228 descendens
1802 1189 1870 1228 ex

280 1269 456 1340 stirpe
481 1267 668 1322 Hietro
685 1266 862 1321 soceri
893 1265 1082 1337 Moysi,
1109 1265 1268 1335 quiet
1281 1265 1388 1320 alio
1401 1265 1619 1322 nomine
1632 1263 1871 1335 Raguliel

279 1359 462 1414 dictus
474 1364 557 1412 est
574 1374 586 1410 ε
603 1356 660 1410 1ιὶ
670 1355 815 1410 enim
829 1363 1048 1426 propter
1059 1354 1318 1410 honorem
1334 1354 1430 1409 Dei
1441 1353 1562 1410 coeli
1572 1394 1587 1419 ,
1603 1353 1756 1423 cujus
1771 1353 1870 1407 mi-

279 1449 475 1504 rabilia
489 1463 586 1519 per
597 1446 1215 1517 Moyseucognoverunt,
1231 1445 1396 1515 etipsi
1421 1461 1518 1515 per
1539 1459 1710 1501 annos
1731 1460 1868 1515 qua-

279 1539 531 1609 draginta
544 1538 596 1592 in
610 1538 824 1593 deserto
837 1535 1106 1591 viderunt.
1139 1533 1294 1591 Circa
1309 1551 1468 1605 quem
1481 1537 1754 1591 desertum
1768 1536 1868 1605 ipsi

280 1630 683 1695 habitaverunt,
703 1634 758 1682 et
779 1626 980 1681 idcirco
1000 1625 1312 1688 familiares,
1341 1635 1396 1682 et
1415 1625 1684 1690 benevoli,
1705 1633 1866 1695 atque

1971 457 2078 496 non
2103 448 2382 512 protectus
2408 444 2618 514 clypeo,
2644 460 2750 499 non
2783 443 2903 500 telis
2923 445 3190 511 munitus,
3217 445 3312 501 sed
3348 445 3556 502 habens

1971 531 2402 589 benedictionem
2428 534 2522 591 Dei
2547 536 2788 592 omnium
2819 535 3200 604 potentiorem.
3243 533 3399 603 Quod
3423 551 3556 608 ergo

1969 637 2107 692 opus
2141 629 2280 688 erat,
2311 623 2439 693 quia
2466 639 2572 680 non
2607 623 2864 680 credebat
2902 639 3016 690 rex,
3065 633 3288 682 coactus
3323 634 3408 681 est
3437 624 3554 696 jam

1969 715 2199 770 virtutes
2238 730 2516 785 exponere
2549 731 2676 772 suas
2713 733 2731 770 :
2775 715 3029 784 Dixitque
3064 716 3234 772 David
3266 717 3335 772 ad
3371 733 3556 788 regem

1972 805 2024 876 (Ι
2055 805 2183 877 Reg.
2200 821 2334 872 xvu,
2356 823 2488 861 vers.
2517 806 2610 872 54,
2632 806 2702 861 35
2730 815 2777 860 et
2799 804 2892 876 56)
2917 825 2929 860 :
2962 803 3217 861 Paseebat
3238 823 3420 862 seruus
3433 817 3557 864 tuus

1969 900 2136 968 patris
2173 898 2257 954 sui
2288 914 2512 969 gregem,
2539 907 2589 952 et
2611 897 2843 978 veniebat
2865 896 2966 962 leo,
3006 897 3086 951 uel
3113 914 3288 964 ursus,
3320 899 3548 956 tollebat-

1969 1005 2068 1057 que
2095 989 2311 1042 arietem
2333 988 2400 1042 de
2419 987 2591 1042 medio
2617 988 2807 1058 gregis,
2831 995 2883 1040 et
2905 987 3158 1058 sequebar
3193 1004 3302 1052 eos,
3347 997 3398 1042 et
3440 1005 3556 1059 per-

1971 1078 2245 1141 eutiebam,
2271 1077 2616 1148 erusbansgue
2659 1076 2725 1132 de
2759 1093 2940 1132 eorum
2981 1095 3071 1132 ore
3102 1078 3360 1148 prtedasn,
3393 1088 3442 1134 et
3478 1080 3557 1134 illi

1971 1165 2349 1235 consurgebant
2386 1165 2664 1220 aduersum
2699 1182 2803 1232 me,
2825 1175 2873 1220 et
2920 1167 3368 1237 apprehendebam
3413 1185 3556 1224 meu-

1970 1267 2082 1311 tum
2108 1273 2308 1322 eorum,
2336 1266 2382 1311 et
2409 1257 2754 1327 su/rocabam,
2774 1258 3251 1330 interﬁciebamque
3281 1277 3390 1316 eos.
3437 1261 3555 1315 Erit

1971 1346 2132 1415 igitur
2157 1356 2205 1400 et
2234 1345 2538 1401 Philistwus
2565 1347 2650 1401 hic
2679 1347 3097 1414 incircumcisus,
3124 1352 3277 1422 quasi
3311 1368 3448 1406 unus
3489 1368 3556 1407 ea:

1971 1435 2065 1489 eis.
2120 1433 2360 1490 Credidit
2395 1450 2492 1490 rex
2530 1435 2668 1506 signi
2708 1438 3080 1507 magnitudine
3116 1451 3460 1510 provocatus,
3500 1453 3556 1497 et

1971 1525 2110 1579 dixit
2137 1525 2203 1579 ad
2231 1525 2398 1579 David
2422 1542 2436 1579 :
2465 1524 2694 1580 Induere
2732 1534 3008 1588 armatura
3049 1546 3187 1596 mea,
3220 1541 3272 1584 et
3299 1533 3376 1586 sic
3405 1547 3556 1603 egre-

1971 1613 2112 1667 dere.
2155 1612 2306 1680 Quod
2333 1627 2454 1670 cum
2481 1612 2717 1680 fecisset,
2731 1613 2886 1682 juxta
2917 1631 3123 1672 morem
3165 1620 3415 1691 progredi
3446 1637 3556 1676 non

279 1718 440 1774 amici
469 1692 998 1787 ﬁliislsrael,populo
1009 1715 1490 1772 videliectllebrceo
1519 1729 1734 1785 semper
1760 1692 1865 1769 fue-

1973 1701 2206 1768 valebat,
2231 1703 2357 1773 quia
2383 1719 2490 1758 non
2520 1704 2866 1774 permittebat
2890 1706 2994 1762 hoc
3027 1706 3146 1762 ﬁeri
3179 1707 3341 1779 Deus.
3392 1709 3553 1766 Scili-

281 1821 430 1878 runt,
452 1820 508 1868 ct
527 1813 642 1884 ipsa
665 1828 693 1867 a
722 1809 991 1876 Samuele,
1023 1808 1150 1865 Saul
1172 1808 1456 1864 recordata
1469 1815 1554 1863 est
1565 1807 1868 1862 misericor-

280 1905 393 1970 dia,
417 1920 578 1974 quam
603 1903 924 1968 ﬁliislsrael,
939 1901 1153 1972 quando
1164 1900 1492 1956 exicruntde
1504 1897 1763 1970 Egypto,
1778 1912 1870 1953 ex-

281 1995 589 2050 hibuerunt.
631 1994 708 2048 De
719 1995 820 2049 hac
831 1994 999 2064 stirpe
1011 1993 1112 2048 fuit
1127 1993 1154 2032 ι’
1169 1992 1312 2048 Aber
1322 1991 1559 2047 Chincus
1571 1991 1654 2045 vir
1665 1999 1868 2046 sanctae

282 2081 710 2148 mulierisJabel,
726 2083 877 2155 (Jud.
893 2099 968 2148 xv,
987 2083 1206 2154 l7)qu-.e
1221 2083 1274 2136 in
1290 2082 1526 2138 tentorio
1547 2095 1645 2135 suo
1669 2082 1868 2135 occidit

281 2172 522 2228 Sisaram
548 2174 762 2228 hostem
784 2173 1014 2229 ﬁliorum
1038 2172 1221 2236 Israel,
1248 2172 1438 2226 ducem
1453 2172 1594 2242 regis
1608 2182 1629 2211 ε
1649 2170 1862 2228 Gabini.

1006 2261 1132 2316 VIII.

353 2354 589 2424 Inquiris
635 2353 812 2408 adhuc
855 2369 953 2408 cur
1017 2352 1234 2408 Samuel
1283 2353 1434 2423 Agag
1497 2352 1609 2421 regi
1670 2352 1870 2407 dixerit

282 2442 339 2515 (Ι
368 2444 497 2513 Reg.
533 2459 624 2509 xv,
654 2443 746 2514 53)
774 2459 789 2496 :
815 2442 1023 2498 Siccine
1052 2451 1261 2513 separat
1294 2458 1482 2495 amara
1515 2441 1703 2494 mors?
1731 2440 1868 2496 Cum

284 2538 391 2592 hoc
418 2551 523 2591 non
555 2534 771 2591 Samuel
789 2535 958 2604 Agag,
986 2535 1082 2590 sed
1102 2534 1251 2606 Agag
1272 2533 1602 2588 occidendus
1632 2531 1868 2589 Samueli

284 2631 501 2685 dixerit.
557 2630 787 2684 Verbum
817 2629 940 2693 hoc,
961 2627 1103 2698 quod
1123 2627 1370 2698 inquiris,
1393 2627 1522 2696 quid
1541 2626 1612 2681 sit
1630 2627 1822 2680 siccius
1841 2626 1871 2679 2

283 2737 392 2776 non
425 2729 620 2774 natura
643 2720 728 2775 sui
765 2719 820 2774 in
855 2719 967 2790 ipsa
1012 2718 1264 2783 historia,
1299 2719 1396 2772 sed
1423 2717 1734 2786 interpretis
1773 2731 1868 2772 vo-

279 2813 604 2884 luptuositas
657 2811 784 2866 fecit
833 2811 1143 2866 obscurum.
1201 2809 1330 2863 Tale
1378 2816 1465 2863 est
1505 2808 1673 2873 enim,
1720 2807 1867 2876 quod

279 2901 662 2958 dicitzsiecine
687 2919 700 2955 :
727 2900 874 2956 velut
900 2902 944 2955 si
969 2900 1200 2966 diceret;
1239 2900 1318 2953 sic
1357 2907 1597 2968 separat,
1645 2906 1738 2952 aut
1785 2907 1866 2953 ta-

277 2991 406 3048 liter
427 3002 643 3063 separat
671 3009 857 3049 amara
891 2993 1078 3048 mors?
1117 2992 1246 3048 Tale
1283 2992 1425 3062 quod
1465 2999 1521 3047 et
1559 2990 1614 3045 in
1650 2990 1864 3046 cantico

1967 1801 2056 1848 cet
2081 1801 2141 1847 ut
2165 1794 2342 1848 nudus
2375 1795 2636 1860 vinceret,
2674 1803 2730 1850 et
2751 1810 2858 1850 non
2891 1811 3042 1850 arma
3087 1789 3265 1853 Saulis
3297 1799 3554 1856 virtutem

1968 1885 2209 1957 victoriae
2243 1885 2577 1957 partirentur
2598 1900 2612 1939 :
2636 1901 2705 1942 ne
2731 1887 2939 1943 diceret
2967 1901 3081 1955 rex,
3107 1890 3362 1960 quoniam
3398 1905 3553 1946 arma

1966 1977 2215 2033 vicerunt
2262 1992 2413 2043 mea,
2460 1975 2690 2046 projccit
2728 1993 2917 2045 arma,
2959 1989 3018 2036 et
3063 1979 3240 2036 induit
3275 1981 3550 2040 ﬁduciam.

1967 2067 2517 2139 Egreditur-inermis,
2541 2078 2595 2126 et
2625 2070 2884 2126 loricatus
2929 2069 3032 2126 tide
3059 2072 3339 2142 egreditur
3367 2083 3554 2143 pastor

1966 2165 2022 2211 et
2047 2157 2200 2214 miles
2223 2157 2426 2228 :jactat
2455 2160 2687 2231 lapidem
2729 2175 2838 2216 non
2883 2171 3078 2216 natura
3107 2163 3352 2234 corporis
3387 2165 3550 2230 lixas,

1969 2249 2060 2304 sed
2090 2249 2289 2305 virtute
2319 2249 2465 2314 ﬁdei,
2487 2258 2544 2305 et
2574 2265 2682 2305 uno
2717 2259 2894 2306 rotatu
2927 2250 3106 2307 fundae
3132 2254 3186 2308 in
3211 2253 3391 2310 fronte
3431 2272 3554 2326 per-

1966 2337 2131 2394 cussit
2159 2338 2532 2408 blaSphemum
2559 2357 2571 2392 :
2601 2354 2706 2408 quo
2740 2349 3027 2395 eorruente
3061 2343 3322 2407 cucurrit,
3359 2352 3416 2399 et
3455 2359 3549 2400 ac-

1966 2437 2124 2498 cepto
2145 2428 2322 2498 gladio
2351 2431 2468 2500 ejus
2495 2433 2795 2501 amputavit
2828 2440 2993 2500 caput
3027 2432 3192 2498 illius,
3229 2437 3553 2506 ut‘eomple-

1967 2527 2118 2574 retur
2151 2518 2283 2575 illud
2323 2521 2466 2590 quod
2501 2521 2766 2592 scriptum
2813 2530 2900 2578 est
2938 2519 3112 2594 (Psal.
3163 2539 3243 2591 lx,
3291 2525 3380 2599 l7)
3423 2545 3438 2580 :
3483 2527 3554 2583 In

1965 2613 2205 2682 operibus
2233 2628 2488 2668 uiuuuns
2504 2628 2722 2668 suarum
2745 2613 3145 2683 comprehensus
3176 2625 3252 2671 est
3287 2628 3547 2688 peccator.

1966 2702 2136 2759 Etsic
2163 2703 2216 2758 in
2247 2704 2466 2760 nomine
2499 2703 2712 2759 Domini
2756 2705 3055 2774 reportavit
3089 2721 3155 2763 ex
3197 2707 3354 2766 hoste
3387 2709 3556 2766 victo-

1965 2794 2103 2850 riam
2132 2811 2145 2846 :
2172 2801 2229 2850 et
2254 2794 2477 2850 abstulit
2505 2795 2559 2852 in
2593 2801 2838 2865 tempore
2857 2794 2950 2851 illo
2979 2798 3328 2867 opprobrium
3358 2815 3389 2856 a
3425 2799 3553 2858 aliis

1964 2885 2146 2944 Israel.
2199 2884 2337 2953 Quid
2375 2894 2552 2943 tamen
2593 2887 2698 2943 ista
2737 2886 3076 2959 signiﬁcant,
3116 2890 3171 2945 in
3210 2890 3349 2949 libro
3375 2893 3552 2964 primo

1963 2977 2143 3047 operis
2163 2976 2324 3047 hujus
2347 2992 2417 3033 ex
2440 2978 2599 3034 dictis
2625 2977 2894 3048 majorum
2919 2988 3246 3049 nostrowm,
3281 2995 3343 3039 ut
3370 2986 3554 3042 Domi-

277 3041 682 3139 Deuterdnomii
721 3083 931 3156 (xxxu,
977 3083 1033 3155 Β)
1074 3041 1333 3152 scriptum
1377 3082 1676 3152 reperitur,
1725 3081 1866 3134 inter
1890 3041 1934 3104 Ο
1965 3084 2070 3125 ηαδ
2093 3069 2258 3134 ded“:
2297 3078 2354 3125 ει
2377 3069 2620 3126 invenire
2647 3071 2940 3141 Ροωίπιυε,
2965 3072 3078 3143 iam
3101 3075 3409 3146 expositum
3447 3086 3550 3134 cst.
3582 3123 3586 3128 .

275 3185 475 3232 caetera
507 3178 622 3231 ait:
644 3175 922 3232 Generatio
949 3191 1134 3246 prava,
1157 3185 1312 3246 atque
1347 3191 1614 3245 perversa,
1637 3174 1865 3229 haecine

276 3267 456 3321 reddis
482 3266 707 3321 Domino
731 3267 757 3320 7
792 3267 917 3321 dum
943 3265 996 3320 in
1024 3265 1245 3335 antiqua
1275 3265 1627 3319 translatione
1665 3264 1862 3318 decen-

275 3359 387 3414 tius
438 3367 496 3413 et
525 3357 728 3413 clarius
764 3357 1025 3425 scriptum
1062 3354 1329 3411 habetur:
1355 3353 1484 3410 Ha'c
1520 3353 1746 3408 Domino
1786 3371 1863 3410 re-

273 3448 529 3514 tribuisti,
554 3446 777 3518 populus
805 3445 956 3503 stulte
982 3457 1032 3501 et
1058 3447 1307 3518 insipiens
1328 3446 1356 3501 .°

1032 3557 1126 3612 IX.

339 3672 849 3741 Addimus,etquod
865 3679 918 3725 tu
945 3670 1166 3742 rogasti,
1191 3669 1330 3740 quod
1353 3683 1458 3723 non
1481 3668 1616 3724 dixit
1636 3668 1776 3723 Deus
1799 3667 1865 3722 ad

271 3761 498 3819 Samuel
513 3765 646 3835 (xw,
667 3763 716 3831 Ι)
739 3782 750 3815 :
770 3761 918 3827 vade,
934 3771 981 3816 et
1006 3778 1137 3830 unge
1161 3760 1287 3814 mihi
1308 3759 1479 3814 David
1496 3760 1620 3814 :sed
1647 3760 1793 3824 vade,
1816 3768 1865 3813 et

269 3871 410 3927 unge
428 3855 555 3907 mihi
567 3854 631 3908 de
643 3855 770 3922 ﬁliis
785 3851 917 3916 Isai,
933 3861 1166 3915 etc.,cur
1182 3851 1360 3915 dubie,
1376 3857 1546 3906 etnon
1563 3849 1870 3918 specialiter

269 3944 450 4001 David
490 3944 820 4000 nominavit?
875 3944 952 3998 Nc
975 3943 1184 3998 scilicet
1223 3951 1503 4014 pateretur
1533 3940 1700 3995 David
1726 3939 1868 4010 quod

266 4052 472 4108 passus
491 4047 574 4092 est
608 4035 802 4106 Ioseph
833 4034 986 4107 (Gen.
1009 4050 1215 4098 xxxv",
1236 4034 1268 4087 5
1290 4044 1336 4088 et
1359 4031 1512 4105 seq.).
1543 4031 1697 4088 Sicut
1725 4033 1868 4087 enim

268 4127 346 4184 illi
371 4127 719 4181 addiscentes
746 4125 982 4179 futurum
1001 4125 1100 4180 sibi
1115 4125 1240 4179 olim
1256 4139 1458 4193 regem,
1477 4123 1869 4179 autDominum

266 4217 516 4272 insidiati
557 4223 700 4280 sunt,
743 4223 798 4270 et
826 4223 946 4287 post
986 4215 1182 4270 multas
1225 4213 1450 4284 injurias
1493 4213 1865 4278 vendiderunt,

266 4308 344 4363 sic
376 4307 688 4363 formidinis
709 4307 940 4362 dandum
967 4313 1104 4372 erat,
1129 4321 1197 4362 ne
1209 4315 1264 4361 ct
1289 4306 1375 4362 isti
1409 4305 1522 4360 haec
1534 4305 1720 4362 eadem
1753 4321 1869 4374 pcr-

265 4408 570 4467 petrarent,
599 4399 741 4454 unde
764 4399 1065 4471 ignorantia
1091 4399 1313 4454 cautela:
1345 4395 1534 4454 eﬂ‘ecta
1557 4406 1643 4452 est
1660 4407 1852 4453 mater.
1883 4383 1938 4445 Ῑ)

1025 4511 1093 4568 X.

339 4629 393 4702 (1
423 4627 555 4700 Reg.
586 4643 721 4695 xvu,
748 4626 842 4693 39,
872 4625 958 4690 40,
989 4635 1037 4681 et
1059 4623 1176 4697 ιθ.)
1207 4626 1281 4681 De
1305 4640 1373 4681 eo
1409 4625 1553 4694 quod
1595 4625 1857 4694 scriptum

263 4729 351 4775 est
372 4739 387 4775 :
411 4719 558 4789 quod
593 4718 759 4774 David
791 4725 981 4773 contra
1010 4715 1341 4772 Philistmum
1367 4731 1596 4786 pergens
1622 4719 1690 4771 ad
1723 4733 1860 4785 pne-

265 4811 514 4875 liandum
536 4825 685 4866 arma
709 4807 839 4865 Saul
861 4818 1080 4878 portare
1105 4807 1297 4874 noluit,
1329 4807 1424 4862 sed
1459 4808 1696 4876 quinque
1732 4807 1860 4877 lapi-

265 4899 364 4958 des
389 4902 734 4962 detorrente
758 4900 811 4954 in
845 4914 1031 4970 peram
1067 4899 1234 4966 misit,
1268 4907 1447 4954 tamen
1475 4915 1639 4954 unum
1681 4897 1857 4953 solum

266 4993 534 5063 proiecit:
556 4991 779 5050 veniens
804 4992 950 5046 enim
975 4990 1143 5046 David
1165 4991 1230 5046 de
1257 4989 1474 5061 pascuis
1491 4988 1693 5054 ovium,
1714 4998 1859 5059 post-

265 5098 434 5153 quam
482 5091 679 5138 unctus
721 5089 808 5137 est
841 5079 1084 5149 jussione
1129 5079 1224 5136 Dei
1266 5078 1384 5134 oles
1429 5077 1820 5134 benedictionis
1840 5119 1856 5142 ,

267 5176 576 5232 ministerii.
601 5173 822 5245 quidem
854 5173 1109 5238 hominis,
1146 5172 1243 5228 sed
1278 5171 1375 5226 Dei
1405 5179 1558 5236 nutu,
1591 5172 1733 5241 quod
1769 5187 1862 5227 su-

267 5273 562 5343 perposuit
583 5272 749 5343 capiti
786 5271 906 5342 ejus
945 5285 1112 5326 cornu
1143 5270 1455 5328 chrismatis
1497 5269 1644 5325 omni
1677 5266 1858 5322 diade-

268 5373 442 5428 mate,
463 5370 522 5418 et
537 5377 778 5434 purpura
802 5362 1066 5434 potiorem
1092 5359 1142 5428 δ,
1177 5367 1233 5416 et
1265 5361 1346 5416 sic
1373 5359 1616 5432 perrexit
1647 5359 1858 5414 habens

343 5497 578 5571 {Deest
628 5499 810 5571 itaque
855 5498 1052 5556 solutio
1089 5497 1401 5569 quaestionis
1424 5538 1439 5566 ,
1479 5511 1599 5568 quae
1639 5496 1860 5568 respicit

141 5557 160 5566 ’
267 5565 429 5623 Saul.

343 5637 373 5679 δ
415 5635 594 5695 Ilaber
619 5627 848 5696 Cius-us.

2704 3182 2798 3238 XI.

2032 3269 2154 3327 1am
2174 3288 2319 3330 nunc
2351 3273 2481 3329 ξιιυά
2513 3274 2660 3345 quod
2693 3274 2747 3328 in
2778 3275 2944 3346 priori
2983 3285 3136 3348 parte
3174 3281 3357 3350 operis
3392 3280 3553 3354 hujus

1963 3365 2426 3432 pratermisimus,
2455 3366 2600 3436 quod
2637 3381 2740 3422 nec
2771 3376 2829 3423 tu
2871 3367 3240 3443 interrogasti,
3278 3373 3552 3445 paulisper

1963 3457 2312 3526 proponendo
2337 3457 2638 3528 aggrediar.
2678 3457 2856 3525 Quare
2879 3460 3074 3516 dixerit
3105 3461 3363 3520 Dominus
3387 3467 3549 3520 nimia

1963 3563 2106 3612 rum,
2149 3548 2414 3618 praescius
2451 3547 2754 3604 futurorum
2777 3549 2977 3621 (Actor.
3030 3567 3152 3614 xm.
3194 3552 3284 3624 22)
3322 3571 3334 3607 :
3379 3556 3551 3610 iuveni

1965 3635 2134 3690 Darid
2163 3637 2334 3706 ﬁlium
2373 3636 2522 3692 Iesse
2558 3639 2723 3692 virum
2761 3640 3045 3694 secundum
3089 3655 3181 3695 cor
3215 3659 3387 3698 meum
3417 3658 3436 3696 :
3460 3647 3551 3716 qui

1966 3728 2128 3796 faciat
2170 3744 2346 3782 omnes
2385 3727 2676 3783 voluntates
2719 3745 2862 3784 meas
2890 3744 2910 3783 :
2935 3747 3058 3788 cum
3107 3732 3260 3800 talia,
3307 3742 3362 3789 et
3401 3742 3549 3790 tanta

1969 3819 2128 3872 homo
2173 3819 2289 3888 ipse
2337 3819 2690 3873 commiserit.
2748 3819 2903 3887 Quod
2947 3822 3165 3892 quidem
3217 3824 3262 3879 si
3321 3821 3388 3882 de
3433 3826 3550 3896 Ipso

1967 3907 2167 3973 David,
2206 3908 2298 3977 qui
2333 3909 2622 3978 reprobate
2645 3908 2838 3976 Saule,
2882 3921 2936 3968 et
2967 3914 3266 3983 exstincto,
3309 3915 3409 3973 fuit
3453 3933 3550 3977 rex

1967 3997 2165 4063 Israel,
2211 3998 2411 4053 dictum
2449 3998 2848 4070 intelligamus,
2896 4009 3048 4074 patet
3096 4002 3550 4078 profectosquia

1968 4088 2389 4159 Deuspncscius
2419 4087 2718 4144 futurorum
2748 4097 2850 4157 est,
2879 4091 2970 4164 qui
2995 4093 3237 4161 praevidit
3266 4095 3320 4150 in
3342 4111 3407 4152 co
3430 4105 3551 4153 tan-

1970 4189 2076 4235 tam
2133 4181 2407 4251 pietatem,
2464 4188 2682 4250 tamque
2729 4197 2976 4239 veracem
3026 4185 3431 4253 paenitentiam,
3489 4196 3564 4244 ut'

1967 4280 2112 4328 esset
2137 4273 2190 4326 in
2221 4286 2406 4327 eorum
2443 4287 2690 4337 numero,
2718 4273 2786 4328 de
2811 4275 3006 4344 quibus
3046 4275 3159 4346 ipse
3188 4271 3321 4333 dicit
3369 4273 3544 4350 (Psal.

1967 4379 2116 4428 xxxi,
2144 4379 2274 4418 rers.
2301 4363 2386 4433 l):
2412 4362 2561 4417 Beati
2581 4379 2804 4435 quorum
2827 4367 3056 4420 remissa!
3075 4377 3196 4422 sunt
3223 4369 3547 4440 iniquitates,

1962 4464 2008 4508 et
2047 4471 2080 4525 (ι
2120 4470 2268 4508 orum
2307 4461 2442 4508 tecta
2488 4461 2614 4508 sunt
2648 4463 2878 4526 peccata.
2927 4453 3124 4511 Beatus
3169 4458 3262 4522 vir,
3313 4459 3398 4512 cui
3443 4477 3547 4517 non

1961 4545 2235 4614 imputavit
2284 4543 2536 4598 Dominus
2581 4552 2868 4614 peccatum.
2919 4543 3062 4599 Cum
3099 4532 3228 4616 ergo
3267 4549 3564 4616 prazscirct‘

1963 4650 2086 4690 eum
2110 4634 2252 4689 Deus
2281 4640 2649 4705 peccaturum,
2671 4641 2726 4687 ct
2752 4641 2973 4703 peccata
2993 4647 3090 4688 sua
3115 4633 3200 4704 pia
3221 4635 3544 4700 humilitate,

1961 4735 2017 4782 et
2044 4729 2252 4782 sincera
2267 4724 2584 4798 paenitentia
2601 4723 2919 4790 deleturum,
2947 4739 3046 4780 cur
3069 4739 3174 4779 non
3201 4724 3405 4780 diceret
3429 4743 3442 4779 :
3463 4729 3547 4780 in-

1963 4821 2076 4874 veni
2114 4818 2285 4873 David
2314 4817 2485 4872 uirum
2517 4815 2804 4871 secundum
2827 4831 2920 4870 cor
2945 4832 3137 4882 meum,
3170 4815 3256 4872 cui
3286 4830 3391 4872 non
3426 4826 3548 4871 erat

1960 4909 2321 4977 imputaturus
2354 4917 2656 4980 peccatum,
2693 4917 2806 4962 tam
2847 4907 3015 4962 multa
3049 4906 3188 4963 bona
3225 4905 3462 4975 facienti,
3490 4917 3548 4964 et

1959 5015 2082 5056 cum
2111 5010 2258 5055 tanta
2287 5002 2488 5072 pietate
2515 5000 2737 5065 viventi,
2772 5009 2828 5055 et
2852 5000 2907 5054 in
2936 5000 3052 5071 ipsa
3081 5001 3282 5071 pietate
3300 5014 3397 5071 pro
3416 5014 3544 5069 peo-

1959 5092 2096 5146 catis
2118 5090 2234 5146 suis
2257 5090 2586 5146 sacriﬁcium
2609 5090 2825 5144 contriti
2851 5090 3073 5159 spiritus
3093 5088 3338 5144 oll'crenti
3359 5088 3385 5142 ἲ
3409 5087 3542 5144 Pro-

1960 5192 2080 5253 pter
2105 5185 2220 5238 haec
2251 5184 2434 5237 omnis
2472 5181 2756 5236 verissime
2781 5180 2984 5235 dictum
3014 5187 3098 5234 est
3128 5165 3141 5232 ξ
3167 5180 3339 5234 inveni
3371 5178 3541 5236 David

1958 5273 2242 5328 secundum
2279 5287 2372 5326 eor
2405 5289 2594 5337 meum,
2635 5271 2726 5340 qui
2762 5269 2890 5324 licet
2923 5268 3207 5323 secundum
3237 5283 3331 5323 eor
3366 5285 3540 5336 suum,

1961 5381 2067 5423 non
2099 5374 2246 5421 esset
2269 5364 2412 5436 quod
2435 5363 2698 5434 peccavit,
2732 5369 2910 5417 tamen
2943 5362 3234 5419 secundum
3257 5376 3354 5420 cor
3380 5378 3537 5421 suum

2035 5512 2056 5539 ε
2097 5499 2257 5554 Jabin
2285 5499 2418 5568 regis
2439 5498 2589 5568 Aizot.

2030 5571 2058 5622 tl
2095 5569 2306 5636 Potius,
2337 5567 2402 5623 ut
2415 5567 2675 5625 arbitror.
3439 5633 3460 5646 ο

2107 5687 2109 5692 .
3243 5652 3364 5687 ..ον’
