3924 6170
360 259 465 316 815

1461 255 1732 314 CLAUDII
1774 254 2237 312 TAURINENSIS
2276 251 2582 313 EPISCOPI

3501 258 3594 317 8l6

357 375 477 440 fuit,
511 375 655 443 quod
695 387 795 445 pro
822 373 1060 442 peccatis
1089 371 1202 424 suis
1233 383 1464 439 congrua
1496 371 1812 440 pmnitentia
1849 385 1933 424 sa-
1961 376 2005 432 Α
2035 374 2262 425 cundum
2293 390 2384 426 cor
2407 391 2598 437 meum,
2631 375 2720 445 qui
2749 375 2902 443 faciet
2936 387 3107 428 omnes
3133 375 3424 430 roluntates
3449 393 3599 432 meas.

358 463 574 520 tisl'eclt.
619 462 734 518 lloc
765 477 896 532 ergo
929 462 1102 515 solum
1137 460 1191 512 in
1230 459 1322 512 illo
1361 459 1656 514 secundum
1693 474 1788 514 cor
1826 471 1934 512 non

358 555 477 621 fuit,
497 555 640 624 quod
657 554 732 608 illi
753 553 894 606 Deus
914 567 1023 605 non
1047 551 1351 620 imputavit.
1396 549 1510 604 Hoc
1527 550 1708 618 itaque
1735 545 1933 614 ablato,

358 646 409 699 id
443 654 528 699 est
560 659 667 698 non
704 643 986 712 imputata,
1022 641 1150 711 quid
1181 641 1440 695 remansit
1465 640 1566 694 nisi
1601 639 1741 694 unde
1763 639 1934 694 veris-

355 734 491 788 sime
535 732 844 787 diceretur:
867 732 1040 785 inueni
1077 731 1244 785 Dat-id
1273 730 1559 784 secundum
1595 744 1688 784 cor
1723 745 1892 783 meum
1913 728 1940 781 τ

356 823 414 878 Si
442 830 622 877 autem
654 824 756 877 hoc
779 823 1096 892 prophetice
1119 821 1322 876 dictum
1360 821 1426 876 de
1459 820 1676 875 Christo
1707 819 1940 874 velimus

355 911 620 982 accipere,
639 912 815 967 nullus
836 912 1009 966 nodus
1031 911 1345 980 quaestionis
1358 911 1620 966 occurrit.
1641 908 1753 964 Nisi
1777 907 1935 974 forte,

357 1011 415 1054 ut
450 1011 730 1070 quaeratur
765 1017 796 1054 ιι
826 1001 986 1055 nobis
1020 1002 1291 1070 quoodo
1323 1000 1598 1055 Christum
1641 1007 1792 1054 recte
1831 999 1940 1054 isto

356 1093 572 1145 nomine
607 1107 801 1146 vocare
827 1092 1097 1160 potuerit?
1131 1091 1238 1145 Sed
1275 1091 1664 1159 respondemus
1687 1109 1699 1144 :
1720 1097 1940 1159 propter

355 1199 525 1237 semen
571 1183 763 1246 David,
810 1199 877 1237 ex
927 1199 1033 1252 quo
1071 1197 1292 1237 carnem
1340 1182 1587 1237 Christus
1626 1181 1935 1251 assumpsit.

357 1274 464 1330 Nec
490 1275 605 1328 sine
627 1275 876 1344 exemplo
900 1275 1162 1330 rationem
1195 1273 1353 1343 hujus
1382 1275 1436 1328 in
1463 1274 1677 1329 Christo
1705 1275 1940 1328 nominis

358 1364 686 1418 reddidimus
709 1383 722 1417 :
745 1366 1048 1419 invenimus
1066 1366 1283 1435 quidem
1303 1364 1644 1432 apertissime
1663 1362 1937 1419 Christum

353 1452 558 1518 Jesum,
588 1470 654 1509 ac
683 1456 997 1524 prophetam
1027 1455 1096 1508 ab
1125 1454 1372 1509 Ezechiel
1408 1454 1577 1508 Dat-id
1616 1469 1735 1509 esse
1765 1452 1944 1522 appel-

357 1549 543 1614 latum,
571 1551 660 1605 ubi
687 1551 880 1621 legitur
899 1565 963 1604 es
995 1565 1225 1620 persona
1257 1549 1350 1604 Dei
1374 1548 1549 1602 Patris
1569 1547 1780 1619 (χχιιι,
1807 1545 1897 1616 23)
1923 1565 1936 1600 :

358 1641 428 1695 Et
459 1642 722 1696 suscitabo
756 1657 912 1711 super
950 1657 1138 1712 pecora
1181 1656 1298 1694 mea
1335 1650 1594 1710 pastorem
1635 1657 1817 1704 unum,
1853 1641 1942 1710 qui

2040 460 2144 516 Sed
2185 463 2437 531 quoniam
2472 473 2687 518 secutus
2718 465 2980 533 adiungit,
3011 475 3064 518 et
3087 469 3213 521 dicit
3241 485 3253 519 :
3281 466 3443 537 hujus
3475 467 3605 524 Deus

2034 569 2100 606 ex
2137 555 2350 618 semine,
2396 555 2681 607 secundum
2731 558 3123 624 promissionem
3165 557 3385 611 adduxit
3446 557 3609 613 Israel

2037 641 2363 696 Salutarem
2393 643 2596 708 Iesum,
2625 645 2783 698 altius
2809 645 3133 715 signllleavit
3157 648 3208 701 in
3236 648 3465 703 Domino
3488 649 3609 704 Jesu

2035 733 2213 803 potius
2233 749 2354 788 esse
2376 735 2777 803 intelligendum
2801 735 2927 790 illud
2958 737 3347 799 testimonium,
3372 739 3462 807 qui
3486 754 3613 794 vere

2036 825 2162 894 facit
2197 841 2370 878 omnes
2406 825 2696 879 voluntates
2725 825 2902 879 Patris
2929 825 3045 889 Dei,
3081 841 3242 895 quam
3275 828 3328 880 in
3365 829 3456 880 illo
3493 841 3615 898 rege

2037 915 2223 980 David,
2275 914 2362 984 qui
2409 915 2534 970 licet
2578 917 2873 970 secundum
2920 918 3251 985 superiorem
3299 917 3616 987 disputatio-

2035 1019 2160 1059 nem
2196 1006 2436 1060 remissis
2467 1006 2705 1075 peccatis
2732 1015 2954 1076 propter
2995 1007 3140 1076 piam
3187 1023 3402 1076 quoque
3446 1009 3616 1078 pumi-

2038 1095 2260 1149 tentiam
2297 1111 2402 1149 non
2431 1095 2698 1148 immerito
2732 1095 2834 1148 dici
2865 1096 3036 1163 possit
3061 1095 3298 1149 inuentus
3332 1099 3616 1150 secundum

2037 1201 2128 1239 cor
2156 1184 2284 1249 Dei;
2312 1194 2490 1238 tamen
2511 1199 2698 1239 omnes
2717 1184 3022 1239 voluntates
3047 1185 3140 1239 Dei
3163 1195 3434 1255 quomodo
3454 1187 3575 1241 fecit
3595 1189 3620 1240 ?

2037 1275 2270 1344 quicum
2293 1273 3092 1338 excellentissimelaudaretur,
3117 1276 3332 1344 quando
3350 1290 3467 1342 ειυς
3487 1286 3621 1330 tem-

2039 1378 2193 1433 pora,
2221 1371 2276 1416 et
2296 1361 2460 1426 facta,
2498 1361 2776 1431 Scriptura
2795 1364 3060 1426 narravit,
3075 1371 3292 1418 notatus
3314 1373 3397 1418 est
3418 1373 3615 1425 tanien.

2041 1467 2065 1495 ι
2095 1454 2236 1524 quod
2261 1469 2364 1507 non
2392 1453 2656 1508 destruin
2691 1453 2904 1507 excelsa
2940 1453 3030 1506 ubi
3075 1453 3418 1509 sacriﬁcabat
3455 1469 3620 1524 popu-

2041 1545 2124 1599 lus
2163 1545 2254 1598 Dei
2282 1553 2465 1598 contra
2494 1553 2818 1614 praeceptum
2857 1543 2972 1607 Dei,
3003 1544 3126 1613 quia
3161 1549 3534 1602 tantummodo
3563 1549 3619 1602 in

2045 1638 2448 1692 tabernaculum
2505 1637 2798 1691 testimonii
2853 1638 2952 1690 sibi
3015 1637 3312 1692 sacriﬁcari
3360 1637 3618 1706 iusserat,

355 1741 538 1801 ραδεαι
563 1747 644 1794 ea,
669 1747 873 1784 servum
903 1748 1078 1785 meum
1105 1731 1294 1796 David,
1339 1742 1386 1784 ει
1425 1729 1534 1800 ipse
1569 1739 1744 1799 pauci
1777 1747 1858 1794 ια,
1893 1739 1942 1783 ετ
1971 1727 2015 1784 Β
2044 1727 2306 1794 quamvis,
2338 1734 2393 1779 et
2420 1725 2474 1779 in
2513 1726 2702 1779 iisdem
2741 1725 2970 1780 excelsis
3004 1727 3178 1780 cidem
3220 1729 3625 1784 sacrificaretur

356 1824 464 1892 ipse
485 1823 585 1874 erit
606 1823 686 1874 liis
707 1820 761 1874 in
796 1820 1086 1874 Pastorem.
1142 1821 1256 1891 Ego
1277 1829 1452 1874 autem
1485 1819 1735 1874 Dominus
1756 1837 1844 1874 cro
1867 1821 1940 1873 eis

357 1915 412 1966 in
449 1913 632 1966 Deum.
681 1911 749 1965 Et
791 1927 967 1965 servus
1006 1927 1152 1964 meus
1203 1910 1370 1964 David
1403 1911 1640 1981 princeps
1683 1911 1738 1963 in
1772 1911 1940 1964 medio

355 2019 536 2057 eorum
574 2017 594 2054 :
629 2018 722 2072 ego
775 2001 1034 2056 Dominus
1079 1999 1285 2055 locutus
1327 2017 1464 2054 sum.
1519 2000 1586 2054 Et
1632 1999 1737 2055 alio
1781 2000 1937 2055 loco:

359 2095 593 2160 (sum,
623 2092 720 2163 ‘22)
754 2091 819 2144 Et
856 2106 970 2155 rex,
1003 2091 1197 2160 inquit,
1225 2107 1361 2144 unus
1387 2090 1481 2143 erit
1511 2090 1750 2144 omnibus
1785 2091 1939 2161 impe-

359 2198 500 2243 rans,
527 2191 574 2234 et
604 2199 707 2236 non
735 2191 888 2235 erunt
928 2180 1068 2234 ultra
1114 2181 1234 2235 dum
1271 2190 1466 2251 gentes,
1507 2197 1598 2234 nec
1645 2181 1944 2235 dividentur

355 2275 581 2346 amplius
610 2279 662 2330 in
694 2276 798 2330 duo
830 2293 1007 2346 regna.
1044 2272 1225 2346 Neque
1251 2274 1553 2345 polluentur
1576 2274 1714 2328 ultra
1745 2275 1799 2328 in
1828 2275 1943 2328 ido—

356 2367 421 2420 lis
448 2368 577 2427 suis.
604 2377 652 2420 et
679 2365 1153 2420 abominationibus
1174 2365 1302 2429 suis,
1329 2374 1374 2417 et
1397 2365 1449 2418 in
1475 2365 1674 2418 cunctis
1696 2364 1943 2435 iniquita-

354 2459 492 2513 tibus
530 2459 661 2512 suis.
699 2458 767 2512 Et
806 2457 974 2512 salvos
1004 2474 1091 2511 eos
1122 2457 1315 2526 faciam
1349 2456 1416 2510 de
1443 2456 1698 2510 universis
1734 2456 1941 2510 sedibus

355 2550 486 2614 suis,
517 2549 572 2602 in
609 2549 795 2619 quibus
827 2557 1163 2617 peccaverunt
1187 2559 1206 2596 :
1228 2555 1275 2599 et
1318 2545 1581 2599 mandabo
1617 2562 1721 2609 eos,
1759 2555 1807 2600 et
1843 2546 1942 2599 erit

356 2639 745 2711 milti'populus,
776 2648 823 2692 et
839 2655 934 2708 ego
960 2653 1048 2691 ero
1061 2639 1134 2692 eis
1150 2636 1308 2690 Deus.
1335 2635 1403 2690 Et
1416 2652 1592 2690 servus
1605 2653 1750 2691 meus
1770 2636 1940 2690 David

357 2747 449 2787 res
483 2747 640 2801 super
671 2746 776 2785 eos.
829 2729 894 2783 Et
937 2728 1130 2782 Pastor
1170 2744 1306 2782 unus
1345 2727 1441 2782 erit
1473 2729 1704 2782 omnium
1737 2745 1936 2782 eorum.

355 2825 495 2880 Osee
519 2839 735 2894 quoque
762 2823 1024 2892 propheta
1052 2835 1176 2876 cum
1205 2820 1583 2890 pronuntiaret
1610 2827 1824 2890 tempus
1850 2818 1940 2873 Ju-

354 2917 594 2970 dseorum
641 2913 802 2985 quale
851 2927 995 2967 nunc
1051 2912 1274 2975 habent,
1306 2920 1362 2966 et
1415 2911 1470 2965 in
1517 2910 1791 2966 Christum
1844 2926 1939 2965 eos

2043 1817 2150 1869 Deo
2179 1832 2192 1868 :
2216 1831 2334 1884 qua:
2357 1816 2696 1884 postmodum
2720 1815 2929 1870 excelsa
2967 1833 3031 1870 ex
3069 1817 3187 1886 ipso
3216 1818 3386 1873 David
3418 1823 3624 1876 semine

2039 1913 2365 1976 prepagatus
2392 1919 2485 1959 res
2511 1905 2769 1959 Ezechias
2788 1921 2910 1960 cum
2937 1907 3244 1963 testimonio
3274 1926 3484 1981 magna:
3512 1928 3622 1967 sua:

2042 1995 2216 2050 laudis
2239 1997 2455 2051 evertit.
2500 1996 2604 2067 (IV
2638 1996 2767 2067 Reg.
2796 2013 2951 2063 mn,
2982 1998 3062 2070 4.)

2768 2087 2859 2142 Xll

2109 2176 2414 2248 Interrogas
2441 2192 2606 2246 quare
2643 2176 2768 2231 Saul
2800 2179 2970 2234 iratus
3003 2179 3140 2233 dixit
3159 2180 3226 2233 ad
3245 2179 3519 2236 .lonathan
3559 2182 3621 2238 li-

2041 2269 2170 2322 lium
2193 2283 2349 2322 suum
2369 2287 2379 2320 :
2398 2268 2447 2338 (1
2468 2267 2592 2338 Reg.
2613 2269 2803 2338 xx,30)
2829 2267 2936 2322 Fili
2958 2269 3189 2325 mulieris
3205 2272 3370 2326 virum
3387 2273 3522 2327 ultro
3539 2293 3624 2328 ra-

2039 2358 2372 2429 pientis:has
2407 2359 2539 2413 tales
2569 2360 2824 2414 mulieres
2855 2361 3085 2429 (qualem
3123 2375 3455 2434 improperat
3494 2367 3622 2422 Saul

2041 2457 2270 2503 matrem
2286 2447 2451 2502 fuisse
2464 2446 2754 2519 Ionatham)
2769 2465 2940 2520 graeca
2958 2450 3134 2520 lingua
3149 2452 3324 2521 lupas,
3339 2453 3485 2508 idest
3508 2473 3622 2511 me-

2042 2538 2267 2592 retrices
2281 2546 2457 2602 vocat,
2472 2539 2614 2607 quod
2631 2538 2718 2591 illa
2733 2554 2838 2592 non
2855 2538 2971 2592 l‘uit.
2991 2539 3138 2610 Lupa
3153 2546 3409 2598 meretrix
3425 2546 3624 2600 dicitur

2041 2644 2071 2682 a
2105 2629 2402 2698 rapacitate
2428 2637 2639 2692 vocata,
2669 2638 2722 2683 et
2753 2644 2782 2682 a
2808 2629 3028 2684 libidine
3069 2633 3306 2702 ejusdem
3353 2636 3620 2703 animalis,

2039 2721 2180 2788 quod
2209 2719 2276 2773 ad
2303 2735 2360 2772 se
2391 2719 2565 2787 rapiat
2593 2719 2836 2782 miseros,
2865 2729 2921 2774 et
2947 2723 3313 2790 apprehendat
3336 2739 3351 2778 :
3377 2726 3525 2792 inde,
3567 2737 3622 2782 et

2039 2807 2320 2877 lupanaria
2353 2807 2495 2861 dicta
2525 2806 2663 2872 loca,
2688 2809 2777 2862 ubi
2807 2812 3118 2866 meretrices
3137 2823 3280 2867 sunt.
3313 2815 3370 2868 In
3397 2814 3624 2885 Septua-

2040 2899 2185 2968 ginta
2211 2908 2390 2952 autem
2419 2899 2677 2968 scriptum
2707 2908 2791 2954 est
2815 2917 2828 2953 :
2851 2909 2901 2954 et
2928 2902 3096 2957 iratus
3125 2903 3298 2972 factus
3330 2916 3408 2960 est
3435 2909 3491 2961 in
3520 2908 3623 2961 ira-

357 3013 542 3076 posgea
571 3005 899 3068 credituros,
925 3001 1176 3058 eumdem
1218 3001 1493 3057 Christum
1523 3001 1691 3054 David
1719 3000 1935 3055 nomine
1976 3067 2009 3076 Α
2042 2991 2234 3045 cundia
2271 2989 2405 3044 Saul
2448 2991 2517 3043 ad
2555 2991 2824 3045 Jonatltan
2872 2992 3048 3060 ualde,
3097 3005 3148 3048 et
3191 2997 3325 3050 dixit
3359 3000 3408 3052 ei
3435 3012 3454 3050 :
3482 2999 3624 3067 ﬁlius

357 3067 698 3166 prophetavit
739 3067 926 3156 dicens
951 3111 963 3146 :
990 3094 1094 3164 (ιιι,
1134 3093 1190 3164 4)
1223 3091 1487 3158 Quoniam
1529 3092 1713 3146 diebus
1759 3091 1937 3146 multis

2043 3076 2355 3146 puellarum,
2397 3078 2487 3147 qui
2527 3095 2581 3132 se
2615 3078 2754 3132 ultro
2797 3081 3135 3150 coinquinant
3159 3087 3344 3153 :quod
3389 3095 3622 3141 tantum-

355 3183 600 3236 sedebunt
631 3181 728 3251 filii
754 3181 922 3235 Israel
964 3181 1075 3233 sine
1110 3196 1244 3249 rege,
1277 3181 1386 3233 sine
1421 3180 1672 3250 principe,
1710 3180 1822 3233 sine
1853 3197 1940 3234 sa-

357 3269 578 3338 criﬁcio,
613 3270 728 3324 sine
766 3268 948 3332 altari,
988 3269 1101 3322 sine
1137 3267 1452 3332 sacerdotio,
1495 3269 1606 3323 sine
1640 3268 1941 3338 manifesta-

356 3359 583 3414 tionibus
620 3371 638 3410 :
669 3359 812 3413 sicut
861 3373 1004 3412 nunc
1047 3371 1164 3411 esse
1207 3356 1450 3410 Judamm
1486 3358 1712 3428 ambigit
1757 3373 1936 3414 nemo.

358 3450 465 3508 Sed
491 3449 634 3521 quod
674 3449 748 3503 ait
791 3446 1076 3518 Apostolus
1135 3445 1334 3502 Paulus
1397 3446 1658 3502 Gentibus
1711 3447 1942 3519 loquens

359 3539 537 3612 (Rom.
554 3557 631 3606 st,
645 3540 758 3611 30):
777 3537 922 3594 Sicut
943 3538 1080 3592 enim
1104 3555 1192 3593 vos
1213 3536 1498 3608 aliquando
1521 3554 1624 3592 non
1644 3537 1939 3594 credidistis

359 3632 466 3688 Deo
502 3645 520 3682 :
555 3648 691 3687 nunc
733 3640 908 3684 autem
953 3628 1367 3682 misericordiam
1406 3628 1666 3684 consecuti
1709 3630 1834 3683 estis
1886 3631 1943 3684 in

356 3722 566 3778 illarum
589 3721 972 3778 incredulitate.
1012 3718 1102 3774 Sic
1125 3728 1171 3772 et
1194 3719 1292 3789 ipsi
1315 3735 1452 3774 nunc
1474 3735 1578 3774 non
1607 3719 1939 3775 crediderunt

355 3816 409 3869 in
431 3825 599 3871 vestra
612 3813 970 3870 misericordia
993 3827 1011 3865 :
1036 3821 1091 3868 ut
1121 3821 1168 3867 et
1190 3812 1288 3883 ipsi
1315 3809 1727 3867 misericordiam
1763 3829 1943 3868 conse-

354 3907 759 3976 quantur:hoc
811 3905 1075 3976 propheta
1124 3903 1229 3959 iste
1276 3911 1428 3958 tanto
1472 3911 1600 3958 ante
1642 3904 1942 3973 praedicens

356 4012 582 4052 securus
615 3995 857 4065 adjunxit
877 3993 1022 4067 (Ose.
1057 4009 1140 4059 ιιι,
1164 4010 1294 4049 vers.
1321 3993 1376 4066 5)
1406 4013 1418 4048 :
1454 3993 1521 4047 Et
1545 4004 1659 4064 post
1688 4005 1943 4058 reverten-

357 4099 444 4142 tur
468 4088 565 4158 ﬁlii
597 4087 764 4142 Israel
790 4100 808 4139 .°
831 4097 879 4142 et
919 4087 1180 4157 inquireret
1222 4086 1506 4142 Dominum
1551 4086 1719 4142 Deum
1763 4103 1942 4152 suum,

357 4187 405 4229 et
435 4177 605 4231 David
639 4193 806 4248 regem
832 4191 1008 4239 suum,
1037 4184 1084 4230 et
1118 4185 1405 4245 stupescent
1434 4176 1491 4230 in
1525 4174 1772 4240 Domino,
1803 4186 1851 4230 et
1887 4177 1941 4230 in

361 4253 506 4319 bonis
528 4267 690 4336 ipsius
719 4266 772 4318 in
799 4265 1092 4318 novissimis
1119 4263 1320 4319 diebus.
1374 4264 1512 4320 Ecce
1541 4266 1631 4322 hic
1649 4281 1746 4336 per
1776 4266 1944 4322 David

359 4345 578 4421 nomen,
621 4357 974 4426 prophetatus
1013 4363 1097 4410 est
1134 4354 1400 4420 Christus,
1436 4357 1689 4426 quoniam
1725 4359 1941 4429 quando

361 4448 464 4520 ista
495 4446 974 4518 prophetabantur,
1007 4445 1094 4501 ille
1129 4445 1298 4501 David
1336 4461 1431 4500 rex
1470 4445 1634 4503 Israel
1667 4448 1780 4519 jam
1811 4447 1938 4504 olim

359 4523 487 4596 ante
522 4539 838 4596 dormierat.
889 4537 1152 4608 Dominus
1188 4549 1370 4594 autem
1406 4536 1564 4596 Jesus
1591 4555 1664 4594 es
1703 4540 1819 4609 ejus
1859 4555 1944 4595 se—

360 4633 504 4689 mine
529 4631 704 4688 luerat
733 4632 786 4684 in
807 4646 971 4688 carne
990 4640 1270 4694 venturus,
1298 4638 1520 4700 prOpter
1537 4631 1681 4700 quod
1707 4633 1923 4701 prophe-

360 4726 466 4781 tico
492 4722 743 4796 loquendi
778 4724 935 4778 modo
969 4722 1336 4793 appellabatur
1363 4721 1553 4776 Dauid.
1598 4721 1820 4777 Videtur
1846 4739 1915 4777 att

362 4824 468 4870 tem
503 4815 776 4886 apostolus
804 4813 1002 4868 Paulus
1032 4815 1135 4870 hoc
1173 4812 1541 4869 testimonium
1581 4812 1654 4870 ita
1695 4814 1940 4883 posuisse

361 4905 414 4960 in
444 4906 667 4960 Actibus
689 4903 1072 4975 apostolorum,
1105 4910 1295 4958 utnon
1323 4901 1428 4957 nisi
1458 4899 1526 4956 de
1559 4903 1650 4958 illo
1679 4918 1806 4973 rege
1839 4904 1942 4958 Da—

362 4995 469 5063 vid,
497 4997 588 5068 qui
616 4995 763 5052 Sauli
787 4993 1069 5058 successit,
1107 4994 1279 5064 possit
1303 4992 1546 5064 intelligi.
1595 4991 1731 5050 Nam
1765 5004 1820 5050 et
1862 4995 1940 5052 iu-

362 5097 442 5141 ter
467 5097 663 5144 auara
697 5086 892 5144 exinde
931 5085 1102 5157 inquit
1134 5085 1272 5156 (Act.
1314 5100 1435 5150 snt,
1473 5083 1564 5155 2‘2)
1596 5099 1612 5138 :
1651 5085 1944 5155 postulave-

365 5191 482 5236 runt
515 5197 706 5252 regem,
735 5188 782 5235 et
811 5178 953 5234 dedit
979 5177 1086 5232 illis
1120 5176 1264 5234 Deus
1289 5175 1420 5232 Seu!
1454 5177 1625 5246 ﬁlium
1651 5174 1739 5232 Cis
1770 5178 1941 5231 uirum

360 5271 424 5323 de
445 5271 585 5325 tribu
612 5271 890 5342 Beujamin
918 5271 974 5324 in
998 5269 1151 5324 annis
1173 5267 1550 5340 quadraginta,
1575 5277 1622 5322 et
1647 5277 1824 5324 amoto
1850 5267 1940 5324 illo

361 5363 625 5416 suscitauit
654 5361 757 5417 illis
777 5361 920 5437 Deus
947 5361 1115 5416 Dauid
1153 5377 1340 5430 regem.
1396 5357 1493 5414 Cui
1518 5370 1566 5415 et
1591 5361 1948 5427 testimonium

361 5453 629 5520 pcrltibens
664 5453 796 5507 dixit
823 5467 840 5504 :
868 5452 1051 5508 Inveni
1079 5451 1245 5506 David
1279 5451 1446 5521 ﬁlium
1483 5448 1631 5506 Iesse
1657 5451 1827 5506 virum
1856 5468 1938 5506 se-

435 5595 471 5624 α·
501 5584 564 5667 l_ll
604 5584 737 5667 Reg.
785 5603 845 5652 ιι,
891 5587 946 5667 ξ,
975 5595 1034 5667 et
1073 5586 1108 5640 5
1131 5604 1144 5640 :
1171 5595 1352 5667 tamen
1658 5583 1941 5667 .adilicago

362 5654 582 5725 templo,
614 5654 834 5710 vetitum
862 5657 1082 5712 minime
1117 5657 1351 5712 arbitror
1383 5656 1437 5711 in
1474 5654 1704 5713 excelsis
1731 5654 1940 5713 sacriﬁ-

2040 3168 2162 3222 dem
2200 3166 2338 3220 valet
2377 3181 2539 3236 quant
2576 3177 2631 3224 et
2667 3168 2796 3223 illud
2837 3173 2980 3238 quod
3018 3188 3180 3242 supra
3216 3176 3480 3246 scriptum
3516 3187 3619 3233 est.

2763 3263 2896 3317 XllL

2109 3351 2248 3422 (sui,
2277 3353 2353 3423 l.)
2374 3351 2650 3424 Perquiris
2677 3369 2800 3408 cum
2827 3353 3000 3408 David
3026 3353 3234 3426 lugeret
3258 3368 3384 3412 ante
3400 3359 3620 3426 Sanl,et

2039 3443 2186 3496 venit
2213 3443 2281 3497 ad
2317 3443 2629 3498 Abimelech
2671 3445 3031 3511 sacerdotem,
3071 3455 3127 3500 et
3164 3449 3414 3516 quaesivit
3449 3451 3520 3504 ah
3555 3466 3619 3507 eo

2039 3547 2241 3602 panes:
2271 3544 2326 3588 et
2366 3535 2643 3604 respondit
2678 3535 2932 3590 sacerdos
2967 3550 3072 3589 non
3105 3537 3294 3590 habere
3330 3555 3384 3592 se
3408 3557 3616 3610 panem,

2041 3625 2142 3678 nisi
2182 3641 2369 3694 panem
2410 3634 2672 3689 sanctum,
2718 3625 2806 3696 qui
2849 3625 3084 3679 sublatus
3123 3627 3298 3695 fuerat
3339 3629 3402 3683 de
3441 3631 3615 3693 altari,

2040 3733 2201 3786 quem
2224 3732 2328 3771 non
2354 3715 2550 3771 licebat
2571 3715 2856 3770 comedere
2880 3716 2983 3770 nisi
3007 3717 3136 3771 solis
3154 3718 3542 3784 sacerdotibus,
3568 3731 3618 3778 et

2041 3807 2348 3862 sciscitatus
2375 3814 2457 3861 est
2491 3822 2638 3872 eum,
2673 3814 2852 3861 utrum
2885 3808 3035 3876 pueri
3065 3810 3248 3864 mundt
3276 3821 3482 3876 essent,
3507 3828 3619 3868 ma-

2041 3900 2187 3956 xime
2216 3915 2246 3953 a
2275 3899 2610 3965 mulieribus,
2647 3915 2754 3969 quo
2787 3899 3145 3970 respondente
3169 3918 3182 3954 :
3203 3900 3249 3954 si
3287 3903 3352 3956 de
3383 3903 3620 3958 mulieri-

2041 3991 2135 4045 bus
2161 3991 2358 4061 agitur,
2390 3990 2452 4044 ab
2471 3991 2604 4052 lteri,
2635 4000 2682 4044 et
2704 3991 2896 4044 nudius
2919 3990 3102 4046 tertius
3128 3993 3480 4050 continuimus
3507 4013 3624 4063 nos,

2040 4097 2088 4141 et
2108 4087 2319 4158 fuerunt
2345 4105 2468 4142 vasa
2493 4105 2774 4156 puerorum
2803 4100 3006 4144 sancta.
3058 4090 3197 4147 Vasa
3229 4105 3522 4162 puerorum
3549 4092 3627 4146 dio

2041 4178 2119 4232 xit
2159 4188 2364 4243 sancta,
2407 4178 2458 4233 id
2495 4187 2583 4234 est
2623 4195 2653 4234 a
2702 4179 3015 4237 mulieribus
3055 4190 3234 4236 castas
3269 4192 3500 4248 mentes,
3545 4181 3628 4239 vel

2041 4283 2291 4337 corpora,
2320 4267 2444 4339 quia
2477 4268 2658 4324 multis
2687 4270 2819 4326 locis
2865 4272 2918 4325 in
2950 4273 3120 4328 veteri
3154 4273 3348 4343 populo
3385 4273 3624 4344 sanctiﬁ-

2043 4359 2179 4410 catio
2222 4373 2319 4428 pro
2353 4358 2681 4414 abstinentia
2728 4361 3038 4427 mulierum,
3078 4364 3214 4416 solet
3245 4362 3526 4432 appellari,
3568 4372 3624 4417 ut

2043 4457 2127 4504 est
2180 4448 2306 4503 illud
2353 4449 2404 4503 in
2449 4447 2939 4520 Evangelio(Joan.
2984 4468 3059 4516 χι,
3103 4451 3192 4524 55)
3223 4471 3235 4505 :
3268 4453 3626 4506 Ascenderunt

2043 4541 2192 4595 multi
2212 4539 2595 4612 Jerosolgmam
2625 4541 2689 4595 de
2721 4543 2928 4613 regione
2964 4553 3084 4598 ante
3129 4544 3266 4597 diem
3307 4544 3498 4614 festum
3526 4561 3621 4614 pa-

2041 4634 2202 4696 sclue,
2248 4642 2304 4685 ut
2359 4632 2747 4702 sancti/icerant
2783 4650 2838 4687 se
2880 4635 3018 4703 ipsos
3049 4635 3145 4690 :id
3199 4643 3282 4690 est
3331 4644 3390 4689 ut
3435 4634 3623 4690 mundi

2042 4731 2266 4778 essenta
2282 4723 2597 4780 mulieribus
2611 4725 2664 4778 in
2679 4724 3017 4780 solemnltate
3029 4726 3287 4796 paschali.
3319 4725 3481 4792 Quod
3493 4739 3622 4778 vero

2041 4814 2286 4883 sequitur
2318 4831 2330 4867 :
2360 4829 2523 4883 porro
2550 4815 2635 4868 via
2660 4815 2774 4869 hinc
2799 4815 3000 4884 polluta
3024 4824 3120 4880 est,
3151 4829 3259 4869 non
3294 4815 3430 4869 dixit
3449 4814 3519 4870 de
3536 4815 3624 4868 via

2043 4905 2259 4974 pedum,
2299 4905 2380 4960 vel
2421 4905 2615 4976 plateis
2651 4905 2906 4975 regionis,
2938 4905 3032 4959 sed
3067 4906 3135 4960 de
3176 4905 3279 4960 ista
3321 4905 3432 4959 vita
3475 4919 3622 4959 mor-

2045 4997 2164 5062 tali,
2192 5013 2314 5066 quai
2348 5014 2536 5053 revera
2569 4998 2653 5052 via
2685 5007 2788 5058 est,
2827 4998 2879 5052 in
2905 5013 3010 5067 qua
3039 5012 3148 5052 non
3187 5007 3271 5052 est
3284 4995 3484 5066 justus,
3529 4998 3621 5066 qui

2045 5085 2212 5142 faciat
2246 5089 2468 5152 bonum,
2501 5097 2557 5141 et
2592 5103 2699 5142 non
2739 5099 2942 5158 peccet.
2981 5097 3037 5143 et
3079 5090 3170 5143 ubi
3219 5089 3365 5142 inter
3403 5095 3622 5143 sanctos

2044 5193 2201 5233 nemo
2244 5179 2641 5235 imrnacnlatus.
2689 5180 2763 5234 De
2799 5195 2905 5250 qua
2954 5181 3044 5235 via
3083 5189 3204 5235 orat
3242 5181 3502 5251 propheta
3541 5179 3622 5234 di-

2044 5284 2173 5324 cens
2199 5288 2212 5323 :
2249 5269 2399 5325 Viam
2421 5271 2716 5342 iniquitatis
2737 5287 2917 5325 amove
2941 5289 2973 5324 a
3002 5287 3106 5325 sne.
3133 5270 3199 5326 Et
3225 5271 3462 5330 itemm‘:
3485 5283 3618 5340 gres-

2041 5377 2131 5415 sus
2171 5377 2314 5416 nscos
2358 5361 2524 5432 dirige
2560 5361 2846 5418 secundum
2887 5361 3162 5428 eloquium
3189 5372 3368 5427 main,
3419 5371 3480 5414 ut
3517 5373 3616 5414 που

2039 5451 2336 5506 dominetur
2376 5451 2501 5505 mihi
2545 5455 2714 5508 omnis
2757 5453 3034 5528 injustitia.
3095 5451 3610 5528 Deindetseqttjt‘ttr'

2041 5599 2167 5654 care
2195 5600 2324 5641 vero
2348 5585 2476 5641 Deo.
2527 5583 2666 5639 Sunt
2692 5586 2880 5648 etiam,
2915 5585 3006 5654 qui
3043 5585 3110 5640 ad
3147 5584 3488 5652 Salomonetn
3525 5594 3588 5640 re

2045 5653 2241 5724 lerant,
2263 5656 2406 5726 quod
2431 5654 2687 5713 Claudius
2714 5655 2780 5713 de
2809 5653 3006 5712 Davide
3029 5657 3122 5711 ait.
3421 5667 3426 5672 '
