3922 6180
429 281 532 340 819

1533 275 1806 338 CLAUDII
1844 275 2308 335 TAURINENSIS
2337 277 2645 354 EPlSCOPl

425 397 542 454 hac
591 395 826 467 scriptor
845 394 1086 450 historia
1133 391 1319 462 huius,
1365 402 1489 468 post
1540 402 1772 449 mortem
1811 391 2002 448 videli-
2025 394 2078 454 Α
2103 399 2256 460 parte
2307 393 2365 449 in
2421 393 2532 450 tino
2591 395 2816 452 mundi
2872 396 2999 454 libri
3047 401 3214 468 operis
3250 402 3390 472 huius
3434 413 3591 468 tracta.

425 493 514 540 cet
538 483 797 551 Absalon,
846 484 950 540 ista
994 483 1389 553 recapitulavit.
1428 484 1547 540 Non
1574 485 1719 555 quod
1741 493 1874 540 tunc
1914 483 1999 538 fa-

423 587 570 634 ctum
593 575 775 642 fuerit,
799 577 892 633 sed
923 577 1065 649 quod
1094 575 1297 632 factum
1320 576 1455 646 olim
1476 576 1678 642 fuerat,
1703 585 1995 646 antequam

419 665 564 722 ﬁlios
589 664 830 730 haberet,
858 671 927 722 "et
952 668 1080 738 quia
1106 668 1487 738 desperaverat
1512 682 1574 723 se
1608 682 1771 737 posse
1798 666 2002 722 habere

419 758 802 823 ﬁlios,idcirco
819 760 873 814 in
902 761 1118 814 modum
1139 759 1388 830 Capitolii
1415 758 1629 813 titulum
1658 759 1895 812 nominis
1916 757 2000 812 sui

416 859 694 908 erexerat.
747 851 942 919 Quem,
1001 850 1144 906 sicut
1187 848 1470 920 Scriptura
1512 849 1662 913 dicit,
1712 847 2000 918 appellavit

414 957 609 998 manus
641 940 892 996 Absalon.
917 939 1178 1012 Congruit
1195 941 1320 995 huic
1335 939 1617 995 assertioni
1645 947 1845 993 nostrae
1865 938 2002 992 anti-

418 1045 524 1101 qua
554 1031 854 1095 translatio,
900 1045 1019 1100 quas
1057 1029 1209 1096 dicit,
1257 1028 1400 1098 quod
1452 1044 1571 1082 cum
1621 1028 1794 1081 adhuc
1815 1027 2000 1081 viveret

413 1122 668 1188 Absalon,
719 1122 962 1176 statuerit
992 1119 1197 1174 stellam
1242 1135 1405 1174 manu
1451 1119 1648 1189 [actam
1680 1117 1737 1172 in
1763 1117 1896 1171 ualle
1919 1133 2000 1172 re-

412 1217 516 1286 gis,
541 1215 789 1285 quoniam
821 1213 977 1278 dixit,
1003 1229 1105 1267 non
1131 1221 1208 1266 est
1233 1207 1361 1264 mihi
1385 1211 1554 1280 ﬁlius,
1597 1219 1651 1262 ut
1688 1224 2000 1263 commemo-

413 1315 492 1360 ret
534 1321 724 1360 nomen
748 1320 942 1368 meum,
967 1313 1015 1359 et
1037 1302 1236 1359 uocauit
1267 1318 1382 1356 eam
1418 1299 1626 1356 stellam
1661 1299 1736 1372 (id
1779 1307 1864 1354 est
1883 1306 1997 1354 sta-

411 1405 558 1450 tuam
590 1393 756 1461 illam,
812 1409 978 1465 quam
1016 1392 1222 1449 fecerat
1255 1393 1309 1448 in
1351 1393 1569 1448 nomine
1593 1391 1712 1462 suo)
1750 1398 1805 1445 et
1829 1390 1999 1445 nomi-

410 1486 560 1542 navit
582 1486 723 1541 hanc
755 1484 961 1541 stellam
990 1499 1010 1537 :
1035 1501 1235 1539 manus
1269 1483 1496 1538 Absalon
1524 1499 1683 1553 usque
1708 1484 1764 1536 in
1781 1481 1995 1536 hodier-

409 1593 536 1631 num
588 1576 745 1630 diem.
792 1574 1013 1631 Stellam
1065 1573 1385 1629 diminutivo
1432 1571 1691 1628 vocabulo
1731 1587 1828 1641 pro
1885 1579 1996 1627 sta-

410 1674 501 1720 tua
547 1665 748 1736 posuit,
781 1665 933 1735 quasi
957 1664 1279 1727 statuellam,
1324 1662 1408 1718 vel
1437 1662 1793 1726 staturellam,
1833 1676 1994 1733 super

407 1773 544 1830 opus
577 1755 846 1829 Capitolii,
887 1772 1048 1829 quam
1078 1756 1327 1826 superius
1358 1755 1574 1810 titulum
1601 1753 1917 1810 nominavit.

1154 1869 1272 1923 XX.

481 1973 507 2003 ι
528 1961 739 2030 Quaeris
765 1961 943 2017 adhuc
969 1976 1068 2016 cur
1095 1961 1238 2016 inter
1265 1975 1548 2015 numerum
1578 1959 1797 2015 fortium
1819 1959 1989 2016 David

403 2052 676 2107 scribatur
703 2052 774 2107 de
792 2067 904 2107 uno
944 2052 1186 2122 quolibet
1235 2067 1446 2119 eorum,
1484 2052 1624 2116 haec,
1662 2051 1746 2106 vel
1775 2050 1880 2104 alia
1912 2050 1988 2105 fe-

401 2141 501 2207 cit,
555 2143 652 2198 sed
691 2157 858 2213 usque
893 2142 963 2196 ad
1007 2151 1112 2197 tres
1141 2158 1244 2197 non
1265 2142 1515 2213 pervenit.
1575 2141 1675 2209 Qui
1702 2141 1904 2196 fuerint
1931 2139 1985 2194 bi

402 2231 552 2288 tres?
573 2240 666 2287 aut
687 2248 786 2288 cur
805 2233 910 2288 hoc
937 2231 1365 2302 scribatur?(23.
1391 2232 1476 2288 l9.
1504 2230 1656 2303 etc.),
1681 2231 1838 2285 Prius
1858 2245 1984 2301 pro-

398 2325 552 2394 ponit
590 2333 724 2389 tres,
780 2323 871 2393 qui
906 2323 1122 2379 caeteris
1175 2323 1508 2389 hominibus,
1561 2324 1613 2380 id
1639 2334 1724 2378 est
1761 2323 1983 2392 triginta

399 2417 574 2472 tribus
613 2413 740 2484 jure
796 2415 1129 2472 fortitudinis
1185 2415 1519 2485 praecellunt.
1572 2415 1776 2471 Deinde
1830 2416 1985 2485 ponit

396 2507 536 2564 alios
587 2515 720 2573 tres,
763 2505 856 2576 qui
888 2506 1059 2562 tribus
1107 2505 1382 2576 prioribus
1426 2505 1712 2560 inferiores
1734 2501 1975 2570 fuerunt,

397 2606 455 2655 et
505 2605 687 2654 tamen
737 2596 960 2668 triginta
991 2596 1186 2651 merito
1220 2593 1553 2650 fortitudinis
1581 2595 1788 2667 praelati
1828 2604 1975 2650 sunt.

393 2689 467 2746 Et
511 2697 637 2762 post
671 2690 773 2746 hos
806 2698 1108 2760 sequuntur
1159 2688 1377 2760 triginta
1410 2689 1602 2745 ordine
1673 2703 1791 2744 suo.
1835 2689 1901 2744 Et
1923 2697 1981 2744 ut

394 2782 640 2853 apertius
687 2782 804 2848 fiat,
855 2781 1001 2852 quod
1053 2781 1307 2846 dicimus,
1363 2795 1551 2837 eorum
1617 2782 1835 2837 nomina
1881 2797 1980 2852 per

395 2871 647 2928 ordinem
680 2871 974 2942 ponimus;
1017 2871 1073 2927 id
1118 2879 1202 2926 est
1251 2871 1450 2936 David;
1495 2872 1765 2928 secundus
1827 2873 1980 2928 Elea-

395 2978 526 3030 zar;
574 2964 770 3020 tertius
803 2965 832 3004 δ
877 2963 1096 3030 Semaa,
1143 2967 1338 3020 horum
1373 2964 1628 3035 princeps
1655 2964 1756 3020 fuit
1783 2965 1970 3021 David.

2106 491 2220 538 tum
2271 495 2375 541 est.

2810 578 2972 637 XXII.

2175 683 2296 756 (III
2337 685 2468 758 Reg.
2495 685 2551 752 2,
2582 686 2662 760 5.)
2696 687 3004 748 Sciscitaris
3025 701 3082 747 et
3121 693 3220 750 hoc
3240 712 3253 750 :
3273 711 3362 752 cur
3381 699 3438 754 de
3461 699 3597 758 David

2102 774 2362 842 scriptum
2405 783 2509 840 est,
2540 777 2684 845 quod
2727 782 2989 847 senuerit,
3035 797 3153 836 cum
3184 787 3483 858 septuaginta
3515 805 3598 845 non

2101 879 2482 935 supergressus
2501 867 2573 922 sit
2628 883 2819 936 annos,
2856 880 2913 926 et
2955 883 3162 942 opertus
3177 877 3378 931 uestibus
3410 894 3500 932 non
3529 896 3600 936 ca.

2100 955 2337 1018 letiebat,
2394 965 2450 1011 et
2503 960 2644 1027 quod
2716 961 2934 1016 inventa
2984 963 3363 1020 adulescentula
3406 971 3599 1036 speciosa

2099 1044 2300 1101 Abisac
2335 1043 2608 1103 Sunamiti
2628 1051 2933 1107 dormiebat
2955 1068 3076 1108 cum
3116 1071 3254 1126 rege,
3299 1065 3349 1112 et
3377 1059 3600 1114 ministra-

2098 1137 2192 1192 bat
2219 1139 2289 1192 ei.
2318 1137 2435 1194 Rex
2461 1149 2640 1195 autem
2673 1157 2779 1198 non
2800 1146 3053 1215 cognovit
3081 1163 3198 1202 eam
3227 1166 3239 1202 :
3262 1163 3371 1203 cum
3411 1150 3458 1204 in
3483 1158 3604 1206 vctu.

2099 1229 2265 1286 stiore
2285 1238 2444 1287 aetate
2469 1231 2731 1304 legamus,
2755 1244 2810 1289 et
2852 1237 3132 1292 videamus
3167 1253 3282 1294 cum
3314 1240 3498 1296 feminis
3521 1256 3602 1297 non

2096 1335 2258 1390 posse
2285 1323 2451 1379 coire.
2481 1322 2600 1378 Non
2623 1335 2706 1380 est
2734 1327 2930 1381 mirum
2958 1329 3004 1383 si
3035 1336 3456 1399 septuagenarins
3476 1332 3604 1405 homo

2098 1413 2166 1469 ab
2189 1415 2550 1472 adolescentia
2579 1431 2677 1472 sua
2735 1417 2918 1472 multis
2958 1421 3241 1490 angustiis,
3281 1429 3332 1475 et
3357 1421 3604 1477 tribulatio-

2096 1505 2256 1560 nibus
2307 1507 2560 1576 agitatus,
2617 1515 2778 1576 atque
2823 1507 3138 1563 confractus
3179 1508 3317 1563 virili
3353 1517 3491 1564 aetate
3533 1509 3604 1564 fri-

2097 1598 2294 1667 guerit,
2345 1612 2467 1651 cum
2506 1598 2784 1653 videamus
2828 1598 3026 1654 multos
3076 1598 3442 1663 adolescentes,
3477 1607 3603 1668 atque

2097 1686 2540 1750 adolescentulas,
2572 1689 2646 1742 ita
2681 1697 2930 1759 torpente
2966 1696 3118 1743 motu
3163 1688 3422 1759 sanguinis
3447 1689 3492 1742 in
3527 1689 3607 1758 pri-

2095 1795 2182 1834 ma
2216 1779 2578 1835 adolescentia
2640 1778 2911 1848 friguisse,
2972 1787 3033 1834 ut
3092 1794 3194 1835 nec
3242 1778 3312 1834 illi
3355 1778 3451 1835 ullo
3490 1788 3604 1833 motu

2090 1875 2328 1930 libidinis
2365 1880 2703 1938 moveantur,
2736 1888 2838 1929 nec
2891 1872 2993 1928 illa:
3040 1881 3302 1942 concepto
3333 1872 3512 1927 semine
3531 1869 3606 1924 aii-

2089 1981 2196 2036 quo
2249 1966 2431 2020 calore
2482 1965 2535 2019 in
2578 1964 2788 2020 viscera
2831 1979 2926 2020 sua
2955 1964 3256 2029 continere,
3287 1963 3365 2016 vel
3409 1962 3598 2016 viviﬁca-

2088 2069 2147 2109 re
2191 2054 2401 2124 possint
2439 2059 2717 2125 acceptum
2759 2068 2962 2108 semen.
3023 2051 3257 2124 Sanguis
3285 2053 3418 2107 enim
3449 2050 3608 2106 melan-

2087 2145 2366 2209 chonicus,
2409 2145 2462 2200 id
2488 2152 2571 2200 est
2604 2145 2744 2214 nigri
2786 2143 2943 2208 fellis,
2993 2152 3055 2198 ut
3089 2144 3297 2216 physici
3331 2144 3507 2204 dicunt,
3531 2140 3605 2194 fri-

2085 2233 2397 2306 gidissimus
2425 2241 2526 2297 est,
2558 2240 2613 2286 et
2658 2247 2794 2302 quos
2846 2233 3072 2288 nimium
3100 2233 3413 2303 possederit,
3439 2230 3608 2285 steriles

2085 2335 2197 2381 tam
2216 2326 2283 2381 ad
2306 2326 2654 2397 gignendum,
2703 2340 2864 2395 quam
2893 2324 2959 2379 ad
2993 2324 3401 2395 concipiendum
3445 2321 3604 2377 reddit.

2081 2415 2248 2471 Aiunt
2272 2425 2534 2487 praeterea
2559 2415 2721 2470 iidem
2745 2415 2954 2486 physici
3001 2414 3206 2470 stultos
3243 2429 3359 2470 esse
3391 2412 3605 2474 homines,

2082 2508 2174 2578 qui
2224 2501 2530 2578 frigidiores
2558 2507 2821 2576 sanguine
2869 2513 3015 2569 sunt,
3079 2505 3448 2574 prudentiores
3490 2515 3606 2566 rem.

2079 2601 2173 2671 qui
2221 2600 2540 2656 calidiorem
2587 2600 2906 2671 sanguinem
2952 2599 3182 2663 habent,
3221 2598 3357 2654 unde
3381 2606 3429 2654 et
3466 2608 3606 2658 senes,

2079 2689 2132 2743 in
2193 2689 2389 2759 quibus
2428 2687 2541 2757 iam
2603 2687 2864 2760 frigescit,
2912 2696 2965 2742 et
3000 2689 3164 2758 pueri
3219 2689 3272 2744 in
3315 2687 3490 2756 quibus
3532 2695 3609 2737 nec

2078 2783 2204 2839 dum
2251 2781 2430 2851 calet,
2471 2781 2653 2837 minus
2706 2781 2923 2851 sapiunt
2979 2788 3034 2836 et
3080 2781 3404 2852 stupidiores
3444 2787 3565 2833 sunt.

2144 2984 2267 3058 (ΙΙΙ
2293 2985 2420 3056 Reg.
2451 2983 2504 3038 ἓ.
2530 2983 2583 3038 5.
2614 2981 2693 3056 7.)
2749 2893 2958 3051 Suilii;
3005 2991 3061 3039 et
3121 2985 3228 3039 hoc
3258 3002 3270 3038 :
3300 2997 3455 3053 quare
3505 2977 3610 3034 dixit

391 3054 600 3112 θάηάθ
621 3055 711 3110 “ii
742 3063 874 3120 "est
907 3055 961 3110 id
995 3063 1080 3110 ⁸⁵⁸
1110 3055 1320 3123 Primus
1351 3054 1552 3119 Αδίδλίν
1589 3057 1858 3111 secundus
1877 3055 1975 3109 Ba‘
2000 3079 2045 3142 C
2078 3054 2248 3130 David
2283 3075 2349 3130 de
2370 3054 2503 3129 loab
2535 3092 2548 3128 :
2582 3054 2752 3144 posuit
2789 3089 3030 3128 cruorem
3059 3074 3241 3144 prrelii
3268 3075 3319 3128 in
3349 3073 3499 3128 balteo
3516 3085 3608 3132 suo,

393 3145 537 3216 nais,
573 3147 773 3202 tertius
795 3145 978 3212 Asael,
1005 3145 1188 3202 Abisai
1219 3160 1432 3217 quoque
1469 3148 1720 3217 princeps
1744 3154 1862 3202 erat
1905 3147 1973 3203 de

391 3237 480 3294 his
520 3237 774 3294 secundis
821 3236 1014 3291 tribus.
1041 3236 1145 3304 Qui
1173 3237 1293 3293 ideo
1321 3237 1402 3292 sic
1441 3237 1679 3307 ponitur,
1711 3251 1775 3292 ac
1798 3237 1846 3291 si
1886 3236 1972 3292 di-

389 3335 627 3392 ceretur,
674 3327 816 3383 sicut
859 3327 1028 3382 David
1081 3328 1224 3382 inter
1268 3327 1479 3398 priores
1524 3327 1777 3398 princeps
1827 3337 1968 3394 erat,

386 3417 472 3473 sic
513 3425 570 3472 et
603 3415 786 3473 Abisai
815 3417 956 3472 inter
987 3426 1276 3488 sequentes
1303 3424 1421 3473 erat
1439 3417 1711 3488 princeps.
1751 3417 1818 3472 Et
1849 3418 1969 3474 ideo

385 3510 534 3567 inter
561 3519 672 3567 tres
711 3519 830 3566 erat
859 3510 1346 3575 nominatissimus,
1389 3509 1534 3564 inter
1560 3517 1672 3564 tres
1697 3508 1964 3580 inclytus:

386 3602 673 3669 secundus,
720 3610 778 3657 et
811 3601 1064 3672 princeps
1093 3615 1284 3656 eorum
1311 3619 1324 3655 :
1350 3600 1622 3656 secundus
1646 3601 1790 3656 enim
1822 3610 1964 3667 erat,

385 3694 549 3752 idest
579 3693 805 3750 inferior
847 3693 1021 3750 tribus
1067 3692 1341 3764 prioribus
1369 3711 1382 3747 :
1408 3693 1661 3764 princeps
1708 3708 1839 3749 vero
1889 3710 1971 3750 se-

383 3784 713 3856 quentibus:
739 3799 970 3855 quorum
1012 3799 1153 3840 unus
1201 3783 1316 3854 ipse
1338 3791 1476 3849 cat,
1524 3783 1622 3838 sed
1675 3799 1849 3854 usque
1897 3785 1964 3840 ad

381 3883 498 3932 tres
548 3874 752 3944 primos
795 3889 904 3930 non
929 3881 1273 3945 pervenerat,
1303 3874 1433 3942 quia
1465 3872 1682 3938 merito,
1729 3882 1784 3929 et
1802 3872 1962 3929 forti-

381 3964 573 4022 tudine
598 3978 770 4032 usque
787 3963 856 4018 ad
875 3963 1069 4030 David,
1087 3972 1142 4019 et
1160 3963 1504 4028 Eleazarum,
1525 3969 1686 4032 atque
1708 3961 1963 4018 Semaam

383 4070 494 4114 non
508 4061 853 4127 pervenerat,
867 4061 973 4109 etc.

705 4130 708 4132 ’
1093 4144 1235 4200 xxx.

456 4256 544 4329 (11
581 4255 708 4328 Reg.
741 4256 832 4311 2-1.
871 4255 949 4327 1.)
994 4254 1203 4340 Quietis
1251 4264 1308 4311 et
1346 4257 1450 4313 hoc
1509 4272 1682 4326 quare
1715 4256 1962 4327 culpatur

380 4345 553 4402 David
591 4360 691 4416 pro
725 4346 1156 4402 dinumeratione
1200 4347 1402 4417 populi,
1450 4363 1575 4404 cum
1601 4361 1625 4388 α
1675 4348 1955 4419 Josaphat,

2071 3167 2162 3239 qui
2192 3174 2305 3220 erat
2342 3165 2482 3219 circa
2511 3164 2713 3219 lumbos
2755 3164 2891 3235 ejus,
2918 3173 2966 3219 et
3008 3165 3065 3218 in
3087 3164 3118 3205 τι
3150 3164 3482 3220 calceamenta
3515 3176 3607 3221 sua,

2072 3272 2190 3328 qua!
2219 3265 2368 3310 erant
2407 3256 2462 3310 in
2499 3255 2737 3324 pedibus,
2761 3264 2867 3310 etc.
2897 3255 2956 3310 ln
3009 3257 3242 3326 antiqua
3268 3264 3436 3310 autem
3472 3263 3610 3317 trans-

2071 3347 2269 3402 latione
2307 3346 2380 3401 ita
2432 3345 2691 3414 scriptum
2722 3345 2989 3400 habetur:
3024 3343 3094 3398 Et
3149 3362 3287 3399 nunc
3309 3353 3363 3397 tu
3389 3343 3501 3403 scis,
3517 3352 3609 3409 que

2069 3437 2190 3507 fecit
2237 3436 2366 3489 mihi
2417 3435 2553 3489 Ιοαὸ
2593 3433 2740 3504 ﬁlius
2788 3431 3016 3495 Samia).
3059 3443 3113 3487 et
3148 3451 3267 3506 quia
3303 3433 3418 3503 fecit
3447 3427 3610 3484 duobus

2065 3530 2389 3601 principibus
2415 3530 2618 3584 militiis
2646 3527 2822 3583 Israel
2851 3527 3026 3582 Abner
3043 3529 3166 3597 ﬁlio
3222 3528 3350 3592 Ner,
3383 3536 3428 3581 et
3457 3536 3480 3565 ⁸
3507 3521 3610 3574 Αιϐ-

2065 3635 2140 3675 ste
2181 3619 2294 3689 ﬁlio
2353 3619 2553 3684 Jether,
2601 3619 2827 3688 principi
2866 3617 3069 3672 militia:
3112 3615 3502 3673 Judanccidit
3544 3624 3610 3665 eos

2065 3720 2114 3765 et
2139 3710 2417 3765 vindicavit
2435 3711 2743 3780 sanguinem
2784 3709 2905 3764 belli
2925 3711 2981 3763 in
3001 3727 3153 3781 pace,
3193 3721 3243 3765 et
3269 3711 3408 3765 dedit
3436 3702 3608 3773 sangui-

2065 3819 2182 3858 nem
2207 3803 2561 3858 innocentium
2609 3802 2666 3856 in
2722 3803 2827 3856 vita
2870 3819 3008 3868 mea,
3037 3812 3088 3858 et
3108 3805 3168 3858 in
3194 3820 3332 3859 sons
3352 3819 3477 3865 mea,
3519 3809 3608 3867 (με

2063 3904 2176 3949 erat
2213 3896 2353 3949 circa
2373 3893 2576 3949 lumbos
2615 3911 2780 3960 meos,
2816 3904 2863 3948 et
2888 3895 2945 3948 in
2965 3894 3328 3951 calceamento
3355 3910 3478 3957 meo,
3498 3884 3607 3960 quod

2063 3995 2176 4040 erat
2219 3986 2276 4040 in
2310 3985 2438 4056 pede
2477 4002 2610 4052 meo,
2647 3995 2695 4040 et
2743 3985 2904 4055 facies
2939 3987 2987 4040 ei
3027 3987 3322 4042 secundum
3345 3982 3610 4057 sapientiam

2065 4082 2233 4140 tuam,
2291 4083 2340 4128 et
2362 4073 2587 4128 deduces
2643 4075 2889 4129 canitiem
2941 4075 3057 4145 ejus
3115 4093 3238 4130 cunt
3284 4075 3519 4146 sanguine
3555 4065 3608 4121 ad

2061 4166 2277 4235 inferos.
2307 4164 2444 4233 Quia
2473 4167 2616 4221 enim
2635 4165 2861 4234 iubente
2891 4167 3001 4222 Deo
3051 4167 3148 4223 lex'
3165 4169 3258 4239 jus
3285 4167 3402 4223 ﬁnit
3441 4159 3604 4236 (Exod-

2061 4253 2150 4308 21.
2183 4253 2316 4326 lt),
2345 4253 2394 4309 si
2421 4255 2536 4325 quis
2562 4255 2627 4309 de
2654 4255 2917 4309 industria
2962 4255 3216 4311 occiderit
3245 4257 3515 4314 hominm.
3551 4247 3602 4302 ιδ

2061 4342 2219 4398 altari
2253 4359 2386 4409 meo,
2411 4343 2609 4414 expelle
2633 4360 2774 4409 eum,
2826 4354 2881 4398 ut
2923 4344 3209 4399 moriatur.
3254 4345 3322 4400 Et
3367 4344 3540 4398 iterum
3565 4335 3608 4389 in

379 4437 672 4507 eseterique
713 4451 868 4506 reges
921 4436 1174 4506 populum
1218 4436 1314 4492 Dei
1361 4437 1846 4502 dinumeraverint,
1905 4451 1960 4493 et
1985 4432 2038 4490 D
2064 4435 2483 4492 Deuteronomio
2503 4437 2670 4492 dicit:
2698 4435 2810 4508 (19.
2834 4435 3299 4508 11.12.15.)Νεο
3323 4435 3470 4490 aliter
3486 4445 3608 4485 mss-

381 4526 759 4597 inculpabiles,
815 4536 871 4582 et
906 4528 1024 4583 sine
1070 4528 1306 4584 vindicta
1354 4529 1781 4599 permanserint,
1829 4544 1958 4584 cum

378 4618 559 4688 potius
609 4627 736 4674 ante
783 4616 1042 4688 Josaphat
1082 4619 1294 4690 Moyses
1323 4619 1406 4675 bis
1452 4620 1548 4675 Dei
1575 4621 1832 4690 populum
1858 4637 1958 4675 nu-

379 4719 636 4766 meraret.
661 4710 799 4778 Quid
825 4711 968 4766 enim
997 4707 1257 4780 Josaphat
1294 4711 1391 4765 Dei
1419 4711 1675 4781 populum
1707 4726 1959 4767 numera-

379 4803 480 4867 vit,
531 4802 856 4857 necessitate
894 4799 1044 4865 fecit,
1069 4808 1124 4854 et
1153 4799 1365 4870 Moyses
1413 4801 1524 4856 Deo
1565 4799 1812 4870 jubentc,
1853 4803 1956 4859 Da-

377 4892 468 4946 vid
521 4906 651 4946 vero
714 4889 1168 4960 praesumptione,
1227 4897 1282 4944 et
1337 4889 1664 4956 temeritate,
1721 4901 1779 4946 et
1835 4894 1956 4949 exi-

378 4990 540 5053 gente
593 4982 777 5054 populi
825 4983 1146 5054 iniquitate,
1205 4983 1350 5038 unde
1391 4981 1505 5053 jam
1561 4984 1616 5038 in
1673 4986 1955 5054 superiore

450 5155 478 5184 ι
515 5141 616 5198 llic
639 5141 948 5200 collocanda
988 5149 1114 5213 sunt
1132 5141 1320 5213 procul
1346 5142 1527 5213 dubio.
1559 5157 1680 5211 qua:
1719 5157 1953 5213 sequun-

381 5221 468 5284 tur
523 5229 693 5282 usque
719 5213 784 5268 ad
818 5228 964 5268 num.
989 5212 1088 5284 2|;
1131 5211 1372 5284 jquasque
1401 5212 1457 5266 in
1475 5211 1593 5284 fine
1629 5211 1829 5268 codicis
1851 5229 1950 5284 po—

378 5283 482 5340 sita
508 5281 665 5338 erant
695 5301 708 5336 :
737 5284 938 5338 etenim
961 5283 1100 5338 sicut
1129 5281 1202 5336 ibi
1238 5281 1368 5353 loco
1415 5282 1639 5353 minime
1682 5292 1806 5353 apto
1852 5281 1952 5353 po-

379 5359 602 5418 mmr,
656 5353 729 5409 ita
754 5353 844 5409 hic
881 5355 1178 5422 aptissimo.
1237 5351 1537 5407 Mirandum
1563 5351 1730 5422 porro
1763 5353 1818 5408 id
1843 5351 1949 5409 non

379 5429 514 5503 esti
547 5424 759 5505 etopij
795 5424 847 5478 id
885 5424 938 5478 in
970 5423 1250 5505 codicibus
1283 5422 1852 5505 quandoque‘visitur,
1897 5432 1953 5505 et

377 5505 482 5560 ego
501 5491 858 5572 indubitatum
885 5507 1037 5548 exem
1078 5493 1188 5547 lum
1239 5491 1553 5560 'ampridem
1579 5492 1734 5547 attuli
1757 5492 1811 5547 in
1833 5507 1864 5546 e
1903 5493 1950 5534 ‘-

380 5558 520 5639 stola
549 5559 772 5614 Adriani
806 5506 1346 5639 papae_adp_Car9lum
1381 5560 1653 5632 Magnum.
1697 5507 1954 5639 coiisugiit

383 5628 606 5752 ξεὸειῖιέὤ
638 5642 759 5747 Ἰιὲω
816 5628 1008 5684 tradidi
1057 5629 1133 5683 De
1184 5628 1341 5684 Cultu
1383 5628 1683 5684 sanctorum
1732 5631 1948 5686 dissert.

460 5736 476 5763 ,
506 5707 625 5764 cap.
655 5707 737 5747 ιθ.

2061 4527 2181 4580 dari
2201 4534 2366 4596 potest
2406 4534 2546 4581 terra
2573 4527 2914 4597 possessionis
2940 4535 3148 4590 vestra,
3179 4525 3286 4580 nisi
3311 4525 3366 4578 in
3389 4516 3605 4590 sath

2061 4617 2200 4688 ejus,
2227 4618 2318 4688 qui
2361 4617 2669 4687 sanguinem
2723 4616 2937 4686 fuderit.
2988 4615 3107 4684 Ipse
3156 4616 3307 4672 enim
3352 4613 3507 4668 David
3543 4621 3608 4664 ne:

2061 4708 2304 4764 dundare
2360 4715 2640 4778 peccatum
2670 4706 2946 4762 homicidii
2972 4704 3112 4762 Joab
3149 4706 3312 4771 dixit,
3355 4700 3492 4774 quod
3517 4709 3602 4752 nol

2062 4799 2371 4863 vindicavit,
2404 4799 2549 4870 quod
2570 4799 2845 4854 vindicare
2869 4797 3064 4866 powit,
3100 4806 3161 4852 et
3185 4797 3377 4852 debuit
3409 4807 3499 4864 per
3541 4788 3604 4841 le“

2061 4890 2144 4960 gis
2187 4889 2591 4954 auctoritatem,
2637 4896 2694 4943 et
2755 4888 2958 4959 regiam
2989 4894 3339 4957 potestatem.
3370 4883 3436 4938 Et
3469 4878 3605 4936 Μάνη

2058 4997 2142 5046 eo,
2173 4982 2317 5050 quod
2359 4989 2517 5035 antes
2539 4995 2647 5035 non
2668 4977 2816 5041 fecit,
2865 4979 3010 5034 circa
3038 4986 3275 5033 mortem
3301 4991 3453 5032 suam
3478 4969 3606 5026 Salo-

2128 5148 2158 5188 b
2198 5137 2429 5194 Semnta.
2872 5202 2882 5204 _
3522 5196 3532 5204 .
3571 5193 3580 5204 .

2130 5220 2153 5249 ο
2192 5208 2239 5263 Α
2269 5206 2528 5277 Josapbat
2573 5203 2829 5277 populum
2863 5202 3028 5260 fuisse
3055 5196 3606 5277 numera-tamenin?

2055 5293 2143 5335 me
2180 5266 2425 5341 invenio';
2483 5285 2540 5332 at
2577 5266 2890 5346 're’censitus
2922 5281 3019 5346 est
3066 5272 3131 5346 ab
3179 5267 3464 5346 Agbgblll
3488 5266 3602 5346 Beg-

2053 5349 2144 5404 ΞΟ.
2189 5347 2276 5402 13.
2320 5339 2492 5402 27.οι
2515 5363 2547 5402 a
2585 5343 3042 5416 Joram_Regibus
3077 5341 3254 5416 lsrael
3298 5339 3527 5416 “lites.
3559 5339 3604 5416 ξ.

2053 5399 2116 5480 ἓξ
2132 5399 2290 5473 ὲίᾶἱ)
2332 5399 2551 5471 amisi;
2586 5399 2731 5486 Rege
2763 5399 2916 5469 luds;
2961 5399 3427 5486 minime__malqil
3451 5399 3603 5486 Pam]:

2051 5476 2140 5544 23.
2167 5487 2221 5552 5,
2246 5487 2354 5543 imo
2381 5487 2546 5542 etiam
2577 5501 2607 5539 a
2637 5476 2924 5540 Salomone
2981 5484 3106 5539 dum
3137 5481 3322 5538 adhuc
3347 5481 3452 5536 Deo
3479 5476 3606 5529 esset

2055 5565 2550 5680 acge'gglieamcnto
2571 5640 2685 5690 suo,
2706 5624 2866 5695 quod.

2130 5707 2153 5736 ο
2191 5697 2418 5772 Amasar.
