3924 6170
377 255 477 312 821

375 375 523 446 mani
571 373 683 430 ﬁlio
725 390 822 430 suo
852 373 971 430 fieri
1008 373 1184 440 iussit,
1229 385 1291 432 ut
1331 375 1420 432 hic
1445 392 1546 446 per
1573 375 1707 445 legis
1737 381 1955 432 senten-
1984 371 2034 430 Α

372 441 503 536 tiain
524 466 800 536 puniatur,
832 481 900 522 ne
942 466 996 521 in
1049 475 1365 538 perpetuum
1413 441 1702 538 puniretur
1753 481 1786 523 ι
1821 468 1951 524 Deo.

1019 254 1481 327 QUESTIONES
1520 256 1668 313 XXX
1707 253 1937 314 SUPER
1971 251 2222 312 LIBROS
2260 253 2523 316 ιιεουκ.
2560 289 2635 302 —
2668 258 2868 316 LIBER
2906 258 2991 318 IV.

3529 254 3640 318 ευ

2130 463 2251 530 (ιιι
2282 463 2412 536 Reg.
2445 465 2602 537 δά.)
2663 371 3030 542 Βεῖξιέιιοᾶ
3076 463 3337 534 scriptum
3387 473 3472 518 est
3500 480 3514 515 ε
3542 429 3639 514 οἱ.

373 544 481 612 Sed
537 557 666 628 quia
723 557 790 612 de
854 557 991 612 Joab
1040 559 1370 614 mentionem
1413 559 1644 614 fecimus
1693 559 1956 614 debemus
2056 557 2184 610 lexit
2208 565 2384 610 autem
2409 555 2666 613 Salomon
2685 557 2968 612 Dominum
2987 555 3264 611 ambulans
3288 555 3343 609 in
3367 555 3636 625 praeceptis

372 657 616 718 repetere
645 649 788 720 quod
839 659 1000 704 antea
1029 650 1084 704 in
1115 649 1488 720 superioribus
1523 650 1953 720 praetermissum

368 747 470 805 est,
519 753 641 794 cum
686 739 970 794 maledixit
1013 740 1062 795 ei
1103 739 1271 794 David
1320 748 1546 810 propter
1567 741 1754 796 Abner
1777 739 1952 796 illium

368 827 498 895 Ner,
548 830 692 884 inter
735 839 931 886 caetera
963 831 1037 885 ita
1080 830 1258 884 dixit:
1303 829 1390 901 (II
1433 829 1559 901 Reg.
1592 830 1644 885 5.
1691 830 1807 902 29.)
1842 829 1953 884 Nec

366 919 578 990 deﬁciat
625 921 690 975 de
712 922 866 977 domo
913 921 1051 976 loab
1100 923 1304 990 ﬂuxum
1329 922 1542 976 seminis
1578 921 1864 987 sustinens,
1904 933 1952 977 et

367 1014 622 1084 leprosus,
647 1021 696 1066 et
717 1021 896 1067 tenens
925 1011 1124 1081 fusum,
1147 1021 1193 1065 et
1221 1011 1413 1067 cadens
1436 1011 1639 1082 gladio,
1663 1023 1770 1068 etc.
1799 1012 1953 1080 Quod

366 1104 538 1161 multo
573 1104 732 1159 aliter
772 1103 913 1173 apud
955 1101 1306 1174 Septuaginta
1343 1103 1606 1174 scriptum
1638 1104 1906 1172 reperitur
1937 1120 1949 1155 :

367 1194 436 1250 Et
486 1194 687 1248 audivit
716 1193 882 1248 David
917 1202 1098 1262 postea
1157 1209 1318 1260 quam
1358 1203 1598 1248 mortuus
1630 1202 1708 1247 est
1753 1192 1949 1255 Abner,

362 1297 413 1338 et
446 1284 578 1338 dixit
624 1284 872 1338 innocens
901 1299 995 1353 ego
1046 1298 1184 1348 sum,
1214 1292 1263 1336 et
1327 1299 1544 1354 regnum
1587 1300 1761 1337 meum
1808 1283 1951 1354 apud

363 1373 654 1428 Dominum
691 1389 757 1430 ea:
799 1374 920 1438 hoc,
947 1382 994 1427 et
1014 1389 1176 1444 usque
1195 1373 1252 1428 in
1281 1382 1558 1438 aeternum,
1600 1373 1665 1427 de
1694 1373 1951 1442 sanguine

364 1465 536 1517 Abner
562 1462 664 1532 ﬁlii
712 1461 842 1516 Ner.
895 1459 1074 1517 Veniet
1118 1478 1276 1533 super
1323 1472 1478 1535 caput
1512 1461 1672 1528 Joab,
1713 1471 1761 1516 et
1795 1477 1952 1529 super

363 1570 566 1608 onmem
609 1553 822 1608 domum
862 1554 1030 1624 patris
1073 1554 1210 1625 ejus,
1262 1563 1312 1608 et
1346 1571 1452 1608 non
1497 1554 1661 1608 deerit
1706 1553 1771 1608 de
1793 1553 1949 1606 domo

361 1641 496 1697 Ιοαὸ
520 1660 772 1714 gonorus,
803 1653 851 1697 et
875 1642 1131 1714 leprosus,
1158 1653 1208 1698 et
1229 1653 1406 1698 tenens
1429 1642 1660 1708 sitalem,
1683 1651 1731 1697 et
1754 1642 1948 1697 cadens

361 1733 414 1786 in
457 1732 658 1804 gladio,
713 1743 761 1788 et
798 1733 1035 1804 indigens
1071 1750 1225 1804 pane.
1277 1731 1542 1789 Gonories
1598 1733 1715 1788 haec
1764 1732 1946 1803 passio

360 1832 440 1880 est
485 1827 678 1881 vesica:
727 1842 850 1880 cum
907 1825 1246 1896 veretri,qui
1287 1825 1510 1881 seminis
1536 1824 1690 1894 lapsu
1720 1831 1948 1879 vexatus

356 1917 689 1973 creberrime
735 1917 850 1972 sine
879 1915 986 1971 ulla
1012 1916 1277 1988 tentigine
1328 1917 1502 1971 virum
1530 1922 1827 1970 attestante
1852 1915 1946 1970 de-

357 2006 714 2063 bilitationem
768 2024 891 2063 cutn
958 2008 1164 2080 pallore
1230 2008 1523 2078 corporis,
1575 2015 1632 2063 et
1704 2007 1947 2062 acinacie

356 2097 559 2165 patitur
598 2115 610 2150 :
647 2097 789 2151 hanc
837 2097 1147 2167 passionem
1196 2096 1386 2152 Graece
1425 2096 1699 2152 Gonorian
1723 2105 1940 2153 vocant.

355 2186 455 2242 Est
503 2194 685 2241 autem
726 2188 1043 2251 saevissima,
1077 2195 1131 2241 et
1176 2188 1350 2256 turpis
1377 2187 1552 2251 valde,
1595 2195 1653 2240 ut
1701 2188 1945 2243 nesciant

357 2277 635 2344 quomodo
685 2276 941 2345 genitalia
969 2291 1155 2330 semen
1191 2276 1505 2340 dimittant;
1547 2277 1945 2344 compatiuntur

355 2367 502 2421 enim
538 2366 829 2421 semiuales
879 2375 1111 2430 meatus,
1151 2373 1209 2420 ut
1255 2379 1362 2420 non
1414 2365 1622 2436 possint
1667 2366 1946 2420 continere

357 2455 718 2510 substantiam
769 2455 992 2511 seminis
1041 2472 1150 2527 pm
1187 2455 1598 2520 debilitatione,
1646 2463 1704 2510 et
1748 2456 1945 2510 dill'un-

357 2541 492 2597 dunt
531 2543 742 2598 urinam
775 2552 1007 2610 tenuem,
1061 2546 1434 2610 rubicundam,
1478 2553 1535 2600 et
1595 2547 1941 2613 acerrimam,

355 2642 412 2687 et
458 2649 522 2688 ex
584 2635 811 2690 humore
873 2636 1042 2692 multo
1092 2636 1380 2706 frequenti,
1431 2645 1675 2708 tempore
1732 2639 1942 2694 incerto

354 2732 549 2792 sponte
598 2722 904 2793 projicitur.
966 2725 1028 2780 Hi
1081 2736 1264 2780 autem
1295 2726 1450 2790 tales,
1501 2727 1549 2782 si
1601 2728 1939 2799 diligentiam

354 2829 461 2868 non
491 2813 728 2868 habeant
760 2815 812 2868 in
849 2816 988 2870 hanc
1011 2817 1340 2886 passionem,
1370 2817 1618 2886 sequitur
1638 2833 1734 2873 eos
1764 2832 1936 2883 mors,

353 2910 585 2974 pereunt
633 2905 776 2960 enim
825 2904 1084 2975 aliquanti
1132 2905 1346 2960 silentio
1385 2914 1624 2970 utentes,
1665 2906 1940 2976 negligen-

354 2995 451 3060 tia,
502 3005 560 3050 et
583 3009 689 3050 non
717 2995 1038 3051 adhibentes
1084 3011 1264 3060 curas,
1304 2995 1911 3068 deﬁeiuntinpassione.

358 3085 556 3141 Tenens
582 3085 838 3152 scitalem,
858 3087 1116 3141 nescimus
1160 3088 1288 3156 quid
1317 3087 1407 3152 sit,
1435 3087 1560 3157 quia
1575 3102 1795 3159 germen
1815 3095 1898 3142 est
1922 3103 1936 3151 ;

346 3178 457 3232 nisi
496 3177 640 3247 quod
669 3187 851 3233 nostra
891 3179 1174 3234 translatio
1216 3179 1351 3233 dicit
1400 3187 1578 3233 tenens
1633 3179 1941 3249 fusum,de—

355 3268 480 3324 inde
525 3268 728 3339 cadens
776 3269 975 3339 gladio,
1025 3280 1083 3325 ut
1113 3270 1184 3324 sit
1211 3286 1428 3336 sensus,
1461 3271 1586 3340 quia
1617 3271 1682 3335 is,
1721 3271 1814 3341 qui
1842 3286 1934 3326 no-

351 3357 600 3415 biliorem
628 3376 705 3425 se,
747 3361 949 3416 occidit
1003 3363 1056 3416 in
1103 3361 1242 3425 dolo,
1287 3372 1394 3417 eta
1439 3362 1578 3416 virili
1623 3363 1819 3418 robore
1846 3363 1938 3416 de-

353 3448 598 3504 bilitatus
630 3451 684 3504 in
724 3450 1006 3506 mollitiem
1037 3451 1279 3508 mulieris
1311 3454 1598 3518 resolutus,
1647 3463 1811 3524 atque
1858 3454 1936 3510 el-

353 3539 646 3598 feminatus
702 3559 886 3599 coram
948 3545 1183 3599 inimicis
1231 3546 1346 3600 suis
1397 3547 1559 3601 cadat
1615 3548 1831 3618 gladio,
1879 3557 1937 3604 et

351 3647 576 3704 pauper,
627 3643 683 3690 et
726 3636 894 3690 miser
914 3634 1137 3690 eﬂ'cctus
1191 3635 1426 3706 indigeat
1470 3651 1628 3704 pane.
1666 3637 1748 3692 An
1797 3639 1936 3693 forte

352 3732 530 3778 tenens
579 3724 753 3794 fusum
826 3725 1026 3782 dicitur
1071 3725 1344 3780 sustinens
1409 3725 1552 3780 illam
1600 3727 1933 3796 passionem,

351 3831 514 3885 quam
560 3817 802 3871 nonnulli
833 3817 1030 3887 fusum
1071 3825 1281 3878 vocant,
1337 3831 1500 3886 quam
1551 3817 1744 3871 medici
1776 3818 1932 3887 tgsim

353 3909 671 3964 nominant?
691 3909 846 3980 Tysis
875 3917 1057 3964 autem
1100 3908 1364 3963 uleeratio
1393 3916 1478 3963 est
1514 3908 1766 3963 tumorin
1815 3908 1934 3978 pul-

354 3999 624 4065 monibus,
673 4002 764 4070 qui
823 4003 875 4055 in
917 3999 1206 4072 juvenibus
1237 3999 1450 4056 facilius
1502 4001 1733 4055 inveniri
1773 4001 1932 4056 solet.

353 4088 512 4162 Tysis
555 4101 734 4148 autem
768 4093 908 4162 apud
931 4092 1148 4148 Graecos
1183 4093 1349 4159 dicta,
1382 4093 1524 4163 quod
1573 4093 1643 4148 sit
1683 4109 1936 4148 consum-

351 4181 465 4249 ptio
515 4182 678 4237 totius
729 4183 993 4253 corporis,
1041 4198 1162 4253 qua:
1214 4183 1273 4238 lit
1316 4200 1381 4238 ex
1420 4185 1773 4239 reumatismo
1818 4194 1938 4255 gut-

279 4271 489 4326 '.turis
523 4288 646 4327 cum
698 4271 983 4336 febricula,
1037 4282 1239 4328 etcum
1290 4273 1638 4328 distillatione
1696 4274 1934 4336 assidua,

349 4369 405 4416 et
430 4363 684 4417 catarrho
733 4362 1030 4417 instillante
1088 4363 1258 4418 multo
1299 4372 1584 4434 tempore:
1619 4372 1674 4418 et
1714 4363 1794 4418 sic
1823 4364 1936 4434 pul-

2054 648 2220 717 patris
2245 649 2349 712 sui,
2374 657 2584 718 excepto
2613 648 2753 720 quod
2779 649 2837 702 in
2861 647 3081 703 excelsis
3103 646 3427 711 ambulabat,
3475 656 3525 701 et
3545 663 3636 700 ac-

2055 739 2304 792 cendebat
2341 738 2630 808 thymiama
2654 757 2674 793 :
2697 746 2752 794 et
2779 747 2901 809 post
2930 739 3046 794 haec
3063 738 3319 808 inquiris,
3365 737 3495 806 quid
3514 745 3634 790 erat

2053 827 2334 893 excelsum,
2367 828 2510 897 quod
2560 827 2871 898 frequenter
2899 827 2954 882 in
2985 828 3090 882 hoc
3132 827 3270 882 libro
3325 825 3541 897 legitur,
3577 833 3633 882 et

2053 919 2188 974 dicis
2217 933 2232 972 :
2258 918 2368 973 Cur
2409 917 2626 974 Samuel
2649 934 2754 973 non
2782 917 3050 989 culpatur,
3092 918 3182 988 qui
3231 919 3287 972 in
3335 915 3632 972 excelsols-

2051 1011 2194 1080 gitur
2215 1008 2514 1063 immolasse
2551 1021 2570 1060 :
2599 1023 2852 1080 egressus
2883 1007 3032 1064 enim
3075 1023 3142 1064 ex
3189 1006 3426 1079 Egypto
3460 1021 3634 1077 popu—

2051 1102 2134 1157 lus
2161 1101 2278 1165 Dei,
2300 1109 2587 1171 postquam
2616 1109 2839 1158 venerat
2865 1100 2932 1155 ad
2967 1109 3204 1156 montem
3251 1099 3400 1155 Sinai
3426 1098 3629 1170 (Exod.

2053 1192 2138 1248 19.
2169 1192 2260 1258 20,
2306 1204 2355 1247 et
2375 1191 2530 1264 seq.),
2566 1202 2623 1249 et
2652 1193 2939 1248 audierunt
2965 1195 3030 1248 de
3058 1193 3238 1248 medio
3274 1192 3412 1264 ignis
3451 1191 3633 1247 Domi-

2051 1301 2180 1340 num
2203 1285 2506 1356 loquentem
2536 1287 2605 1340 ad
2631 1300 2691 1340 se
2725 1299 2740 1339 :
2771 1293 2828 1341 et
2861 1285 2934 1341 ibi
2959 1285 3363 1354 quodammodo
3394 1285 3635 1340 inierunt

2050 1384 2270 1448 pactum
2306 1392 2430 1432 cum
2459 1377 2589 1442 Deo,
2617 1385 2673 1431 et
2701 1377 3108 1447 spoponderunt
3142 1391 3203 1432 se
3239 1375 3480 1432 facturos
3515 1390 3632 1430 om-

2049 1468 2160 1532 nia,
2209 1483 2329 1537 quae
2363 1466 2616 1536 iussisset
2664 1466 2944 1531 Dominus,
3005 1475 3169 1536 atque
3201 1467 3342 1522 sicut
3363 1481 3506 1520 unus
3548 1469 3634 1519 est

2051 1558 2216 1622 Deus,
2266 1559 2323 1613 et
2362 1574 2502 1612 unus
2539 1564 2658 1612 erat
2690 1556 2920 1627 populus
2943 1545 3048 1612 Dei
3088 1555 3324 1628 (Denter.
3371 1554 3458 1608 12.
3481 1553 3538 1609 5.
3572 1553 3627 1608 8.

2055 1649 2138 1706 l2.
2172 1651 2256 1706 15.
2285 1651 2371 1705 14.
2402 1650 2492 1705 2i.
2521 1651 2612 1706 26.
2638 1650 2776 1721 27.),
2797 1650 2870 1705 ita
2899 1649 3157 1719 iussisset
3193 1650 3246 1704 in
3284 1646 3634 1702 tabernaculo

1977 1716 2021 1774 Β
2051 1759 2214 1797 unum
2252 1743 2454 1798 habere
2496 1743 2666 1797 altare
2716 1716 2833 1807 Dei,
2883 1716 3068 1812 inquo
3089 1739 3396 1803 sacrificiis,
3430 1746 3490 1793 et
3520 1737 3636 1792 lau-

2047 1834 2206 1888 dibus
2254 1835 2587 1888 honorarent
2616 1831 2803 1886 Deum.
2842 1831 2972 1888 Post
3019 1830 3189 1886 multa
3234 1843 3364 1884 vero
3388 1837 3630 1898 tempora

2047 1921 2389 1993 exigentibus
2412 1922 2651 1992 peccatis
2687 1921 2931 1986 illorum,
2972 1930 3028 1976 et
3069 1937 3195 1978 arca
3235 1920 3328 1975 Dei
3358 1918 3632 1988 captivata

2045 2023 2122 2069 est
2152 2014 2222 2069 ab
2244 2012 2573 2084 alieniginis,
2605 2013 2659 2066 in
2685 2028 2793 2083 qua
2816 2020 2936 2068 erat
2966 2010 3143 2068 ftedus
3175 2011 3461 2082 scriptum,
3485 2010 3632 2080 quod

2045 2107 2284 2162 inierunt
2299 2120 2423 2160 cum
2446 2105 2575 2169 Deo,
2597 2119 2705 2158 non
2735 2119 2795 2160 se
2815 2104 2978 2159 alium
3001 2104 3261 2159 colituros
3283 2104 3474 2168 Deum,
3497 2117 3634 2172 pra:-

2043 2207 2130 2252 ter
2168 2198 2336 2251 Deum
2376 2206 2592 2266 patrum
2631 2210 2874 2263 suorum,
2900 2196 3196 2261 Abraham,
3242 2195 3417 2260 lsaac,
3461 2193 3633 2250 eth-

2043 2288 2144 2344 cob
2178 2305 2191 2340 :
2226 2286 2379 2355 cujus
2401 2286 2767 2358 insuperabile
2799 2298 2996 2342 nomen
3037 2294 3224 2342 manet
3254 2287 3307 2340 in
3341 2295 3629 2349 aeternum,

2044 2385 2100 2431 et
2133 2377 2451 2433 memoriale
2497 2379 2553 2432 in
2593 2379 2943 2450 generatione
2994 2385 3052 2432 et
3087 2376 3455 2448 generatione.
3505 2375 3634 2432 Post
3730 2451 3744 2463 .

2047 2469 2160 2524 haec
2200 2467 2524 2539 dissipatum
2549 2477 2633 2524 est
2674 2467 3106 2532 tabernaculum,
3152 2469 3298 2538 quod
3334 2469 3453 2522 sine
3481 2482 3628 2533 area,

2043 2561 2099 2614 in
2127 2575 2232 2630 qua
2255 2567 2374 2616 erat
2395 2559 2571 2615 foedus
2599 2560 2861 2629 scriptum
2884 2559 3026 2614 inter
3049 2561 3242 2626 Deum,
3271 2568 3327 2614 et
3349 2559 3628 2630 populum,

2044 2652 2308 2708 remansit
2351 2653 2468 2708 sine
2519 2651 2749 2718 honore,
2791 2660 2955 2722 atque
3005 2653 3170 2707 inane
3202 2669 3215 2704 :
3243 2659 3299 2706 et
3341 2653 3414 2708 ita
3455 2652 3631 2708 visum

2043 2741 2364 2812 quibusdam
2409 2741 2617 2797 sanctis
2662 2739 2783 2807 fuit,
2831 2749 2892 2796 ut
2931 2742 3220 2798 Dominum
3267 2743 3436 2797 Deum
3471 2757 3632 2798 suum

2043 2831 2184 2885 inter
2210 2830 2636 2885 destructionem
2664 2830 2996 2886 tabernaculi
3026 2839 3083 2887 et
3110 2832 3292 2902 templi
3319 2831 3633 2889 aediﬁcatio-

2040 2935 2164 2976 nem
2187 2920 2240 2975 iu
2260 2919 2392 2976 locis
2421 2921 2672 2986 amoenis,
2696 2930 2752 2976 et
2771 2922 3004 2984 mundis,
3030 2930 3193 2991 atque
3213 2923 3443 2978 excelsis
3462 2923 3629 2979 Deum

2043 3010 2187 3075 cmli,
2215 3011 2457 3075 incenso,
2499 3020 2662 3082 atque
2691 3011 2974 3067 sacrificiis
3011 3013 3366 3077 honorarent,
3396 3013 3544 3082 quod
3569 3013 3632 3067 il-

2049 3103 2256 3158 licitum
2286 3103 2387 3158 fuit
2418 3103 2533 3158 fieri
2578 3103 2776 3174 populo
2805 3103 2902 3168 illi,
2954 3111 3242 3174 postquam
3273 3119 3399 3160 area
3428 3105 3497 3160 de
3541 3118 3633 3159 ca-

2044 3195 2292 3265 ptivitate
2335 3210 2554 3251 reversa
2580 3202 2688 3259 est,
2738 3203 2792 3249 et
2830 3195 3236 3250 tabernaculum
3271 3202 3534 3259 erectum,
3575 3203 3634 3250 et

2042 3286 2144 3341 sibi
2189 3285 2451 3356 templum
2483 3283 2829 3340 aedificatum.
2878 3284 2948 3340 Et
2981 3285 3106 3340 inde
3149 3293 3250 3352 est,
3298 3286 3440 3355 quod
3482 3284 3632 3342 Scri-

2040 3382 2200 3445 ptura
2248 3373 2563 3444 frequenter
2588 3375 2938 3444 reprehendit
2987 3389 3083 3430 eos
3116 3375 3209 3444 qui
3250 3375 3427 3431 adhuc
3453 3374 3632 3430 adole—

2041 3463 2172 3520 bant
2212 3467 2265 3520 in
2311 3466 2549 3529 excelso,
2602 3473 2659 3521 et
2687 3465 3090 3535 incnlpabiliter
3113 3467 3298 3522 seista
3337 3465 3517 3522 facere
3537 3482 3632 3536 pu-

2042 3558 2232 3612 tabant
2277 3558 2404 3626 quia
2462 3556 2704 3622 Samuel,
2747 3557 2838 3626 qui
2878 3558 2988 3611 Deo
3035 3557 3336 3627 placuerat,
3381 3564 3437 3610 et
3472 3555 3631 3613 Salo-

2041 3664 2188 3714 mon,
2236 3657 2290 3702 et
2315 3649 2451 3702 alios
2475 3646 2676 3702 multos
2712 3645 2856 3701 illius
2878 3647 3136 3715 temporis
3157 3645 3424 3711 homines,
3449 3645 3525 3700 ita
3551 3646 3632 3704 fe-

2039 3739 2178 3793 cisse
2204 3737 2450 3792 sciebant
2477 3755 2490 3792 :
2522 3737 2634 3791 imo
2671 3750 2794 3790 cum
2841 3751 3038 3806 magna
3068 3735 3226 3790 laude
3250 3734 3396 3790 inter
3437 3749 3629 3794 omnes

2042 3842 2196 3898 reges
2222 3827 2363 3894 illos,
2391 3827 2538 3899 digni
2575 3825 2845 3881 habentur
2877 3825 2932 3879 in
2982 3825 3229 3882 laudibus
3259 3827 3400 3896 apud
3431 3826 3626 3894 Deum,

2040 3917 2130 3986 qui
2164 3915 2289 3970 talia
2313 3918 2699 3973 destruxerunt
2720 3911 2828 3986 (IV
2855 3912 2986 3986 Reg.
3020 3915 3108 3972 18.
3146 3916 3205 3982 4,
3233 3925 3284 3970 et
3306 3914 3445 3987 Ξῖ),
3470 3917 3526 3971 id
3544 3927 3630 3972 est

2042 4007 2324 4073 Ezechias,
2388 4016 2443 4064 et
2486 4005 2612 4080 (IV.
2681 4005 2808 4078 Reg.
2867 4005 2960 4062 9.3.
3017 4007 3072 4062 5.
3123 4009 3176 4064 8.
3245 4008 3332 4064 l3.
3375 4009 3462 4066 l9.
3506 4008 3625 4080 20.)

2041 4097 2236 4153 Josias.

2753 4191 2900 4248 XXV

2111 4281 2322 4350 Quaeris
2345 4297 2467 4337 cum
2493 4281 2701 4353 legatur
2727 4284 2779 4339 in
2805 4284 2942 4340 libro
2967 4283 3173 4356 Regum
3201 4285 3313 4358 (ΙΙΙ.
3337 4283 3441 4359 8.),
3462 4293 3627 4355 atque

2042 4371 2487 4441 Paralipomenon
2537 4373 2612 4443 (‘2.
2651 4371 2837 4428 Paret.
2863 4375 2916 4429 5.
2949 4375 3082 4446 10.),
3112 4376 3257 4445 quod
3284 4377 3338 4431 in
3363 4391 3490 4432 arca
3517 4391 3626 4430 non

351 4468 539 4508 moues
585 4453 798 4507 vitiant.
847 4453 940 4507 Est
966 4461 1146 4509 autem
1200 4451 1382 4523 passio
1413 4423 1426 4434 ’
1444 4453 1756 4524 pulmonum
1793 4423 1932 4523 peri-
1960 4423 2016 4482 Β
2040 4469 2120 4516 est
2153 4423 2320 4527 niihil,
2343 4461 2448 4516 nisi
2473 4423 2591 4518 du‘m
2629 4461 2826 4518 tabula:
2857 4423 3262 4534 lapideaquas
3282 4476 3543 4535 posuerat
3569 4466 3624 4520 in

350 4542 556 4607 cnlosa,
603 4550 661 4598 et
709 4543 944 4613 maligna
995 4541 1170 4597 valde.
1227 4542 1314 4598 Fit
1363 4550 1543 4599 autem
1591 4543 1705 4597 han:
1753 4546 1932 4614 passio

349 4631 621 4701 sicutjam
656 4633 856 4688 dictum
887 4638 993 4696 est,
1038 4632 1092 4687 in
1134 4641 1293 4687 aetate
1334 4631 1580 4701 juvenili.
1638 4633 1756 4687 Alia
1802 4648 1933 4689 vero

352 4724 636 4780 translatio
666 4723 847 4778 taliter
873 4723 1005 4778 dicit
1033 4738 1047 4776 :
1078 4739 1182 4776 non
1203 4722 1364 4776 deerit
1387 4723 1450 4777 de
1478 4725 1632 4776 domo
1654 4723 1790 4777 Joab
1819 4741 1932 4778 reu-

349 4815 576 4871 maticus
593 4824 642 4868 et
668 4813 925 4884 leprosus,
944 4822 1074 4878 etc.;
1102 4815 1220 4869 ha'c
1255 4813 1398 4870 enim
1423 4813 1577 4882 juxta
1611 4815 1846 4870 litteram
1876 4817 1930 4870 in

351 4902 490 4960 Joab
522 4921 628 4960 non
670 4906 914 4961 videmus
941 4905 1241 4976 impletum,
1290 4905 1382 4974 qui
1409 4921 1570 4960 omne
1601 4913 1814 4977 tempus
1857 4907 1936 4961 vi-

348 5006 417 5051 ta:
457 5011 570 5052 suae
614 4997 668 5051 in
727 5005 877 5052 tanto
925 4999 1131 5053 honore
1181 5012 1350 5067 nsque
1393 4996 1447 5050 in
1499 5006 1728 5052 mortem
1764 4999 1933 5054 David

349 5088 506 5153 vixit,
547 5098 602 5144 et
652 5096 798 5142 tanta
855 5089 1028 5144 salute
1083 5089 1327 5158 corporis
1365 5090 1558 5159 viguit,
1611 5099 1672 5144 ut
1717 5103 1936 5162 semper

348 5183 505 5240 ﬁeret
558 5187 665 5238 dux
693 5184 968 5238 exercitus
994 5182 1180 5249 lsrael,
1219 5192 1274 5237 et
1323 5184 1552 5239 bellator
1576 5183 1932 5242 fortissimus:

345 5275 440 5331 sed
479 5277 680 5331 dictum
711 5285 796 5331 est
840 5276 944 5330 hoc
999 5293 1027 5329 a
1071 5267 1243 5328 David
1273 5293 1338 5330 ex
1385 5277 1552 5331 nimio
1599 5276 1785 5330 dolore
1815 5277 1933 5331 ani-

345 5363 440 5428 mi,
492 5365 633 5420 sicut
653 5373 708 5420 et
741 5364 806 5420 de
834 5364 1111 5419 montibus
1142 5361 1362 5432 Gelboe,
1409 5367 1552 5436 quod
1590 5369 1656 5421 ad
1692 5367 1930 5422 litteram

345 5469 452 5507 non
474 5461 603 5521 stat,
654 5463 713 5509 ut
731 5456 1043 5510 ostenderet
1072 5470 1132 5510 se
1154 5470 1258 5510 non
1281 5457 1622 5513 consensisse
1664 5457 1716 5512 in
1757 5466 1930 5514 morte

341 5544 529 5598 Abner
555 5545 817 5617 principis
845 5544 1023 5600 Israel.

2041 4567 2104 4607 ea
2137 4551 2350 4623 Moyses
2375 4553 2427 4607 in
2459 4551 2625 4620 Oreb,
2653 4569 2753 4609 cur
2792 4553 2991 4610 Paulus
3019 4555 3224 4610 scribat
3247 4555 3318 4610 ad
3344 4554 3622 4624 Hebraeos,

2041 4643 2186 4712 quod
2234 4643 2288 4697 in
2349 4657 2474 4698 area
2529 4643 2640 4699 sint
2672 4645 2890 4712 tabulae,
2913 4645 3076 4716 Virga
3127 4645 3331 4713 Aaron,
3385 4656 3445 4703 et
3469 4647 3623 4703 lian-

2041 4751 2130 4788 na.
2189 4734 2247 4790 Si
2287 4751 2394 4790 non
2440 4744 2618 4801 erant,
2649 4753 2750 4793 cur
2788 4737 3078 4809 Apostolus
3124 4738 3229 4794 ista
3275 4737 3412 4794 dixit
3435 4756 3450 4794 :
3476 4747 3534 4795 et
3578 4739 3626 4796 si

2041 4836 2198 4881 erant
2224 4827 2346 4897 quis
2367 4842 2431 4883 ea
2461 4828 2532 4884 ibi
2556 4830 2746 4884 misit?
2771 4830 2878 4884 Sed
2905 4831 3031 4886 huic
3068 4832 3122 4886 in
3143 4831 3306 4887 tertio
3331 4830 3473 4887 libro
3493 4845 3628 4904 ope-

2038 4918 2114 4972 ris
2160 4917 2322 4988 hujus
2369 4935 2691 4991 responsum
2714 4931 2818 4978 est.
2863 4923 2976 4979 Hoc
3000 4923 3338 4980 solummodo
3371 4925 3440 4980 de
3477 4939 3628 4996 quae-

2039 5010 2215 5064 stione
2264 5017 2352 5065 tua
2382 5014 2660 5078 remansit,
2713 5023 2894 5068 utrum
2937 5015 3052 5085 ipsa
3087 5013 3190 5069 fuit
3240 5015 3399 5087 Virga
3441 5015 3625 5072 Aaron

2039 5116 2158 5172 qua:
2183 5100 2446 5169 fronduit,
2479 5103 2624 5160 unde
2651 5104 2704 5159 in
2739 5104 2980 5178 Egypto
3007 5105 3228 5162 fuerunt
3259 5108 3412 5178 signa
3456 5106 3622 5172 facta,

2038 5203 2094 5251 et
2140 5195 2196 5250 in
2240 5196 2380 5250 mari
2417 5197 2686 5252 mirabilia
2711 5212 2955 5267 prorsus.
2983 5198 3218 5255 Omnino
3246 5215 3373 5266 una,
3404 5201 3624 5256 eadem-

2038 5301 2144 5356 que
2185 5288 2298 5358 ipsa
2337 5287 2461 5353 fuit,
2505 5304 2626 5359 quae
2645 5296 2702 5344 et
2742 5288 2900 5360 Virga
2943 5289 3038 5345 Dei
3086 5291 3144 5346 in
3200 5292 3407 5356 Exodo,
3445 5302 3502 5348 et
3527 5293 3624 5348 ali-

2037 5381 2254 5448 quando
2275 5379 2467 5449 Moysi,
2492 5381 2782 5451 aliquando
2831 5383 3012 5438 Aaron
3059 5385 3202 5439 dicta
3221 5395 3305 5440 est
3349 5400 3450 5456 pro
3487 5402 3622 5458 ope-

2038 5485 2156 5523 rum
2190 5469 2523 5526 diversitate.

2778 5562 2964 5619 XXVI.

2107 5652 2316 5720 Quaeris
2355 5653 2520 5712 etiam
2572 5663 2626 5712 et
2653 5655 2752 5713 hoc
2790 5658 2954 5729 :quid
2985 5659 3048 5714 de
3085 5661 3198 5732 ipsa
3249 5675 3375 5717 arca
3420 5660 3624 5715 factum
