3922 6180
385 307 500 366 £23

1450 307 1724 364 CLAUDII
1764 305 2225 368 TAURINEW‘S
2249 303 2564 374 EPlSCOPl

3475 319 3556 376 ω

391 434 493 487 est,
549 421 633 479 vel
659 422 702 478 si
730 435 966 492 unquam
1006 421 1185 474 visura
1229 419 1310 488 (id
1341 429 1416 473 est
1465 419 1714 489 videnda)
1760 419 1828 472 ab
1861 419 1956 472 ho-
1983 422 2032 482 Α
2059 418 2278 482 dixerit,
2317 417 2458 487 quod
2489 432 2595 470 non
2629 426 2775 480 esset
2803 416 3034 490 amplius
3049 420 3178 477 alias
3204 424 3423 480 civitates
3445 443 3562 497 quai-

389 515 646 571 minibus.
677 515 754 569 De
783 528 890 582 qua
915 527 973 566 re
1022 511 1156 590 nihil
1179 510 1321 565 aliud
1349 511 1624 580 quidpiam
1653 525 1740 566 me
1763 511 1961 579 legisse

387 605 583 670 fateor,
608 605 709 659 nisi
734 604 875 672 quod
905 603 960 656 in
981 603 1124 658 libro
1155 602 1584 658 Macbabaaor-um
1617 602 1852 657 secundo
1883 602 1962 655 iu-

387 707 474 751 ter
519 701 716 751 cetera
751 694 1012 763 scriptum
1041 702 1124 749 est
1173 694 1258 766 (ll.
1284 697 1338 748 2.
1365 693 1417 748 ὃ.
1439 693 1568 764 etc.)
1597 711 1608 746 :
1654 693 1722 748 Et
1757 693 1960 747 ueniens

385 785 641 839 lemnius
681 785 738 838 in
783 783 980 849 locum,
1017 786 1212 839 inuenit
1236 785 1448 840 domum
1469 785 1752 854 speluncae,
1803 793 1848 838 et
1872 793 1958 836 ta-

381 874 744 941 bernaculum,
768 886 816 929 et
837 893 1036 942 arcam,
1054 886 1102 930 et
1131 875 1299 930 altare
1320 877 1517 930 incensi
1539 875 1715 930 intulit
1734 874 1884 938 illuc,
1908 882 1958 928 et

384 967 573 1018 ostium
605 965 851 1037 oppilavit
882 975 1311 1021 :etaceesserunt
1341 967 1580 1037 quidam,
1618 966 1707 1036 qui
1736 981 1854 1018 eum
1886 966 1961 1018 si-

381 1057 493 1110 mul
544 1057 910 1128 sequebantur,
942 1067 1262 1112 ut'notarent
1299 1058 1402 1111 sibi
1441 1057 1636 1122 locum,
1666 1067 1713 1111 et
1741 1072 1846 1110 non
1866 1072 1961 1126 po—

383 1155 593 1200 ruerunt
623 1148 871 1201 invenire.
894 1144 966 1200 Ut
985 1156 1160 1201 auum
1187 1148 1421 1218 cognovit
1441 1145 1702 1201 lemnius
1725 1146 1958 1200 studium

380 1245 612 1305 quastus
640 1235 876 1303 illorum,
902 1237 1034 1291 dixit
1073 1236 1202 1301 illis,
1239 1236 1378 1308 quod
1407 1237 1617 1307 ignotus
1670 1236 1768 1290 erit
1810 1233 1960 1287 locus

371 1327 501 1391 iste,
547 1326 712 1380 donec
767 1336 1038 1397 congreget
1089 1326 1233 1384 Deus
1279 1328 1733 1398 congregationem
1777 1323 1958 1396 populi

379 1417 488 1483 sui,
541 1426 592 1472 et
631 1417 886 1488 propitius
924 1419 971 1472 ei
1011 1419 1100 1483 sit,
1152 1427 1200 1473 et
1251 1427 1374 1473 tunc
1416 1417 1672 1472 Dominus
1725 1416 1958 1472 ostendet

379 1509 501 1573 hoc,
523 1516 572 1562 et
629 1507 898 1578 apparebit
951 1508 1199 1578 majestas
1245 1507 1486 1572 Domini,
1514 1517 1562 1561 et
1619 1508 1780 1562 nubes
1824 1507 1959 1560 sicut

383 1597 575 1668 Moysi.
618 1597 770 1653 Unde
819 1595 1145 1654 credendum
1199 1607 1302 1665 est,
1347 1597 1635 1652 Dominum
1685 1598 1800 1651 inec
1862 1610 1960 1667 per

380 1687 556 1742 Eliam
601 1687 889 1744 facturum.
934 1688 1129 1744 Dicunt
1166 1690 1314 1744 enim
1369 1689 1609 1755 nonnulli
1645 1687 1954 1753 dillidendo,

2062 508 2266 564 siturus
2303 509 2370 566 ab
2424 523 2510 562 eo.
2545 507 2657 562 Hoc
2695 516 2873 564 tamen
2907 510 3124 576 scimus,
3163 515 3276 581 quia
3305 525 3463 570 mutua
3491 533 3564 572 α)-
3599 531 3601 534 ‘

2060 615 2180 656 rum
2219 599 2455 654 amicitia
2483 615 2593 654 non
2623 599 2722 654 fuit
2757 601 2810 655 in
2841 605 2920 656 cis
2957 618 3126 672 usque
3174 606 3222 659 in
3250 607 3376 662 diem
3409 611 3564 666 mortis

2060 707 2247 748 eorum
2272 692 2502 761 dirupta,
2553 697 2677 761 quia
2706 702 2831 762 post
2860 695 2975 748 bzcc
3005 693 3119 766 (IIl
3148 695 3263 766 lleg.
3291 699 3339 752 9.
3375 699 3466 772 il.)
3489 703 3564 754 mi-

2058 783 2140 852 sit.
2168 782 2357 852 Hiram
2379 794 2583 838 centum
2620 785 2799 854 viginti
2843 784 3041 838 talenta
3062 788 3179 839 auri
3209 796 3290 842 :et
3324 799 3482 858 postea
3501 792 3561 859 [ευ

2056 884 2239 928 cerunt
2261 875 2415 928 ambo
2451 875 2506 928 in
2538 873 2848 944 Asiongabis
2873 874 3088 929 classem
3107 879 3300 930 navium
3332 877 3434 948 (Ill
3459 878 3563 949 Reg.

2061 963 2145 1016 10.
2188 963 2273 1018 10.
2303 963 2392 1017 ‘26.
2421 972 2468 1017 et
2505 963 2598 1033 27)
2625 1003 2640 1028 ,
2675 979 2792 1032 qua:
2814 965 2910 1017 iret
2934 965 3086 1018 annis
3129 968 3321 1020 statutis
3356 967 3402 1021 in
3423 965 3568 1038 Ophgr

2056 1052 2248 1121 a/ferre
2269 1049 2544 1106 Salomoni
2557 1069 2747 1106 aurum
2761 1061 2808 1106 et
2835 1052 3014 1106 dentes
3030 1052 3387 1124 elephantinos,
3401 1056 3570 1110 simias-

2054 1158 2153 1213 que
2179 1151 2227 1196 et
2247 1158 2428 1213 paras.

2005 1239 2043 1271 ί
2758 1233 2991 1289 XXVI".

2126 1320 2204 1392 (x.
2241 1321 2326 1385 11,
2374 1331 2422 1377 et
2465 1321 2577 1396 l2.)
2603 1321 2771 1380 Addis
2817 1325 2978 1378 etiam
3023 1323 3313 1392 inquirere,
3348 1325 3472 1395 quod
3501 1340 3568 1380 me

2056 1407 2230 1466 fateor
2253 1412 2504 1482 ignorare
2555 1413 2700 1482 quod
2726 1413 2916 1469 fecerit
2934 1414 3046 1470 Rex
3075 1413 3338 1470 Salomoni
3367 1416 3425 1469 de
3443 1415 3570 1486 lignis

2058 1501 2204 1570 tynis
2245 1501 2528 1572 pulchram
2555 1503 2770 1562 domum
2802 1503 3037 1570 Domini,
3064 1514 3121 1559 et
3145 1505 3349 1559 domum
3375 1504 3570 1577 Regina,

2055 1600 2111 1646 et
2137 1592 2394 1657 citharas,
2427 1593 2680 1664 lyrasque
2702 1593 3034 1649 cantoribus.
3066 1593 3194 1650 Post
3213 1595 3321 1650 haec
3344 1595 3571 1664 sequitur:

2061 1685 2186 1741 Non
2211 1697 2332 1742 sunt
2359 1687 2526 1742 allata
2555 1688 2917 1758 hujuscemodi
2942 1688 3087 1759 ligna
3131 1698 3274 1760 tgna,
3319 1705 3462 1755 neque
3491 1689 3577 1744 vita

379 1787 436 1834 et
482 1779 864 1848 omnipotentis
890 1780 985 1834 Dei
1016 1781 1310 1850 potentiam
1336 1781 1654 1851 ignorando,
1682 1781 1953 1850 quomodo
1981 1767 2030 1827 B
2059 1795 2219 1850 usque
2244 1780 2297 1832 in
2322 1788 2628 1850 pra’settlem
2651 1780 2811 1834 diem.
2875 1778 2933 1834 In
2983 1781 3318 1851 septuaginta
3341 1789 3497 1835 autem
3519 1780 3580 1834 in-

378 1879 559 1940 potest
599 1871 740 1937 ﬁeri,
794 1880 853 1926 ut
897 1873 1304 1930 tabernaculum
1334 1874 1462 1928 illud
1485 1888 1552 1928 ex
1593 1873 1736 1937 lana,
1758 1880 1813 1926 et
1846 1873 1957 1928 lino

333 2026 347 2033 _
378 1960 580 2016 factum
605 1977 706 2031 per
728 1970 805 2017 tot
833 1964 1004 2033 possit
1029 1963 1226 2018 durare
1257 1964 1487 2022 stecula?
1515 1965 1712 2033 quibus
1735 1977 1958 2033 respon—

379 2052 591 2118 demus,
622 2054 750 2123 quia
791 2054 1124 2120 virtuteilla,
1157 2070 1266 2124 quo
1295 2071 1393 2125 per
1436 2053 1792 2126 quadraginta
1854 2073 1953 2112 διιο-

378 2157 480 2197 nos
496 2142 551 2197 in
578 2143 826 2199 tribubus
857 2159 1046 2200 eorum
1083 2144 1260 2200 nullus
1313 2146 1413 2200 l‘uit
1432 2146 1702 2212 inﬁrmus,
1735 2159 1790 2205 et
1816 2167 1952 2220 quo-

378 2247 500 2288 rum
534 2249 632 2304 pes
655 2235 983 2292 ambulando
1005 2235 1237 2292 nonfuit
1272 2249 1298 2278 α
1337 2237 1568 2303 subitus,
1614 2255 1714 2295 nec
1744 2241 1955 2298 calcea-

378 2331 561 2378 menta
589 2323 856 2394 disrupta,
881 2339 981 2380 nec
1018 2327 1339 2382 vestimenta
1383 2335 1648 2384 vetustate
1697 2347 1954 2399 consum-

379 2421 490 2484 pta,
546 2413 720 2468 virtus
761 2415 876 2483 ipsa
915 2417 1276 2484 perseverarit
1313 2416 1368 2471 in
1423 2419 1684 2486 vestibus,
1715 2429 1771 2476 et
1813 2421 1868 2476 in
1891 2421 1957 2477 li-

275 2503 284 2507 ’
376 2505 498 2576 guis
525 2505 854 2561 tabernaculi
881 2521 981 2576 per
1004 2522 1175 2565 annos
1221 2508 1640 2580 quadringentos
1666 2521 1860 2584 octuag
1871 2529 1951 2566 ιι-

379 2603 434 2649 ta
467 2609 639 2666 usque
678 2597 749 2653 ad
797 2606 1038 2668 tepora
1077 2597 1403 2665 Salomonis,
1440 2607 1494 2654 et
1551 2601 1807 2674 deinceps
1856 2619 1954 2673 per

375 2688 514 2744 alios
560 2689 986 2761 quadringentos
1016 2685 1236 2763 lriginta
1265 2706 1438 2748 annos
1489 2707 1662 2764 usque
1695 2695 1761 2748 ad
1800 2710 1956 2750 ever-

377 2782 585 2837 sionem
623 2781 983 2848 ﬂierusalem,
1026 2797 1145 2853 qua:
1168 2781 1312 2839 facta
1339 2791 1423 2839 est
1469 2785 1569 2840 sub
1597 2783 1956 2842 Nabuchodo-

377 2893 561 2944 nosor,
593 2885 650 2933 et
678 2878 794 2948 ipsa
847 2878 1020 2934 virtus
1055 2886 1468 2947 perseveratum
1493 2885 1580 2932 est
1608 2877 1664 2932 in
1713 2879 1830 2949 ipso
1869 2888 1953 2934 ta-

377 2971 674 3026 bernaculo
706 2984 880 3040 usque
929 2972 998 3026 ad
1042 2969 1203 3026 linem
1238 2970 1443 3026 saeculi.
1473 2968 1582 3026 Sed
1619 2970 1747 3040 quia
1781 2972 1956 3027 beatas

377 3061 655 3115 memoria:
692 3061 976 3131 presbyter
1003 3059 1145 3115 Beda
1179 3060 1234 3114 in
1271 3060 1611 3129 expositione
1644 3060 1709 3114 de
1743 3059 1953 3130 factura

378 3151 704 3205 tabernaculi
741 3161 790 3204 et
821 3151 997 3221 templi
1032 3151 1060 3190 ι)
1114 3151 1286 3206 altare
1336 3151 1541 3206 incensi
1569 3157 1723 3206 extra
1775 3150 1954 3205 velum

378 3241 511 3296 dicit
529 3241 762 3309 positum
790 3254 929 3306 esse,
967 3241 1108 3296 unde
1141 3255 1228 3294 me
1254 3255 1352 3308 per
1379 3250 1501 3296 tuas
1530 3241 1738 3296 litteras
1789 3241 1957 3294 inter—

380 3332 603 3403 rogasti.
632 3331 810 3398 Quare
833 3346 962 3402 ergo
1009 3330 1062 3384 in
1095 3330 1228 3386 libro
1255 3331 1692 3399 informationum
1741 3330 1952 3396 littere,

379 3435 428 3479 et
455 3425 671 3496 spiritus
699 3425 755 3479 in
787 3424 973 3478 Exodo
1001 3423 1227 3478 dixerim
1257 3438 1377 3479 esse
1405 3423 1546 3478 ultra
1568 3422 1779 3477 velum?
1808 3421 1957 3478 Unde

380 3524 456 3579 te,
493 3515 667 3585 ipsum
699 3515 915 3569 beatum
941 3513 1162 3576 Bcdam,
1187 3513 1230 3568 si
1264 3513 1418 3568 vivus
1445 3513 1499 3566 in
1540 3526 1766 3582 corpore
1791 3519 1953 3576 esset,

381 3608 717 3677 interrogare
762 3606 978 3670 vellem,
1009 3604 1055 3659 si
1081 3612 1363 3675 postquam
1409 3605 1685 3661 subtracta
1728 3617 1857 3658 arca
1886 3603 1954 3656 de

379 3695 580 3766 templo
605 3702 709 3760 est,
737 3703 793 3748 et
813 3694 984 3749 altare
1023 3694 1226 3751 incensi
1255 3693 1396 3748 ultra
1433 3693 1610 3748 velum
1659 3693 1956 3748 intraturus

377 3795 666 3858 quareret,
691 3787 776 3841 vel
799 3788 887 3842 ubi
914 3787 1228 3859 sanguinem
1252 3793 1496 3856 poneret,
1528 3785 1612 3844 vel
1636 3785 1795 3854 cujus
1820 3785 1957 3840 alta-

378 3879 676 3935 riscornua
699 3887 966 3950 tangeret,
1001 3877 1084 3932 vel
1107 3877 1191 3932 cui
1217 3877 1502 3933 incensum
1536 3873 1780 3942 oberret,
1831 3883 1956 3945 post

380 3987 542 4043 quam
573 3987 700 4027 arca
722 3971 1031 4028 testamenti
1052 3984 1157 4024 non
1179 3977 1298 4025 erat
1321 3967 1416 4024 ibi.

452 4152 570 4225 (Ill
625 4152 750 4224 Reg.
787 4059 1349 4222 9.11.12.3lglllem
1381 4149 1485 4204 alia
1525 4157 1752 4219 quaestio
1793 4148 1858 4202 de
1892 4162 1958 4202 eo

381 4243 527 4312 quod
573 4241 835 4310 scriptun:
867 4247 949 4295 est
980 4257 993 4292 :
1023 4237 1177 4295 Dedit
1205 4247 1378 4292 autem
1400 4236 1651 4293 Salomon
1675 4237 1862 4291 Hiram
1885 4237 1959 4290 ri-

381 4333 513 4403 ginti
563 4330 753 4401 oppida
780 4331 835 4384 iu
865 4340 1008 4385 terra
1032 4327 1270 4393 Galilear,
1305 4345 1422 4400 quae
1451 4346 1568 4384 cum
1595 4345 1698 4382 non
1725 4327 1956 4399 placuis-

2056 1869 2384 1938 terpretibus
2410 1869 2589 1924 taliter
2613 1869 2874 1938 scriptum
2907 1869 3084 1939 reperi
3117 1887 3132 1923 :
3165 1868 3231 1922 Et
3250 1869 3384 1933 nauis
3409 1867 3578 1931 Hiram,

2053 1974 2170 2028 qua:
2185 1957 2437 2012 attulerat
2463 1976 2652 2013 aurum
2673 1977 2738 2014 ea“.
2754 1958 2954 2029 Opltyr,
2970 1960 3148 2013 attulit
3165 1961 3316 2015 etiam
3337 1959 3484 2013 trabes
3501 1975 3579 2011 non

2051 2047 2260 2104 dolatus
2282 2048 2475 2103 multas
2499 2049 2669 2115 ualde,
2695 2059 2743 2104 et
2769 2049 2970 2121 lapides
2990 2051 3261 2121 pretiosos.
3287 2047 3349 2103 Et
3377 2049 3482 2118 fecit
3513 2064 3580 2102 res

2054 2155 2118 2192 ea:
2139 2140 2375 2194 trabibus
2411 2157 2516 2194 non
2539 2140 2734 2195 dolatis
2761 2141 2843 2195 his
2869 2141 3206 2210 ﬁrmamenta
3235 2140 3407 2194 domus
3439 2139 3582 2192 Domi-

2057 2230 2132 2294 ni,
2160 2240 2209 2284 et
2253 2231 2442 2286 domus
2484 2234 2618 2302 regis
2641 2241 2690 2286 et
2718 2233 2922 2298 nablas,
2963 2241 3011 2286 et
3037 2234 3283 2303 cynniras
3312 2230 3581 2284 cantoribus.

2055 2319 2182 2376 Non
2202 2330 2324 2376 sunt
2357 2322 2564 2377 inventa
2585 2322 2718 2376 talia
2740 2323 2883 2393 ligna
2904 2339 3008 2375 non
3042 2321 3228 2375 dolata
3248 2321 3299 2374 in
3324 2319 3476 2384 terris,
3517 2335 3585 2371 ne-

2053 2430 2151 2484 que
2173 2415 2283 2469 uisa
2307 2431 2467 2485 usque
2492 2416 2545 2469 in
2575 2415 2713 2470 diem
2737 2415 2873 2468 hanc
2896 2431 2914 2468 :
2941 2413 3047 2468 alia
3076 2429 3211 2469 vero
3242 2411 3494 2467 translatio
3526 2410 3584 2463 ita

2055 2507 2186 2563 dicit
2214 2525 2228 2562 :
2258 2517 2306 2562 et
2342 2507 2488 2563 navis
2519 2506 2732 2573 Hiram,
2751 2523 2867 2578 quae
2903 2505 3080 2561 attulit
3128 2522 3314 2560 aurum
3348 2514 3391 2559 et
3417 2503 3584 2582 ’περήσ-

2044 2613 2192 2664 Μαι,
2217 2597 2393 2652 attulit
2428 2597 2599 2652 trabes
2625 2596 2820 2651 multas
2849 2596 3018 2661 valde,
3045 2614 3154 2651 non
3183 2595 3400 2660 dolatas,
3422 2605 3463 2648 et
3480 2593 3584 2661 lapi-

2056 2688 2146 2743 des
2166 2688 2440 2759 pretiosos,
2465 2697 2514 2743 et
2535 2687 2664 2758 fecit
2689 2705 2780 2742 rex
2799 2689 2864 2742 de
2885 2686 3040 2758 lignis
3063 2704 3176 2741 non
3200 2686 3383 2741 dolatis
3407 2684 3584 2754 inﬂatu-

2055 2796 2169 2834 ram
2194 2781 2380 2834 domus
2396 2780 2628 2846 Domini,
2653 2789 2701 2835 et
2728 2779 2914 2835 domus
2943 2781 3098 2852 regis,
3132 2790 3181 2834 et
3215 2778 3404 2842 nablas,
3428 2786 3471 2830 et
3493 2791 3584 2829 am-

2045 2871 2212 2936 .bucos
2239 2871 2294 2924 in
2314 2871 2534 2926 canticis
2557 2886 2575 2924 :
2601 2887 2708 2925 non
2751 2872 2989 2926 exierunt
3021 2871 3160 2926 talia
3219 2871 3355 2942 ligna
3391 2885 3524 2939 usque
3545 2867 3587 2919 in

2055 2961 2194 3017 hunc
2228 2962 2388 3017 diem.
2424 2962 2578 3030 Quod
2605 2964 2671 3019 de
2699 2964 2849 3020 ludia
2886 2963 3002 3020 lucc
3040 2963 3176 3018 talia
3210 2962 3441 3018 venerint
3475 2960 3587 3030 ligna

2059 3053 2215 3108 testis
2253 3062 2339 3108 est
2398 3052 2681 3124 Scriptura
2740 3055 2946 3119 divina,
2998 3055 3093 3109 sed
3146 3054 3277 3124 quid
3329 3053 3391 3108 de
3427 3059 3588 3104 natura

2058 3142 2190 3213 ligni
2238 3143 2382 3198 illius
2446 3159 2546 3199 nos
2595 3144 2779 3198 dicere
2825 3160 3144 3214 possumus,
3222 3158 3376 3212 quam
3423 3156 3474 3196 se
3517 3136 3584 3190 la-

2058 3239 2261 3297 tentur,
2277 3234 2589 3304 etignorare
2603 3234 2703 3304 ipsi
2725 3234 3024 3303 prophetat,
3061 3236 3162 3304 qui
3189 3233 3324 3289 banc
3352 3228 3589 3286 historiam

2056 3323 2399 3391 postmodum
2431 3322 2800 3394 scripserunt?

2773 3412 2962 3468 XXIX.

2127 3510 2246 3583 (III
2278 3509 2404 3582 Reg.
2438 3509 2524 3564 l0.
2550 3507 2661 3579 16.)
2711 3507 2841 3563 Post
2890 3509 3008 3564 hinc
3048 3508 3298 3578 sequitur
3327 3506 3496 3560 eadem
3527 3499 3590 3554 bi-

2056 3603 2246 3667 storia,
2274 3609 2329 3656 et
2361 3601 2526 3656 dicit:
2563 3599 2712 3654 Fecit
2755 3615 2960 3670 quoque
2987 3615 3078 3652 rex
3115 3597 3364 3653 Salomon
3407 3595 3590 3648 ducenta

2055 3700 2205 3746 scuta
2231 3691 2295 3744 de
2324 3707 2453 3744 auro
2475 3706 2608 3760 puro
2634 3703 2650 3740 .'
2677 3698 2945 3743 sexcentos
2968 3687 3126 3743 siclos
3170 3687 3311 3742 dedit
3348 3687 3399 3738 in
3428 3680 3587 3735 lamina

2054 3783 2189 3836 scuti
2212 3781 2387 3843 unius,
2422 3788 2777 3851 trccentasque
2801 3777 2966 3848 peltas
2998 3793 3062 3832 ea:
3087 3793 3226 3830 auro
3252 3775 3454 3846 probato
3475 3785 3490 3823 :
3511 3778 3590 3821 tre-

2055 3883 2218 3929 centa:
2239 3874 2395 3926 mina:
2425 3872 2544 3925 auri
2564 3887 2722 3941 unum
2753 3869 2944 3941 peltam
2983 3869 3289 3941 vestiebant.
3313 3865 3502 3920 Pellam
3522 3858 3587 3911 tli-

2058 3971 2188 4019 cunt
2245 3960 2454 4032 physici
2509 3969 2720 4014 scutum
2771 3973 2895 4014 esse
2929 3969 2951 3997 ο
2995 3958 3338 4012 Amaxouum
3389 3953 3588 4006 lunatum

2059 4057 2112 4110 in
2145 4056 2362 4109 modum
2411 4053 2550 4107 luna:
2598 4053 2785 4116 semis,
2819 4051 2899 4106 vel
2933 4059 3119 4112 ternae,
3177 4057 3271 4102 aut
3301 4054 3505 4116 quartae,
3529 4036 3591 4091 vel

2056 4154 2224 4207 certe,
2264 4143 2408 4213 quod
2449 4143 2618 4214 magis
2666 4142 2992 4197 credendum
3015 4148 3124 4206 est,
3174 4139 3380 4201 medize,
3430 4131 3589 4203 quibus

2056 4235 2366 4291 Amazonas
2409 4231 2498 4305 (Id
2526 4242 2602 4286 est
2627 4233 2950 4301 Amazones)
2992 4230 3120 4284 olim
3151 4229 3429 4283 utebantur
3457 4224 3500 4276 in
3522 4234 3594 4289 pu-

2058 4341 2159 4398 gna
2193 4344 2206 4380 :
2243 4325 2343 4379 sed
2377 4340 2484 4378 non
2529 4325 2662 4378 istos
2702 4323 2837 4378 tales
2864 4321 3032 4377 luisse
3075 4319 3333 4376 credibile
3366 4322 3460 4376 est,
3493 4309 3592 4378 quia

377 4401 494 4481 sent
529 4426 598 4490 ei,
651 4424 928 4498 appellavit
949 4441 1038 4479 eas
1060 4432 1255 4478 terram
1283 4421 1486 4478 Chabul
1513 4438 1674 4492 usque
1712 4423 1770 4475 in
1816 4421 1954 4474 diem
1979 4455 2032 4513 Β
2058 4433 2166 4473 non
2193 4417 2305 4513 hoc
2323 4416 2528 4513 indicat
2549 4413 2850 4513 Scriptura.
2901 4411 3040 4513 Min?
3076 4409 3268 4512 (ir-secs
3291 4401 3590 4513 appellanti.

380 4521 537 4573 hanc.
586 4516 712 4572 Haec
779 4516 1006 4586 quaestio
1049 4515 1094 4570 si
1151 4524 1203 4569 te
1250 4514 1405 4579 latet,
1458 4527 1559 4568 nec
1608 4511 1737 4577 mihi
1784 4518 1950 4580 patet.

380 4611 496 4666 lloe
523 4618 734 4666 tantum
782 4610 924 4664 scire
963 4619 1015 4663 te
1039 4607 1181 4672 volo,
1232 4607 1375 4676 quod
1400 4606 1453 4661 in
1496 4604 1736 4672 antiquis
1777 4611 1957 4657 trans-

383 4703 677 4757 lationibus
703 4702 864 4756 aliter
888 4700 1148 4770 scriptum
1177 4699 1447 4768 reperitur
1472 4711 1486 4750 :
1515 4697 1698 4752 taliter
1721 4694 1864 4748 enim
1887 4693 1953 4749 il-

379 4795 452 4850 lic
483 4794 743 4863 scriptum
769 4801 896 4846 est:
933 4789 1080 4844 Tunc
1123 4789 1265 4843 dedit
1313 4787 1564 4845 Solomon
1609 4785 1718 4854 regi
1763 4783 1952 4837 Hiram

379 4885 562 4956 viginti
592 4883 824 4937 civitates
850 4881 906 4934 in
931 4889 1075 4934 terra
1097 4876 1337 4933 Galilea'.
1383 4875 1452 4929 Et
1481 4874 1635 4928 exivit
1677 4871 1866 4926 Hiram
1889 4871 1952 4927 de

381 4979 520 5048 Tyro
567 4975 773 5029 ciuitate
814 4987 934 5035 sua,
971 4979 1020 5027 et
1057 4968 1184 5026 abiit
1230 4967 1287 5022 in
1322 4962 1619 5027 Galilteam,
1667 4970 1726 5016 ut
1765 4960 1960 5015 rideret

379 5067 637 5132 ciuitates,
685 5078 817 5135 quas
841 5060 987 5115 dedit
1015 5057 1095 5112 illi
1142 5055 1416 5119 Salomon,
1442 5064 1489 5109 et
1514 5070 1618 5108 non
1649 5051 1958 5124 placuerunt

378 5157 450 5212 ei.
481 5156 551 5210 Et
572 5155 727 5210 dixit.
746 5151 881 5219 οη
907 5159 1027 5208 sunt
1049 5149 1132 5204 lue.
1156 5147 1410 5209 ciuitates,
1432 5151 1568 5210 quas
1589 5143 1779 5199 dedisti
1806 5142 1956 5205 mihi,

383 5247 585 5316 frater?
614 5245 681 5300 Et
712 5241 1095 5317 cognominavit
1121 5255 1211 5294 eas
1242 5236 1365 5294 linis
1385 5251 1547 5307 usque
1567 5235 1626 5292 in
1645 5233 1956 5290 hodiernum

381 5341 541 5394 diem.
587 5336 725 5405 Quid
742 5345 924 5392 tamen
963 5334 1068 5390 hoc
1095 5334 1186 5396 sit,
1217 5330 1301 5386 vel
1331 5343 1501 5400 quare
1529 5326 1828 5386 nominavit
1863 5339 1958 5381 eas

384 5429 531 5499 ﬁnis,
580 5427 796 5484 nescire
841 5439 929 5482 me
994 5423 1200 5489 lateor;
1249 5420 1356 5476 nisi
1398 5418 1540 5476 forte
1589 5418 1792 5478 idcirco
1841 5416 1948 5501 ista

457 5616 483 5644 ι
526 5601 742 5672 gelatus
770 5599 852 5672 [ut
883 5599 1062 5671 puto.)

457 5673 489 5712 ιι
526 5662 822 5738 Videsnth
865 5662 984 5738 quae
1006 5662 1170 5738 tradit
1195 5667 1340 5725 Beda
1364 5667 1456 5722 lib.
1487 5664 1551 5738 2.Δ
1584 5663 1653 5718 de
1681 5662 1956 5738 Taberna-

391 5740 517 5798 sulo
540 5754 553 5793 :
584 5737 651 5792 ad
681 5735 844 5791 verba
869 5732 932 5791 ea
957 5755 968 5790 ς
996 5736 1264 5792 lnserctur
1289 5747 1461 5790 autem
1478 5733 1640 5789 velum
1661 5747 1754 5804 per
1782 5732 1951 5787 αξηα-

2062 4523 2183 4578 qua:
2220 4507 2383 4562 habet
2403 4505 2566 4560 siclos
2594 4504 2899 4574 sexaginta,
2927 4509 2983 4557 et
3005 4500 3214 4554 faciunt
3257 4495 3435 4552 obolos
3476 4485 3591 4542 mille

2060 4597 2320 4652 ducentos
2345 4612 2358 4648 :
2387 4594 2553 4649 siclus
2575 4591 2708 4648 facit
2736 4592 2870 4646 duos
2895 4605 3072 4646 semcs
3099 4587 3321 4650 solidos,
3343 4584 3430 4653 qui
3455 4586 3596 4652 graece

2059 4687 2257 4742 dicitur
2284 4693 2476 4749 stater,
2532 4682 2720 4753 viginti
2749 4681 2955 4736 habens
2973 4678 3179 4738 obolos.
3239 4674 3432 4733 Obuius
3458 4668 3592 4762 habet

2059 4777 2283 4846 siliquas
2333 4783 2562 4845 septem,
2607 4781 2663 4826 et
2698 4779 2911 4842 partem
2958 4770 3201 4839 quintam
3258 4765 3476 4834 siliquae,
3522 4767 3593 4824 qm

2056 4869 2296 4938 pondere
2329 4865 2490 4936 duplo
2516 4865 2794 4935 dragmam
2822 4861 2968 4925 facit,
2997 4874 3157 4930 quem
3200 4856 3367 4911 nostri
3412 4861 3596 4915 scrupu-

2060 4967 2170 5021 lum
2197 4969 2396 5018 vocant
2423 4979 2436 5015 :
2468 4959 2634 5016 ﬁebat
2660 4957 2806 5013 enim
2839 4971 2904 5012 ex
2943 4969 3053 5011 aere
3103 4952 3169 5006 ad
3199 4951 3368 5005 instar
3395 4941 3593 5014 sagittae.

2062 5052 2204 5108 unde
2221 5059 2278 5106 et
2297 5064 2495 5106 nomen
2520 5064 2551 5103 a
2573 5047 2775 5103 Graecis
2795 5045 3036 5115 accepit;
3068 5041 3261 5098 obolus
3287 5037 3426 5092 enim
3450 5037 3595 5124 gmcf

2061 5143 2254 5214 sagitta
2303 5141 2521 5197 dicitur.
2570 5138 2713 5194 Mina
2750 5145 2837 5193 est
2882 5136 3020 5191 libra
3046 5148 3171 5188 una.
3221 5129 3491 5184 Talentum
3516 5129 3597 5214 mpl'

2063 5212 2163 5290 nas
2184 5231 2349 5290 habet
2369 5229 2667 5301 sexaginta.
2694 5227 2752 5282 In
2780 5225 3116 5296 septuaginta
3141 5223 3213 5276 ita
3241 5217 3487 5287 scriptum

2045 5323 2135 5378 'Et
2183 5322 2304 5392 fecit
2345 5295 2602 5376 Salomon
2635 5295 2892 5373 trecentas
2925 5317 3108 5371 hastas
3154 5325 3344 5366 aureas
3385 5295 3591 5358 ductiles.
3682 5355 3686 5359 .

2060 5412 2296 5468 Trecenti
2317 5411 2466 5470 aurei
2495 5409 2698 5462 inerant
2723 5408 2780 5461 in
2804 5406 2958 5461 hasta
2982 5418 3000 5458 :
3034 5413 3080 5460 et
3113 5407 3341 5457 trecenta
3355 5401 3492 5451 scuta
3511 5399 3592 5438 αι’

2063 5589 2255 5647 Ios.....
2285 5606 2620 5660 mensamque
2634 5596 2782 5644 extra
2805 5587 2991 5644 velum.

2136 5673 2156 5701 ε
2198 5661 2254 5717 Id
2282 5669 2363 5718 est
2384 5662 2730 5716 Amazonum.
