3924 6170
225 277 325 334 82!

821 277 1287 345 QUESTIONES
1325 278 1472 334 XXX
1515 279 1741 337 SUPER

1882 281 2030 338 lROS
2068 283 2438 342 REGUM.‘—
2473 287 2675 343 LIBER
2712 287 2795 344 IV.

3359 297 3474 353 816

220 407 311 444 rea
339 389 580 444 ductis'ia.
631 388 908 444 Trecenta
946 393 1120 445 minas
1155 392 1278 445 auri
1323 392 1546 450 habebat
1593 395 1650 448 in
1683 409 1788 447 uno
1815 397 1865 456 Α
1891 395 2051 457 solet.
2079 404 2136 450 et
2159 405 2462 465 peccauim,
2499 406 2559 451 ut
2581 399 2648 453 de
2660 398 2775 464 jam
2809 402 3036 469 perditis
3063 404 3279 472 regibus
3301 406 3472 463 lsrael

217 489 386 535 scuto.
423 479 542 534 Alia
572 493 704 534 vero
715 479 1000 534 translatio
1025 481 1101 534 ita
1124 481 1256 536 dicit
1286 500 1300 534 :
1327 480 1402 535 Et
1423 482 1545 551 fecit
1575 498 1667 536 rea:
1693 481 1796 537 Sa-

219 570 396 625 lomon
415 580 671 623 trecentas
693 569 903 624 lanceas
924 587 1112 625 aureas
1133 572 1372 626 ductiles.
1397 572 1624 626 θεαταί
1642 573 1797 642 quin-

216 659 470 730 quaginta
495 661 644 712 aurei
673 661 876 714 inerant
903 662 959 715 in
981 660 1164 715 lancea
1194 678 1321 726 una,
1349 672 1396 716 et
1422 657 1652 716 trecenta
1676 679 1797 716 scu-

213 761 268 805 ta
295 767 456 804 aurea
483 753 764 806 trecenteni
795 755 944 806 aurei
967 754 1024 809 in
1052 765 1199 808 scuto
1229 744 1354 807 uno.
1379 740 1581 809 Deinde
1607 756 1793 825 sequi-

207 854 305 900 tur
342 843 807 915 Scripturaleers.
858 847 945 915 l7)
979 866 992 899 :
1045 843 1334 915 Posuitque
1376 861 1438 899 ea
1471 861 1563 900 res:
1604 848 1659 899 in
1696 846 1795 900 do-

209 954 355 990 mum
402 935 560 1006 sylva:
589 936 796 990 Libani.
825 936 882 991 Si
921 936 1228 991 Salomonis
1245 944 1385 1000 erat,
1415 950 1514 990 cur
1541 935 1684 1005 ligna
1704 950 1797 989 ee-

206 1028 373 1082 drina
409 1027 479 1081 ab
512 1027 697 1082 lIiram
724 1028 942 1096 petebat
969 1043 1034 1082 ex
1061 1027 1304 1082 Libano?
1350 1041 1456 1081 non
1481 1027 1626 1080 enim
1655 1027 1789 1081 dixit

207 1118 494 1188 Scriptura
519 1118 702 1187 posuit
720 1133 783 1172 ea
805 1118 860 1170 in
886 1127 1058 1171 monte
1079 1117 1247 1172 saltus
1269 1117 1480 1182 Libani,
1503 1119 1597 1172 sed
1619 1119 1674 1171 in
1695 1121 1793 1170 do-

203 1227 294 1264 uto
331 1209 489 1279 sylva!
511 1208 720 1272 Libani,
755 1223 854 1278 per
905 1207 1142 1276 speciem
1187 1207 1472 1261 locutionis
1510 1221 1525 1259 :
1555 1221 1655 1276 per
1679 1205 1792 1260 elli—

199 1302 442 1356 cientem
486 1300 540 1353 id
587 1301 734 1369 quod
773 1298 1024 1364 eilicitur,
1075 1307 1132 1353 et
1180 1314 1279 1369 per
1324 1299 1690 1352 continentem
1734 1297 1788 1352 id

199 1391 354 1460 qilod
375 1391 699 1444 eonsinetur.
747 1389 984 1444 Libanus
1019 1389 1196 1443 dictus
1220 1395 1304 1442 est
1357 1387 1612 1456 templum
1662 1402 1788 1441 cum

197 1480 518 1552 porticibus,
549 1488 607 1534 et
633 1479 932 1542 vestibulis,
959 1489 1122 1548 atque
1149 1477 1385 1532 basilicis
1425 1478 1656 1547 magnis,
1687 1493 1789 1531 uu-

197 1572 269 1628 de
285 1573 402 1642 jam
431 1572 498 1625 ad
524 1571 759 1626 litteram
780 1585 944 1639 supra
971 1570 1174 1624 dictum
1196 1577 1282 1624 est
1311 1587 1323 1622 :
1357 1567 1462 1633 Qui
1488 1568 1544 1621 in
1581 1569 1786 1638 quadra

195 1677 294 1731 per
340 1661 615 1714 circuitum
655 1659 951 1715 ambiebant
1002 1658 1268 1729 templum,
1305 1665 1362 1712 et
1407 1657 1536 1725 quia
1593 1673 1784 1712 revera

1899 483 2211 554 frequenter
2238 487 2290 540 in
2327 487 2508 541 divina
2536 487 2817 557 Scriptura
2845 490 3013 544 dicit:
3049 492 3171 546 Non
3194 498 3406 550 recessit
3436 516 3470 552 a

1895 575 2120 643 peccatis
2135 573 2182 626 Η
2189 575 2472 641 ieroboam,
2488 579 2576 647 qui
2595 580 2824 648 peccauit
2849 589 2894 633 et
2910 597 3122 650 peccare
3136 582 3254 651 fecit
3276 585 3466 641 Israel.

1897 664 2148 730 Peccata,
2172 667 2263 721 hic
2296 682 2418 722 cum
2450 669 2523 722 sit
2548 685 2736 734 unum,
2783 670 3067 739 pluraliter
3087 682 3309 742 propter
3335 677 3472 734 duos

1891 758 2092 813 vitulos
2111 761 2308 828 posuit.
2341 760 2715 830 Ignominiam,
2749 771 2807 815 et
2833 764 3042 827 sordes,
3077 772 3136 818 ut
3167 765 3380 836 Moyses
3413 769 3470 822 in

1893 848 2080 904 Exodo
2107 849 2176 904 de
2199 849 2325 906 ﬁliis
2351 850 2517 906 Israel
2540 851 2778 920 loquitur
2794 850 2991 923 (Exod.
3011 854 3100 908 52.
3119 856 3212 924 25)
3233 871 3249 908 :
3267 856 3472 927 Exspc-

1891 939 2109 994 liauerat
2129 942 2267 995 enim
2298 958 2386 996 eos
2415 939 2494 1013 (id
2538 951 2624 996 est
2650 942 2832 996 Aaron
2875 943 3015 999 ﬁlios
3042 944 3231 1016 Israel)
3261 956 3472 1016 propter

1889 1028 2232 1097 ignominiam
2257 1029 2448 1095 sordis,
2475 1040 2524 1084 et
2556 1032 2694 1084 inter
2713 1031 2884 1086 hostes
2934 1034 3134 1087 nudum
3181 1037 3469 1090 constitue-

1889 1127 1997 1182 rat,
2059 1118 2111 1172 id
2153 1130 2237 1173 est
2257 1119 2571 1175 destitutum
2613 1121 2817 1190 absque
2861 1123 3063 1178 auxilio
3084 1125 3200 1180 Dei.
3262 1126 3468 1194 Iniqui-

1891 1215 1976 1264 tas
2027 1209 2226 1264 dicitur
2254 1211 2517 1264 idolorum
2543 1212 2772 1276 cultura,
2799 1213 2909 1280 (I0.
2939 1213 3028 1282 10)
3057 1215 3202 1270 sicut
3237 1217 3290 1269 in
3323 1216 3467 1271 Osea

1890 1303 2154 1371 propheta
2205 1302 2340 1356 duos
2389 1303 2606 1368 vitulos,
2657 1304 2793 1359 duas
2846 1305 3092 1359 nominat
3137 1308 3464 1377 iniquitates.

1890 1390 2218 1456 Fornicatio,
2247 1391 2431 1447 multis
2455 1393 2628 1448 modis
2668 1394 2723 1448 in
2753 1395 3032 1464 prephetis
3067 1397 3331 1452 nominari
3387 1412 3471 1452 so-

1889 1478 1982 1532 let.
2015 1478 2170 1534 Sicut
2189 1488 2246 1534 et
2274 1480 2404 1534 illud
2435 1480 2569 1552 (Jer.
2595 1481 2649 1534 5.
2680 1482 2732 1554 I)
2769 1498 2784 1536 :
2815 1493 2870 1536 tu
2909 1485 3385 1554 autem‘fornicata
3408 1503 3465 1540 es

1885 1587 2008 1624 cum
2037 1571 2382 1636 amatoribus,
2413 1573 2464 1626 id
2493 1581 2578 1627 est
2603 1588 2704 1642 pro
2727 1577 3016 1645 proposito
3035 1593 3145 1631 uno
3179 1578 3310 1642 Deo,
3339 1593 3467 1632 cum

1889 1674 1998 1728 quo
2025 1660 2305 1729 spirituale
2333 1662 2663 1716 connubium
2697 1679 2820 1718 cum
2868 1667 3122 1720 castitate
3158 1667 3359 1720 mentis
3388 1673 3469 1721 te-

195 1765 340 1822 opus
366 1757 774 1822 maguumerat,
813 1750 983 1804 multa
1013 1748 1157 1819 ligna
1185 1748 1782 1813 Libani,etinnumera
1809 1737 1860 1796 Β
1886 1764 2019 1803 nere
2047 1749 2304 1816 debuisti,
2347 1752 2562 1806 servisti
2593 1753 2697 1808 diis
2737 1753 2943 1819 multis,
2990 1764 3046 1807 et
3070 1755 3150 1809 sic
3179 1753 3469 1811 infeliciter

196 1840 402 1895 Ibidem
428 1849 606 1904 erant,
641 1839 763 1894 ideo
808 1841 1107 1894 vocabatur
1147 1837 1293 1908 sylva
1332 1837 1542 1902 Libani,
1599 1837 1696 1892 sed
1729 1845 1786 1891 et

196 1931 378 2002 ipsum
412 1930 670 2001 templum
711 1929 944 1984 Libanus
991 1929 1045 1983 in
1077 1928 1357 1999 Scriptura
1405 1936 1654 1992 vocatur,
1701 1927 1786 1982 di-

194 2031 360 2079 cente
383 2022 647 2078 Zacharia
690 2023 950 2092 propheta
991 2021 1076 2091 (si.
1098 2021 1163 2091 'I)
1196 2039 1209 2074 :
1255 2022 1414 2092 Aperi
1437 2020 1634 2074 Libane
1654 2037 1781 2090 por-

193 2122 280 2166 tas
308 2123 447 2175 tuas,
473 2121 522 2165 et
553 2112 789 2165 comedat
828 2111 962 2180 ignis
996 2111 1177 2164 cedros
1207 2121 1358 2176 tuos;
1401 2112 1502 2166 sed
1533 2119 1590 2165 et
1630 2109 1783 2166 Iere—

192 2201 338 2256 mias
374 2202 635 2255 adversus
665 2199 870 2254 Selium
917 2200 1084 2253 lilium
1127 2198 1291 2254 Josia:
1344 2201 1488 2271 regis
1516 2201 1658 2256 inter
1684 2217 1788 2256 ca:-

193 2301 317 2348 tera
358 2296 438 2349 sic
489 2295 565 2348 ait
592 2292 704 2364 (9.2.
748 2292 838 2359 2‘2)
868 2310 881 2345 :
916 2291 1110 2346 Omnes
1157 2301 1394 2362 pastores
1443 2301 1560 2346 tuos
1609 2303 1785 2362 pascet

190 2394 396 2446 ventus,
429 2392 477 2436 et
509 2391 772 2435 amatores
792 2381 868 2433 tui
914 2381 970 2434 in
993 2382 1344 2449 captivitatem
1367 2381 1513 2434 ibunt
1537 2399 1554 2434 :
1586 2391 1634 2434 et
1658 2390 1785 2436 tunc

189 2472 560 2539 eonfunderis,
609 2479 657 2525 et
702 2470 970 2524 erubesres
1001 2469 1066 2523 ab
1094 2471 1238 2523 omni
1287 2469 1493 2524 malitia
1543 2479 1658 2535 tua,
1694 2471 1785 2540 qui

191 2562 348 2618 sedes
387 2564 442 2615 in
491 2561 708 2626 Libano,
745 2573 792 2616 et
831 2561 1076 2630 nidiﬁcas
1125 2562 1183 2615 in
1232 2562 1422 2642 cedris:
1481 2563 1538 2616 In
1578 2563 1785 2620 Libano

191 2652 346 2706 enim
385 2651 489 2706 illis
517 2661 638 2706 erat
659 2653 872 2716 sedere,
915 2667 1068 2722 spem
1126 2653 1439 2709 salvationis
1481 2671 1593 2709 sua:
1619 2655 1785 2711 habe-

189 2760 254 2800 re
281 2760 381 2814 per
407 2745 685 2814 templum.
728 2746 784 2800 In
823 2746 1001 2802 cedris
1051 2748 1350 2813 nidiﬁcare,
1408 2759 1528 2804 erat
1557 2760 1781 2822 propter

189 2833 420 2887 aedilicia
459 2833 640 2903 templi
671 2843 987 2903 peccantem
1013 2835 1268 2905 [iopulimi
1314 2839 1532 2901 salvari,
1558 2855 1626 2894 ne
1650 2855 1780 2909 pro-

189 2933 318 2994 pter
361 2924 613 2978 meritum
643 2924 788 2978 illius
816 2924 920 2980 loci
955 2925 1384 2994 captivarentur.
1425 2928 1663 2986 Libanus
1687 2946 1783 2984 au-

193 3024 305 3070 tem
335 3016 511 3069 dictus
543 3023 626 3069 est
668 3030 826 3069 mons
873 3014 1118 3086 frigidus,
1170 3026 1225 3071 et
1255 3020 1514 3075 convallis
1541 3021 1592 3074 in
1619 3021 1776 3092 Syria

188 3105 486 3160 Phoenicia:
525 3121 644 3174 quae
680 3105 782 3160 iuit
831 3108 1111 3175 possessio
1146 3108 1576 3166 Chananzeorum
1608 3114 1784 3167 immi—

189 3211 330 3250 nens
358 3197 496 3250 mari
528 3211 744 3267 magno,
801 3212 1031 3265 quorum
1075 3200 1391 3269 metropolis
1435 3200 1536 3255 fuit
1583 3203 1778 3272 Tyrus.

191 3283 348 3352 Unde
370 3285 513 3353 ligna
550 3285 772 3339 cedi-ina
809 3285 1060 3355 abiegna,
1103 3294 1267 3356 atque
1311 3290 1508 3358 punica
1567 3292 1776 3348 Sidonii

188 3374 538 3444 deponebant
579 3375 631 3428 in
661 3375 797 3429 mari
843 3391 1062 3446 magno,
1112 3386 1165 3432 et
1187 3379 1312 3433 inde
1340 3380 1393 3434 in
1435 3382 1643 3437 ratibus
1686 3399 1780 3440 ve-

190 3468 415 3523 niebant
461 3483 559 3539 per
583 3485 730 3524 mare
758 3485 928 3540 usque
955 3471 1022 3525 ad
1047 3470 1240 3542 Jopen,
1298 3483 1352 3529 et
1400 3475 1524 3530 inde
1563 3492 1660 3546 per
1685 3493 1782 3532 an-

189 3559 337 3628 garia
366 3557 530 3612 boum
559 3573 656 3626 per
684 3558 968 3614 milliarios
989 3563 1345 3632 quadraginta
1373 3580 1546 3633 usque
1573 3567 1640 3621 ad
1656 3567 1780 3622 Ilie-

194 3647 456 3702 rusalem.
525 3647 676 3702 Mons
695 3649 840 3702 enim
865 3648 969 3703 iste
994 3664 1023 3701 a
1056 3651 1291 3704 candore
1321 3653 1546 3716 nivium,
1582 3669 1777 3710 nomen

189 3739 406 3810 accepit
449 3738 697 3794 Libanus.
723 3741 960 3795 Libanus
992 3741 1137 3794 enim
1159 3743 1388 3802 candor,
1446 3743 1560 3797 sive
1581 3745 1773 3800 candi-

189 3829 332 3884 datio
355 3829 768 3897 interpretatur.
805 3828 1071 3884 Similiter
1097 3837 1152 3883 et
1186 3830 1443 3899 templum
1475 3831 1606 3886 illud
1643 3848 1774 3900 pro-

187 3927 307 3987 pter
338 3918 678 3973 altitudinem
715 3919 999 3985 mmnium,
1029 3928 1087 3975 et
1127 3921 1524 3986 excellentiam,
1559 3924 1644 3977 vel
1672 3923 1778 3977 ful-

189 4025 397 4080 gorem.
429 4017 521 4064 aut
548 4010 837 4066 candorem
868 4011 1137 4081 parietum
1167 4011 1274 4066 tale
1297 4026 1493 4066 nomen
1523 4013 1775 4069 sortitum

189 4108 289 4155 est.

896 4193 1064 4249 XXX.

258 4282 456 4339 Merito
487 4283 657 4354 quaeri
691 4283 852 4339 debet
878 4284 1038 4352 (licet
1069 4284 1172 4339 hoc
1216 4292 1273 4338 tu
1302 4297 1408 4338 non
1436 4284 1772 4354 interrogas-

194 4373 296 4442 ses)
340 4372 476 4443 quid
528 4373 619 4438 sit,
681 4374 824 4442 quod
848 4375 952 4428 hoc
990 4375 1045 4428 in
1073 4373 1234 4440 libro,
1266 4374 1332 4429 de
1363 4375 1665 4445 sacrilegis,
1717 4382 1804 4434 et.

194 4463 470 4520 sceleratis
491 4464 657 4519 Israel
699 4465 933 4535 regibus,
964 4465 1278 4534 frequenter
1302 4465 1448 4520 dicat
1483 4465 1767 4536 Scriptura

195 4555 370 4610 divina
408 4575 421 4609 :
455 4557 677 4628 fecitque
709 4557 849 4627 quod
872 4567 984 4610 erat
1033 4556 1233 4609 malum
1261 4557 1320 4610 in
1354 4570 1631 4626 conspectu
1661 4557 1772 4612 Do-

195 4645 358 4700 mini:
399 4654 458 4700 et
485 4662 606 4701 cum
639 4647 748 4702 sint
796 4645 963 4700 multa
1008 4645 1287 4700 hominum
1331 4647 1493 4711 mala,
1543 4656 1768 4717 pneter-

195 4733 369 4790 missis
423 4737 674 4791 omnibus
700 4736 878 4799 malis,
915 4735 1266 4806 singulariter
1316 4749 1483 4790 unum
1529 4738 1772 4793 nominat

196 4823 414 4890 malum,
451 4825 519 4879 ad
540 4823 695 4894 cujus
734 4827 1196 4896 comparationem
1227 4834 1420 4880 caetera
1455 4827 1594 4880 mala
1644 4843 1769 4883 cum

196 4911 299 4966 sint
319 4912 483 4978 mala,
521 4915 674 4987 quasi
715 4931 784 4970 ne
814 4915 952 4969 mala
981 4930 1105 4971 esse
1128 4916 1398 4971 videntur.
1440 4917 1594 4972 Sicut
1622 4919 1769 4973 enim

199 5003 262 5055 ad
285 5007 740 5075 comparationem
775 5007 922 5070 boni,
974 5007 1147 5063 bonus
1173 5008 1436 5063 bonorum
1467 5008 1609 5063 Deus
1633 5009 1772 5068 dici—

199 5099 315 5160 tur,
353 5104 412 5152 et
465 5097 700 5154 Sanctus
746 5099 1096 5165 Sanctorum,
1130 5109 1186 5154 et
1238 5101 1468 5155 Deorum
1526 5100 1688 5166 Deus,
1715 5109 1774 5157 et

198 5187 452 5250 Dominus
497 5193 870 5261 Dominorum,
897 5196 971 5251 ita
1005 5197 1056 5250 in
1077 5195 1236 5250 factis
1271 5196 1575 5260 hominum,
1609 5205 1773 5266 atque

201 5283 358 5348 gestis
405 5285 670 5341 idolorum
706 5286 916 5341 cultura
954 5285 1152 5340 malum
1194 5285 1475 5352 malorum,
1513 5294 1570 5341 et
1601 5287 1770 5342 scelus

200 5372 464 5441 scelerum,
489 5386 545 5434 et
569 5389 836 5449 peccatum
861 5387 1193 5449 peccatorum
1220 5377 1325 5432 dici
1352 5385 1552 5448 potest.
1593 5378 1768 5435 Hicin

201 5459 372 5518 divina
401 5465 703 5538 Scriptura,
729 5478 786 5524 et
821 5469 1092 5539 iniquitas,
1125 5476 1180 5523 et
1205 5468 1549 5534 abominatio,
1581 5477 1638 5525 et
1660 5486 1774 5524 sor-

201 5552 287 5608 des
317 5568 366 5611 et
390 5571 677 5628 peccatum,
712 5569 767 5615 et
795 5561 1097 5632 fornicatio,
1128 5567 1182 5614 et
1209 5560 1460 5616 odiositas
1504 5561 1769 5616 nominari

1887 1838 1943 1894 in
1980 1839 2147 1893 corde
2170 1847 2264 1892 tuo
2297 1841 2585 1908 prostituta
2609 1855 2669 1895 es
2719 1857 2845 1896 cum
2879 1843 3217 1898 amatoribus
3257 1843 3467 1909 multis,

1886 1928 1939 1982 id
1969 1938 2055 1984 est
2100 1929 2454 1983 daemonibus.
2498 1929 2650 1983 Licet
2707 1931 2854 1984 enim
2889 1931 3121 2000 quisque
3175 1946 3340 1985 unum
3382 1932 3466 1986 vi-

1885 2018 2076 2072 deatur
2096 2018 2292 2084 colere,
2329 2025 2425 2072 aut
2463 2019 2697 2075 adorare
2742 2019 3079 2088 ﬁgmentum,
3112 2022 3166 2076 in
3190 2022 3308 2092 ipso
3333 2039 3466 2087 uno,

1884 2109 2034 2163 omni
2084 2109 2290 2164 militiae
2327 2109 2631 2165 daemonum
2671 2111 2862 2166 servit.
2902 2109 3011 2165 Sed
3037 2111 3247 2181 quiase
3285 2125 3470 2166 sermo

1884 2198 1953 2253 de
1985 2199 2424 2266 simulacrorum,
2453 2210 2617 2271 atque
2647 2202 2911 2257 idolorum
2945 2202 3160 2257 cultura
3193 2201 3468 2272 opposuit,

1885 2290 2146 2345 debemus
2176 2291 2532 2360 etymologias
2583 2290 2864 2346 nominum
2893 2291 3107 2346 illorum
3138 2292 3468 2360 exprimere,

1885 2389 1946 2435 ut
1973 2381 2224 2437 noverint
2258 2388 2447 2434 nostra
2474 2389 2737 2449 tempora,
2783 2381 2872 2436 cui
2909 2381 3054 2434 malo
3091 2381 3340 2435 serviunt
3363 2381 3464 2435 ho-

1886 2471 2081 2525 mines.
2131 2469 2492 2524 Simulacrum
2527 2477 2613 2524 est
2645 2469 2839 2539 ﬁgura,
2879 2468 3206 2538 exemplum,
3238 2467 3468 2538 elligies,

1889 2558 2221 2629 ﬁgmentum,
2252 2557 2447 2622 forma,
2479 2557 2682 2622 vultus,
2714 2563 2986 2626 aspectus,
3018 2557 3251 2626 species,
3276 2556 3471 2610 simili-

1889 2649 2038 2703 tudo.
2083 2646 2511 2702 Simulacrorum
2575 2661 2708 2701 usus
2747 2654 3000 2700 exortum
3048 2653 3168 2710 est,
3221 2660 3346 2700 eum
3400 2659 3469 2700 ex

1885 2737 2160 2794 desiderio
2222 2745 2574 2791 .mortuorum
2641 2736 3106 2791 constituerentur
3173 2736 3465 2807 imagines,

1883 2829 1970 2884 vel
2008 2829 2210 2898 elligies
2259 2835 2517 2896 tanquam
2575 2827 2630 2880 in
2671 2826 2866 2880 otelum
2913 2835 3257 2896 recepturum
3309 2825 3466 2895 (Sap.

1887 2921 1974 2974 M.
2004 2919 2092 2990 15)
2121 2933 2219 2989 pro
2266 2919 2465 2988 quibus
2491 2933 2550 2972 se
2590 2917 2645 2972 in
2689 2916 2852 2970 terris
2895 2914 3168 2970 dtemones
3211 2914 3468 2970 colendos

1887 3019 2272 3082 apposuerunt,
2307 3018 2364 3064 et
2383 3009 2485 3064 sibi
2508 3007 2819 3064 sacriﬁcare
2845 3023 2877 3060 a
2905 3006 3168 3075 deceptis,
3204 3014 3258 3061 et
3287 3007 3468 3076 perdi-

1887 3105 1958 3157 tis
2015 3102 2326 3158 hominibus
2383 3107 2692 3155 suaserunt.
2744 3097 2988 3152 Fuerunt
3045 3096 3191 3152 enim
3241 3096 3467 3165 quidam

1883 3208 2071 3248 eorum
2115 3192 2216 3246 viri
2249 3189 2438 3256 fortes,
2502 3198 2597 3244 aut
2623 3189 2838 3242 urbium
2877 3188 3212 3252 conditores,
3267 3187 3465 3256 quibus

1882 3283 2111 3338 mortuis
2135 3282 2408 3345 homines,
2448 3280 2544 3349 qui
2574 3294 2669 3334 eos
2695 3279 3003 3334 dilexerunt
3031 3276 3328 3332 simulacra
3359 3275 3461 3331 lin-

1880 3381 2099 3437 xerunt,
2146 3381 2207 3426 ut
2249 3373 2519 3426 haberent
2551 3369 2766 3438 aliduod
2791 3384 2860 3424 ex
2887 3368 3188 3439 imaginum
3218 3374 3466 3422 contem-

1877 3472 2118 3540 platione
2167 3468 2440 3530 solatium,
2475 3467 2572 3522 sed
2622 3465 2883 3536 paulatim
2929 3477 2956 3506 ι
3001 3465 3151 3518 hunc
3194 3478 3462 3528 errorem,

1877 3561 2330 3632 persuadentibus
2369 3559 2652 3614 daemoniis
2704 3559 2778 3612 ita
2831 3559 2884 3611 in
2931 3557 3165 3626 posteris
3216 3555 3460 3624 irrepsit,

1878 3662 1938 3707 ut
1965 3668 2101 3722 quos
2124 3651 2199 3706 illi
2221 3665 2322 3719 pro
2346 3649 2461 3704 sola
2487 3649 2725 3702 nominis
2748 3647 3008 3701 memoria
3035 3647 3462 3709 honoravcrunt,

1878 3753 2224 3795 successores
2243 3752 2432 3791 eorum
2469 3735 2610 3789 Deos
2657 3735 3053 3798 existimarent,
3110 3742 3276 3800 atque
3311 3731 3466 3786 cole-

1878 3841 2022 3887 rent.
2083 3827 2386 3882 Simulacra
2433 3833 2616 3879 autem
2651 3840 2680 3878 a
2714 3823 3074 3878 similitudine
3125 3831 3457 3892 nuncupata,

1876 3922 2032 3992 quasi
2071 3919 2344 3981 simulata,
2389 3931 2456 3971 eo
2486 3915 2629 3984 quod
2660 3930 2824 3970 manu
2877 3915 3107 3970 artiﬁcis
3146 3929 3214 3968 ex
3260 3915 3458 3983 lapide,

1879 4014 1962 4068 vel
1993 4013 2098 4066 alia
2151 4011 2378 4066 materia
2421 4023 2611 4063 eorum
2659 4006 2842 4061 vultus
2897 4007 3204 4071 imitantur,
3239 4007 3296 4060 in
3325 4021 3462 4077 quo-

1875 4120 1996 4159 rum
2045 4104 2252 4158 honore
2288 4103 2584 4172 tinguntur.
2619 4098 2761 4168 Ergo
2799 4097 3111 4163 simulacra,
3149 4097 3232 4153 vel
3257 4112 3356 4168 pro
3394 4113 3462 4154 eo

1876 4197 2020 4267 quod
2044 4195 2158 4250 Diis
2175 4193 2394 4256 similia,
2411 4190 2494 4245 vel
2518 4205 2618 4260 pro
2644 4204 2712 4244 eo
2728 4188 3004 4254 simulata,
3021 4197 3186 4260 atque
3201 4189 3456 4253 conficta,

1874 4293 2142 4342 vocantur
2171 4301 2184 4338 :
2217 4283 2361 4337 unde
2385 4290 2441 4336 et
2463 4279 2598 4336 falsa
2635 4289 2781 4335 sunt.
2812 4280 3014 4335 Iterum
3040 4281 3242 4336 idolum
3271 4289 3359 4337 est
3385 4282 3461 4338 sl-

1876 4374 2198 4434 mulacrum,
2237 4371 2379 4440 quod
2423 4371 2659 4424 humana
2686 4368 2861 4438 elligie
2890 4369 3120 4435 factum,
3161 4379 3218 4424 et
3262 4385 3457 4426 conse-

1877 4471 2088 4518 cratum
2141 4471 2226 4517 est
2270 4461 2427 4529 juxta
2476 4459 2725 4514 vocabuli
2765 4460 2849 4513 sui
2895 4460 3398 4528 interpretationem
3439 4479 3454 4516 :

1876 4555 2005 4610 Idas
2044 4555 2188 4610 enim
2221 4552 2410 4608 Graece
2455 4550 2627 4618 [arma
2675 4555 2854 4612 sonat,
2894 4555 2952 4601 et
2995 4548 3136 4601 idem
3165 4563 3264 4618 per
3299 4549 3460 4604 dimi-

1875 4647 2154 4701 nutionem
2181 4651 2337 4699 sonat
2365 4639 2564 4695 idolum
2598 4637 2803 4692 dictum
2834 4638 2938 4692 hoc
2985 4638 3131 4708 quod
3175 4637 3318 4706 apud
3357 4652 3460 4693 nos

1875 4738 2106 4810 formula
2156 4745 2334 4792 sonat.
2390 4735 2559 4806 Igitur
2607 4731 2786 4787 omnis
2840 4731 3034 4797 forma,
3099 4731 3187 4785 vel
3227 4730 3457 4787 formula

1874 4831 2078 4885 idolum
2105 4845 2165 4884 se
2194 4829 2298 4883 dici
2325 4825 2587 4896 exposcit.
2613 4823 2915 4878 Idololatria
2939 4822 3260 4880 idololorum
3286 4823 3460 4878 servi-

1875 4929 1985 4984 tus,
2015 4919 2129 4974 sive
2156 4918 2365 4973 cultura
2398 4918 2807 4985 interpretatur.
2865 4914 3000 4968 Nam
3036 4913 3197 4968 latria
3245 4913 3456 4980 Graece,

1875 5011 2042 5065 latine
2067 5010 2284 5064 servitus
2345 5007 2565 5074 dicitur,
2611 5022 2732 5075 qum
2760 5015 3026 5076 quantum
3057 5005 3125 5059 ad
3149 5018 3336 5059 veram
3370 5019 3457 5059 re-

1876 5100 2130 5171 ligionem
2157 5098 2412 5169 pertinet,
2467 5097 2680 5152 nonnisi
2708 5105 2765 5150 et
2793 5095 2892 5151 soli
2929 5097 3040 5150 Deo
3087 5097 3336 5150 debetur.
3375 5092 3454 5150 Ac
3539 5157 3546 5162 ,

1877 5190 1922 5245 si
1947 5200 2009 5245 ut
2029 5190 2194 5260 impia
2221 5187 2496 5259 superbia,
2529 5187 2645 5241 sive
2675 5186 2976 5250 hominum,
3012 5184 3124 5239 sive
3149 5183 3455 5238 daemonum

1875 5281 1980 5336 sibi
2016 5279 2295 5342 exhibere,
2347 5277 2432 5332 vel
2475 5275 2654 5344 jubet,
2703 5275 2788 5328 vel
2813 5275 2984 5344 cupit,
3018 5274 3094 5328 ita
3123 5275 3210 5343 pia
3241 5273 3456 5328 humili-

1877 5381 1984 5440 tas,
2020 5371 2102 5426 vel
2151 5370 2454 5436 hominum,
2492 5368 2576 5423 vel
2626 5367 2956 5438 Angelorum
3003 5378 3316 5424 sanctorum
3348 5368 3452 5423 sibi

1875 5464 2113 5522 oblatam
2139 5467 2382 5524 recusat,
2423 5467 2479 5514 et
2504 5459 2593 5514 cui
2625 5458 2908 5523 debeatur,
2935 5459 3193 5515 ostendit.
3224 5457 3453 5527 Quidam

1873 5570 2007 5615 vero
2039 5553 2196 5609 latini
2247 5553 2564 5624 ignorantes
2607 5563 2798 5620 graec
2823 5549 3021 5621 linguae
3047 5550 3449 5622 etymologiam,

268 5700 293 5731 ⁸
325 5689 388 5752 ια
425 5703 506 5750 est
533 5695 613 5748 hic
652 5711 798 5749 error
825 5707 842 5745 :
873 5693 956 5749 vel
991 5692 1103 5765 lege
1139 5709 1151 5744 ε
1184 5692 1319 5746 hunc
1363 5706 1591 5747 errorem
1627 5684 2058 5761 parturientibus
2088 5681 2384 5762 daemoniis,
2413 5681 2458 5738 is
2487 5681 2717 5764 irrepsit,
2745 5687 2824 5749 ut,
2848 5687 2950 5740 etc.
