3924 6170
235 290 340 347 8'29

827 283 1289 356 QUIES’I'IONES
1325 285 1474 342 XXX
1513 282 1741 344 SUPER
1777 285 2023 344 LIBROS
2059 289 2323 347 REGUM.
2361 322 2434 332 —
2467 291 2671 347 LIBER
2707 289 2792 346 IV.

3367 291 3478 348 ϐω

233 402 374 457 unde
398 401 736 467 interrogas:
771 397 917 452 Misit
959 396 1092 452 .loas
1120 414 1210 451 rea:
1233 396 1403 452 Israel
1443 396 1513 451 ad
1533 397 1802 450 Amasinns
1829 402 1879 458 Α
1905 398 2170 456 destruxit
2193 402 2314 468 iste,
2358 402 2502 472 quod
2529 402 2638 456 Deo
2655 400 2880 468 jubente
2906 401 3113 457 fecerat
3134 404 3257 458 ille:
3285 419 3348 459 ac
3373 421 3472 474 per

235 506 400 561 regem
426 489 570 544 Iuda
597 488 772 542 dicens
796 503 815 542 :
843 487 914 541 da
937 487 1103 556 ﬁliam
1125 497 1269 541 tuam
1293 487 1404 555 ﬁlio
1424 504 1536 542 meo
1563 502 1800 551 uxorem,

233 593 288 637 ut
318 597 415 652 per
439 589 655 649 tropum
683 580 971 649 allegoria),
989 578 1115 633 Joas
1136 595 1230 634 rex
1260 593 1320 633 se
1346 578 1526 641 cedro,
1550 586 1601 632 et
1623 593 1802 649 regem

229 673 363 729 Juda
407 672 614 726 carduo
660 672 1073 740 comparaverit,
1115 680 1169 725 et
1207 670 1460 740 populum
1506 685 1662 724 suum
1707 684 1807 740 per

229 763 475 818 eamdem
502 761 945 831 signiﬁcationem
967 760 1155 814 bestiis
1183 760 1351 814 saltus
1381 760 1591 814 dicens:
1611 758 1808 812 Trans-

228 856 502 922 ieruntque
540 851 716 904 bestiae
742 849 928 914 saltus,
953 866 1070 921 quis
1109 860 1231 903 sunt
1267 851 1322 903 in
1352 849 1569 909 Libano,
1603 858 1655 902 et
1681 865 1805 903 con-

229 941 563 996 culcavernnt
589 940 844 994 carduum
871 940 946 1010 (id
967 948 1050 994 est
1077 937 1375 1008 Amasiam)
1409 955 1423 991 :
1451 946 1508 992 et
1544 946 1667 1006 post
1691 939 1807 992 haec

229 1033 377 1089 addit
405 1031 511 1104 (IV
540 1031 666 1100 Reg.
696 1031 779 1084 M.
814 1030 922 1100 10.)
972 1049 985 1084 :
1031 1029 1332 1084 Percntiens
1355 1029 1624 1083 invaluisti
1652 1045 1808 1099 super

229 1123 422 1187 Edam,
452 1131 499 1176 et
524 1120 805 1176 sublevavit
839 1130 888 1174 te
914 1136 1005 1174 cor
1043 1128 1193 1173 tuum
1222 1138 1234 1150 -
1261 1127 1534 1172 contentus
1552 1129 1662 1172 esto
1688 1117 1802 1187 glo-

227 1214 313 1265 ria
343 1211 468 1276 tua',
494 1220 541 1264 et
567 1210 688 1265 sede
711 1211 768 1264 in
796 1211 949 1263 domo
978 1218 1100 1275 tua,
1127 1223 1290 1280 quare
1310 1223 1559 1277 provocas
1583 1205 1803 1272 malum,

228 1311 286 1355 ut
332 1301 492 1355 cadas
532 1310 621 1367 tu,
672 1310 722 1355 et
765 1299 938 1354 ludas
987 1299 1194 1354 tecum?
1238 1306 1345 1353 etc.
1394 1297 1548 1364 Quod
1597 1299 1672 1352 ita
1721 1297 1806 1354 fa-

225 1398 377 1445 ctum
407 1395 508 1444 est.

911 1480 1129 1534 XXXV.

301 1571 416 1642 (xv.
444 1570 558 1642 55.)
588 1570 764 1626 Movet
789 1579 842 1626 te
876 1589 890 1623 :
921 1579 976 1624 et
1004 1572 1107 1625 hoc
1138 1589 1151 1624 :
1190 1569 1301 1626 Cur
1325 1571 1390 1624 de
1419 1568 1651 1624 Jonatba
1675 1579 1810 1637 rege:

225 1660 366 1716 Juda
390 1660 646 1715 scribitur
669 1675 683 1713 :
709 1659 829 1730 Ipse
849 1660 1126 1728 wdiﬁcacit
1149 1669 1354 1729 portam
1375 1658 1563 1711 domas
1594 1655 1803 1710 Domini

1905 490 2010 545 hoc
2032 507 2224 562 magna
2250 494 2545 547 auctoritas
2565 493 2668 546 ista
2695 491 2939 546 habenda
2956 500 3040 546 est
3060 493 3112 546 iu
3134 493 3392 556 Ecclesia,
3412 506 3474 549 ut

1905 579 1950 632 si
1985 579 2223 633 nonnulli
2250 595 2314 633 ex
2342 581 2784 650 praecessoribus,
2813 580 2897 634 vel
2942 580 3237 648 majoribus
3271 585 3474 638 nostris

1903 667 2149 723 feeenmt
2168 672 2369 740 aliqua,
2397 687 2516 740 qua:
2537 671 2749 724 illorum
2774 679 3015 740 tempore
3038 687 3161 726 esse
3177 682 3471 741 potuerunt
3529 670 3531 672 ’

1903 756 2021 815 sine
2043 761 2218 830 culpa,
2253 771 2309 816 et
2335 763 2673 832 postmodum
2709 771 2992 817 vertuntur
3026 764 3081 817 in
3120 778 3382 830 errorem,
3417 776 3475 821 et

1903 853 2357 921 superstitionem,
2385 852 2504 907 sine
2534 853 2786 906 tarditate
2813 853 3011 922 aliqua,
3035 862 3090 908 ct
3127 870 3248 909 cum
3281 870 3474 925 magna

1901 943 2224 998 auctoritate
2245 957 2275 998 a
2295 941 2527 1012 posteris
2553 943 2900 996 destruantur
2923 953 2970 994 ο.

2389 1051 2652 1116 XXXVII,
2712 1051 2993 1106 XXXVIII.

1975 1139 2232 1210 Superest
2281 1143 2436 1198 nobis
2490 1142 2765 1211 inquisitio
2807 1142 3112 1197 necessaria
3139 1183 3153 1207 ,
3199 1142 3323 1198 licet
3366 1157 3470 1198 non

1903 1231 2064 1287 fuerit
2084 1234 2432 1305 interrogatio
2460 1241 2569 1298 tua,
2595 1234 2864 1301 quomodo
2888 1233 3066 1288 divina
3093 1235 3307 1290 insonet
3330 1233 3476 1289 Scri-

1900 1329 2058 1390 ptura
2107 1319 2212 1392 (ιν
2256 1321 2385 1391 Reg.
2430 1321 2517 1374 l9.
2565 1320 2676 1390 35.)
2718 1338 2730 1373 :
2777 1319 2929 1385 Quod
2970 1337 3203 1391 egressus
3246 1321 3474 1391 Angelus

1901 1410 2117 1465 Domini
2168 1411 2420 1480 percussit
2473 1410 2538 1463 de
2593 1410 2822 1463 exercitu
2877 1409 3211 1480 Assyriorum
3264 1420 3473 1464 centum

1900 1503 2204 1570 octuaginta
2263 1503 2489 1572 quinque
2558 1500 2746 1555 millia.
2809 1501 2877 1554 Et
2939 1501 3126 1555 Daniel
3200 1501 3470 1570 Propheta

1904 1593 1979 1648 ait
2033 1594 2109 1664 (6.
2163 1593 2280 1665 22.)
2328 1611 2341 1646 :
2394 1593 2540 1646 Misit
2584 1591 2836 1645 Dominus
2891 1589 3144 1660 Angelum
3190 1605 3365 1654 suum,
3423 1599 3476 1643 et

1904 1682 2156 1738 conclusit
2198 1699 2291 1736 ora
2338 1682 2567 1736 leonum.
2613 1681 2682 1734 Et
2720 1681 2774 1734 in
2815 1679 3031 1734 Psalmo
3076 1677 3354 1748 trigesimo
3390 1693 3475 1733 se-

226 1749 676 1844 {ulflimmimam'
714 1749 944 1844 ΕξιΡῩδί
983 1749 1098 1804 hac
1137 1747 1408 1844 adflidml
1435 1764 1448 1800 ³
1477 1744 1732 1844 fama“
1769 1760 1803 1797 ⁸
1829 1732 1876 1790 Β
2592 1732 2678 1840 )ΐ
2705 1732 3016 1823 secundum,
3049 1732 3476 1822 emendatiorem

227 1838 513 1894 Salomone
562 1847 684 1892 ante
733 1835 999 1906 nidiﬁcant
1048 1853 1152 1891 non
1195 1836 1409 1905 fuerat?
1461 1834 1545 1888 An
1607 1847 1804 1888 novam

225 1930 551 1995 construxit,
582 1939 637 1985 et
663 1930 863 1984 Israel?
885 1945 992 1985 non
1013 1931 1159 1984 enim
1185 1943 1323 1983 nova
1353 1933 1666 1982 constructa
1696 1932 1799 1988 est,

223 2024 324 2077 sed
356 2023 470 2092 ipsa
492 2063 507 2087 ,
535 2036 656 2092 quae
685 2022 1070 2077 sublimissimo
1095 2020 1224 2076 olim
1252 2037 1283 2074 a
1316 2019 1610 2075 Salomone
1634 2019 1804 2074 aedili-

225 2122 348 2166 cata
374 2111 570 2176 fuerat,
597 2119 653 2166 et
675 2111 1047 2165 sublimissimo
1065 2111 1382 2175 vocabatur,
1413 2112 1554 2164 hanc
1583 2111 1804 2165 inchoa-

225 2211 340 2256 tam
365 2202 664 2270 reparando
693 2201 746 2253 in
771 2201 1000 2255 sublime
1019 2201 1212 2254 erexit.

903 2290 1140 2344 XXXVI.

301 2380 412 2453 (IV
459 2379 590 2449 Reg.
651 2379 736 2433 l8.
787 2379 866 2451 l.)
922 2379 999 2434 De
1058 2380 1289 2436 Ezechia
1349 2382 1514 2435 etiam
1579 2381 1808 2451 inquiris

224 2487 328 2526 cur
379 2470 437 2523 in
503 2469 784 2539 Scriptura
826 2470 1040 2524 dicatur
1078 2471 1279 2536 divina,
1327 2471 1470 2542 quod
1520 2481 1806 2542 postquam

242 2559 529 2627 dissipavit
575 2559 807 2620 excelsa,
855 2569 911 2615 et
975 2561 1232 2616 contrivit
1283 2569 1513 2626 statuas,
1575 2569 1632 2616 et
1683 2577 1808 2617 suc-

224 2648 526 2704 eiditlucos
547 2690 562 2714 ,
615 2650 987 2720 conlregitque
1032 2658 1335 2720 serpentem
1372 2665 1578 2706 tensum
1598 2694 1613 2719 ,
1645 2666 1806 2722 quem

239 2738 377 2793 fecit
441 2739 652 2810 Moyses
680 2780 695 2805 ,
762 2741 1079 2810 voravitque
1135 2756 1258 2795 eum
1297 2753 1324 2781 ι
1388 2740 1589 2807 Nabas,
1661 2744 1804 2798 etc.?

224 2831 383 2897 Quod
429 2831 646 2901 quidem
682 2832 907 2886 docente
951 2831 1087 2886 Isaia
1134 2832 1402 2902 Propheta
1448 2833 1642 2889 fecisse
1687 2849 1807 2889 ere-

226 2923 463 2979 dendum
494 2932 578 2977 est
604 2935 620 2975 :
650 2923 679 2962 b
705 2923 880 2992 ipsum
907 2924 1227 2994 interrogas,
1259 2924 1522 2994 quodego
1545 2924 1684 2979 scire
1709 2925 1806 2979 de-

225 3015 430 3071 sidero.
464 3011 522 3068 Si
558 3021 725 3083 esset,
767 3014 858 3082 qui
891 3015 1021 3068 mihi
1055 3015 1384 3080 ostenderet,
1422 3015 1798 3088 etymologiam

225 3106 466 3162 nominis
494 3105 654 3176 hujus
673 3145 688 3168 ,
715 3106 840 3174 quia
869 3121 970 3160 nec
996 3107 1047 3160 in
1083 3105 1433 3161 translatione
1457 3108 1676 3177 antiqua
1705 3107 1803 3161 ali-

227 3208 312 3255 ter
366 3199 473 3254 hoe
521 3199 788 3268 scriptum
835 3199 1014 3269 reperi
1066 3214 1261 3253 nomen
1311 3217 1323 3253 :
1390 3208 1614 3269 excepto
1657 3200 1803 3270 quod

229 3289 416 3344 Nabas
455 3303 678 3356 serpens
726 3288 907 3358 lingua
951 3288 1164 3344 illorum
1209 3289 1450 3357 dicitur;
1503 3291 1802 3346 novissima

225 3395 358 3436 vero
387 3379 590 3450 syllaba
628 3381 758 3449 quid
796 3381 902 3445 sit,
939 3380 1150 3436 nescire
1185 3395 1269 3434 me
1298 3380 1485 3434 fateor.
1525 3382 1620 3436 Est
1655 3383 1801 3436 enim

227 3472 328 3527 hoc
369 3485 624 3539 magnum
666 3470 1076 3535 documentum,
1110 3471 1252 3539 quod
1290 3471 1357 3524 ad
1393 3470 1802 3526 aedificationem

226 3559 484 3614 Ecclesiae
511 3557 774 3627 prolicere
801 3567 1007 3627 potest,
1050 3559 1094 3612 si
1123 3569 1239 3622 est,
1273 3559 1365 3626 qui
1412 3560 1515 3614 hoc
1556 3562 1803 3617 animad-

227 3657 442 3704 vertere
460 3649 649 3717 possit,
672 3662 839 3717 quare
868 3647 1128 3702 Ezechias
1155 3663 1277 3701 cum
1299 3663 1491 3718 magna
1519 3651 1601 3703 sui
1624 3650 1800 3715 laude,

227 3747 396 3809 atque
419 3739 642 3809 praemio
671 3739 973 3793 animarum
999 3753 1098 3807 pro
1121 3739 1292 3792 salute
1318 3737 1606 3804 destruxit,
1640 3755 1803 3808 quem

225 3830 294 3884 ad
323 3828 555 3885 salutem
595 3829 936 3900 illiuspopuli
960 3829 1168 3900 Moyses
1204 3830 1312 3884 Deo
1329 3831 1553 3898 jubente
1582 3831 1801 3886 fecerat.

227 3918 360 3984 Quis
384 3918 530 3974 enim
559 3919 763 3974 neseiat
792 3919 1006 3988 Moysen
1038 3917 1257 3987 majoris
1276 3934 1397 3973 esse
1418 3920 1617 3984 meriti,
1640 3935 1804 3988 quam

229 4007 522 4064 Ezeclliam
554 4009 772 4080 regem?
808 4008 883 4062 De
906 4007 1084 4079 Moyse
1108 4009 1253 4063 enim
1291 4008 1344 4063 in
1375 4008 1512 4062 libro
1546 4007 1808 4064 Numero-

232 4114 347 4153 rum
401 4099 537 4153 dixit
585 4099 844 4155 Dominus
887 4099 954 4154 ad
994 4099 1172 4159 Aaron
1199 4138 1215 4163 ,
1259 4107 1315 4154 et
1363 4099 1584 4154 Mariam
1612 4099 1803 4170 (Num.

233 4188 317 4242 l2.
347 4187 434 4260 6.)
459 4202 475 4241 :
507 4187 699 4242 Audite
725 4189 883 4242 uerba
907 4205 1024 4242 mea
1055 4205 1072 4242 :
1102 4188 1160 4243 Si
1183 4189 1342 4257 fuerit
1369 4187 1634 4260 Propheta
1669 4191 1808 4246 inter

233 4293 338 4345 vos,
365 4279 427 4330 in
451 4278 649 4331 uisione
683 4276 763 4330 illi
788 4277 1042 4332 Dominus
1081 4294 1383 4348 cognoscar,
1418 4279 1474 4332 in
1501 4281 1704 4334 somnio
1727 4281 1807 4335 lo-

1827 3062 1874 3125 C

1905 1860 2312 1915 translationem
2339 1878 2352 1913 :
2384 1858 2640 1912 Immittet
2677 1857 2903 1926 Angelus
2926 1855 3139 1908 Domini
3166 1855 3222 1908 in
3249 1855 3472 1908 circuitu

1902 1950 2191 2006 timentium
2221 1967 2337 2004 eum
2360 1990 2374 2013 ,
2407 1959 2452 2002 et
2482 1949 2664 2018 eripiet
2693 1964 2799 2001 eos.
2840 1947 2908 2001 Et
2941 1946 3047 2000 alia
3073 1945 3240 2000 multa
3284 1946 3372 2000 bis
3401 1947 3477 2000 si-

1903 2041 2067 2108 milia,
2093 2049 2148 2095 et
2175 2040 2555 2095 excellentiora
2589 2038 2850 2108 exempla.
2889 2037 3018 2104 Qum
3061 2037 3104 2092 si
3143 2049 3334 2092 cuncta
3377 2052 3477 2107 per

1901 2133 2146 2187 ordinem
2195 2131 2486 2202 Scriptura:
2550 2130 2744 2186 divina:
2799 2129 3064 2198 replicare
3107 2129 3475 2192 voluerimus,

1902 2231 2027 2275 ante
2052 2221 2184 2284 vita,
2225 2236 2386 2290 quam
2422 2235 2602 2275 sermo
2643 2219 2877 2274 deﬁciet.
2919 2218 2947 2258 ἀ
2993 2217 3147 2286 Quod
3174 2219 3318 2273 enim
3354 2219 3477 2272 mit-

1903 2319 2088 2365 tantur
2133 2311 2323 2379 Angeli
2371 2312 2438 2366 ab
2481 2326 2586 2376 eo,
2633 2311 2724 2379 qui
2762 2311 2959 2378 ubique
2997 2318 3106 2374 est,
3157 2317 3213 2362 et
3255 2308 3474 2379 coelum,

1904 2407 2212 2468 terramque
2233 2378 2434 2470 implet
2457 2440 2472 2466 ,
2508 2415 2614 2455 non
2643 2378 2784 2453 mole
2802 2438 2817 2463 ,
2849 2399 2941 2452 sed
2967 2381 3198 2462 virtute,
3223 2398 3363 2451 sicut
3389 2378 3480 2451 ve-

1904 2491 2056 2553 ritas,
2089 2496 2146 2543 et
2167 2488 2427 2557 sapientia
2453 2497 2688 2543 mentem
2713 2484 2864 2559 (Sap.
2890 2486 2943 2540 8.
2971 2486 3070 2555 1.),
3094 2487 3184 2556 qui
3209 2485 3416 2554 attingit
3442 2503 3475 2538 a

1903 2580 2005 2649 ﬁne
2040 2595 2201 2650 usque
2227 2579 2298 2632 ad
2335 2578 2493 2647 ﬁnem
2540 2578 2765 2648 fortiter,
2797 2587 2844 2632 et
2873 2577 3105 2647 disponit
3137 2577 3314 2630 omnia
3342 2592 3470 2630 sua-

1903 2670 2033 2724 viter
2057 2687 2075 2723 :
2120 2687 2139 2719 ‹
2172 2669 2238 2724 de
2262 2682 2370 2738 quo
2393 2667 2680 2736 Apostolus
2713 2665 3132 2720 Atheniensibus
3162 2664 3479 2734 prmdicavit

1904 2758 2089 2813 dicens
2109 2757 2249 2828 (Act.
2301 2758 2388 2810 l7.
2411 2756 2500 2811 27.
2524 2755 2614 2809 28.
2641 2753 2769 2808 Vide
2790 2764 2943 2824 caput
2970 2754 3035 2808 l2
3053 2753 3192 2808 alias
3211 2768 3355 2807 num.
3381 2753 3474 2816 εδ,

1905 2847 2025 2901 libri
2063 2861 2122 2902 tv
2145 2846 2210 2900 de
2231 2842 2419 2900 Cenes.
2447 2845 2516 2898 ad
2543 2842 2792 2914 litteram)
2825 2861 2838 2896 :
2873 2842 2940 2895 In
2973 2841 3066 2895 illo
3092 2842 3330 2905 vivimus,
3358 2857 3474 2894 mo-

1902 2952 2101 3001 vemur,
2142 2943 2192 2991 et
2217 2951 2420 2990 sumus.
2458 2932 2686 3004 Liquide
2726 2932 3037 3003 cogitatum.
3081 2939 3341 3001 quantum
3380 2931 3478 2984 hu-

1903 3041 2063 3080 mana
2089 3039 2240 3080 mens
2263 3023 2426 3089 valet,
2457 3024 2678 3093 adjuvat
2697 3024 2836 3077 hanc
2870 3021 3333 3090 scntentiam,qua
3356 3034 3476 3075 cre-

1904 3116 2100 3180 dimus,
2130 3122 2184 3169 et
2206 3113 2440 3168 dicimus
2465 3112 2633 3166 Deum
2664 3110 2848 3174 in-his,
2877 3125 2998 3180 qua:
3016 3109 3242 3173 ereavit,
3275 3107 3478 3162 indesi—

1903 3211 2095 3258 nenter
2138 3201 2373 3271 operari.
2428 3198 2613 3269 Neque
2665 3199 2811 3253 enim
2866 3205 3123 3266 tanquam
3174 3195 3476 3252 substantia

1901 3292 2038 3361 ejus,
2078 3293 2156 3347 sic
2195 3291 2250 3345 in
2289 3290 2384 3344 illo
2418 3304 2627 3352 sumus,
2653 3286 3108 3358 quemadmodum
3146 3285 3350 3340 dictum
3391 3293 3479 3340 est

1903 3382 2084 3457 (Joan.
2106 3382 2159 3436 5.
2183 3381 2298 3454 26.)
2330 3399 2342 3434 :
2378 3379 2530 3446 Quod
2560 3381 2748 3434 habent
2773 3379 2933 3432 uitam
2961 3379 3018 3432 in
3044 3378 3352 3446 semetipso:
3377 3377 3475 3434 sed

1902 3475 2088 3543 utique
2117 3488 2237 3528 cum
2265 3471 2410 3526 aliud
2439 3471 2628 3534 simus,
2657 3485 2821 3539 quam
2850 3469 2985 3538 ipse,
3013 3483 3120 3523 non
3151 3468 3222 3522 ob
3245 3467 3392 3522 aliud
3421 3468 3474 3522 in

1903 3565 1994 3618 illo
2008 3579 2214 3628 sumus,
2231 3562 2334 3617 nisi
2351 3561 2474 3631 quia
2498 3560 2551 3614 id
2564 3569 2841 3628 operatur,
2858 3568 2914 3611 et
2926 3557 3030 3611 hoc
3041 3564 3125 3610 est
3141 3570 3278 3624 opus
3297 3555 3414 3623 ejus
3426 3568 3474 3620 ο,

1902 3651 2043 3722 quod
2067 3651 2306 3706 continet
2334 3649 2606 3713 omnia,et
2630 3661 2737 3715 quo
2763 3645 2881 3712 ejus
2910 3643 3185 3713 Sapientia
3203 3643 3344 3698 sicut
3363 3643 3476 3711 jam

1903 3742 2103 3796 dictum
2124 3747 2210 3795 est
2229 3738 2449 3810 (Sap.'8.
2467 3736 2566 3806 l.),
2587 3735 2842 3805 pertendit
2867 3752 2900 3787 a
2919 3734 3022 3802 ﬁne
3041 3749 3205 3804 usque
3233 3733 3303 3787 ad
3316 3734 3478 3802 ﬁnem

1904 3831 2128 3902 fortiter,
2160 3839 2209 3884 et
2235 3829 2463 3897 disponit
2493 3827 2669 3880 omnia
2695 3825 2940 3879 suaviter.
2974 3823 3078 3878 Per
3100 3839 3263 3894 quam
3293 3824 3476 3894 dispo—

1905 3923 2155 3979 sitionem
2205 3921 2342 3992 (Act.
2385 3919 2474 3974 l'l.
2497 3917 2615 3986 28.)
2670 3916 2727 3970 in
2773 3913 2867 3968 illo
2910 3915 3151 3979 uiuimus,
3190 3930 3476 3979 mouemur,

1903 4023 1952 4069 et
1980 4027 2203 4068 sumus:
2229 4010 2371 4066 unde
2415 4007 2703 4079 colligitur,
2735 4004 2878 4074 quod
2921 4005 2967 4060 si
3007 4003 3110 4058 hoc
3143 4017 3278 4073 opus
3320 4019 3480 4058 suum

1902 4105 2070 4160 rebus
2115 4101 2466 4164 subtraxerit,
2513 4112 2615 4153 nec
2663 4097 2931 4161 vivemus,
2974 4107 3075 4150 nec
3118 4094 3477 4159 movebimur,

1904 4210 2007 4250 nec
2046 4193 2250 4248 erimus
2283 4191 2327 4244 τ.
2370 4190 2482 4244 Nec
2525 4187 2672 4242 enim
2707 4186 2822 4258 ipse
2859 4184 3104 4240 diabolus
3147 4199 3177 4238 a
3215 4191 3482 4254 potestate

1905 4283 2290 4354 omnipotentis
2319 4281 2526 4335 alienus
2551 4285 2634 4332 est
2653 4318 2667 4342 ,
2699 4291 2822 4331 nam
2853 4283 2908 4331 et
2948 4275 3167 4347 maligni
3202 4275 3344 4330 unde
3372 4274 3474 4329 ali-

234 4383 367 4437 (μίαν
393 4367 465 4420 ad
487 4365 637 4420 illum
662 4383 680 4420 :
709 4375 765 4420 at
795 4383 900 4421 non
923 4369 999 4420 ita
1039 4367 1273 4436 famulus
1294 4384 1436 4422 meus
1457 4369 1686 4440 Moyses,
1715 4374 1805 4443 qui
1834 4399 1886 4457 D
1911 4389 2122 4444 cunque
2169 4371 2552 4432 subsisterent,
2575 4366 2744 4457 vitam
2769 4379 2878 4457 non
2907 4363 3202 4457 haberent,
3243 4363 3346 4457 nisi
3381 4378 3481 4457 per

233 4457 286 4510 in
310 4467 426 4513 tota
452 4457 608 4511 domo
631 4473 748 4511 mea
771 4456 1106 4525 ﬁdelissimus
1130 4467 1203 4512 est
1226 4471 1245 4508 :
1271 4475 1328 4512 as
1356 4458 1424 4512 ad
1451 4475 1507 4513 os
1534 4459 1722 4530 loquar
1741 4467 1811 4520 ad

233 4549 383 4604 illum
409 4563 427 4600 :
447 4551 503 4604 in
526 4550 712 4619 specie,
739 4559 786 4603 et
817 4565 919 4602 non
941 4549 996 4602 in
1033 4551 1307 4619 crnigmate
1340 4550 1623 4606 Dominum
1651 4557 1808 4612 uidet.

236 4641 369 4707 Quia
415 4642 556 4695 enim
599 4649 927 4710 serpentem,
960 4655 1118 4709 quem
1157 4640 1366 4710 Moyses
1411 4643 1552 4698 sicut
1590 4643 1704 4713 jam
1732 4648 1812 4701 di-

238 4740 380 4785 ctum
409 4739 512 4796 est,
550 4731 660 4785 Deo
690 4733 912 4802 jubente
940 4728 1162 4796 fecerat,
1197 4743 1263 4783 ne
1300 4733 1609 4801 serpentino
1637 4745 1811 4790 morte

237 4821 464 4891 populus
495 4821 717 4891 periret,
755 4835 901 4884 eum,
938 4833 1099 4890 quem
1128 4820 1270 4876 Deus
1297 4820 1411 4874 ﬁeri
1429 4821 1686 4890 iusserat,
1715 4839 1810 4892 po-

240 4912 393 4981 pulus
439 4913 554 4981 ipse
593 4912 838 4966 venerari
865 4950 880 4974 ,
920 4919 978 4965 et
1029 4911 1208 4966 colere
1237 4921 1540 4979 coeperunt,
1579 4919 1636 4967 et
1665 4928 1809 4967 mor-

241 5005 345 5058 tem
383 5019 551 5074 quam
606 5003 973 5074 temporaliter
1019 5010 1271 5072 parentes
1311 5003 1523 5056 illorum
1572 5003 1639 5058 ad
1675 5011 1810 5058 tent-

243 5106 339 5159 pus
380 5102 706 5156 evaserunt,
738 5093 912 5147 denuo
961 5090 1247 5156 morituri,
1275 5091 1362 5145 isti
1415 5099 1804 5161 perceperunt,

246 5181 298 5236 in
353 5193 671 5256 perpetuum
745 5183 802 5238 iu
863 5182 1043 5237 anima
1111 5182 1406 5248 morituri;
1471 5191 1528 5236 et
1604 5183 1808 5239 idcirco

312 5349 339 5410 ξ
365 5339 588 5410 Vulgata
617 5355 633 5394 :
667 5337 958 5410 Nonestnn.

313 5406 344 5450 ι
380 5409 436 5464 In
460 5406 592 5464 Isaia
613 5411 724 5464 haec
751 5425 854 5462 non
878 5406 1100 5462 invenio.

315 5487 341 5517 ο
381 5479 448 5533 Et
473 5480 562 5534 hic
577 5487 662 5534 est
678 5495 743 5534 ex
769 5479 838 5533 iis
861 5477 1008 5541 locis,
1033 5474 1124 5544 qui
1147 5474 1200 5528 in
1221 5470 1443 5529 Claudio
1462 5476 1654 5530 merito
1685 5491 1806 5530 sus-

249 5556 431 5614 pectus
452 5557 552 5604 est.

263 5614 340 5697 ..Α
382 5618 509 5697 Quae
547 5627 844 5688 sequuntur
887 5615 1298 5697 ab_._Augustint_)
1339 5611 1810 5697 e_xcerpsit._Clau-l

247 5681 384 5751 dius,
407 5681 508 5743 sed
546 5681 650 5744 non
689 5703 755 5744 ex
801 5702 910 5742 uno
957 5681 1111 5742 libro'
1129 5691 1319 5741 cuncta
1354 5681 1671 5754 desumpsit,
1714 5682 1807 5738 sed

1911 4480 2035 4520 eum
2063 4463 2154 4533 qui
2182 4458 2414 4514 viviﬁcat
2440 4455 2640 4511 omnia.
2676 4453 2786 4507 Nec
2818 4453 2891 4505 ita
2921 4466 3054 4505 sane
3077 4451 3218 4505 Deus
3242 4450 3483 4505 deseruit

1909 4553 2152 4610 eamdem
2201 4549 2483 4620 reprobam
2533 4543 2827 4616 angelicam
2853 4549 3162 4596 creaturam
3213 4554 3389 4605 suam
3421 4548 3483 4594 ut

1911 4659 2016 4699 non
2065 4656 2124 4698 se
2154 4641 2228 4696 illi
2253 4638 2534 4694 exhiberet
2570 4635 2740 4689 Deum
2768 4639 3068 4695 creantem,
3106 4637 3161 4685 et
3192 4628 3480 4684 viviﬁcan-

1911 4744 2042 4800 tem,
2073 4741 2128 4788 et
2156 4733 2299 4788 inter
2324 4726 2558 4800 pacalia
2587 4724 2747 4786 mala,
2783 4723 2948 4779 etiam
2982 4723 3120 4775 bona
3156 4719 3312 4774 maiis
3337 4717 3478 4772 mul—

1912 4831 2026 4879 tum
2052 4829 2396 4894 prmstantem
2426 4820 2594 4889 (num.
2631 4813 2767 4886 22.).
2811 4811 3088 4868 Creatoris
3125 4822 3360 4877 namque
3385 4821 3480 4876 po-

1910 4915 2078 4970 tentia
2117 4921 2171 4967 et
2215 4907 2634 4980 omnipotentis,
2677 4912 2838 4974 atque
2880 4897 3264 4956 omnitenentis
3311 4896 3483 4949 virtus

1910 5019 2074 5061 causa
2099 5000 2426 5058 subsistendi
2454 5005 2540 5053 est
2577 4999 2602 5036 ε
2633 4995 2811 5051 omnis
2839 5001 3127 5054 creatum,
3154 5003 3276 5058 quite
3302 4986 3477 5041 virtus

1909 5095 1977 5150 ab
2003 5093 2100 5157 eis,
2132 5108 2251 5161 quae
2277 5096 2458 5144 creata
2486 5093 2633 5150 sunt,
2661 5083 2930 5154 regendis,
2961 5082 3006 5136 si
3039 5077 3331 5150 aliquando
3361 5091 3482 5130 ces-

1909 5193 2076 5251 caret,
2104 5181 2345 5238 simulet
2384 5179 2596 5234 illorum
2631 5181 2910 5232 cessarent
2937 5170 3166 5240 species,
3195 5165 3478 5236 omnisque

1913 5353 1981 5393 ex
2041 5336 2226 5390 variis.
2274 5330 2538 5388 Nonnulla
2567 5327 2854 5399 Augustini
2889 5325 3006 5380 loca
3053 5324 3319 5391 indicabo,
3353 5335 3474 5394 qum

1915 5406 2163 5462 consulat
2190 5404 2405 5459 Lector.

1988 5487 2010 5514 θ
2051 5475 2217 5543 Edit.,
2240 5487 2360 5543 quo.

1991 5545 2008 5583 ί
2051 5532 2265 5606 Confer;
2289 5541 2535 5605 obsecro,
2568 5537 2741 5592 locum
2769 5536 2910 5590 hunc
2935 5548 3058 5589 cum
3085 5532 3247 5588 edito.

1989 5616 2013 5656 ε
2056 5613 2230 5669 Omni.
