  <div class='ocr_page' id='page_1' title='image "/cluster/home/n/w/nwhite01/storage/ocr_20150623/104/hvd.32044052819794/421.png"; bbox 0 0 3924 6170; ppageno 0'>
   <div class='ocr_carea' id='block_1_1' title="bbox 486 297 590 355">
    <p class='ocr_par' dir='ltr' id='par_1_1' title="bbox 486 297 590 355">
     <span class='ocr_line' id='line_1_1' title="bbox 486 297 590 355; baseline -0.01 0"><span class='ocrx_word' id='word_1_1' title='bbox 486 297 590 355; x_wconf 66' lang='grc'><strong>831</strong></span> 
     </span>
    </p>
   </div>
   <div class='ocr_carea' id='block_1_2' title="bbox 489 491 2062 563">
    <p class='ocr_par' dir='ltr' id='par_1_2' title="bbox 489 491 2062 563">
     <span class='ocr_line' id='line_1_2' title="bbox 489 491 2062 563; baseline -0.011 -3"><span class='ocrx_word' id='word_1_2' title='bbox 489 518 614 559; x_wconf 88' lang='lat' dir='ltr'><strong>cum</strong></span> <span class='ocrx_word' id='word_1_3' title='bbox 636 498 995 560; x_wconf 70' lang='lat' dir='ltr'><strong>fabricaverit,</strong></span> <span class='ocrx_word' id='word_1_4' title='bbox 1027 495 1288 558; x_wconf 84' lang='lat' dir='ltr'><strong>abscedit,</strong></span> <span class='ocrx_word' id='word_1_5' title='bbox 1313 502 1474 563; x_wconf 86' lang='lat' dir='ltr'><strong>atque</strong></span> <span class='ocrx_word' id='word_1_6' title='bbox 1497 499 1746 547; x_wconf 80' lang='lat' dir='ltr'><strong>cessante</strong></span> <span class='ocrx_word' id='word_1_7' title='bbox 1768 491 1879 554; x_wconf 92' lang='lat' dir='ltr'><strong>illo,</strong></span> <span class='ocrx_word' id='word_1_8' title='bbox 1901 497 2062 558; x_wconf 88' lang='lat' dir='ltr'><strong>atque</strong></span> 
     </span>
    </p>
   </div>
   <div class='ocr_carea' id='block_1_3' title="bbox 490 581 2064 656">
    <p class='ocr_par' dir='ltr' id='par_1_3' title="bbox 490 581 2064 656">
     <span class='ocr_line' id='line_1_3' title="bbox 490 581 2064 656; baseline -0.007 -9"><span class='ocrx_word' id='word_1_9' title='bbox 490 591 814 647; x_wconf 72' lang='lat' dir='ltr'><strong>abscedente</strong></span> <span class='ocrx_word' id='word_1_10' title='bbox 855 596 962 642; x_wconf 86' lang='lat' dir='ltr'><strong>stat</strong></span> <span class='ocrx_word' id='word_1_11' title='bbox 989 602 1125 656; x_wconf 91' lang='lat' dir='ltr'><strong>opus</strong></span> <span class='ocrx_word' id='word_1_12' title='bbox 1151 584 1290 654; x_wconf 83' lang='lat' dir='ltr'><strong>ejus,</strong></span> <span class='ocrx_word' id='word_1_13' title='bbox 1335 587 1406 639; x_wconf 84' lang='lat' dir='ltr'><strong>ita</strong></span> <span class='ocrx_word' id='word_1_14' title='bbox 1435 584 1688 648; x_wconf 88' lang='lat' dir='ltr'><strong>mundus,</strong></span> <span class='ocrx_word' id='word_1_15' title='bbox 1727 595 1754 624; x_wconf 79' lang='grc' dir='ltr'>ι</span> <span class='ocrx_word' id='word_1_16' title='bbox 1789 591 1846 638; x_wconf 92' lang='lat' dir='ltr'><strong>et</strong></span> <span class='ocrx_word' id='word_1_17' title='bbox 1884 581 2064 637; x_wconf 90' lang='lat' dir='ltr'><strong>omnis</strong></span> 
     </span>
    </p>
   </div>
   <div class='ocr_carea' id='block_1_4' title="bbox 489 676 2062 742">
    <p class='ocr_par' dir='ltr' id='par_1_4' title="bbox 489 676 2062 742">
     <span class='ocr_line' id='line_1_4' title="bbox 489 676 2062 742; baseline -0.006 -5"><span class='ocrx_word' id='word_1_18' title='bbox 489 690 738 737; x_wconf 76' lang='lat' dir='ltr'><strong>creatura</strong></span> <span class='ocrx_word' id='word_1_19' title='bbox 763 680 877 735; x_wconf 83' lang='lat' dir='ltr'><strong>sive</strong></span> <span class='ocrx_word' id='word_1_20' title='bbox 897 679 1144 741; x_wconf 75' lang='lat' dir='ltr'><strong>visibilis,</strong></span> <span class='ocrx_word' id='word_1_21' title='bbox 1170 679 1284 733; x_wconf 91' lang='lat' dir='ltr'><strong>sive</strong></span> <span class='ocrx_word' id='word_1_22' title='bbox 1305 677 1609 741; x_wconf 77' lang='lat' dir='ltr'><strong>invisibilis,</strong></span> <span class='ocrx_word' id='word_1_23' title='bbox 1641 676 1754 731; x_wconf 89' lang='lat' dir='ltr'><strong>sive</strong></span> <span class='ocrx_word' id='word_1_24' title='bbox 1780 687 2062 742; x_wconf 80' lang='lat' dir='ltr'><strong>corporea,</strong></span> 
     </span>
    </p>
   </div>
   <div class='ocr_carea' id='block_1_5' title="bbox 487 765 2061 843">
    <p class='ocr_par' dir='ltr' id='par_1_5' title="bbox 487 765 2061 843">
     <span class='ocr_line' id='line_1_5' title="bbox 487 765 2061 843; baseline -0.008 -14"><span class='ocrx_word' id='word_1_25' title='bbox 487 775 603 829; x_wconf 90' lang='lat' dir='ltr'><strong>sive</strong></span> <span class='ocrx_word' id='word_1_26' title='bbox 631 772 946 843; x_wconf 88' lang='lat' dir='ltr'><strong>spiritualis,</strong></span> <span class='ocrx_word' id='word_1_27' title='bbox 971 770 1053 824; x_wconf 88' lang='lat' dir='ltr'><strong>vel</strong></span> <span class='ocrx_word' id='word_1_28' title='bbox 1083 771 1193 824; x_wconf 91' lang='lat' dir='ltr'><strong>ictu</strong></span> <span class='ocrx_word' id='word_1_29' title='bbox 1221 769 1362 824; x_wconf 91' lang='lat' dir='ltr'><strong>oculi</strong></span> <span class='ocrx_word' id='word_1_30' title='bbox 1393 776 1538 822; x_wconf 86' lang='lat' dir='ltr'><strong>stare</strong></span> <span class='ocrx_word' id='word_1_31' title='bbox 1557 781 1664 820; x_wconf 86' lang='lat' dir='ltr'><strong>non</strong></span> <span class='ocrx_word' id='word_1_32' title='bbox 1689 766 1909 835; x_wconf 89' lang='lat' dir='ltr'><strong>poterit,</strong></span> <span class='ocrx_word' id='word_1_33' title='bbox 1937 765 1994 818; x_wconf 87' lang='lat' dir='ltr'><strong>si&#39;</strong></span> <span class='ocrx_word' id='word_1_34' title='bbox 2009 765 2061 818; x_wconf 90' lang='lat' dir='ltr'><strong>ei</strong></span> 
     </span>
    </p>
   </div>
   <div class='ocr_carea' id='block_1_6' title="bbox 488 861 2064 936">
    <p class='ocr_par' dir='ltr' id='par_1_6' title="bbox 488 861 2064 936">
     <span class='ocr_line' id='line_1_6' title="bbox 488 861 2064 936; baseline -0.005 -15"><span class='ocrx_word' id='word_1_35' title='bbox 488 867 632 922; x_wconf 83' lang='lat' dir='ltr'><strong>Deus</strong></span> <span class='ocrx_word' id='word_1_36' title='bbox 671 867 911 936; x_wconf 87' lang='lat' dir='ltr'><strong>regimen</strong></span> <span class='ocrx_word' id='word_1_37' title='bbox 945 865 1028 919; x_wconf 89' lang='lat' dir='ltr'><strong>sui</strong></span> <span class='ocrx_word' id='word_1_38' title='bbox 1069 863 1433 926; x_wconf 81' lang='lat' dir='ltr'><strong>subtraxerit,</strong></span> <span class='ocrx_word' id='word_1_39' title='bbox 1463 863 1558 931; x_wconf 86' lang='lat' dir='ltr'><strong>qui</strong></span> <span class='ocrx_word' id='word_1_40' title='bbox 1593 863 1743 916; x_wconf 88' lang='lat' dir='ltr'><strong>novit</strong></span> <span class='ocrx_word' id='word_1_41' title='bbox 1770 861 2064 930; x_wconf 77' lang='lat' dir='ltr'><strong>quiescens</strong></span> 
     </span>
    </p>
   </div>
   <div class='ocr_carea' id='block_1_7' title="bbox 487 953 2062 1028">
    <p class='ocr_par' dir='ltr' id='par_1_7' title="bbox 487 953 2062 1028">
     <span class='ocr_line' id='line_1_7' title="bbox 487 953 2062 1028; baseline -0.003 -17"><span class='ocrx_word' id='word_1_42' title='bbox 487 972 669 1028; x_wconf 84' lang='lat' dir='ltr'><strong>agere,</strong></span> <span class='ocrx_word' id='word_1_43' title='bbox 696 967 751 1010; x_wconf 89' lang='lat' dir='ltr'><strong>et</strong></span> <span class='ocrx_word' id='word_1_44' title='bbox 779 971 942 1026; x_wconf 86' lang='lat' dir='ltr'><strong>agens</strong></span> <span class='ocrx_word' id='word_1_45' title='bbox 968 955 1268 1024; x_wconf 82' lang='lat' dir='ltr'><strong>quiescere,</strong></span> <span class='ocrx_word' id='word_1_46' title='bbox 1299 962 1584 1023; x_wconf 75' lang='lat' dir='ltr'><strong>potestque</strong></span> <span class='ocrx_word' id='word_1_47' title='bbox 1611 953 1674 1007; x_wconf 90' lang='lat' dir='ltr'><strong>ad</strong></span> <span class='ocrx_word' id='word_1_48' title='bbox 1707 968 1844 1023; x_wconf 87' lang='lat' dir='ltr'><strong>opus</strong></span> <span class='ocrx_word' id='word_1_49' title='bbox 1865 967 2062 1007; x_wconf 84' lang='lat' dir='ltr'><strong>novum</strong></span> 
     </span>
    </p>
   </div>
   <div class='ocr_carea' id='block_1_8' title="bbox 488 1043 2060 1109">
    <p class='ocr_par' dir='ltr' id='par_1_8' title="bbox 488 1043 2060 1109">
     <span class='ocr_line' id='line_1_8' title="bbox 488 1043 2060 1109; baseline -0.004 -8"><span class='ocrx_word' id='word_1_50' title='bbox 488 1063 597 1102; x_wconf 87' lang='lat' dir='ltr'><strong>non</strong></span> <span class='ocrx_word' id='word_1_51' title='bbox 627 1062 823 1100; x_wconf 91' lang='lat' dir='ltr'><strong>novum</strong></span> <span class='ocrx_word' id='word_1_52' title='bbox 853 1045 1109 1099; x_wconf 86' lang='lat' dir='ltr'><strong>adhibere</strong></span> <span class='ocrx_word' id='word_1_53' title='bbox 1147 1045 1429 1098; x_wconf 77' lang='lat' dir='ltr'><strong>consilium</strong></span> <span class='ocrx_word' id='word_1_54' title='bbox 1457 1044 1507 1097; x_wconf 70' lang='grc' dir='ltr'><strong>ι’.</strong></span> <span class='ocrx_word' id='word_1_55' title='bbox 1541 1043 1643 1109; x_wconf 86' lang='lat' dir='ltr'><strong>Qui</strong></span> <span class='ocrx_word' id='word_1_56' title='bbox 1682 1058 1804 1098; x_wconf 91' lang='lat' dir='ltr'><strong>cum</strong></span> <span class='ocrx_word' id='word_1_57' title='bbox 1828 1049 2060 1107; x_wconf 83' lang='lat' dir='ltr'><strong>crearet,</strong></span> 
     </span>
    </p>
   </div>
   <div class='ocr_carea' id='block_1_9' title="bbox 486 1133 2063 1199">
    <p class='ocr_par' dir='ltr' id='par_1_9' title="bbox 486 1133 2063 1199">
     <span class='ocr_line' id='line_1_9' title="bbox 486 1133 2063 1199; baseline -0.004 -7"><span class='ocrx_word' id='word_1_58' title='bbox 486 1154 596 1192; x_wconf 84' lang='lat' dir='ltr'><strong>non</strong></span> <span class='ocrx_word' id='word_1_59' title='bbox 623 1145 710 1191; x_wconf 89' lang='lat' dir='ltr'><strong>est</strong></span> <span class='ocrx_word' id='word_1_60' title='bbox 736 1135 976 1191; x_wconf 81' lang='lat' dir='ltr'><strong>defessus</strong></span> <span class='ocrx_word' id='word_1_61' title='bbox 999 1175 1012 1199; x_wconf 95' lang='lat'><strong>,</strong></span> <span class='ocrx_word' id='word_1_62' title='bbox 1054 1149 1155 1190; x_wconf 85' lang='lat' dir='ltr'><strong>nec</strong></span> <span class='ocrx_word' id='word_1_63' title='bbox 1192 1149 1313 1189; x_wconf 91' lang='lat' dir='ltr'><strong>cum</strong></span> <span class='ocrx_word' id='word_1_64' title='bbox 1344 1134 1610 1198; x_wconf 89' lang='lat' dir='ltr'><strong>cessavit,</strong></span> <span class='ocrx_word' id='word_1_65' title='bbox 1640 1133 1878 1188; x_wconf 79' lang='lat' dir='ltr'><strong>refectus</strong></span> <span class='ocrx_word' id='word_1_66' title='bbox 1903 1151 1917 1186; x_wconf 90' lang='lat'>:</span> <span class='ocrx_word' id='word_1_67' title='bbox 1947 1133 2063 1186; x_wconf 88' lang='lat' dir='ltr'><strong>sine</strong></span> 
     </span>
    </p>
   </div>
   <div class='ocr_carea' id='block_1_10' title="bbox 485 1225 2059 1300">
    <p class='ocr_par' dir='ltr' id='par_1_10' title="bbox 485 1225 2059 1300">
     <span class='ocr_line' id='line_1_10' title="bbox 485 1225 2059 1300; baseline -0.004 -16"><span class='ocrx_word' id='word_1_68' title='bbox 485 1231 744 1300; x_wconf 73' lang='lat' dir='ltr'><strong>qualitate</strong></span> <span class='ocrx_word' id='word_1_69' title='bbox 775 1230 970 1293; x_wconf 88' lang='lat' dir='ltr'><strong>bonus,</strong></span> <span class='ocrx_word' id='word_1_70' title='bbox 997 1228 1114 1282; x_wconf 87' lang='lat' dir='ltr'><strong>sine</strong></span> <span class='ocrx_word' id='word_1_71' title='bbox 1150 1227 1456 1296; x_wconf 84' lang='lat' dir='ltr'><strong>quantitate</strong></span> <span class='ocrx_word' id='word_1_72' title='bbox 1489 1241 1740 1296; x_wconf 86' lang='lat' dir='ltr'><strong>magnus,</strong></span> <span class='ocrx_word' id='word_1_73' title='bbox 1776 1226 1894 1280; x_wconf 86' lang='lat' dir='ltr'><strong>sine</strong></span> <span class='ocrx_word' id='word_1_74' title='bbox 1923 1225 2059 1278; x_wconf 89' lang='lat' dir='ltr'><strong>indi-</strong></span> 
     </span>
    </p>
   </div>
   <div class='ocr_carea' id='block_1_11' title="bbox 481 1314 2062 1390">
    <p class='ocr_par' dir='ltr' id='par_1_11' title="bbox 481 1314 2062 1390">
     <span class='ocr_line' id='line_1_11' title="bbox 481 1314 2062 1390; baseline -0.003 -18"><span class='ocrx_word' id='word_1_75' title='bbox 481 1319 664 1390; x_wconf 85' lang='lat' dir='ltr'><strong>gentia</strong></span> <span class='ocrx_word' id='word_1_76' title='bbox 693 1326 928 1380; x_wconf 85' lang='lat' dir='ltr'><strong>creator,</strong></span> <span class='ocrx_word' id='word_1_77' title='bbox 959 1318 1075 1370; x_wconf 91' lang='lat' dir='ltr'><strong>sine</strong></span> <span class='ocrx_word' id='word_1_78' title='bbox 1098 1316 1204 1370; x_wconf 90' lang='lat' dir='ltr'><strong>situ</strong></span> <span class='ocrx_word' id='word_1_79' title='bbox 1239 1330 1496 1384; x_wconf 63' lang='lat' dir='ltr'><strong>praesens,</strong></span> <span class='ocrx_word' id='word_1_80' title='bbox 1525 1315 1641 1370; x_wconf 85' lang='lat' dir='ltr'><strong>sine</strong></span> <span class='ocrx_word' id='word_1_81' title='bbox 1668 1315 1852 1369; x_wconf 90' lang='lat' dir='ltr'><strong>habitu</strong></span> <span class='ocrx_word' id='word_1_82' title='bbox 1880 1314 2062 1369; x_wconf 83' lang='lat' dir='ltr'><strong>omnia</strong></span> 
     </span>
    </p>
   </div>
   <div class='ocr_carea' id='block_1_12' title="bbox 481 1406 2065 1474">
    <p class='ocr_par' dir='ltr' id='par_1_12' title="bbox 481 1406 2065 1474">
     <span class='ocr_line' id='line_1_12' title="bbox 481 1406 2065 1474; baseline -0.003 -10"><span class='ocrx_word' id='word_1_83' title='bbox 481 1410 793 1473; x_wconf 82' lang='lat' dir='ltr'><strong>continens,</strong></span> <span class='ocrx_word' id='word_1_84' title='bbox 817 1409 936 1462; x_wconf 88' lang='lat' dir='ltr'><strong>sine</strong></span> <span class='ocrx_word' id='word_1_85' title='bbox 964 1407 1080 1461; x_wconf 91' lang='lat' dir='ltr'><strong>loco</strong></span> <span class='ocrx_word' id='word_1_86' title='bbox 1113 1406 1310 1474; x_wconf 88' lang='lat' dir='ltr'><strong>ubique</strong></span> <span class='ocrx_word' id='word_1_87' title='bbox 1331 1415 1495 1464; x_wconf 89' lang='lat' dir='ltr'><strong>totus.</strong></span> <span class='ocrx_word' id='word_1_88' title='bbox 1520 1407 1637 1461; x_wconf 87' lang='lat' dir='ltr'><strong>sine</strong></span> <span class='ocrx_word' id='word_1_89' title='bbox 1661 1415 1904 1474; x_wconf 84' lang='lat' dir='ltr'><strong>tempore</strong></span> <span class='ocrx_word' id='word_1_90' title='bbox 1924 1421 2065 1460; x_wconf 88' lang='lat' dir='ltr'><strong>sem-</strong></span> 
     </span>
    </p>
   </div>
   <div class='ocr_carea' id='block_1_13' title="bbox 482 1497 2060 1571">
    <p class='ocr_par' dir='ltr' id='par_1_13' title="bbox 482 1497 2060 1571">
     <span class='ocr_line' id='line_1_13' title="bbox 482 1497 2060 1571; baseline -0.001 -17"><span class='ocrx_word' id='word_1_91' title='bbox 482 1501 761 1571; x_wconf 81' lang='lat' dir='ltr'><strong>piternus,</strong></span> <span class='ocrx_word' id='word_1_92' title='bbox 801 1499 919 1554; x_wconf 85' lang='lat' dir='ltr'><strong>sine</strong></span> <span class='ocrx_word' id='word_1_93' title='bbox 945 1498 1050 1553; x_wconf 88' lang='lat' dir='ltr'><strong>ulla</strong></span> <span class='ocrx_word' id='word_1_94' title='bbox 1088 1499 1168 1553; x_wconf 92' lang='lat' dir='ltr'><strong>sui</strong></span> <span class='ocrx_word' id='word_1_95' title='bbox 1201 1499 1500 1552; x_wconf 81' lang='lat' dir='ltr'><strong>mutatione</strong></span> <span class='ocrx_word' id='word_1_96' title='bbox 1541 1498 1807 1552; x_wconf 86' lang='lat' dir='ltr'><strong>mirabilia</strong></span> <span class='ocrx_word' id='word_1_97' title='bbox 1837 1497 2060 1561; x_wconf 81' lang='lat' dir='ltr'><strong>faciens,</strong></span> 
     </span>
    </p>
   </div>
   <div class='ocr_carea' id='block_1_14' title="bbox 486 1587 2063 1661">
    <p class='ocr_par' dir='ltr' id='par_1_14' title="bbox 486 1587 2063 1661">
     <span class='ocr_line' id='line_1_14' title="bbox 486 1587 2063 1661; baseline -0.004 -16"><span class='ocrx_word' id='word_1_98' title='bbox 486 1592 732 1661; x_wconf 78' lang='lat' dir='ltr'><strong>nihilque</strong></span> <span class='ocrx_word' id='word_1_99' title='bbox 760 1591 991 1660; x_wconf 88' lang='lat' dir='ltr'><strong>patiens,</strong></span> <span class='ocrx_word' id='word_1_100' title='bbox 1016 1600 1038 1627; x_wconf 75' lang='grc' dir='ltr'><strong>ε</strong></span> <span class='ocrx_word' id='word_1_101' title='bbox 1074 1589 1238 1642; x_wconf 83' lang='lat' dir='ltr'><strong>habet</strong></span> <span class='ocrx_word' id='word_1_102' title='bbox 1258 1587 1474 1656; x_wconf 83' lang='lat' dir='ltr'><strong>quidem</strong></span> <span class='ocrx_word' id='word_1_103' title='bbox 1503 1587 1743 1650; x_wconf 85' lang='lat' dir='ltr'><strong>nuntios,</strong></span> <span class='ocrx_word' id='word_1_104' title='bbox 1763 1587 1814 1641; x_wconf 92' lang='lat' dir='ltr'><strong>id</strong></span> <span class='ocrx_word' id='word_1_105' title='bbox 1845 1596 1929 1640; x_wconf 90' lang='lat' dir='ltr'><strong>est</strong></span> <span class='ocrx_word' id='word_1_106' title='bbox 1955 1588 2063 1640; x_wconf 80' lang='lat' dir='ltr'><strong>An-</strong></span> 
     </span>
    </p>
   </div>
   <div class='ocr_carea' id='block_1_15' title="bbox 485 1675 2060 1751">
    <p class='ocr_par' dir='ltr' id='par_1_15' title="bbox 485 1675 2060 1751">
     <span class='ocr_line' id='line_1_15' title="bbox 485 1675 2060 1751; baseline -0.004 -16"><span class='ocrx_word' id='word_1_107' title='bbox 485 1682 658 1751; x_wconf 85' lang='lat' dir='ltr'><strong>gelos,</strong></span> <span class='ocrx_word' id='word_1_108' title='bbox 689 1696 794 1734; x_wconf 89' lang='lat' dir='ltr'><strong>non</strong></span> <span class='ocrx_word' id='word_1_109' title='bbox 829 1689 1009 1734; x_wconf 89' lang='lat' dir='ltr'><strong>tamen</strong></span> <span class='ocrx_word' id='word_1_110' title='bbox 1053 1687 1158 1741; x_wconf 87' lang='lat' dir='ltr'><strong>est,</strong></span> <span class='ocrx_word' id='word_1_111' title='bbox 1203 1686 1263 1732; x_wconf 91' lang='lat' dir='ltr'><strong>ut</strong></span> <span class='ocrx_word' id='word_1_112' title='bbox 1295 1676 1495 1746; x_wconf 88' lang='lat' dir='ltr'><strong>aliquid</strong></span> <span class='ocrx_word' id='word_1_113' title='bbox 1525 1677 1594 1738; x_wconf 88' lang='lat' dir='ltr'><strong>ei,</strong></span> <span class='ocrx_word' id='word_1_114' title='bbox 1637 1677 1782 1745; x_wconf 82' lang='lat' dir='ltr'><strong>quod</strong></span> <span class='ocrx_word' id='word_1_115' title='bbox 1829 1675 2060 1738; x_wconf 90' lang='lat' dir='ltr'><strong>nesciat,</strong></span> 
     </span>
    </p>
   </div>
   <div class='ocr_carea' id='block_1_16' title="bbox 1556 278 2670 346">
    <p class='ocr_par' dir='ltr' id='par_1_16' title="bbox 1556 278 2670 346">
     <span class='ocr_line' id='line_1_16' title="bbox 1556 278 2670 346; baseline -0.007 -2"><span class='ocrx_word' id='word_1_116' title='bbox 1556 286 1832 346; x_wconf 79' lang='lat' dir='ltr'><strong>CLAUDII</strong></span> <span class='ocrx_word' id='word_1_117' title='bbox 1869 279 2329 342; x_wconf 71' lang='lat' dir='ltr'><strong>TAUNNENSIS</strong></span> <span class='ocrx_word' id='word_1_118' title='bbox 2365 278 2670 338; x_wconf 79' lang='lat' dir='ltr'><strong>EPISCOPI</strong></span> 
     </span>
    </p>
   </div>
   <div class='ocr_carea' id='block_1_17' title="bbox 488 390 2748 474">
    <p class='ocr_par' dir='ltr' id='par_1_17' title="bbox 488 390 2748 474">
     <span class='ocr_line' id='line_1_17' title="bbox 488 390 2748 474; baseline -0.012 -4"><span class='ocrx_word' id='word_1_119' title='bbox 488 422 684 470; x_wconf 82' lang='lat' dir='ltr'><strong>natura</strong></span> <span class='ocrx_word' id='word_1_120' title='bbox 705 409 1031 466; x_wconf 88' lang='lat' dir='ltr'><strong>concideret.</strong></span> <span class='ocrx_word' id='word_1_121' title='bbox 1072 403 1256 474; x_wconf 86' lang='lat' dir='ltr'><strong>Neque</strong></span> <span class='ocrx_word' id='word_1_122' title='bbox 1276 403 1421 458; x_wconf 85' lang='lat' dir='ltr'><strong>enim</strong></span> <span class='ocrx_word' id='word_1_123' title='bbox 1445 402 1586 458; x_wconf 81' lang='lat' dir='ltr'><strong>sicut</strong></span> <span class='ocrx_word' id='word_1_124' title='bbox 1614 407 1852 456; x_wconf 79' lang='lat' dir='ltr'><strong>structor</strong></span> <span class='ocrx_word' id='word_1_125' title='bbox 1870 397 2066 453; x_wconf 64' lang='lat' dir='ltr'><strong>mdium</strong></span> <span class='ocrx_word' id='word_1_126' title='bbox 2095 397 2144 456; x_wconf 76' lang='grc' dir='ltr'><strong>Α</strong></span> <span class='ocrx_word' id='word_1_127' title='bbox 2170 390 2540 462; x_wconf 80' lang='lat' dir='ltr'><strong>corporalium</strong></span> <span class='ocrx_word' id='word_1_128' title='bbox 2593 390 2748 446; x_wconf 76' lang='lat' dir='ltr'><strong>claris</strong></span> 
     </span>
    </p>
   </div>
   <div class='ocr_carea' id='block_1_18' title="bbox 3626 289 3731 346">
    <p class='ocr_par' dir='ltr' id='par_1_18' title="bbox 3626 289 3731 346">
     <span class='ocr_line' id='line_1_18' title="bbox 3626 289 3731 346; baseline -0.019 0"><span class='ocrx_word' id='word_1_129' title='bbox 3626 289 3731 346; x_wconf 64' lang='lat'><strong>83!</strong></span> 
     </span>
    </p>
   </div>
   <div class='ocr_carea' id='block_1_19' title="bbox 3616 411 3737 452">
    <p class='ocr_par' dir='ltr' id='par_1_19' title="bbox 3616 411 3737 452">
     <span class='ocr_line' id='line_1_19' title="bbox 3616 411 3737 452; baseline 0 0"><span class='ocrx_word' id='word_1_130' title='bbox 3616 411 3737 452; x_wconf 88' lang='lat' dir='ltr'><strong>con-</strong></span> 
     </span>
    </p>
   </div>
   <div class='ocr_carea' id='block_1_20' title="bbox 2164 481 3735 554">
    <p class='ocr_par' dir='ltr' id='par_1_20' title="bbox 2164 481 3735 554">
     <span class='ocr_line' id='line_1_20' title="bbox 2164 481 3735 554; baseline 0.003 -18"><span class='ocrx_word' id='word_1_131' title='bbox 2164 497 2372 554; x_wconf 81' lang='lat' dir='ltr'><strong>gruam,</strong></span> <span class='ocrx_word' id='word_1_132' title='bbox 2402 490 2460 537; x_wconf 88' lang='lat' dir='ltr'><strong>et</strong></span> <span class='ocrx_word' id='word_1_133' title='bbox 2489 489 2697 536; x_wconf 85' lang='lat' dir='ltr'><strong>motum</strong></span> <span class='ocrx_word' id='word_1_134' title='bbox 2723 481 2912 546; x_wconf 80' lang='lat' dir='ltr'><strong>dedit:</strong></span> <span class='ocrx_word' id='word_1_135' title='bbox 2941 483 3032 551; x_wconf 88' lang='lat' dir='ltr'><strong>qui</strong></span> <span class='ocrx_word' id='word_1_136' title='bbox 3061 483 3195 552; x_wconf 84' lang='lat' dir='ltr'><strong>ipsis</strong></span> <span class='ocrx_word' id='word_1_137' title='bbox 3219 485 3388 538; x_wconf 87' lang='lat' dir='ltr'><strong>etiam</strong></span> <span class='ocrx_word' id='word_1_138' title='bbox 3415 483 3608 540; x_wconf 68' lang='lat' dir='ltr'><strong>inferis</strong></span> <span class='ocrx_word' id='word_1_139' title='bbox 3636 486 3735 541; x_wconf 81' lang='lat' dir='ltr'><strong>do-</strong></span> 
     </span>
    </p>
   </div>
   <div class='ocr_carea' id='block_1_21' title="bbox 2165 575 3740 649">
    <p class='ocr_par' dir='ltr' id='par_1_21' title="bbox 2165 575 3740 649">
     <span class='ocr_line' id='line_1_21' title="bbox 2165 575 3740 649; baseline 0.003 -19"><span class='ocrx_word' id='word_1_140' title='bbox 2165 575 2518 630; x_wconf 87' lang='lat' dir='ltr'><strong>minationem</strong></span> <span class='ocrx_word' id='word_1_141' title='bbox 2539 590 2717 633; x_wconf 89' lang='lat' dir='ltr'><strong>suam.</strong></span> <span class='ocrx_word' id='word_1_142' title='bbox 2739 583 3167 644; x_wconf 77' lang='lat' dir='ltr'><strong>potestatemque</strong></span> <span class='ocrx_word' id='word_1_143' title='bbox 3187 591 3293 630; x_wconf 91' lang='lat' dir='ltr'><strong>non</strong></span> <span class='ocrx_word' id='word_1_144' title='bbox 3309 577 3584 633; x_wconf 84' lang='lat' dir='ltr'><strong>subtrahit</strong></span> <span class='ocrx_word' id='word_1_145' title='bbox 3607 597 3623 632; x_wconf 90' lang='lat'><strong>:</strong></span> <span class='ocrx_word' id='word_1_146' title='bbox 3649 581 3740 649; x_wconf 88' lang='lat' dir='ltr'><strong>qui</strong></span> 
     </span>
    </p>
   </div>
   <div class='ocr_carea' id='block_1_22' title="bbox 2162 670 3738 744">
    <p class='ocr_par' dir='ltr' id='par_1_22' title="bbox 2162 670 3738 744">
     <span class='ocr_line' id='line_1_22' title="bbox 2162 670 3738 744; baseline 0.001 -16"><span class='ocrx_word' id='word_1_147' title='bbox 2162 673 2458 737; x_wconf 85' lang='lat' dir='ltr'><strong>scminn,et</strong></span> <span class='ocrx_word' id='word_1_148' title='bbox 2477 672 2728 727; x_wconf 85' lang='lat' dir='ltr'><strong>alimenta</strong></span> <span class='ocrx_word' id='word_1_149' title='bbox 2753 670 3060 726; x_wconf 83' lang='lat' dir='ltr'><strong>mortalium</strong></span> <span class='ocrx_word' id='word_1_150' title='bbox 3079 673 3192 726; x_wconf 81' lang='lat' dir='ltr'><strong>sive</strong></span> <span class='ocrx_word' id='word_1_151' title='bbox 3212 673 3382 736; x_wconf 86' lang='lat' dir='ltr'><strong>arida,</strong></span> <span class='ocrx_word' id='word_1_152' title='bbox 3395 673 3511 728; x_wconf 87' lang='lat' dir='ltr'><strong>sive</strong></span> <span class='ocrx_word' id='word_1_153' title='bbox 3537 673 3738 744; x_wconf 81' lang='lat' dir='ltr'><strong>liquida</strong></span> 
     </span>
    </p>
   </div>
   <div class='ocr_carea' id='block_1_23' title="bbox 2162 761 3746 832">
    <p class='ocr_par' dir='ltr' id='par_1_23' title="bbox 2162 761 3746 832">
     <span class='ocr_line' id='line_1_23' title="bbox 2162 761 3746 832; baseline 0.001 -15"><span class='ocrx_word' id='word_1_154' title='bbox 2162 762 2371 817; x_wconf 88' lang='lat' dir='ltr'><strong>naturis</strong></span> <span class='ocrx_word' id='word_1_155' title='bbox 2399 762 2830 830; x_wconf 79' lang='lat' dir='ltr'><strong>competentibus</strong></span> <span class='ocrx_word' id='word_1_156' title='bbox 2865 761 3128 814; x_wconf 88' lang='lat' dir='ltr'><strong>attributa</strong></span> <span class='ocrx_word' id='word_1_157' title='bbox 3158 761 3429 818; x_wconf 86' lang='lat' dir='ltr'><strong>substituit</strong></span> <span class='ocrx_word' id='word_1_158' title='bbox 3467 781 3482 816; x_wconf 90' lang='lat'><strong>:</strong></span> <span class='ocrx_word' id='word_1_159' title='bbox 3515 765 3610 832; x_wconf 85' lang='lat' dir='ltr'><strong>qui</strong></span> <span class='ocrx_word' id='word_1_160' title='bbox 3640 773 3746 819; x_wconf 82' lang='lat' dir='ltr'><strong>ter-</strong></span> 
     </span>
    </p>
   </div>
   <div class='ocr_carea' id='block_1_24' title="bbox 2161 849 3747 921">
    <p class='ocr_par' dir='ltr' id='par_1_24' title="bbox 2161 849 3747 921">
     <span class='ocr_line' id='line_1_24' title="bbox 2161 849 3747 921; baseline -0.001 -13"><span class='ocrx_word' id='word_1_161' title='bbox 2161 868 2276 908; x_wconf 82' lang='lat' dir='ltr'><strong>ram</strong></span> <span class='ocrx_word' id='word_1_162' title='bbox 2303 852 2510 916; x_wconf 74' lang='lat' dir='ltr'><strong>fundat,</strong></span> <span class='ocrx_word' id='word_1_163' title='bbox 2533 860 2695 919; x_wconf 82' lang='lat' dir='ltr'><strong>atque</strong></span> <span class='ocrx_word' id='word_1_164' title='bbox 2737 849 2987 905; x_wconf 72' lang='lat' dir='ltr'><strong>fecundat</strong></span> <span class='ocrx_word' id='word_1_165' title='bbox 3015 868 3029 904; x_wconf 89' lang='lat'><strong>:</strong></span> <span class='ocrx_word' id='word_1_166' title='bbox 3053 851 3145 920; x_wconf 86' lang='lat' dir='ltr'><strong>qui</strong></span> <span class='ocrx_word' id='word_1_167' title='bbox 3167 849 3374 905; x_wconf 82' lang='lat' dir='ltr'><strong>fructus</strong></span> <span class='ocrx_word' id='word_1_168' title='bbox 3394 852 3512 921; x_wconf 78' lang='lat' dir='ltr'><strong>ejus</strong></span> <span class='ocrx_word' id='word_1_169' title='bbox 3538 854 3747 906; x_wconf 83' lang='lat' dir='ltr'><strong>anima-</strong></span> 
     </span>
    </p>
   </div>
   <div class='ocr_carea' id='block_1_25' title="bbox 2161 943 3742 1013">
    <p class='ocr_par' dir='ltr' id='par_1_25' title="bbox 2161 943 3742 1013">
     <span class='ocr_line' id='line_1_25' title="bbox 2161 943 3742 1013; baseline -0.003 -13"><span class='ocrx_word' id='word_1_170' title='bbox 2161 945 2321 1008; x_wconf 87' lang='lat' dir='ltr'><strong>libus,</strong></span> <span class='ocrx_word' id='word_1_171' title='bbox 2353 945 2765 1012; x_wconf 85' lang='lat' dir='ltr'><strong>bominibusque</strong></span> <span class='ocrx_word' id='word_1_172' title='bbox 2791 943 3018 1013; x_wconf 74' lang='lat' dir='ltr'><strong>largitur</strong></span> <span class='ocrx_word' id='word_1_173' title='bbox 3047 961 3060 996; x_wconf 85' lang='lat'><strong>:</strong></span> <span class='ocrx_word' id='word_1_174' title='bbox 3097 944 3191 1012; x_wconf 83' lang='lat' dir='ltr'><strong>qui</strong></span> <span class='ocrx_word' id='word_1_175' title='bbox 3213 958 3408 998; x_wconf 82' lang='lat' dir='ltr'><strong>causas</strong></span> <span class='ocrx_word' id='word_1_176' title='bbox 3433 959 3544 998; x_wconf 86' lang='lat' dir='ltr'><strong>non</strong></span> <span class='ocrx_word' id='word_1_177' title='bbox 3567 944 3742 998; x_wconf 84' lang='lat' dir='ltr'><strong>solum</strong></span> 
     </span>
    </p>
   </div>
   <div class='ocr_carea' id='block_1_26' title="bbox 2159 1033 3742 1106">
    <p class='ocr_par' dir='ltr' id='par_1_26' title="bbox 2159 1033 3742 1106">
     <span class='ocr_line' id='line_1_26' title="bbox 2159 1033 3742 1106; baseline -0.001 -16"><span class='ocrx_word' id='word_1_178' title='bbox 2159 1036 2500 1106; x_wconf 84' lang='lat' dir='ltr'><strong>principales,</strong></span> <span class='ocrx_word' id='word_1_179' title='bbox 2522 1036 2618 1090; x_wconf 88' lang='lat' dir='ltr'><strong>sed</strong></span> <span class='ocrx_word' id='word_1_180' title='bbox 2635 1036 2798 1088; x_wconf 88' lang='lat' dir='ltr'><strong>etiam</strong></span> <span class='ocrx_word' id='word_1_181' title='bbox 2825 1035 3215 1103; x_wconf 86' lang='lat' dir='ltr'><strong>subsequentes</strong></span> <span class='ocrx_word' id='word_1_182' title='bbox 3230 1033 3400 1096; x_wconf 87' lang='lat' dir='ltr'><strong>novit,</strong></span> <span class='ocrx_word' id='word_1_183' title='bbox 3423 1035 3742 1103; x_wconf 85' lang='lat' dir='ltr'><strong>atqueordi-</strong></span> 
     </span>
    </p>
   </div>
   <div class='ocr_carea' id='block_1_27' title="bbox 2159 1123 3739 1196">
    <p class='ocr_par' dir='ltr' id='par_1_27' title="bbox 2159 1123 3739 1196">
     <span class='ocr_line' id='line_1_27' title="bbox 2159 1123 3739 1196; baseline -0.001 -15"><span class='ocrx_word' id='word_1_184' title='bbox 2159 1136 2257 1182; x_wconf 86' lang='lat' dir='ltr'><strong>nat</strong></span> <span class='ocrx_word' id='word_1_185' title='bbox 2275 1146 2288 1180; x_wconf 91' lang='lat'>:</span> <span class='ocrx_word' id='word_1_186' title='bbox 2313 1127 2403 1196; x_wconf 88' lang='lat' dir='ltr'><strong>qui</strong></span> <span class='ocrx_word' id='word_1_187' title='bbox 2419 1126 2566 1180; x_wconf 66' lang='lat' dir='ltr'><strong>lunae.</strong></span> <span class='ocrx_word' id='word_1_188' title='bbox 2578 1124 2768 1180; x_wconf 87' lang='lat' dir='ltr'><strong>statuit</strong></span> <span class='ocrx_word' id='word_1_189' title='bbox 2783 1124 3004 1178; x_wconf 76' lang='lat' dir='ltr'><strong>modum</strong></span> <span class='ocrx_word' id='word_1_190' title='bbox 3021 1139 3176 1178; x_wconf 80' lang='lat' dir='ltr'><strong>suum</strong></span> <span class='ocrx_word' id='word_1_191' title='bbox 3196 1141 3209 1176; x_wconf 89' lang='lat'>:</span> <span class='ocrx_word' id='word_1_192' title='bbox 3231 1123 3322 1192; x_wconf 88' lang='lat' dir='ltr'><strong>qui</strong></span> <span class='ocrx_word' id='word_1_193' title='bbox 3345 1124 3460 1178; x_wconf 84' lang='lat' dir='ltr'><strong>vias</strong></span> <span class='ocrx_word' id='word_1_194' title='bbox 3469 1124 3739 1188; x_wconf 73' lang='lat' dir='ltr'><strong>cmlestes,</strong></span> 
     </span>
    </p>
   </div>
   <div class='ocr_carea' id='block_1_28' title="bbox 2163 1213 3739 1286">
    <p class='ocr_par' dir='ltr' id='par_1_28' title="bbox 2163 1213 3739 1286">
     <span class='ocr_line' id='line_1_28' title="bbox 2163 1213 3739 1286; baseline -0.003 -14"><span class='ocrx_word' id='word_1_195' title='bbox 2163 1227 2327 1286; x_wconf 86' lang='lat' dir='ltr'><strong>atque</strong></span> <span class='ocrx_word' id='word_1_196' title='bbox 2363 1225 2652 1271; x_wconf 87' lang='lat' dir='ltr'><strong>terrestres</strong></span> <span class='ocrx_word' id='word_1_197' title='bbox 2685 1215 2928 1269; x_wconf 84' lang='lat' dir='ltr'><strong>locorum</strong></span> <span class='ocrx_word' id='word_1_198' title='bbox 2959 1213 3344 1269; x_wconf 79' lang='lat' dir='ltr'><strong>mutationibus</strong></span> <span class='ocrx_word' id='word_1_199' title='bbox 3371 1214 3582 1283; x_wconf 63' lang='lat' dir='ltr'><strong>praebet</strong></span> <span class='ocrx_word' id='word_1_200' title='bbox 3603 1254 3624 1278; x_wconf 92' lang='lat'><strong>,</strong></span> <span class='ocrx_word' id='word_1_201' title='bbox 3651 1215 3739 1284; x_wconf 81' lang='lat' dir='ltr'><strong>qui</strong></span> 
     </span>
    </p>
   </div>
   <div class='ocr_carea' id='block_1_29' title="bbox 2163 1303 3743 1376">
    <p class='ocr_par' dir='ltr' id='par_1_29' title="bbox 2163 1303 3743 1376">
     <span class='ocr_line' id='line_1_29' title="bbox 2163 1303 3743 1376; baseline -0.003 -15"><span class='ocrx_word' id='word_1_202' title='bbox 2163 1307 2414 1362; x_wconf 87' lang='lat' dir='ltr'><strong>humanis</strong></span> <span class='ocrx_word' id='word_1_203' title='bbox 2441 1305 2704 1376; x_wconf 89' lang='lat' dir='ltr'><strong>ingeniis,</strong></span> <span class='ocrx_word' id='word_1_204' title='bbox 2734 1320 2855 1374; x_wconf 75' lang='lat' dir='ltr'><strong>qum</strong></span> <span class='ocrx_word' id='word_1_205' title='bbox 2880 1303 3105 1367; x_wconf 83' lang='lat' dir='ltr'><strong>creavit,</strong></span> <span class='ocrx_word' id='word_1_206' title='bbox 3131 1303 3296 1357; x_wconf 88' lang='lat' dir='ltr'><strong>etiam</strong></span> <span class='ocrx_word' id='word_1_207' title='bbox 3328 1303 3618 1358; x_wconf 84' lang='lat' dir='ltr'><strong>scientiam</strong></span> <span class='ocrx_word' id='word_1_208' title='bbox 3660 1320 3743 1356; x_wconf 62' lang='lat' dir='ltr'><strong>aro</strong></span> 
     </span>
    </p>
   </div>
   <div class='ocr_carea' id='block_1_30' title="bbox 2164 1394 3744 1465">
    <p class='ocr_par' dir='ltr' id='par_1_30' title="bbox 2164 1394 3744 1465">
     <span class='ocr_line' id='line_1_30' title="bbox 2164 1394 3744 1465; baseline -0.003 -12"><span class='ocrx_word' id='word_1_209' title='bbox 2164 1400 2297 1454; x_wconf 90' lang='lat' dir='ltr'><strong>tium</strong></span> <span class='ocrx_word' id='word_1_210' title='bbox 2330 1399 2601 1452; x_wconf 88' lang='lat' dir='ltr'><strong>variarum</strong></span> <span class='ocrx_word' id='word_1_211' title='bbox 2646 1397 2713 1450; x_wconf 89' lang='lat' dir='ltr'><strong>ad</strong></span> <span class='ocrx_word' id='word_1_212' title='bbox 2753 1394 3111 1465; x_wconf 78' lang='lat' dir='ltr'><strong>adiuvandam</strong></span> <span class='ocrx_word' id='word_1_213' title='bbox 3149 1394 3346 1458; x_wconf 88' lang='lat' dir='ltr'><strong>vitam,</strong></span> <span class='ocrx_word' id='word_1_214' title='bbox 3388 1402 3744 1464; x_wconf 83' lang='lat' dir='ltr'><strong>naturamque</strong></span> 
     </span>
    </p>
   </div>
   <div class='ocr_carea' id='block_1_31' title="bbox 2163 1483 3743 1556">
    <p class='ocr_par' dir='ltr' id='par_1_31' title="bbox 2163 1483 3743 1556">
     <span class='ocr_line' id='line_1_31' title="bbox 2163 1483 3743 1556; baseline -0.004 -12"><span class='ocrx_word' id='word_1_215' title='bbox 2163 1488 2432 1544; x_wconf 89' lang='lat' dir='ltr'><strong>concessit</strong></span> <span class='ocrx_word' id='word_1_216' title='bbox 2474 1502 2489 1541; x_wconf 89' lang='lat'><strong>:</strong></span> <span class='ocrx_word' id='word_1_217' title='bbox 2531 1486 2623 1556; x_wconf 92' lang='lat' dir='ltr'><strong>qui</strong></span> <span class='ocrx_word' id='word_1_218' title='bbox 2660 1484 3093 1553; x_wconf 88' lang='lat' dir='ltr'><strong>conjunctionem</strong></span> <span class='ocrx_word' id='word_1_219' title='bbox 3135 1484 3302 1537; x_wconf 85' lang='lat' dir='ltr'><strong>maris</strong></span> <span class='ocrx_word' id='word_1_220' title='bbox 3338 1492 3395 1538; x_wconf 92' lang='lat' dir='ltr'><strong>et</strong></span> <span class='ocrx_word' id='word_1_221' title='bbox 3440 1483 3662 1536; x_wconf 75' lang='lat' dir='ltr'><strong>femina:</strong></span> <span class='ocrx_word' id='word_1_222' title='bbox 3681 1485 3743 1538; x_wconf 86' lang='lat' dir='ltr'><strong>ad</strong></span> 
     </span>
    </p>
   </div>
   <div class='ocr_carea' id='block_1_32' title="bbox 2163 1574 3740 1648">
    <p class='ocr_par' dir='ltr' id='par_1_32' title="bbox 2163 1574 3740 1648">
     <span class='ocr_line' id='line_1_32' title="bbox 2163 1574 3740 1648; baseline -0.004 -15"><span class='ocrx_word' id='word_1_223' title='bbox 2163 1578 2489 1648; x_wconf 77' lang='lat' dir='ltr'><strong>adiutorium</strong></span> <span class='ocrx_word' id='word_1_224' title='bbox 2531 1576 2890 1648; x_wconf 59' lang='lat' dir='ltr'><strong>propaganda:</strong></span> <span class='ocrx_word' id='word_1_225' title='bbox 2916 1575 3084 1643; x_wconf 86' lang='lat' dir='ltr'><strong>prolis</strong></span> <span class='ocrx_word' id='word_1_226' title='bbox 3119 1575 3353 1628; x_wconf 79' lang='lat' dir='ltr'><strong>instituit</strong></span> <span class='ocrx_word' id='word_1_227' title='bbox 3381 1592 3395 1628; x_wconf 89' lang='lat'><strong>:</strong></span> <span class='ocrx_word' id='word_1_228' title='bbox 3430 1575 3526 1644; x_wconf 88' lang='lat' dir='ltr'><strong>qui</strong></span> <span class='ocrx_word' id='word_1_229' title='bbox 3565 1574 3740 1628; x_wconf 90' lang='lat' dir='ltr'><strong>homi-</strong></span> 
     </span>
    </p>
   </div>
   <div class='ocr_carea' id='block_1_33' title="bbox 2165 1663 3738 1736">
    <p class='ocr_par' dir='ltr' id='par_1_33' title="bbox 2165 1663 3738 1736">
     <span class='ocr_line' id='line_1_33' title="bbox 2165 1663 3738 1736; baseline -0.004 -12"><span class='ocrx_word' id='word_1_230' title='bbox 2165 1685 2293 1724; x_wconf 88' lang='lat' dir='ltr'><strong>num</strong></span> <span class='ocrx_word' id='word_1_231' title='bbox 2319 1668 2570 1731; x_wconf 73' lang='lat' dir='ltr'><strong>cmtihus,</strong></span> <span class='ocrx_word' id='word_1_232' title='bbox 2605 1669 2630 1708; x_wconf 75' lang='grc'>⁸</span> <span class='ocrx_word' id='word_1_233' title='bbox 2652 1667 2797 1736; x_wconf 91' lang='lat' dir='ltr'><strong>quod</strong></span> <span class='ocrx_word' id='word_1_234' title='bbox 2821 1664 2977 1728; x_wconf 82' lang='lat' dir='ltr'><strong>focis,</strong></span> <span class='ocrx_word' id='word_1_235' title='bbox 2999 1672 3056 1718; x_wconf 89' lang='lat' dir='ltr'><strong>et</strong></span> <span class='ocrx_word' id='word_1_236' title='bbox 3078 1663 3373 1718; x_wconf 82' lang='lat' dir='ltr'><strong>luminibus</strong></span> <span class='ocrx_word' id='word_1_237' title='bbox 3398 1663 3738 1725; x_wconf 80' lang='lat' dir='ltr'><strong>adhiberent,</strong></span> 
     </span>
    </p>
   </div>
   <div class='ocr_carea' id='block_1_34' title="bbox 486 1753 3742 1832">
    <p class='ocr_par' dir='ltr' id='par_1_34' title="bbox 486 1753 3742 1832">
     <span class='ocr_line' id='line_1_34' title="bbox 486 1753 3742 1832; baseline -0.005 -9"><span class='ocrx_word' id='word_1_238' title='bbox 486 1769 810 1824; x_wconf 86' lang='lat' dir='ltr'><strong>annuntieut</strong></span> <span class='ocrx_word' id='word_1_239' title='bbox 848 1785 861 1820; x_wconf 91' lang='lat'><strong>:</strong></span> <span class='ocrx_word' id='word_1_240' title='bbox 900 1783 1005 1821; x_wconf 91' lang='lat' dir='ltr'><strong>non</strong></span> <span class='ocrx_word' id='word_1_241' title='bbox 1052 1765 1197 1819; x_wconf 90' lang='lat' dir='ltr'><strong>enim</strong></span> <span class='ocrx_word' id='word_1_242' title='bbox 1235 1773 1362 1818; x_wconf 87' lang='lat' dir='ltr'><strong>sunt</strong></span> <span class='ocrx_word' id='word_1_243' title='bbox 1388 1763 1494 1818; x_wconf 88' lang='lat' dir='ltr'><strong>ulla</strong></span> <span class='ocrx_word' id='word_1_244' title='bbox 1521 1780 1644 1832; x_wconf 69' lang='lat' dir='ltr'><strong>qum</strong></span> <span class='ocrx_word' id='word_1_245' title='bbox 1685 1764 1924 1830; x_wconf 87' lang='lat' dir='ltr'><strong>nesciat;</strong></span> <span class='ocrx_word' id='word_1_246' title='bbox 1965 1763 2058 1818; x_wconf 89' lang='lat' dir='ltr'><strong>sed</strong></span> <span class='ocrx_word' id='word_1_247' title='bbox 2088 1764 2134 1823; x_wconf 83' lang='grc' dir='ltr'><strong><em>Β</em></strong></span> <span class='ocrx_word' id='word_1_248' title='bbox 2161 1761 2228 1814; x_wconf 88' lang='lat' dir='ltr'><strong>ad</strong></span> <span class='ocrx_word' id='word_1_249' title='bbox 2251 1759 2535 1814; x_wconf 83' lang='lat' dir='ltr'><strong>facillimos</strong></span> <span class='ocrx_word' id='word_1_250' title='bbox 2557 1771 2690 1812; x_wconf 88' lang='lat' dir='ltr'><strong>usus</strong></span> <span class='ocrx_word' id='word_1_251' title='bbox 2713 1771 2907 1810; x_wconf 91' lang='lat' dir='ltr'><strong>munus</strong></span> <span class='ocrx_word' id='word_1_252' title='bbox 2937 1755 3136 1809; x_wconf 88' lang='lat' dir='ltr'><strong>terreni</strong></span> <span class='ocrx_word' id='word_1_253' title='bbox 3167 1755 3304 1824; x_wconf 88' lang='lat' dir='ltr'><strong>ignis</strong></span> <span class='ocrx_word' id='word_1_254' title='bbox 3329 1753 3578 1808; x_wconf 85' lang='lat' dir='ltr'><strong>indulsit.</strong></span> <span class='ocrx_word' id='word_1_255' title='bbox 3623 1754 3742 1808; x_wconf 73' lang='lat' dir='ltr'><strong>llaec</strong></span> 
     </span>
    </p>
   </div>
   <div class='ocr_carea' id='block_1_35' title="bbox 486 1852 2058 1924">
    <p class='ocr_par' dir='ltr' id='par_1_35' title="bbox 486 1852 2058 1924">
     <span class='ocr_line' id='line_1_35' title="bbox 486 1852 2058 1924; baseline -0.003 -11"><span class='ocrx_word' id='word_1_256' title='bbox 486 1859 685 1914; x_wconf 85' lang='lat' dir='ltr'><strong>bonum</strong></span> <span class='ocrx_word' id='word_1_257' title='bbox 735 1871 922 1911; x_wconf 90' lang='lat' dir='ltr'><strong>eorum</strong></span> <span class='ocrx_word' id='word_1_258' title='bbox 974 1864 1087 1919; x_wconf 88' lang='lat' dir='ltr'><strong>est,</strong></span> <span class='ocrx_word' id='word_1_259' title='bbox 1144 1855 1212 1909; x_wconf 89' lang='lat' dir='ltr'><strong>de</strong></span> <span class='ocrx_word' id='word_1_260' title='bbox 1249 1854 1500 1924; x_wconf 88' lang='lat' dir='ltr'><strong>operibus</strong></span> <span class='ocrx_word' id='word_1_261' title='bbox 1541 1855 1654 1908; x_wconf 87' lang='lat' dir='ltr'><strong>suis</strong></span> <span class='ocrx_word' id='word_1_262' title='bbox 1704 1852 1987 1909; x_wconf 88' lang='lat' dir='ltr'><strong>consulere</strong></span> <span class='ocrx_word' id='word_1_263' title='bbox 2029 1853 2058 1894; x_wconf 75' lang='grc' dir='ltr'><strong>ἀ</strong></span> 
     </span>
    </p>
   </div>
   <div class='ocr_carea' id='block_1_36' title="bbox 487 1942 2062 2012">
    <p class='ocr_par' dir='ltr' id='par_1_36' title="bbox 487 1942 2062 2012">
     <span class='ocr_line' id='line_1_36' title="bbox 487 1942 2062 2012; baseline -0.002 -12"><span class='ocrx_word' id='word_1_264' title='bbox 487 1949 768 2003; x_wconf 84' lang='lat' dir='ltr'><strong>veritatem</strong></span> <span class='ocrx_word' id='word_1_265' title='bbox 793 1964 805 2000; x_wconf 91' lang='lat'>:</span> <span class='ocrx_word' id='word_1_266' title='bbox 831 1955 888 2000; x_wconf 90' lang='lat' dir='ltr'><strong>et</strong></span> <span class='ocrx_word' id='word_1_267' title='bbox 913 1947 1016 1999; x_wconf 91' lang='lat' dir='ltr'><strong>hoc</strong></span> <span class='ocrx_word' id='word_1_268' title='bbox 1035 1952 1117 1998; x_wconf 86' lang='lat' dir='ltr'><strong>est</strong></span> <span class='ocrx_word' id='word_1_269' title='bbox 1139 1944 1282 2012; x_wconf 90' lang='lat' dir='ltr'><strong>quod</strong></span> <span class='ocrx_word' id='word_1_270' title='bbox 1307 1944 1354 1996; x_wconf 79' lang='lat' dir='ltr'><strong>ei</strong></span> <span class='ocrx_word' id='word_1_271' title='bbox 1371 1942 1622 1996; x_wconf 88' lang='lat' dir='ltr'><strong>dicuntur</strong></span> <span class='ocrx_word' id='word_1_272' title='bbox 1644 1943 1899 1996; x_wconf 83' lang='lat' dir='ltr'><strong>nonnulla</strong></span> <span class='ocrx_word' id='word_1_273' title='bbox 1924 1959 2062 1998; x_wconf 84' lang='lat' dir='ltr'><strong>nun-</strong></span> 
     </span>
    </p>
   </div>
   <div class='ocr_carea' id='block_1_37' title="bbox 485 2031 2064 2103">
    <p class='ocr_par' dir='ltr' id='par_1_37' title="bbox 485 2031 2064 2103">
     <span class='ocr_line' id='line_1_37' title="bbox 485 2031 2064 2103; baseline -0.003 -12"><span class='ocrx_word' id='word_1_274' title='bbox 485 2037 646 2099; x_wconf 85' lang='lat' dir='ltr'><strong>tiare,</strong></span> <span class='ocrx_word' id='word_1_275' title='bbox 665 2051 770 2090; x_wconf 88' lang='lat' dir='ltr'><strong>non</strong></span> <span class='ocrx_word' id='word_1_276' title='bbox 796 2042 854 2088; x_wconf 92' lang='lat' dir='ltr'><strong>ut</strong></span> <span class='ocrx_word' id='word_1_277' title='bbox 881 2034 996 2103; x_wconf 89' lang='lat' dir='ltr'><strong>ipse</strong></span> <span class='ocrx_word' id='word_1_278' title='bbox 1021 2035 1088 2086; x_wconf 88' lang='lat' dir='ltr'><strong>ab</strong></span> <span class='ocrx_word' id='word_1_279' title='bbox 1105 2033 1185 2086; x_wconf 84' lang='lat' dir='ltr'><strong>eis</strong></span> <span class='ocrx_word' id='word_1_280' title='bbox 1210 2032 1402 2093; x_wconf 86' lang='lat' dir='ltr'><strong>discat,</strong></span> <span class='ocrx_word' id='word_1_281' title='bbox 1430 2031 1522 2085; x_wconf 87' lang='lat' dir='ltr'><strong>sed</strong></span> <span class='ocrx_word' id='word_1_282' title='bbox 1556 2041 1614 2084; x_wconf 91' lang='lat' dir='ltr'><strong>ut</strong></span> <span class='ocrx_word' id='word_1_283' title='bbox 1638 2031 1706 2084; x_wconf 88' lang='lat' dir='ltr'><strong>ab</strong></span> <span class='ocrx_word' id='word_1_284' title='bbox 1730 2031 1819 2084; x_wconf 91' lang='lat' dir='ltr'><strong>illo</strong></span> <span class='ocrx_word' id='word_1_285' title='bbox 1842 2031 1940 2100; x_wconf 87' lang='lat' dir='ltr'><strong>ipsi</strong></span> <span class='ocrx_word' id='word_1_286' title='bbox 1966 2046 2064 2100; x_wconf 89' lang='lat' dir='ltr'><strong>per</strong></span> 
     </span>
    </p>
   </div>
   <div class='ocr_carea' id='block_1_38' title="bbox 489 2121 2061 2194">
    <p class='ocr_par' dir='ltr' id='par_1_38' title="bbox 489 2121 2061 2194">
     <span class='ocr_line' id='line_1_38' title="bbox 489 2121 2061 2194; baseline -0.002 -16"><span class='ocrx_word' id='word_1_287' title='bbox 489 2127 711 2180; x_wconf 89' lang='lat' dir='ltr'><strong>verbum</strong></span> <span class='ocrx_word' id='word_1_288' title='bbox 763 2125 879 2194; x_wconf 88' lang='lat' dir='ltr'><strong>ejus</strong></span> <span class='ocrx_word' id='word_1_289' title='bbox 921 2123 1038 2177; x_wconf 89' lang='lat' dir='ltr'><strong>sine</strong></span> <span class='ocrx_word' id='word_1_290' title='bbox 1093 2121 1356 2190; x_wconf 83' lang='lat' dir='ltr'><strong>corporali</strong></span> <span class='ocrx_word' id='word_1_291' title='bbox 1405 2136 1537 2174; x_wconf 88' lang='lat' dir='ltr'><strong>sono</strong></span> <span class='ocrx_word' id='word_1_292' title='bbox 1593 2122 1845 2175; x_wconf 86' lang='lat' dir='ltr'><strong>nuntient</strong></span> <span class='ocrx_word' id='word_1_293' title='bbox 1896 2121 2061 2176; x_wconf 90' lang='lat' dir='ltr'><strong>etiam</strong></span> 
     </span>
    </p>
   </div>
   <div class='ocr_carea' id='block_1_39' title="bbox 483 2208 2063 2285">
    <p class='ocr_par' dir='ltr' id='par_1_39' title="bbox 483 2208 2063 2285">
     <span class='ocr_line' id='line_1_39' title="bbox 483 2208 2063 2285; baseline -0.003 -17"><span class='ocrx_word' id='word_1_294' title='bbox 483 2215 631 2285; x_wconf 84' lang='lat' dir='ltr'><strong>quod</strong></span> <span class='ocrx_word' id='word_1_295' title='bbox 653 2213 883 2267; x_wconf 89' lang='lat' dir='ltr'><strong>voluerit</strong></span> <span class='ocrx_word' id='word_1_296' title='bbox 903 2213 970 2266; x_wconf 89' lang='lat' dir='ltr'><strong>ab</strong></span> <span class='ocrx_word' id='word_1_297' title='bbox 995 2225 1060 2265; x_wconf 89' lang='lat' dir='ltr'><strong>eo</strong></span> <span class='ocrx_word' id='word_1_298' title='bbox 1090 2211 1239 2265; x_wconf 89' lang='lat' dir='ltr'><strong>missi</strong></span> <span class='ocrx_word' id='word_1_299' title='bbox 1269 2211 1336 2264; x_wconf 90' lang='lat' dir='ltr'><strong>ad</strong></span> <span class='ocrx_word' id='word_1_300' title='bbox 1363 2225 1500 2278; x_wconf 90' lang='lat' dir='ltr'><strong>quos</strong></span> <span class='ocrx_word' id='word_1_301' title='bbox 1529 2208 1778 2272; x_wconf 86' lang='lat' dir='ltr'><strong>voluerit,</strong></span> <span class='ocrx_word' id='word_1_302' title='bbox 1795 2218 1964 2264; x_wconf 87' lang='lat' dir='ltr'><strong>totum</strong></span> <span class='ocrx_word' id='word_1_303' title='bbox 1995 2211 2063 2264; x_wconf 89' lang='lat' dir='ltr'><strong>ab</strong></span> 
     </span>
    </p>
   </div>
   <div class='ocr_carea' id='block_1_40' title="bbox 489 2299 2063 2374">
    <p class='ocr_par' dir='ltr' id='par_1_40' title="bbox 489 2299 2063 2374">
     <span class='ocr_line' id='line_1_40' title="bbox 489 2299 2063 2374; baseline -0.004 -13"><span class='ocrx_word' id='word_1_304' title='bbox 489 2306 600 2368; x_wconf 84' lang='lat' dir='ltr'><strong>illo,</strong></span> <span class='ocrx_word' id='word_1_305' title='bbox 631 2320 729 2374; x_wconf 92' lang='lat' dir='ltr'><strong>per</strong></span> <span class='ocrx_word' id='word_1_306' title='bbox 765 2303 889 2357; x_wconf 88' lang='lat' dir='ltr'><strong>illud</strong></span> <span class='ocrx_word' id='word_1_307' title='bbox 925 2302 1148 2356; x_wconf 87' lang='lat' dir='ltr'><strong>verbum</strong></span> <span class='ocrx_word' id='word_1_308' title='bbox 1185 2299 1301 2368; x_wconf 89' lang='lat' dir='ltr'><strong>ejus</strong></span> <span class='ocrx_word' id='word_1_309' title='bbox 1339 2299 1639 2364; x_wconf 87' lang='lat' dir='ltr'><strong>audientes,</strong></span> <span class='ocrx_word' id='word_1_310' title='bbox 1671 2300 1721 2353; x_wconf 89' lang='lat' dir='ltr'><strong>id</strong></span> <span class='ocrx_word' id='word_1_311' title='bbox 1752 2301 1915 2354; x_wconf 90' lang='lat' dir='ltr'><strong>estin</strong></span> <span class='ocrx_word' id='word_1_312' title='bbox 1944 2300 2063 2370; x_wconf 87' lang='lat' dir='ltr'><strong>ejus</strong></span> 
     </span>
    </p>
   </div>
   <div class='ocr_carea' id='block_1_41' title="bbox 484 2390 2065 2461">
    <p class='ocr_par' dir='ltr' id='par_1_41' title="bbox 484 2390 2065 2461">
     <span class='ocr_line' id='line_1_41' title="bbox 484 2390 2065 2461; baseline -0.004 -10"><span class='ocrx_word' id='word_1_313' title='bbox 484 2397 713 2451; x_wconf 76' lang='lat' dir='ltr'><strong>veritate</strong></span> <span class='ocrx_word' id='word_1_314' title='bbox 743 2393 1078 2449; x_wconf 86' lang='lat' dir='ltr'><strong>invenientes</strong></span> <span class='ocrx_word' id='word_1_315' title='bbox 1107 2390 1232 2460; x_wconf 89' lang='lat' dir='ltr'><strong>quid</strong></span> <span class='ocrx_word' id='word_1_316' title='bbox 1263 2391 1366 2444; x_wconf 91' lang='lat' dir='ltr'><strong>sibi</strong></span> <span class='ocrx_word' id='word_1_317' title='bbox 1403 2390 1729 2455; x_wconf 78' lang='lat' dir='ltr'><strong>faciendum,</strong></span> <span class='ocrx_word' id='word_1_318' title='bbox 1754 2392 1904 2460; x_wconf 91' lang='lat' dir='ltr'><strong>quid,</strong></span> <span class='ocrx_word' id='word_1_319' title='bbox 1944 2391 2065 2461; x_wconf 89' lang='lat' dir='ltr'><strong>qui-</strong></span> 
     </span>
    </p>
   </div>
   <div class='ocr_carea' id='block_1_42' title="bbox 485 2482 2062 2556">
    <p class='ocr_par' dir='ltr' id='par_1_42' title="bbox 485 2482 2062 2556">
     <span class='ocr_line' id='line_1_42' title="bbox 485 2482 2062 2556; baseline -0.001 -15"><span class='ocrx_word' id='word_1_320' title='bbox 485 2487 607 2551; x_wconf 87' lang='lat' dir='ltr'><strong>bus,</strong></span> <span class='ocrx_word' id='word_1_321' title='bbox 651 2487 866 2556; x_wconf 85' lang='lat' dir='ltr'><strong>quando</strong></span> <span class='ocrx_word' id='word_1_322' title='bbox 917 2485 1220 2538; x_wconf 89' lang='lat' dir='ltr'><strong>nuntiatum</strong></span> <span class='ocrx_word' id='word_1_323' title='bbox 1274 2483 1362 2536; x_wconf 85' lang='lat' dir='ltr'><strong>sit.</strong></span> <span class='ocrx_word' id='word_1_324' title='bbox 1409 2482 1542 2536; x_wconf 87' lang='lat' dir='ltr'><strong>Nam</strong></span> <span class='ocrx_word' id='word_1_325' title='bbox 1594 2491 1649 2537; x_wconf 93' lang='lat' dir='ltr'><strong>et</strong></span> <span class='ocrx_word' id='word_1_326' title='bbox 1696 2499 1793 2538; x_wconf 90' lang='lat' dir='ltr'><strong>nos</strong></span> <span class='ocrx_word' id='word_1_327' title='bbox 1841 2499 2062 2540; x_wconf 90' lang='lat' dir='ltr'><strong>oramus</strong></span> 
     </span>
    </p>
   </div>
   <div class='ocr_carea' id='block_1_43' title="bbox 483 2575 2062 2641">
    <p class='ocr_par' dir='ltr' id='par_1_43' title="bbox 483 2575 2062 2641">
     <span class='ocr_line' id='line_1_43' title="bbox 483 2575 2062 2641; baseline -0.003 -8"><span class='ocrx_word' id='word_1_328' title='bbox 483 2593 610 2633; x_wconf 88' lang='lat' dir='ltr'><strong>eum</strong></span> <span class='ocrx_word' id='word_1_329' title='bbox 633 2617 649 2641; x_wconf 91' lang='lat'><strong>,</strong></span> <span class='ocrx_word' id='word_1_330' title='bbox 681 2593 780 2632; x_wconf 85' lang='lat' dir='ltr'><strong>nec</strong></span> <span class='ocrx_word' id='word_1_331' title='bbox 810 2585 990 2630; x_wconf 89' lang='lat' dir='ltr'><strong>tamen</strong></span> <span class='ocrx_word' id='word_1_332' title='bbox 1022 2575 1378 2630; x_wconf 88' lang='lat' dir='ltr'><strong>necessitates</strong></span> <span class='ocrx_word' id='word_1_333' title='bbox 1407 2584 1619 2630; x_wconf 87' lang='lat' dir='ltr'><strong>nostras</strong></span> <span class='ocrx_word' id='word_1_334' title='bbox 1644 2579 1899 2630; x_wconf 86' lang='lat' dir='ltr'><strong>docemus</strong></span> <span class='ocrx_word' id='word_1_335' title='bbox 1938 2591 2062 2631; x_wconf 89' lang='lat' dir='ltr'><strong>eum</strong></span> 
     </span>
    </p>
   </div>
   <div class='ocr_carea' id='block_1_44' title="bbox 491 2649 2060 2737">
    <p class='ocr_par' dir='ltr' id='par_1_44' title="bbox 491 2649 2060 2737">
     <span class='ocr_line' id='line_1_44' title="bbox 491 2649 2060 2737; baseline -0.003 -16"><span class='ocrx_word' id='word_1_336' title='bbox 491 2666 650 2722; x_wconf 76' lang='lat' dir='ltr'><strong>Novit</strong></span> <span class='ocrx_word' id='word_1_337' title='bbox 689 2667 826 2720; x_wconf 73' lang='lat' dir='ltr'><strong>enim</strong></span> <span class='ocrx_word' id='word_1_338' title='bbox 873 2664 971 2737; x_wconf 87' lang='lat' dir='ltr'><strong>(ait</strong></span> <span class='ocrx_word' id='word_1_339' title='bbox 997 2664 1230 2719; x_wconf 79' lang='lat' dir='ltr'><strong>Verbum</strong></span> <span class='ocrx_word' id='word_1_340' title='bbox 1273 2665 1391 2734; x_wconf 83' lang='lat' dir='ltr'><strong>ejus</strong></span> <span class='ocrx_word' id='word_1_341' title='bbox 1429 2649 1647 2737; x_wconf 62' lang='lat' dir='ltr'><strong>IMauh.</strong></span> <span class='ocrx_word' id='word_1_342' title='bbox 1685 2664 1737 2730; x_wconf 89' lang='lat'><strong>6,</strong></span> <span class='ocrx_word' id='word_1_343' title='bbox 1777 2665 1832 2730; x_wconf 90' lang='lat'><strong>8,</strong></span> <span class='ocrx_word' id='word_1_344' title='bbox 1869 2675 1917 2719; x_wconf 79' lang='lat' dir='ltr'><strong>et</strong></span> <span class='ocrx_word' id='word_1_345' title='bbox 1945 2663 2060 2737; x_wconf 54' lang='grc' dir='ltr'>δί]</span> 
     </span>
    </p>
   </div>
   <div class='ocr_carea' id='block_1_45' title="bbox 482 2759 2065 2829">
    <p class='ocr_par' dir='ltr' id='par_1_45' title="bbox 482 2759 2065 2829">
     <span class='ocr_line' id='line_1_45' title="bbox 482 2759 2065 2829; baseline -0.001 -17"><span class='ocrx_word' id='word_1_346' title='bbox 482 2768 636 2829; x_wconf 74' lang='lat' dir='ltr'><strong>pater</strong></span> <span class='ocrx_word' id='word_1_347' title='bbox 655 2769 839 2823; x_wconf 66' lang='lat' dir='ltr'><strong>uesta,</strong></span> <span class='ocrx_word' id='word_1_348' title='bbox 861 2759 987 2829; x_wconf 78' lang='lat' dir='ltr'><strong>quid</strong></span> <span class='ocrx_word' id='word_1_349' title='bbox 1010 2759 1153 2812; x_wconf 77' lang='lat' dir='ltr'><strong>vobis</strong></span> <span class='ocrx_word' id='word_1_350' title='bbox 1184 2774 1530 2812; x_wconf 76' lang='lat' dir='ltr'><strong>necessarium</strong></span> <span class='ocrx_word' id='word_1_351' title='bbox 1553 2759 1620 2811; x_wconf 81' lang='lat' dir='ltr'><strong>sit</strong></span> <span class='ocrx_word' id='word_1_352' title='bbox 1645 2759 1950 2829; x_wconf 74' lang='lat' dir='ltr'><strong>priusquam</strong></span> <span class='ocrx_word' id='word_1_353' title='bbox 1977 2775 2065 2826; x_wconf 82' lang='lat' dir='ltr'><strong>pe-</strong></span> 
     </span>
    </p>
   </div>
   <div class='ocr_carea' id='block_1_46' title="bbox 484 2846 2066 2916">
    <p class='ocr_par' dir='ltr' id='par_1_46' title="bbox 484 2846 2066 2916">
     <span class='ocr_line' id='line_1_46' title="bbox 484 2846 2066 2916; baseline -0.001 -15"><span class='ocrx_word' id='word_1_354' title='bbox 484 2849 614 2901; x_wconf 75' lang='lat' dir='ltr'><strong>tatis</strong></span> <span class='ocrx_word' id='word_1_355' title='bbox 648 2848 714 2901; x_wconf 74' lang='lat' dir='ltr'><strong>ab</strong></span> <span class='ocrx_word' id='word_1_356' title='bbox 753 2863 813 2901; x_wconf 79' lang='lat' dir='ltr'><strong>eo</strong></span> <span class='ocrx_word' id='word_1_357' title='bbox 845 2863 862 2900; x_wconf 90' lang='lat'><strong><em>:</em></strong></span> <span class='ocrx_word' id='word_1_358' title='bbox 896 2862 996 2901; x_wconf 91' lang='lat' dir='ltr'><strong>nec</strong></span> <span class='ocrx_word' id='word_1_359' title='bbox 1024 2848 1126 2902; x_wconf 89' lang='lat' dir='ltr'><strong>ista</strong></span> <span class='ocrx_word' id='word_1_360' title='bbox 1155 2863 1222 2902; x_wconf 78' lang='lat' dir='ltr'><strong>ex</strong></span> <span class='ocrx_word' id='word_1_361' title='bbox 1249 2846 1430 2916; x_wconf 87' lang='lat' dir='ltr'><strong>aliquo</strong></span> <span class='ocrx_word' id='word_1_362' title='bbox 1455 2856 1694 2914; x_wconf 86' lang='lat' dir='ltr'><strong>tempore</strong></span> <span class='ocrx_word' id='word_1_363' title='bbox 1713 2846 1987 2915; x_wconf 80' lang='lat' dir='ltr'><strong>cognovit,</strong></span> <span class='ocrx_word' id='word_1_364' title='bbox 2006 2854 2066 2899; x_wconf 90' lang='lat' dir='ltr'><strong>ut</strong></span> 
     </span>
    </p>
   </div>
   <div class='ocr_carea' id='block_1_47' title="bbox 488 2934 2065 3004">
    <p class='ocr_par' dir='ltr' id='par_1_47' title="bbox 488 2934 2065 3004">
     <span class='ocr_line' id='line_1_47' title="bbox 488 2934 2065 3004; baseline -0.001 -13"><span class='ocrx_word' id='word_1_365' title='bbox 488 2944 699 2999; x_wconf 87' lang='lat' dir='ltr'><strong>nosset,</strong></span> <span class='ocrx_word' id='word_1_366' title='bbox 737 2936 830 2991; x_wconf 89' lang='lat' dir='ltr'><strong>sed</strong></span> <span class='ocrx_word' id='word_1_367' title='bbox 871 2934 1046 2990; x_wconf 78' lang='lat' dir='ltr'><strong>futura</strong></span> <span class='ocrx_word' id='word_1_368' title='bbox 1088 2936 1268 2990; x_wconf 87' lang='lat' dir='ltr'><strong>omnia</strong></span> <span class='ocrx_word' id='word_1_369' title='bbox 1313 2935 1656 3004; x_wconf 77' lang='lat' dir='ltr'><strong>temporalia,</strong></span> <span class='ocrx_word' id='word_1_370' title='bbox 1700 2936 1946 3004; x_wconf 89' lang='lat' dir='ltr'><strong>atquein</strong></span> <span class='ocrx_word' id='word_1_371' title='bbox 1984 2935 2065 2990; x_wconf 88' lang='lat' dir='ltr'><strong>eis</strong></span> 
     </span>
    </p>
   </div>
   <div class='ocr_carea' id='block_1_48' title="bbox 482 3025 2064 3096">
    <p class='ocr_par' dir='ltr' id='par_1_48' title="bbox 482 3025 2064 3096">
     <span class='ocr_line' id='line_1_48' title="bbox 482 3025 2064 3096; baseline -0.003 -14"><span class='ocrx_word' id='word_1_372' title='bbox 482 3029 650 3082; x_wconf 82' lang='lat' dir='ltr'><strong>etiam</strong></span> <span class='ocrx_word' id='word_1_373' title='bbox 679 3027 836 3096; x_wconf 70' lang='lat' dir='ltr'><strong>quid,</strong></span> <span class='ocrx_word' id='word_1_374' title='bbox 875 3034 932 3080; x_wconf 90' lang='lat' dir='ltr'><strong>et</strong></span> <span class='ocrx_word' id='word_1_375' title='bbox 960 3026 1176 3092; x_wconf 88' lang='lat' dir='ltr'><strong>quando</strong></span> <span class='ocrx_word' id='word_1_376' title='bbox 1213 3027 1280 3080; x_wconf 87' lang='lat' dir='ltr'><strong>ab</strong></span> <span class='ocrx_word' id='word_1_377' title='bbox 1309 3026 1399 3080; x_wconf 90' lang='lat' dir='ltr'><strong>illo</strong></span> <span class='ocrx_word' id='word_1_378' title='bbox 1426 3026 1642 3095; x_wconf 88' lang='lat' dir='ltr'><strong>petituri</strong></span> <span class='ocrx_word' id='word_1_379' title='bbox 1669 3025 1941 3080; x_wconf 81' lang='lat' dir='ltr'><strong>fueramus</strong></span> <span class='ocrx_word' id='word_1_380' title='bbox 1959 3065 1975 3087; x_wconf 91' lang='lat'><strong>,</strong></span> <span class='ocrx_word' id='word_1_381' title='bbox 2010 3033 2064 3078; x_wconf 92' lang='lat' dir='ltr'><strong>et</strong></span> 
     </span>
    </p>
   </div>
   <div class='ocr_carea' id='block_1_49' title="bbox 485 3089 2134 3188">
    <p class='ocr_par' dir='ltr' id='par_1_49' title="bbox 485 3089 2134 3188">
     <span class='ocr_line' id='line_1_49' title="bbox 485 3089 2134 3188; baseline -0.002 -17"><span class='ocrx_word' id='word_1_382' title='bbox 485 3134 656 3188; x_wconf 89' lang='lat' dir='ltr'><strong>quos,</strong></span> <span class='ocrx_word' id='word_1_383' title='bbox 695 3089 752 3171; x_wconf 73' lang='lat' dir='ltr'><strong>et</strong></span> <span class='ocrx_word' id='word_1_384' title='bbox 886 3089 1081 3186; x_wconf 85' lang='lat' dir='ltr'><strong>quibus</strong></span> <span class='ocrx_word' id='word_1_385' title='bbox 1109 3118 1270 3172; x_wconf 87' lang='lat' dir='ltr'><strong>rebus</strong></span> <span class='ocrx_word' id='word_1_386' title='bbox 1313 3116 1395 3171; x_wconf 88' lang='lat' dir='ltr'><strong>vel</strong></span> <span class='ocrx_word' id='word_1_387' title='bbox 1426 3089 1810 3180; x_wconf 79' lang='lat' dir='ltr'><strong>exauditurus,</strong></span> <span class='ocrx_word' id='word_1_388' title='bbox 1839 3115 1922 3169; x_wconf 89' lang='lat' dir='ltr'><strong>vel</strong></span> <span class='ocrx_word' id='word_1_389' title='bbox 1951 3130 2056 3169; x_wconf 86' lang='lat' dir='ltr'><strong>non</strong></span> <span class='ocrx_word' id='word_1_390' title='bbox 2090 3089 2134 3150; x_wconf 53' lang='grc' dir='ltr'><strong>(δ</strong></span> 
     </span>
    </p>
   </div>
   <div class='ocr_carea' id='block_1_50' title="bbox 487 3205 2062 3276">
    <p class='ocr_par' dir='ltr' id='par_1_50' title="bbox 487 3205 2062 3276">
     <span class='ocr_line' id='line_1_50' title="bbox 487 3205 2062 3276; baseline -0.003 -14"><span class='ocrx_word' id='word_1_391' title='bbox 487 3209 839 3262; x_wconf 80' lang='lat' dir='ltr'><strong>enuditurus</strong></span> <span class='ocrx_word' id='word_1_392' title='bbox 863 3216 1026 3270; x_wconf 88' lang='lat' dir='ltr'><strong>esset,</strong></span> <span class='ocrx_word' id='word_1_393' title='bbox 1056 3207 1172 3260; x_wconf 91' lang='lat' dir='ltr'><strong>sine</strong></span> <span class='ocrx_word' id='word_1_394' title='bbox 1199 3207 1349 3260; x_wconf 89' lang='lat' dir='ltr'><strong>initio</strong></span> <span class='ocrx_word' id='word_1_395' title='bbox 1379 3214 1504 3260; x_wconf 89' lang='lat' dir='ltr'><strong>ante</strong></span> <span class='ocrx_word' id='word_1_396' title='bbox 1530 3205 1819 3276; x_wconf 74' lang='lat' dir='ltr'><strong>pnescivit.</strong></span> <span class='ocrx_word' id='word_1_397' title='bbox 1883 3217 1906 3245; x_wconf 80' lang='grc' dir='ltr'><strong><em>ο</em></strong></span> <span class='ocrx_word' id='word_1_398' title='bbox 1932 3205 2062 3260; x_wconf 89' lang='lat' dir='ltr'><strong>Uni-</strong></span> 
     </span>
    </p>
   </div>
   <div class='ocr_carea' id='block_1_51' title="bbox 471 3297 2062 3364">
    <p class='ocr_par' dir='ltr' id='par_1_51' title="bbox 471 3297 2062 3364">
     <span class='ocr_line' id='line_1_51' title="bbox 471 3297 2062 3364; baseline -0.001 -13"><span class='ocrx_word' id='word_1_399' title='bbox 471 3313 676 3352; x_wconf 23' lang='lat' dir='ltr'><strong>,versas</strong></span> <span class='ocrx_word' id='word_1_400' title='bbox 701 3306 880 3351; x_wconf 85' lang='lat' dir='ltr'><strong>autem</strong></span> <span class='ocrx_word' id='word_1_401' title='bbox 905 3305 1182 3350; x_wconf 88' lang='lat' dir='ltr'><strong>creaturas</strong></span> <span class='ocrx_word' id='word_1_402' title='bbox 1212 3312 1369 3360; x_wconf 87' lang='lat' dir='ltr'><strong>suas,</strong></span> <span class='ocrx_word' id='word_1_403' title='bbox 1400 3305 1457 3350; x_wconf 87' lang='lat' dir='ltr'><strong>et</strong></span> <span class='ocrx_word' id='word_1_404' title='bbox 1483 3297 1823 3364; x_wconf 86' lang='lat' dir='ltr'><strong>spirituales,</strong></span> <span class='ocrx_word' id='word_1_405' title='bbox 1853 3305 1906 3350; x_wconf 92' lang='lat' dir='ltr'><strong>et</strong></span> <span class='ocrx_word' id='word_1_406' title='bbox 1937 3313 2062 3352; x_wconf 90' lang='lat' dir='ltr'><strong>cor-</strong></span> 
     </span>
    </p>
   </div>
   <div class='ocr_carea' id='block_1_52' title="bbox 489 3385 2062 3458">
    <p class='ocr_par' dir='ltr' id='par_1_52' title="bbox 489 3385 2062 3458">
     <span class='ocr_line' id='line_1_52' title="bbox 489 3385 2062 3458; baseline 0.003 -18"><span class='ocrx_word' id='word_1_407' title='bbox 489 3388 706 3458; x_wconf 87' lang='lat' dir='ltr'><strong>porales</strong></span> <span class='ocrx_word' id='word_1_408' title='bbox 733 3385 838 3440; x_wconf 80' lang='lat' dir='ltr'><strong>non</strong></span> <span class='ocrx_word' id='word_1_409' title='bbox 883 3387 1009 3454; x_wconf 82' lang='lat' dir='ltr'><strong>quia</strong></span> <span class='ocrx_word' id='word_1_410' title='bbox 1055 3397 1200 3452; x_wconf 81' lang='lat' dir='ltr'><strong>sunt,</strong></span> <span class='ocrx_word' id='word_1_411' title='bbox 1251 3388 1370 3441; x_wconf 88' lang='lat' dir='ltr'><strong>ideo</strong></span> <span class='ocrx_word' id='word_1_412' title='bbox 1419 3389 1588 3452; x_wconf 89' lang='lat' dir='ltr'><strong>novit,</strong></span> <span class='ocrx_word' id='word_1_413' title='bbox 1633 3388 1726 3442; x_wconf 89' lang='lat' dir='ltr'><strong>sed</strong></span> <span class='ocrx_word' id='word_1_414' title='bbox 1779 3389 1900 3444; x_wconf 90' lang='lat' dir='ltr'><strong>ideo</strong></span> <span class='ocrx_word' id='word_1_415' title='bbox 1936 3399 2062 3444; x_wconf 89' lang='lat' dir='ltr'><strong>sunt</strong></span> 
     </span>
    </p>
   </div>
   <div class='ocr_carea' id='block_1_53' title="bbox 441 3459 2064 3546">
    <p class='ocr_par' dir='ltr' id='par_1_53' title="bbox 441 3459 2064 3546">
     <span class='ocr_line' id='line_1_53' title="bbox 441 3459 2064 3546; baseline 0 -16"><span class='ocrx_word' id='word_1_416' title='bbox 441 3459 454 3474; x_wconf 77' lang='grc'><em>’</em></span> <span class='ocrx_word' id='word_1_417' title='bbox 490 3477 615 3546; x_wconf 86' lang='lat' dir='ltr'><strong>quia</strong></span> <span class='ocrx_word' id='word_1_418' title='bbox 645 3475 813 3541; x_wconf 89' lang='lat' dir='ltr'><strong>novit,</strong></span> <span class='ocrx_word' id='word_1_419' title='bbox 843 3490 946 3528; x_wconf 88' lang='lat' dir='ltr'><strong>non</strong></span> <span class='ocrx_word' id='word_1_420' title='bbox 968 3477 1113 3530; x_wconf 88' lang='lat' dir='ltr'><strong>enim</strong></span> <span class='ocrx_word' id='word_1_421' title='bbox 1155 3475 1401 3540; x_wconf 85' lang='lat' dir='ltr'><strong>nescivit,</strong></span> <span class='ocrx_word' id='word_1_422' title='bbox 1432 3491 1568 3544; x_wconf 91' lang='lat' dir='ltr'><strong>quas</strong></span> <span class='ocrx_word' id='word_1_423' title='bbox 1594 3475 1814 3539; x_wconf 81' lang='lat' dir='ltr'><strong>fecerat,</strong></span> <span class='ocrx_word' id='word_1_424' title='bbox 1847 3486 2064 3531; x_wconf 90' lang='lat' dir='ltr'><strong>creatu-</strong></span> 
     </span>
    </p>
   </div>
   <div class='ocr_carea' id='block_1_54' title="bbox 491 3565 2060 3635">
    <p class='ocr_par' dir='ltr' id='par_1_54' title="bbox 491 3565 2060 3635">
     <span class='ocr_line' id='line_1_54' title="bbox 491 3565 2060 3635; baseline -0.001 -13"><span class='ocrx_word' id='word_1_425' title='bbox 491 3582 602 3622; x_wconf 83' lang='lat' dir='ltr'><strong>rus.</strong></span> <span class='ocrx_word' id='word_1_426' title='bbox 643 3566 778 3632; x_wconf 83' lang='lat' dir='ltr'><strong>Quia</strong></span> <span class='ocrx_word' id='word_1_427' title='bbox 811 3565 1000 3628; x_wconf 83' lang='lat' dir='ltr'><strong>scivit,</strong></span> <span class='ocrx_word' id='word_1_428' title='bbox 1045 3566 1266 3627; x_wconf 86' lang='lat' dir='ltr'><strong>creavit,</strong></span> <span class='ocrx_word' id='word_1_429' title='bbox 1299 3580 1404 3618; x_wconf 92' lang='lat' dir='ltr'><strong>non</strong></span> <span class='ocrx_word' id='word_1_430' title='bbox 1445 3566 1570 3635; x_wconf 88' lang='lat' dir='ltr'><strong>quia</strong></span> <span class='ocrx_word' id='word_1_431' title='bbox 1592 3567 1826 3630; x_wconf 85' lang='lat' dir='ltr'><strong>creavit,</strong></span> <span class='ocrx_word' id='word_1_432' title='bbox 1856 3567 2017 3622; x_wconf 89' lang='lat' dir='ltr'><strong>scivit</strong></span> <span class='ocrx_word' id='word_1_433' title='bbox 2048 3585 2060 3620; x_wconf 90' lang='lat'><strong>:</strong></span> 
     </span>
    </p>
   </div>
   <div class='ocr_carea' id='block_1_55' title="bbox 486 3659 2066 3728">
    <p class='ocr_par' dir='ltr' id='par_1_55' title="bbox 486 3659 2066 3728">
     <span class='ocr_line' id='line_1_55' title="bbox 486 3659 2066 3728; baseline 0.001 -14"><span class='ocrx_word' id='word_1_434' title='bbox 486 3674 590 3714; x_wconf 86' lang='lat' dir='ltr'><strong>nec</strong></span> <span class='ocrx_word' id='word_1_435' title='bbox 616 3659 772 3713; x_wconf 83' lang='lat' dir='ltr'><strong>aliter</strong></span> <span class='ocrx_word' id='word_1_436' title='bbox 809 3674 874 3714; x_wconf 91' lang='lat' dir='ltr'><strong>ea</strong></span> <span class='ocrx_word' id='word_1_437' title='bbox 922 3659 1080 3713; x_wconf 87' lang='lat' dir='ltr'><strong>scivit</strong></span> <span class='ocrx_word' id='word_1_438' title='bbox 1103 3668 1315 3723; x_wconf 84' lang='lat' dir='ltr'><strong>creata,</strong></span> <span class='ocrx_word' id='word_1_439' title='bbox 1349 3674 1510 3728; x_wconf 86' lang='lat' dir='ltr'><strong>quam</strong></span> <span class='ocrx_word' id='word_1_440' title='bbox 1546 3661 1781 3715; x_wconf 87' lang='lat' dir='ltr'><strong>creanda</strong></span> <span class='ocrx_word' id='word_1_441' title='bbox 1809 3660 1828 3698; x_wconf 74' lang='grc' dir='ltr'><strong><em>ΐ</em></strong></span> <span class='ocrx_word' id='word_1_442' title='bbox 1869 3679 1882 3714; x_wconf 88' lang='lat'><strong>:</strong></span> <span class='ocrx_word' id='word_1_443' title='bbox 1921 3662 2066 3716; x_wconf 87' lang='lat' dir='ltr'><strong>hunc</strong></span> 
     </span>
    </p>
   </div>
   <div class='ocr_carea' id='block_1_56' title="bbox 486 3748 2061 3822">
    <p class='ocr_par' dir='ltr' id='par_1_56' title="bbox 486 3748 2061 3822">
     <span class='ocr_line' id='line_1_56' title="bbox 486 3748 2061 3822; baseline -0.001 -18"><span class='ocrx_word' id='word_1_444' title='bbox 486 3751 633 3804; x_wconf 81' lang='lat' dir='ltr'><strong>enim</strong></span> <span class='ocrx_word' id='word_1_445' title='bbox 664 3749 832 3803; x_wconf 86' lang='lat' dir='ltr'><strong>Deum</strong></span> <span class='ocrx_word' id='word_1_446' title='bbox 868 3748 1094 3803; x_wconf 83' lang='lat' dir='ltr'><strong>colimus</strong></span> <span class='ocrx_word' id='word_1_447' title='bbox 1121 3748 1369 3820; x_wconf 85' lang='lat' dir='ltr'><strong>(docente</strong></span> <span class='ocrx_word' id='word_1_448' title='bbox 1405 3762 1502 3803; x_wconf 89' lang='lat' dir='ltr'><strong>nos</strong></span> <span class='ocrx_word' id='word_1_449' title='bbox 1533 3748 1814 3818; x_wconf 86' lang='lat' dir='ltr'><strong>Scriptura</strong></span> <span class='ocrx_word' id='word_1_450' title='bbox 1859 3749 2061 3822; x_wconf 87' lang='lat' dir='ltr'><strong>divina)</strong></span> 
     </span>
    </p>
   </div>
   <div class='ocr_carea' id='block_1_57' title="bbox 487 3839 2064 3910">
    <p class='ocr_par' dir='ltr' id='par_1_57' title="bbox 487 3839 2064 3910">
     <span class='ocr_line' id='line_1_57' title="bbox 487 3839 2064 3910; baseline 0.002 -19"><span class='ocrx_word' id='word_1_451' title='bbox 487 3841 596 3910; x_wconf 85' lang='lat' dir='ltr'><strong>qui&#39;</strong></span> <span class='ocrx_word' id='word_1_452' title='bbox 629 3841 837 3895; x_wconf 87' lang='lat' dir='ltr'><strong>naturis</strong></span> <span class='ocrx_word' id='word_1_453' title='bbox 862 3855 892 3892; x_wconf 89' lang='lat' dir='ltr'><strong>a</strong></span> <span class='ocrx_word' id='word_1_454' title='bbox 921 3853 980 3893; x_wconf 89' lang='lat' dir='ltr'><strong>se</strong></span> <span class='ocrx_word' id='word_1_455' title='bbox 1017 3841 1214 3895; x_wconf 84' lang='lat' dir='ltr'><strong>creatis</strong></span> <span class='ocrx_word' id='word_1_456' title='bbox 1245 3848 1303 3894; x_wconf 90' lang='lat' dir='ltr'><strong>et</strong></span> <span class='ocrx_word' id='word_1_457' title='bbox 1331 3839 1675 3903; x_wconf 87' lang='lat' dir='ltr'><strong>subsistendi,</strong></span> <span class='ocrx_word' id='word_1_458' title='bbox 1711 3849 1765 3894; x_wconf 87' lang='lat' dir='ltr'><strong>et</strong></span> <span class='ocrx_word' id='word_1_459' title='bbox 1811 3841 2064 3901; x_wconf 81' lang='lat' dir='ltr'><strong>movendi</strong></span> 
     </span>
    </p>
   </div>
   <div class='ocr_carea' id='block_1_58' title="bbox 493 3929 2062 3999">
    <p class='ocr_par' dir='ltr' id='par_1_58' title="bbox 493 3929 2062 3999">
     <span class='ocr_line' id='line_1_58' title="bbox 493 3929 2062 3999; baseline 0.001 -17"><span class='ocrx_word' id='word_1_460' title='bbox 493 3929 670 3992; x_wconf 87' lang='lat' dir='ltr'><strong>mitia,</strong></span> <span class='ocrx_word' id='word_1_461' title='bbox 708 3930 948 3998; x_wconf 79' lang='lat' dir='ltr'><strong>ﬁnesque</strong></span> <span class='ocrx_word' id='word_1_462' title='bbox 972 3930 1251 3984; x_wconf 82' lang='lat' dir='ltr'><strong>constituit</strong></span> <span class='ocrx_word' id='word_1_463' title='bbox 1282 3947 1294 3982; x_wconf 93' lang='lat'>:</span> <span class='ocrx_word' id='word_1_464' title='bbox 1328 3931 1418 3999; x_wconf 88' lang='lat' dir='ltr'><strong>qui</strong></span> <span class='ocrx_word' id='word_1_465' title='bbox 1453 3941 1632 3984; x_wconf 86' lang='lat' dir='ltr'><strong>rerum</strong></span> <span class='ocrx_word' id='word_1_466' title='bbox 1659 3945 1851 3985; x_wconf 87' lang='lat' dir='ltr'><strong>causas</strong></span> <span class='ocrx_word' id='word_1_467' title='bbox 1879 3931 2062 3996; x_wconf 80' lang='lat' dir='ltr'><strong>habet,</strong></span> 
     </span>
    </p>
   </div>
   <div class='ocr_carea' id='block_1_59' title="bbox 494 4017 2058 4087">
    <p class='ocr_par' dir='ltr' id='par_1_59' title="bbox 494 4017 2058 4087">
     <span class='ocr_line' id='line_1_59' title="bbox 494 4017 2058 4087; baseline 0.002 -17"><span class='ocrx_word' id='word_1_468' title='bbox 494 4017 664 4080; x_wconf 89' lang='lat' dir='ltr'><strong>novit,</strong></span> <span class='ocrx_word' id='word_1_469' title='bbox 710 4027 874 4086; x_wconf 87' lang='lat' dir='ltr'><strong>atque</strong></span> <span class='ocrx_word' id='word_1_470' title='bbox 897 4019 1133 4087; x_wconf 85' lang='lat' dir='ltr'><strong>disponit</strong></span> <span class='ocrx_word' id='word_1_471' title='bbox 1161 4037 1172 4070; x_wconf 87' lang='lat'><strong>:</strong></span> <span class='ocrx_word' id='word_1_472' title='bbox 1199 4018 1289 4086; x_wconf 84' lang='lat' dir='ltr'><strong>qui</strong></span> <span class='ocrx_word' id='word_1_473' title='bbox 1332 4019 1440 4071; x_wconf 90' lang='lat' dir='ltr'><strong>vim</strong></span> <span class='ocrx_word' id='word_1_474' title='bbox 1474 4018 1740 4072; x_wconf 83' lang='lat' dir='ltr'><strong>seminum</strong></span> <span class='ocrx_word' id='word_1_475' title='bbox 1777 4019 2016 4073; x_wconf 70' lang='lat' dir='ltr'><strong>condidit</strong></span> <span class='ocrx_word' id='word_1_476' title='bbox 2044 4033 2058 4072; x_wconf 90' lang='lat'><strong>:</strong></span> 
     </span>
    </p>
   </div>
   <div class='ocr_carea' id='block_1_60' title="bbox 493 4108 2065 4180">
    <p class='ocr_par' dir='ltr' id='par_1_60' title="bbox 493 4108 2065 4180">
     <span class='ocr_line' id='line_1_60' title="bbox 493 4108 2065 4180; baseline 0.002 -19"><span class='ocrx_word' id='word_1_477' title='bbox 493 4110 585 4180; x_wconf 86' lang='lat' dir='ltr'><strong>qui</strong></span> <span class='ocrx_word' id='word_1_478' title='bbox 611 4108 929 4162; x_wconf 87' lang='lat' dir='ltr'><strong>rationalem</strong></span> <span class='ocrx_word' id='word_1_479' title='bbox 969 4110 1223 4172; x_wconf 87' lang='lat' dir='ltr'><strong>animam,</strong></span> <span class='ocrx_word' id='word_1_480' title='bbox 1247 4125 1366 4179; x_wconf 74' lang='lat' dir='ltr'><strong>qum</strong></span> <span class='ocrx_word' id='word_1_481' title='bbox 1390 4110 1588 4163; x_wconf 89' lang='lat' dir='ltr'><strong>dicitur</strong></span> <span class='ocrx_word' id='word_1_482' title='bbox 1609 4110 1845 4173; x_wconf 88' lang='lat' dir='ltr'><strong>animus,</strong></span> <span class='ocrx_word' id='word_1_483' title='bbox 1870 4111 2065 4178; x_wconf 87' lang='lat' dir='ltr'><strong>quibus</strong></span> 
     </span>
    </p>
   </div>
   <div class='ocr_carea' id='block_1_61' title="bbox 491 4196 2061 4266">
    <p class='ocr_par' dir='ltr' id='par_1_61' title="bbox 491 4196 2061 4266">
     <span class='ocr_line' id='line_1_61' title="bbox 491 4196 2061 4266; baseline 0.004 -18"><span class='ocrx_word' id='word_1_484' title='bbox 491 4196 684 4260; x_wconf 64' lang='lat' dir='ltr'><strong>voluit,</strong></span> <span class='ocrx_word' id='word_1_485' title='bbox 718 4197 1024 4251; x_wconf 73' lang='lat' dir='ltr'><strong>viventibus</strong></span> <span class='ocrx_word' id='word_1_486' title='bbox 1053 4197 1241 4252; x_wconf 87' lang='lat' dir='ltr'><strong>indidit</strong></span> <span class='ocrx_word' id='word_1_487' title='bbox 1273 4213 1286 4250; x_wconf 93' lang='lat'><strong>:</strong></span> <span class='ocrx_word' id='word_1_488' title='bbox 1324 4199 1414 4266; x_wconf 90' lang='lat' dir='ltr'><strong>qui</strong></span> <span class='ocrx_word' id='word_1_489' title='bbox 1442 4201 1708 4254; x_wconf 88' lang='lat' dir='ltr'><strong>sermonis</strong></span> <span class='ocrx_word' id='word_1_490' title='bbox 1731 4199 2061 4266; x_wconf 77' lang='lat' dir='ltr'><strong>facultatem,</strong></span> 
     </span>
    </p>
   </div>
   <div class='ocr_carea' id='block_1_62' title="bbox 488 4284 2064 4358">
    <p class='ocr_par' dir='ltr' id='par_1_62' title="bbox 488 4284 2064 4358">
     <span class='ocr_line' id='line_1_62' title="bbox 488 4284 2064 4358; baseline 0.004 -20"><span class='ocrx_word' id='word_1_491' title='bbox 488 4299 759 4352; x_wconf 75' lang='lat' dir='ltr'><strong>usumque</strong></span> <span class='ocrx_word' id='word_1_492' title='bbox 781 4284 1000 4337; x_wconf 88' lang='lat' dir='ltr'><strong>donavit</strong></span> <span class='ocrx_word' id='word_1_493' title='bbox 1025 4299 1040 4338; x_wconf 91' lang='lat'><strong>:</strong></span> <span class='ocrx_word' id='word_1_494' title='bbox 1064 4286 1153 4354; x_wconf 87' lang='lat' dir='ltr'><strong>qui</strong></span> <span class='ocrx_word' id='word_1_495' title='bbox 1185 4301 1378 4341; x_wconf 89' lang='lat' dir='ltr'><strong>munus</strong></span> <span class='ocrx_word' id='word_1_496' title='bbox 1401 4287 1577 4342; x_wconf 79' lang='lat' dir='ltr'><strong>futura</strong></span> <span class='ocrx_word' id='word_1_497' title='bbox 1608 4290 1842 4354; x_wconf 89' lang='lat' dir='ltr'><strong>dicendi,</strong></span> <span class='ocrx_word' id='word_1_498' title='bbox 1869 4291 2064 4358; x_wconf 88' lang='lat' dir='ltr'><strong>quibus</strong></span> 
     </span>
    </p>
   </div>
   <div class='ocr_carea' id='block_1_63' title="bbox 488 4373 2062 4448">
    <p class='ocr_par' dir='ltr' id='par_1_63' title="bbox 488 4373 2062 4448">
     <span class='ocr_line' id='line_1_63' title="bbox 488 4373 2062 4448; baseline 0.005 -23"><span class='ocrx_word' id='word_1_499' title='bbox 488 4373 718 4443; x_wconf 71' lang='lat' dir='ltr'><strong>placuit,</strong></span> <span class='ocrx_word' id='word_1_500' title='bbox 765 4374 1045 4444; x_wconf 81' lang='lat' dir='ltr'><strong>spiritibus</strong></span> <span class='ocrx_word' id='word_1_501' title='bbox 1095 4375 1406 4444; x_wconf 79' lang='lat' dir='ltr'><strong>impertivit,</strong></span> <span class='ocrx_word' id='word_1_502' title='bbox 1453 4386 1510 4431; x_wconf 92' lang='lat' dir='ltr'><strong>et</strong></span> <span class='ocrx_word' id='word_1_503' title='bbox 1559 4393 1654 4447; x_wconf 90' lang='lat' dir='ltr'><strong>per</strong></span> <span class='ocrx_word' id='word_1_504' title='bbox 1699 4395 1834 4447; x_wconf 89' lang='lat' dir='ltr'><strong>quos</strong></span> <span class='ocrx_word' id='word_1_505' title='bbox 1864 4379 2062 4448; x_wconf 89' lang='lat' dir='ltr'><strong>placet,</strong></span> 
     </span>
    </p>
   </div>
   <div class='ocr_carea' id='block_1_64' title="bbox 489 4461 2065 4536">
    <p class='ocr_par' dir='ltr' id='par_1_64' title="bbox 489 4461 2065 4536">
     <span class='ocr_line' id='line_1_64' title="bbox 489 4461 2065 4536; baseline 0.003 -21"><span class='ocrx_word' id='word_1_506' title='bbox 489 4461 666 4521; x_wconf 77' lang='lat' dir='ltr'><strong>malas</strong></span> <span class='ocrx_word' id='word_1_507' title='bbox 695 4461 1028 4516; x_wconf 74' lang='lat' dir='ltr'><strong>valetudines</strong></span> <span class='ocrx_word' id='word_1_508' title='bbox 1072 4463 1220 4532; x_wconf 81' lang='lat' dir='ltr'><strong>pellit</strong></span> <span class='ocrx_word' id='word_1_509' title='bbox 1251 4479 1263 4516; x_wconf 92' lang='lat'><strong>:</strong></span> <span class='ocrx_word' id='word_1_510' title='bbox 1297 4465 1387 4533; x_wconf 88' lang='lat' dir='ltr'><strong>qui</strong></span> <span class='ocrx_word' id='word_1_511' title='bbox 1428 4465 1690 4520; x_wconf 80' lang='lat' dir='ltr'><strong>bellorum</strong></span> <span class='ocrx_word' id='word_1_512' title='bbox 1733 4482 1946 4536; x_wconf 84' lang='lat' dir='ltr'><strong>quoque</strong></span> <span class='ocrx_word' id='word_1_513' title='bbox 1988 4468 2065 4536; x_wconf 92' lang='lat' dir='ltr'><strong>ip-</strong></span> 
     </span>
    </p>
   </div>
   <div class='ocr_carea' id='block_1_65' title="bbox 489 4553 2067 4626">
    <p class='ocr_par' dir='ltr' id='par_1_65' title="bbox 489 4553 2067 4626">
     <span class='ocr_line' id='line_1_65' title="bbox 489 4553 2067 4626; baseline 0.002 -17"><span class='ocrx_word' id='word_1_514' title='bbox 489 4567 702 4616; x_wconf 68' lang='lat' dir='ltr'><strong>sorm,</strong></span> <span class='ocrx_word' id='word_1_515' title='bbox 740 4567 861 4606; x_wconf 87' lang='lat' dir='ltr'><strong>cum</strong></span> <span class='ocrx_word' id='word_1_516' title='bbox 908 4553 988 4606; x_wconf 87' lang='lat' dir='ltr'><strong>sic</strong></span> <span class='ocrx_word' id='word_1_517' title='bbox 1025 4554 1442 4619; x_wconf 87' lang='lat' dir='ltr'><strong>emendandum,</strong></span> <span class='ocrx_word' id='word_1_518' title='bbox 1473 4566 1526 4610; x_wconf 91' lang='lat' dir='ltr'><strong>et</strong></span> <span class='ocrx_word' id='word_1_519' title='bbox 1564 4557 1934 4626; x_wconf 80' lang='lat' dir='ltr'><strong>castigandum</strong></span> <span class='ocrx_word' id='word_1_520' title='bbox 1981 4567 2067 4612; x_wconf 88' lang='lat' dir='ltr'><strong>est</strong></span> 
     </span>
    </p>
   </div>
   <div class='ocr_carea' id='block_1_66' title="bbox 497 4643 2067 4717">
    <p class='ocr_par' dir='ltr' id='par_1_66' title="bbox 497 4643 2067 4717">
     <span class='ocr_line' id='line_1_66' title="bbox 497 4643 2067 4717; baseline 0.006 -23"><span class='ocrx_word' id='word_1_521' title='bbox 497 4657 673 4712; x_wconf 56' lang='lat' dir='ltr'><strong>genus</strong></span> <span class='ocrx_word' id='word_1_522' title='bbox 699 4643 1015 4706; x_wconf 88' lang='lat' dir='ltr'><strong>humanum,</strong></span> <span class='ocrx_word' id='word_1_523' title='bbox 1053 4645 1311 4708; x_wconf 81' lang='lat' dir='ltr'><strong>exordiis,</strong></span> <span class='ocrx_word' id='word_1_524' title='bbox 1343 4647 1734 4715; x_wconf 67' lang='lat' dir='ltr'><strong>progressiius,</strong></span> <span class='ocrx_word' id='word_1_525' title='bbox 1766 4648 2067 4717; x_wconf 81' lang='lat' dir='ltr'><strong>ﬁnibusque</strong></span> 
     </span>
    </p>
   </div>
   <div class='ocr_carea' id='block_1_67' title="bbox 491 4732 2068 4803">
    <p class='ocr_par' dir='ltr' id='par_1_67' title="bbox 491 4732 2068 4803">
     <span class='ocr_line' id='line_1_67' title="bbox 491 4732 2068 4803; baseline 0.005 -18"><span class='ocrx_word' id='word_1_526' title='bbox 491 4732 848 4790; x_wconf 79' lang='lat' dir='ltr'><strong>moderatur:</strong></span> <span class='ocrx_word' id='word_1_527' title='bbox 881 4733 974 4800; x_wconf 86' lang='lat' dir='ltr'><strong>qui</strong></span> <span class='ocrx_word' id='word_1_528' title='bbox 1013 4734 1195 4786; x_wconf 86' lang='lat' dir='ltr'><strong>mundi</strong></span> <span class='ocrx_word' id='word_1_529' title='bbox 1237 4732 1394 4800; x_wconf 78' lang='lat' dir='ltr'><strong>hujus</strong></span> <span class='ocrx_word' id='word_1_530' title='bbox 1442 4736 1618 4803; x_wconf 89' lang='lat' dir='ltr'><strong>ignem</strong></span> <span class='ocrx_word' id='word_1_531' title='bbox 1657 4738 2068 4793; x_wconf 81' lang='lat' dir='ltr'><strong>vehementissi-</strong></span> 
     </span>
    </p>
   </div>
   <div class='ocr_carea' id='block_1_68' title="bbox 490 4823 2066 4892">
    <p class='ocr_par' dir='ltr' id='par_1_68' title="bbox 490 4823 2066 4892">
     <span class='ocr_line' id='line_1_68' title="bbox 490 4823 2066 4892; baseline 0.003 -12"><span class='ocrx_word' id='word_1_532' title='bbox 490 4838 666 4887; x_wconf 74' lang='lat' dir='ltr'><strong>mam,</strong></span> <span class='ocrx_word' id='word_1_533' title='bbox 696 4833 752 4878; x_wconf 91' lang='lat' dir='ltr'><strong>et</strong></span> <span class='ocrx_word' id='word_1_534' title='bbox 772 4823 1220 4877; x_wconf 85' lang='lat' dir='ltr'><strong>violentissimum</strong></span> <span class='ocrx_word' id='word_1_535' title='bbox 1254 4839 1354 4892; x_wconf 86' lang='lat' dir='ltr'><strong>pro</strong></span> <span class='ocrx_word' id='word_1_536' title='bbox 1384 4825 1659 4880; x_wconf 72' lang='lat' dir='ltr'><strong>immensae</strong></span> <span class='ocrx_word' id='word_1_537' title='bbox 1689 4836 1895 4882; x_wconf 72' lang='lat' dir='ltr'><strong>natura:</strong></span> <span class='ocrx_word' id='word_1_538' title='bbox 1931 4839 2066 4883; x_wconf 87' lang='lat' dir='ltr'><strong>tem-</strong></span> 
     </span>
    </p>
   </div>
   <div class='ocr_carea' id='block_1_69' title="bbox 493 4911 2063 4984">
    <p class='ocr_par' dir='ltr' id='par_1_69' title="bbox 493 4911 2063 4984">
     <span class='ocr_line' id='line_1_69' title="bbox 493 4911 2063 4984; baseline 0.003 -18"><span class='ocrx_word' id='word_1_539' title='bbox 493 4921 814 4984; x_wconf 83' lang='lat' dir='ltr'><strong>peramento</strong></span> <span class='ocrx_word' id='word_1_540' title='bbox 860 4920 917 4966; x_wconf 89' lang='lat' dir='ltr'><strong>et</strong></span> <span class='ocrx_word' id='word_1_541' title='bbox 960 4912 1186 4975; x_wconf 68' lang='lat' dir='ltr'><strong>creavit,</strong></span> <span class='ocrx_word' id='word_1_542' title='bbox 1228 4919 1285 4964; x_wconf 89' lang='lat' dir='ltr'><strong>et</strong></span> <span class='ocrx_word' id='word_1_543' title='bbox 1334 4911 1490 4980; x_wconf 86' lang='lat' dir='ltr'><strong>regit,</strong></span> <span class='ocrx_word' id='word_1_544' title='bbox 1545 4915 1635 4982; x_wconf 91' lang='lat' dir='ltr'><strong>qui</strong></span> <span class='ocrx_word' id='word_1_545' title='bbox 1693 4915 2063 4970; x_wconf 84' lang='lat' dir='ltr'><strong>universarum</strong></span> 
     </span>
    </p>
   </div>
   <div class='ocr_carea' id='block_1_70' title="bbox 490 5002 2068 5074">
    <p class='ocr_par' dir='ltr' id='par_1_70' title="bbox 490 5002 2068 5074">
     <span class='ocr_line' id='line_1_70' title="bbox 490 5002 2068 5074; baseline 0.001 -16"><span class='ocrx_word' id='word_1_546' title='bbox 490 5015 760 5071; x_wconf 75' lang='lat' dir='ltr'><strong>aquarum</strong></span> <span class='ocrx_word' id='word_1_547' title='bbox 785 5009 1022 5066; x_wconf 83' lang='lat' dir='ltr'><strong>creator,</strong></span> <span class='ocrx_word' id='word_1_548' title='bbox 1041 5011 1098 5054; x_wconf 86' lang='lat' dir='ltr'><strong>et</strong></span> <span class='ocrx_word' id='word_1_549' title='bbox 1120 5002 1449 5071; x_wconf 84' lang='lat' dir='ltr'><strong>gubernator</strong></span> <span class='ocrx_word' id='word_1_550' title='bbox 1471 5012 1555 5058; x_wconf 90' lang='lat' dir='ltr'><strong>est</strong></span> <span class='ocrx_word' id='word_1_551' title='bbox 1585 5021 1599 5058; x_wconf 87' lang='lat'><strong>:</strong></span> <span class='ocrx_word' id='word_1_552' title='bbox 1624 5005 1716 5074; x_wconf 86' lang='lat' dir='ltr'><strong>qui</strong></span> <span class='ocrx_word' id='word_1_553' title='bbox 1747 5007 1916 5061; x_wconf 84' lang='lat' dir='ltr'><strong>solem</strong></span> <span class='ocrx_word' id='word_1_554' title='bbox 1939 5006 2068 5061; x_wconf 75' lang='lat' dir='ltr'><strong>fecit</strong></span> 
     </span>
    </p>
   </div>
   <div class='ocr_carea' id='block_1_71' title="bbox 568 5132 2066 5218">
    <p class='ocr_par' dir='ltr' id='par_1_71' title="bbox 568 5132 2066 5218">
     <span class='ocr_line' id='line_1_71' title="bbox 568 5132 2066 5218; baseline 0.002 -29"><span class='ocrx_word' id='word_1_555' title='bbox 568 5147 593 5175; x_wconf 70' lang='grc' dir='ltr'>α</span> <span class='ocrx_word' id='word_1_556' title='bbox 626 5134 688 5218; x_wconf 76' lang='lat' dir='ltr'><strong>in</strong></span> <span class='ocrx_word' id='word_1_557' title='bbox 724 5133 870 5218; x_wconf 80' lang='lat' dir='ltr'><strong>edito</strong></span> <span class='ocrx_word' id='word_1_558' title='bbox 903 5132 1184 5218; x_wconf 71' lang='lat' dir='ltr'><strong>Augustini</strong></span> <span class='ocrx_word' id='word_1_559' title='bbox 1210 5134 1328 5216; x_wconf 80' lang='lat' dir='ltr'><strong>loco</strong></span> <span class='ocrx_word' id='word_1_560' title='bbox 1369 5135 1573 5218; x_wconf 61' lang='lat' dir='ltr'><strong>desunt</strong></span> <span class='ocrx_word' id='word_1_561' title='bbox 1606 5137 1718 5218; x_wconf 66' lang='lat' dir='ltr'><strong>haec</strong></span> <span class='ocrx_word' id='word_1_562' title='bbox 1757 5155 1770 5190; x_wconf 86' lang='lat'><strong>:</strong></span> <span class='ocrx_word' id='word_1_563' title='bbox 1811 5147 1860 5191; x_wconf 80' lang='lat' dir='ltr'><strong>et</strong></span> <span class='ocrx_word' id='word_1_564' title='bbox 1895 5139 2066 5192; x_wconf 80' lang='lat' dir='ltr'><strong>omnis</strong></span> 
     </span>
    </p>
   </div>
   <div class='ocr_carea' id='block_1_72' title="bbox 491 5204 2062 5278">
    <p class='ocr_par' dir='ltr' id='par_1_72' title="bbox 491 5204 2062 5278">
     <span class='ocr_line' id='line_1_72' title="bbox 491 5204 2062 5278; baseline 0.003 -20"><span class='ocrx_word' id='word_1_565' title='bbox 491 5204 1203 5278; x_wconf 10' lang='lat' dir='ltr'><strong>creaturafsivehintvisibilis,</strong></span> <span class='ocrx_word' id='word_1_566' title='bbox 1243 5207 1348 5259; x_wconf 83' lang='lat' dir='ltr'><strong>sive</strong></span> <span class='ocrx_word' id='word_1_567' title='bbox 1385 5205 1619 5270; x_wconf 75' lang='lat' dir='ltr'><strong>visibilis,</strong></span> <span class='ocrx_word' id='word_1_568' title='bbox 1662 5208 1767 5260; x_wconf 79' lang='lat' dir='ltr'><strong>sive</strong></span> <span class='ocrx_word' id='word_1_569' title='bbox 1793 5225 2062 5278; x_wconf 79' lang='lat' dir='ltr'><strong>corporea,</strong></span> 
     </span>
    </p>
   </div>
   <div class='ocr_carea' id='block_1_73' title="bbox 495 5275 2069 5426">
    <p class='ocr_par' dir='ltr' id='par_1_73' title="bbox 495 5275 2069 5426">
     <span class='ocr_line' id='line_1_73' title="bbox 495 5275 2069 5426; baseline 0.003 -31"><span class='ocrx_word' id='word_1_570' title='bbox 495 5291 604 5426; x_wconf 45' lang='lat' dir='ltr'><strong>fw;</strong></span> <span class='ocrx_word' id='word_1_571' title='bbox 629 5275 1207 5426; x_wconf 39' lang='lat' dir='ltr'><strong>canali.</strong></span> <span class='ocrx_word' id='word_1_572' title='bbox 1255 5343 1480 5426; x_wconf 76' lang='lat' dir='ltr'><strong>Reliqua</strong></span> <span class='ocrx_word' id='word_1_573' title='bbox 1513 5359 1580 5398; x_wconf 78' lang='lat' dir='ltr'><strong>ex</strong></span> <span class='ocrx_word' id='word_1_574' title='bbox 1623 5344 1743 5426; x_wconf 75' lang='lat' dir='ltr'><strong>aliis</strong></span> <span class='ocrx_word' id='word_1_575' title='bbox 1785 5344 2069 5426; x_wconf 67' lang='lat' dir='ltr'><strong>Augustini</strong></span> 
     </span>
    </p>
   </div>
   <div class='ocr_carea' id='block_1_74' title="bbox 500 5412 2072 5486">
    <p class='ocr_par' dir='ltr' id='par_1_74' title="bbox 500 5412 2072 5486">
     <span class='ocr_line' id='line_1_74' title="bbox 500 5412 2072 5486; baseline 0.001 -19"><span class='ocrx_word' id='word_1_576' title='bbox 500 5412 636 5486; x_wconf 82' lang='lat' dir='ltr'><strong>locis</strong></span> <span class='ocrx_word' id='word_1_577' title='bbox 656 5415 877 5486; x_wconf 86' lang='lat' dir='ltr'><strong>collecta</strong></span> <span class='ocrx_word' id='word_1_578' title='bbox 904 5412 1059 5486; x_wconf 72' lang='lat' dir='ltr'><strong>sunt.</strong></span> <span class='ocrx_word' id='word_1_579' title='bbox 1071 5412 1334 5486; x_wconf 78' lang='lat' dir='ltr'><strong>Compara</strong></span> <span class='ocrx_word' id='word_1_580' title='bbox 1366 5415 1479 5486; x_wconf 66' lang='lat' dir='ltr'><strong>haec</strong></span> <span class='ocrx_word' id='word_1_581' title='bbox 1499 5430 1620 5468; x_wconf 88' lang='lat' dir='ltr'><strong>cum</strong></span> <span class='ocrx_word' id='word_1_582' title='bbox 1647 5415 1732 5480; x_wconf 87' lang='lat' dir='ltr'><strong>iis,</strong></span> <span class='ocrx_word' id='word_1_583' title='bbox 1763 5412 1894 5486; x_wconf 50' lang='lat' dir='ltr'><strong>qua;</strong></span> <span class='ocrx_word' id='word_1_584' title='bbox 1908 5416 2072 5470; x_wconf 83' lang='lat' dir='ltr'><strong>tradit</strong></span> 
     </span>
    </p>
   </div>
   <div class='ocr_carea' id='block_1_75' title="bbox 499 5482 1678 5553">
    <p class='ocr_par' dir='ltr' id='par_1_75' title="bbox 499 5482 1678 5553">
     <span class='ocr_line' id='line_1_75' title="bbox 499 5482 1678 5553; baseline 0.001 -14"><span class='ocrx_word' id='word_1_585' title='bbox 499 5482 972 5553; x_wconf 20' lang='lat' dir='ltr'><strong>Augustittusﬁcap.</strong></span> <span class='ocrx_word' id='word_1_586' title='bbox 1006 5484 1075 5539; x_wconf 82' lang='grc'><strong>50</strong></span> <span class='ocrx_word' id='word_1_587' title='bbox 1104 5482 1225 5539; x_wconf 81' lang='lat' dir='ltr'><strong>libri</strong></span> <span class='ocrx_word' id='word_1_588' title='bbox 1248 5499 1320 5538; x_wconf 88' lang='lat' dir='ltr'><strong>vu</strong></span> <span class='ocrx_word' id='word_1_589' title='bbox 1347 5484 1409 5538; x_wconf 76' lang='lat' dir='ltr'><strong>de</strong></span> <span class='ocrx_word' id='word_1_590' title='bbox 1440 5483 1678 5540; x_wconf 71' lang='lat' dir='ltr'><strong>Civitale.</strong></span> 
     </span>
    </p>
   </div>
   <div class='ocr_carea' id='block_1_76' title="bbox 576 5552 1567 5623">
    <p class='ocr_par' dir='ltr' id='par_1_76' title="bbox 576 5552 1567 5623">
     <span class='ocr_line' id='line_1_76' title="bbox 576 5552 1567 5623; baseline -0.002 -14"><span class='ocrx_word' id='word_1_591' title='bbox 576 5552 604 5623; x_wconf 48' lang='grc' dir='ltr'><em>ἦ</em></span> <span class='ocrx_word' id='word_1_592' title='bbox 639 5555 797 5623; x_wconf 54' lang='lat' dir='ltr'><strong>avde</strong></span> <span class='ocrx_word' id='word_1_593' title='bbox 829 5552 1103 5623; x_wconf 74' lang='lat' dir='ltr'><strong>Trinitate,</strong></span> <span class='ocrx_word' id='word_1_594' title='bbox 1126 5570 1245 5623; x_wconf 82' lang='lat' dir='ltr'><strong>cap.</strong></span> <span class='ocrx_word' id='word_1_595' title='bbox 1274 5555 1361 5618; x_wconf 75' lang='grc'><strong>15,</strong></span> <span class='ocrx_word' id='word_1_596' title='bbox 1398 5570 1452 5608; x_wconf 88' lang='lat' dir='ltr'><strong>n.</strong></span> <span class='ocrx_word' id='word_1_597' title='bbox 1479 5555 1567 5609; x_wconf 71' lang='lat'><strong>2‘2.</strong></span> 
     </span>
    </p>
   </div>
   <div class='ocr_carea' id='block_1_77' title="bbox 574 5618 1283 5676">
    <p class='ocr_par' dir='ltr' id='par_1_77' title="bbox 574 5618 1283 5676">
     <span class='ocr_line' id='line_1_77' title="bbox 574 5618 1283 5676; baseline 0.007 -5"><span class='ocrx_word' id='word_1_598' title='bbox 574 5618 600 5657; x_wconf 75' lang='grc' dir='ltr'><strong><em>ἀ</em></strong></span> <span class='ocrx_word' id='word_1_599' title='bbox 642 5619 864 5674; x_wconf 76' lang='lat' dir='ltr'><strong>Additur</strong></span> <span class='ocrx_word' id='word_1_600' title='bbox 889 5621 971 5674; x_wconf 82' lang='lat' dir='ltr'><strong>hic</strong></span> <span class='ocrx_word' id='word_1_601' title='bbox 1002 5618 1283 5676; x_wconf 64' lang='lat' dir='ltr'><strong>veritatem.</strong></span> 
     </span>
    </p>
   </div>
   <div class='ocr_carea' id='block_1_78' title="bbox 583 5688 1860 5767">
    <p class='ocr_par' dir='ltr' id='par_1_78' title="bbox 583 5688 1860 5767">
     <span class='ocr_line' id='line_1_78' title="bbox 583 5688 1860 5767; baseline 0.004 -27"><span class='ocrx_word' id='word_1_602' title='bbox 583 5698 605 5722; x_wconf 80' lang='grc'><strong>⁸</strong></span> <span class='ocrx_word' id='word_1_603' title='bbox 644 5688 850 5754; x_wconf 66' lang='lat' dir='ltr'><strong>Rursus</strong></span> <span class='ocrx_word' id='word_1_604' title='bbox 873 5689 906 5743; x_wconf 84' lang='grc'><strong>6</strong></span> <span class='ocrx_word' id='word_1_605' title='bbox 936 5689 999 5742; x_wconf 81' lang='lat' dir='ltr'><strong>de</strong></span> <span class='ocrx_word' id='word_1_606' title='bbox 1031 5689 1299 5767; x_wconf 63' lang='lat' dir='ltr'><strong>Trinitgtc,</strong></span> <span class='ocrx_word' id='word_1_607' title='bbox 1332 5708 1448 5764; x_wconf 74' lang='lat' dir='ltr'><strong>cap.</strong></span> <span class='ocrx_word' id='word_1_608' title='bbox 1480 5693 1560 5759; x_wconf 76' lang='grc' dir='ltr'><strong>ιο,</strong></span> <span class='ocrx_word' id='word_1_609' title='bbox 1595 5707 1739 5748; x_wconf 86' lang='lat' dir='ltr'><strong>num.</strong></span> <span class='ocrx_word' id='word_1_610' title='bbox 1779 5691 1860 5746; x_wconf 82' lang='lat' dir='ltr'><strong>ll.</strong></span> 
     </span>
    </p>
   </div>
   <div class='ocr_carea' id='block_1_79' title="bbox 2163 1843 3743 1916">
    <p class='ocr_par' dir='ltr' id='par_1_79' title="bbox 2163 1843 3743 1916">
     <span class='ocr_line' id='line_1_79' title="bbox 2163 1843 3743 1916; baseline -0.006 -12"><span class='ocrx_word' id='word_1_611' title='bbox 2163 1858 2344 1904; x_wconf 86' lang='lat' dir='ltr'><strong>autem</strong></span> <span class='ocrx_word' id='word_1_612' title='bbox 2389 1847 2536 1910; x_wconf 78' lang='lat' dir='ltr'><strong>facit,</strong></span> <span class='ocrx_word' id='word_1_613' title='bbox 2573 1855 2736 1915; x_wconf 83' lang='lat' dir='ltr'><strong>atque</strong></span> <span class='ocrx_word' id='word_1_614' title='bbox 2766 1845 2878 1916; x_wconf 84' lang='lat' dir='ltr'><strong>agit</strong></span> <span class='ocrx_word' id='word_1_615' title='bbox 2901 1859 3040 1898; x_wconf 88' lang='lat' dir='ltr'><strong>unus</strong></span> <span class='ocrx_word' id='word_1_616' title='bbox 3068 1849 3232 1898; x_wconf 73' lang='lat' dir='ltr'><strong>verus</strong></span> <span class='ocrx_word' id='word_1_617' title='bbox 3263 1845 3405 1898; x_wconf 88' lang='lat' dir='ltr'><strong>Deus</strong></span> <span class='ocrx_word' id='word_1_618' title='bbox 3434 1861 3447 1896; x_wconf 91' lang='lat'>:</span> <span class='ocrx_word' id='word_1_619' title='bbox 3483 1843 3582 1898; x_wconf 86' lang='lat' dir='ltr'><strong>sed</strong></span> <span class='ocrx_word' id='word_1_620' title='bbox 3607 1845 3743 1897; x_wconf 80' lang='lat' dir='ltr'><strong>sicut</strong></span> 
     </span>
    </p>
   </div>
   <div class='ocr_carea' id='block_1_80' title="bbox 2162 1935 3742 2007">
    <p class='ocr_par' dir='ltr' id='par_1_80' title="bbox 2162 1935 3742 2007">
     <span class='ocr_line' id='line_1_80' title="bbox 2162 1935 3742 2007; baseline -0.003 -12"><span class='ocrx_word' id='word_1_621' title='bbox 2162 1941 2328 2004; x_wconf 85' lang='lat' dir='ltr'><strong>Dens,</strong></span> <span class='ocrx_word' id='word_1_622' title='bbox 2352 1940 2404 1994; x_wconf 90' lang='lat' dir='ltr'><strong>id</strong></span> <span class='ocrx_word' id='word_1_623' title='bbox 2427 1948 2509 1994; x_wconf 88' lang='lat' dir='ltr'><strong>est</strong></span> <span class='ocrx_word' id='word_1_624' title='bbox 2529 1939 2729 2007; x_wconf 89' lang='lat' dir='ltr'><strong>ubique</strong></span> <span class='ocrx_word' id='word_1_625' title='bbox 2749 1947 2915 2000; x_wconf 87' lang='lat' dir='ltr'><strong>totus,</strong></span> <span class='ocrx_word' id='word_1_626' title='bbox 2941 1935 3114 1991; x_wconf 83' lang='lat' dir='ltr'><strong>nullus</strong></span> <span class='ocrx_word' id='word_1_627' title='bbox 3144 1935 3386 1990; x_wconf 82' lang='lat' dir='ltr'><strong>inclusus</strong></span> <span class='ocrx_word' id='word_1_628' title='bbox 3411 1936 3567 2000; x_wconf 89' lang='lat' dir='ltr'><strong>locis,</strong></span> <span class='ocrx_word' id='word_1_629' title='bbox 3586 1936 3742 1991; x_wconf 89' lang='lat' dir='ltr'><strong>nullis</strong></span> 
     </span>
    </p>
   </div>
   <div class='ocr_carea' id='block_1_81' title="bbox 2159 2026 3740 2101">
    <p class='ocr_par' dir='ltr' id='par_1_81' title="bbox 2159 2026 3740 2101">
     <span class='ocr_line' id='line_1_81' title="bbox 2159 2026 3740 2101; baseline -0.004 -15"><span class='ocrx_word' id='word_1_630' title='bbox 2159 2032 2390 2088; x_wconf 89' lang='lat' dir='ltr'><strong>vinculis</strong></span> <span class='ocrx_word' id='word_1_631' title='bbox 2419 2031 2686 2101; x_wconf 83' lang='lat' dir='ltr'><strong>alligatus,</strong></span> <span class='ocrx_word' id='word_1_632' title='bbox 2716 2029 2772 2082; x_wconf 83' lang='lat' dir='ltr'><strong>in</strong></span> <span class='ocrx_word' id='word_1_633' title='bbox 2811 2029 2986 2082; x_wconf 81' lang='lat' dir='ltr'><strong>nullas</strong></span> <span class='ocrx_word' id='word_1_634' title='bbox 3013 2036 3195 2096; x_wconf 79' lang='lat' dir='ltr'><strong>partes</strong></span> <span class='ocrx_word' id='word_1_635' title='bbox 3223 2027 3451 2092; x_wconf 88' lang='lat' dir='ltr'><strong>sectilis,</strong></span> <span class='ocrx_word' id='word_1_636' title='bbox 3488 2043 3558 2081; x_wconf 76' lang='lat' dir='ltr'><strong>ex</strong></span> <span class='ocrx_word' id='word_1_637' title='bbox 3599 2026 3740 2081; x_wconf 83' lang='lat' dir='ltr'><strong>nulla</strong></span> 
     </span>
    </p>
   </div>
   <div class='ocr_carea' id='block_1_82' title="bbox 2161 2121 3741 2193">
    <p class='ocr_par' dir='ltr' id='par_1_82' title="bbox 2161 2121 3741 2193">
     <span class='ocr_line' id='line_1_82' title="bbox 2161 2121 3741 2193; baseline -0.002 -16"><span class='ocrx_word' id='word_1_638' title='bbox 2161 2131 2313 2193; x_wconf 87' lang='lat' dir='ltr'><strong>parte</strong></span> <span class='ocrx_word' id='word_1_639' title='bbox 2343 2121 2634 2185; x_wconf 85' lang='lat' dir='ltr'><strong>mutabilis,</strong></span> <span class='ocrx_word' id='word_1_640' title='bbox 2663 2121 2892 2190; x_wconf 85' lang='lat' dir='ltr'><strong>implens</strong></span> <span class='ocrx_word' id='word_1_641' title='bbox 2911 2121 3114 2176; x_wconf 62' lang='lat' dir='ltr'><strong>calum</strong></span> <span class='ocrx_word' id='word_1_642' title='bbox 3133 2130 3192 2174; x_wconf 91' lang='lat' dir='ltr'><strong>et</strong></span> <span class='ocrx_word' id='word_1_643' title='bbox 3219 2129 3444 2184; x_wconf 75' lang='lat' dir='ltr'><strong>terram,</strong></span> <span class='ocrx_word' id='word_1_644' title='bbox 3471 2128 3741 2188; x_wconf 62' lang='lat' dir='ltr'><strong>praesente</strong></span> 
     </span>
    </p>
   </div>
   <div class='ocr_carea' id='block_1_83' title="bbox 2164 2210 3741 2283">
    <p class='ocr_par' dir='ltr' id='par_1_83' title="bbox 2164 2210 3741 2283">
     <span class='ocr_line' id='line_1_83' title="bbox 2164 2210 3741 2283; baseline -0.001 -17"><span class='ocrx_word' id='word_1_645' title='bbox 2164 2213 2424 2283; x_wconf 89' lang='lat' dir='ltr'><strong>potentia,</strong></span> <span class='ocrx_word' id='word_1_646' title='bbox 2462 2217 2568 2267; x_wconf 87' lang='lat' dir='ltr'><strong>non</strong></span> <span class='ocrx_word' id='word_1_647' title='bbox 2606 2212 2881 2282; x_wconf 83' lang='lat' dir='ltr'><strong>indigente</strong></span> <span class='ocrx_word' id='word_1_648' title='bbox 2909 2219 3122 2265; x_wconf 86' lang='lat' dir='ltr'><strong>natura.</strong></span> <span class='ocrx_word' id='word_1_649' title='bbox 3167 2210 3259 2265; x_wconf 88' lang='lat' dir='ltr'><strong>Sic</strong></span> <span class='ocrx_word' id='word_1_650' title='bbox 3289 2213 3474 2279; x_wconf 87' lang='lat' dir='ltr'><strong>itaque</strong></span> <span class='ocrx_word' id='word_1_651' title='bbox 3510 2213 3741 2265; x_wconf 75' lang='lat' dir='ltr'><strong>admini~</strong></span> 
     </span>
    </p>
   </div>
   <div class='ocr_carea' id='block_1_84' title="bbox 2162 2303 3744 2372">
    <p class='ocr_par' dir='ltr' id='par_1_84' title="bbox 2162 2303 3744 2372">
     <span class='ocr_line' id='line_1_84' title="bbox 2162 2303 3744 2372; baseline -0.002 -13"><span class='ocrx_word' id='word_1_652' title='bbox 2162 2312 2300 2359; x_wconf 88' lang='lat' dir='ltr'><strong>strat</strong></span> <span class='ocrx_word' id='word_1_653' title='bbox 2341 2304 2541 2368; x_wconf 92' lang='lat' dir='ltr'><strong>omnia,</strong></span> <span class='ocrx_word' id='word_1_654' title='bbox 2593 2317 2713 2372; x_wconf 64' lang='lat' dir='ltr'><strong>quae</strong></span> <span class='ocrx_word' id='word_1_655' title='bbox 2741 2303 2968 2366; x_wconf 64' lang='lat' dir='ltr'><strong>creavit,</strong></span> <span class='ocrx_word' id='word_1_656' title='bbox 3009 2311 3069 2356; x_wconf 93' lang='lat' dir='ltr'><strong>ut</strong></span> <span class='ocrx_word' id='word_1_657' title='bbox 3117 2303 3278 2356; x_wconf 89' lang='lat' dir='ltr'><strong>etiam</strong></span> <span class='ocrx_word' id='word_1_658' title='bbox 3327 2303 3441 2371; x_wconf 88' lang='lat' dir='ltr'><strong>ipsa</strong></span> <span class='ocrx_word' id='word_1_659' title='bbox 3495 2303 3744 2372; x_wconf 83' lang='lat' dir='ltr'><strong>proprios</strong></span> 
     </span>
    </p>
   </div>
   <div class='ocr_carea' id='block_1_85' title="bbox 2162 2392 3746 2463">
    <p class='ocr_par' dir='ltr' id='par_1_85' title="bbox 2162 2392 3746 2463">
     <span class='ocr_line' id='line_1_85' title="bbox 2162 2392 3746 2463; baseline -0.003 -15"><span class='ocrx_word' id='word_1_660' title='bbox 2162 2409 2420 2449; x_wconf 77' lang='lat' dir='ltr'><strong>exercere</strong></span> <span class='ocrx_word' id='word_1_661' title='bbox 2447 2434 2463 2457; x_wconf 94' lang='lat'><strong>,</strong></span> <span class='ocrx_word' id='word_1_662' title='bbox 2491 2404 2546 2448; x_wconf 91' lang='lat' dir='ltr'><strong>et</strong></span> <span class='ocrx_word' id='word_1_663' title='bbox 2575 2409 2733 2463; x_wconf 86' lang='lat' dir='ltr'><strong>agere</strong></span> <span class='ocrx_word' id='word_1_664' title='bbox 2758 2401 2937 2447; x_wconf 88' lang='lat' dir='ltr'><strong>motus</strong></span> <span class='ocrx_word' id='word_1_665' title='bbox 2957 2394 3121 2446; x_wconf 83' lang='lat' dir='ltr'><strong>sinat.</strong></span> <span class='ocrx_word' id='word_1_666' title='bbox 3154 2392 3416 2457; x_wconf 83' lang='lat' dir='ltr'><strong>Quamvis</strong></span> <span class='ocrx_word' id='word_1_667' title='bbox 3437 2393 3586 2446; x_wconf 68' lang='lat' dir='ltr'><strong>enim</strong></span> <span class='ocrx_word' id='word_1_668' title='bbox 3615 2392 3746 2446; x_wconf 88' lang='lat' dir='ltr'><strong>nihil</strong></span> 
     </span>
    </p>
   </div>
   <div class='ocr_carea' id='block_1_86' title="bbox 2163 2482 3746 2554">
    <p class='ocr_par' dir='ltr' id='par_1_86' title="bbox 2163 2482 3746 2554">
     <span class='ocr_line' id='line_1_86' title="bbox 2163 2482 3746 2554; baseline -0.003 -14"><span class='ocrx_word' id='word_1_669' title='bbox 2163 2499 2286 2540; x_wconf 85' lang='lat' dir='ltr'><strong>esse</strong></span> <span class='ocrx_word' id='word_1_670' title='bbox 2342 2484 2552 2552; x_wconf 88' lang='lat' dir='ltr'><strong>possint</strong></span> <span class='ocrx_word' id='word_1_671' title='bbox 2593 2484 2710 2538; x_wconf 90' lang='lat' dir='ltr'><strong>sine</strong></span> <span class='ocrx_word' id='word_1_672' title='bbox 2757 2483 2897 2554; x_wconf 88' lang='lat' dir='ltr'><strong>ipso,</strong></span> <span class='ocrx_word' id='word_1_673' title='bbox 2938 2498 3043 2536; x_wconf 91' lang='lat' dir='ltr'><strong>non</strong></span> <span class='ocrx_word' id='word_1_674' title='bbox 3087 2492 3213 2537; x_wconf 83' lang='lat' dir='ltr'><strong>sunt</strong></span> <span class='ocrx_word' id='word_1_675' title='bbox 3251 2483 3396 2551; x_wconf 87' lang='lat' dir='ltr'><strong>quod</strong></span> <span class='ocrx_word' id='word_1_676' title='bbox 3441 2483 3580 2551; x_wconf 82' lang='lat' dir='ltr'><strong>ipse.</strong></span> <span class='ocrx_word' id='word_1_677' title='bbox 3623 2482 3746 2550; x_wconf 73' lang='lat' dir='ltr'><strong>Agit</strong></span> 
     </span>
    </p>
   </div>
   <div class='ocr_carea' id='block_1_87' title="bbox 2163 2572 3743 2642">
    <p class='ocr_par' dir='ltr' id='par_1_87' title="bbox 2163 2572 3743 2642">
     <span class='ocr_line' id='line_1_87' title="bbox 2163 2572 3743 2642; baseline -0.001 -14"><span class='ocrx_word' id='word_1_678' title='bbox 2163 2582 2342 2629; x_wconf 87' lang='lat' dir='ltr'><strong>autem</strong></span> <span class='ocrx_word' id='word_1_679' title='bbox 2375 2573 2542 2628; x_wconf 87' lang='lat' dir='ltr'><strong>multa</strong></span> <span class='ocrx_word' id='word_1_680' title='bbox 2587 2574 2750 2628; x_wconf 88' lang='lat' dir='ltr'><strong>etiam</strong></span> <span class='ocrx_word' id='word_1_681' title='bbox 2792 2587 2889 2641; x_wconf 89' lang='lat' dir='ltr'><strong>per</strong></span> <span class='ocrx_word' id='word_1_682' title='bbox 2934 2572 3186 2642; x_wconf 77' lang='lat' dir='ltr'><strong>Angelos,</strong></span> <span class='ocrx_word' id='word_1_683' title='bbox 3217 2573 3313 2627; x_wconf 86' lang='lat' dir='ltr'><strong>sed</strong></span> <span class='ocrx_word' id='word_1_684' title='bbox 3340 2573 3558 2627; x_wconf 84' lang='lat' dir='ltr'><strong>nonnisi</strong></span> <span class='ocrx_word' id='word_1_685' title='bbox 3585 2589 3656 2626; x_wconf 80' lang='lat' dir='ltr'><strong>es</strong></span> <span class='ocrx_word' id='word_1_686' title='bbox 3687 2589 3743 2627; x_wconf 86' lang='lat' dir='ltr'><strong>se</strong></span> 
     </span>
    </p>
   </div>
   <div class='ocr_carea' id='block_1_88' title="bbox 2165 2661 3745 2735">
    <p class='ocr_par' dir='ltr' id='par_1_88' title="bbox 2165 2661 3745 2735">
     <span class='ocr_line' id='line_1_88' title="bbox 2165 2661 3745 2735; baseline -0.003 -15"><span class='ocrx_word' id='word_1_687' title='bbox 2165 2667 2283 2735; x_wconf 88' lang='lat' dir='ltr'><strong>ipso</strong></span> <span class='ocrx_word' id='word_1_688' title='bbox 2310 2663 2587 2719; x_wconf 77' lang='lat' dir='ltr'><strong>beatiﬁcat</strong></span> <span class='ocrx_word' id='word_1_689' title='bbox 2613 2663 2862 2731; x_wconf 79' lang='lat' dir='ltr'><strong>Angelos.</strong></span> <span class='ocrx_word' id='word_1_690' title='bbox 2901 2662 2977 2716; x_wconf 88' lang='lat' dir='ltr'><strong>ita</strong></span> <span class='ocrx_word' id='word_1_691' title='bbox 3007 2663 3257 2731; x_wconf 83' lang='lat' dir='ltr'><strong>quamvis</strong></span> <span class='ocrx_word' id='word_1_692' title='bbox 3277 2671 3508 2731; x_wconf 88' lang='lat' dir='ltr'><strong>propter</strong></span> <span class='ocrx_word' id='word_1_693' title='bbox 3533 2661 3745 2730; x_wconf 78' lang='lat' dir='ltr'><strong>aliquas</strong></span> 
     </span>
    </p>
   </div>
   <div class='ocr_carea' id='block_1_89' title="bbox 2164 2755 3742 2825">
    <p class='ocr_par' dir='ltr' id='par_1_89' title="bbox 2164 2755 3742 2825">
     <span class='ocr_line' id='line_1_89' title="bbox 2164 2755 3742 2825; baseline -0.003 -13"><span class='ocrx_word' id='word_1_694' title='bbox 2164 2773 2353 2813; x_wconf 83' lang='lat' dir='ltr'><strong>causas</strong></span> <span class='ocrx_word' id='word_1_695' title='bbox 2379 2756 2686 2810; x_wconf 86' lang='lat' dir='ltr'><strong>hominibus</strong></span> <span class='ocrx_word' id='word_1_696' title='bbox 2705 2755 2937 2825; x_wconf 82' lang='lat' dir='ltr'><strong>Angelos</strong></span> <span class='ocrx_word' id='word_1_697' title='bbox 2966 2757 3162 2818; x_wconf 86' lang='lat' dir='ltr'><strong>mittat,</strong></span> <span class='ocrx_word' id='word_1_698' title='bbox 3181 2770 3285 2808; x_wconf 90' lang='lat' dir='ltr'><strong>non</strong></span> <span class='ocrx_word' id='word_1_699' title='bbox 3319 2764 3500 2808; x_wconf 84' lang='lat' dir='ltr'><strong>tamen</strong></span> <span class='ocrx_word' id='word_1_700' title='bbox 3535 2769 3602 2808; x_wconf 78' lang='lat' dir='ltr'><strong>ex</strong></span> <span class='ocrx_word' id='word_1_701' title='bbox 3635 2755 3742 2807; x_wconf 83' lang='lat' dir='ltr'><strong>An-</strong></span> 
     </span>
    </p>
   </div>
   <div class='ocr_carea' id='block_1_90' title="bbox 2163 2846 3743 2918">
    <p class='ocr_par' dir='ltr' id='par_1_90' title="bbox 2163 2846 3743 2918">
     <span class='ocr_line' id='line_1_90' title="bbox 2163 2846 3743 2918; baseline 0 -18"><span class='ocrx_word' id='word_1_702' title='bbox 2163 2847 2299 2918; x_wconf 85' lang='lat' dir='ltr'><strong>gelis</strong></span> <span class='ocrx_word' id='word_1_703' title='bbox 2321 2847 2589 2909; x_wconf 86' lang='lat' dir='ltr'><strong>homines,</strong></span> <span class='ocrx_word' id='word_1_704' title='bbox 2631 2847 2724 2900; x_wconf 86' lang='lat' dir='ltr'><strong>sed</strong></span> <span class='ocrx_word' id='word_1_705' title='bbox 2753 2859 2817 2901; x_wconf 79' lang='lat' dir='ltr'><strong>ex</strong></span> <span class='ocrx_word' id='word_1_706' title='bbox 2849 2861 2908 2900; x_wconf 87' lang='lat' dir='ltr'><strong>se</strong></span> <span class='ocrx_word' id='word_1_707' title='bbox 2941 2847 3075 2914; x_wconf 87' lang='lat' dir='ltr'><strong>ipso,</strong></span> <span class='ocrx_word' id='word_1_708' title='bbox 3113 2847 3253 2900; x_wconf 89' lang='lat' dir='ltr'><strong>sicut</strong></span> <span class='ocrx_word' id='word_1_709' title='bbox 3281 2846 3541 2916; x_wconf 80' lang='lat' dir='ltr'><strong>Angelos,</strong></span> <span class='ocrx_word' id='word_1_710' title='bbox 3571 2846 3743 2900; x_wconf 85' lang='lat' dir='ltr'><strong>beati-</strong></span> 
     </span>
    </p>
   </div>
   <div class='ocr_carea' id='block_1_91' title="bbox 2165 2937 3747 3006">
    <p class='ocr_par' dir='ltr' id='par_1_91' title="bbox 2165 2937 3747 3006">
     <span class='ocr_line' id='line_1_91' title="bbox 2165 2937 3747 3006; baseline -0.002 -13"><span class='ocrx_word' id='word_1_711' title='bbox 2165 2938 2314 2994; x_wconf 81' lang='lat' dir='ltr'><strong>iicat.</strong></span> <span class='ocrx_word' id='word_1_712' title='bbox 2349 2938 2431 2992; x_wconf 86' lang='lat' dir='ltr'><strong>Ab</strong></span> <span class='ocrx_word' id='word_1_713' title='bbox 2459 2939 2562 2992; x_wconf 87' lang='lat' dir='ltr'><strong>hoc</strong></span> <span class='ocrx_word' id='word_1_714' title='bbox 2587 2953 2695 2992; x_wconf 89' lang='lat' dir='ltr'><strong>uno</strong></span> <span class='ocrx_word' id='word_1_715' title='bbox 2724 2947 2779 2992; x_wconf 88' lang='lat' dir='ltr'><strong>et</strong></span> <span class='ocrx_word' id='word_1_716' title='bbox 2799 2953 2923 2992; x_wconf 87' lang='lat' dir='ltr'><strong>vero</strong></span> <span class='ocrx_word' id='word_1_717' title='bbox 2953 2937 3062 2992; x_wconf 88' lang='lat' dir='ltr'><strong>Deo</strong></span> <span class='ocrx_word' id='word_1_718' title='bbox 3083 2952 3366 3006; x_wconf 85' lang='lat' dir='ltr'><strong>speramus</strong></span> <span class='ocrx_word' id='word_1_719' title='bbox 3385 2938 3558 2994; x_wconf 82' lang='lat' dir='ltr'><strong>vitam</strong></span> <span class='ocrx_word' id='word_1_720' title='bbox 3590 2948 3747 2992; x_wconf 64' lang='lat' dir='ltr'><strong>arter-</strong></span> 
     </span>
    </p>
   </div>
   <div class='ocr_carea' id='block_1_92' title="bbox 2165 3028 3744 3100">
    <p class='ocr_par' dir='ltr' id='par_1_92' title="bbox 2165 3028 3744 3100">
     <span class='ocr_line' id='line_1_92' title="bbox 2165 3028 3744 3100; baseline 0 -15"><span class='ocrx_word' id='word_1_721' title='bbox 2165 3046 2291 3085; x_wconf 80' lang='lat' dir='ltr'><strong>natn</strong></span> <span class='ocrx_word' id='word_1_722' title='bbox 2325 3049 2337 3083; x_wconf 87' lang='lat'>:</span> <span class='ocrx_word' id='word_1_723' title='bbox 2381 3030 2643 3085; x_wconf 86' lang='lat' dir='ltr'><strong>habemus</strong></span> <span class='ocrx_word' id='word_1_724' title='bbox 2668 3031 2812 3084; x_wconf 89' lang='lat' dir='ltr'><strong>enim</strong></span> <span class='ocrx_word' id='word_1_725' title='bbox 2841 3029 3028 3085; x_wconf 83' lang='lat' dir='ltr'><strong>abillo</strong></span> <span class='ocrx_word' id='word_1_726' title='bbox 3065 3037 3264 3100; x_wconf 65' lang='lat' dir='ltr'><strong>printer</strong></span> <span class='ocrx_word' id='word_1_727' title='bbox 3298 3028 3614 3097; x_wconf 87' lang='lat' dir='ltr'><strong>hujusmodi</strong></span> <span class='ocrx_word' id='word_1_728' title='bbox 3657 3030 3744 3085; x_wconf 54' lang='lat' dir='ltr'><strong>beo</strong></span> 
     </span>
    </p>
   </div>
   <div class='ocr_carea' id='block_1_93' title="bbox 2166 3121 3741 3191">
    <p class='ocr_par' dir='ltr' id='par_1_93' title="bbox 2166 3121 3741 3191">
     <span class='ocr_line' id='line_1_93' title="bbox 2166 3121 3741 3191; baseline -0.002 -13"><span class='ocrx_word' id='word_1_729' title='bbox 2166 3123 2379 3186; x_wconf 83' lang='lat' dir='ltr'><strong>neilcin,</strong></span> <span class='ocrx_word' id='word_1_730' title='bbox 2433 3138 2553 3191; x_wconf 63' lang='lat' dir='ltr'><strong>quas</strong></span> <span class='ocrx_word' id='word_1_731' title='bbox 2603 3136 2671 3178; x_wconf 78' lang='lat' dir='ltr'><strong>ex</strong></span> <span class='ocrx_word' id='word_1_732' title='bbox 2717 3122 2857 3184; x_wconf 85' lang='lat' dir='ltr'><strong>hac,</strong></span> <span class='ocrx_word' id='word_1_733' title='bbox 2909 3121 2978 3175; x_wconf 86' lang='lat' dir='ltr'><strong>de</strong></span> <span class='ocrx_word' id='word_1_734' title='bbox 3019 3135 3125 3190; x_wconf 86' lang='lat' dir='ltr'><strong>qua</strong></span> <span class='ocrx_word' id='word_1_735' title='bbox 3176 3121 3432 3176; x_wconf 83' lang='lat' dir='ltr'><strong>nonnulla</strong></span> <span class='ocrx_word' id='word_1_736' title='bbox 3483 3121 3741 3184; x_wconf 74' lang='lat' dir='ltr'><strong>diximus,</strong></span> 
     </span>
    </p>
   </div>
   <div class='ocr_carea' id='block_1_94' title="bbox 2164 3211 3737 3282">
    <p class='ocr_par' dir='ltr' id='par_1_94' title="bbox 2164 3211 3737 3282">
     <span class='ocr_line' id='line_1_94' title="bbox 2164 3211 3737 3282; baseline -0.001 -16"><span class='ocrx_word' id='word_1_737' title='bbox 2164 3212 2628 3267; x_wconf 86' lang='lat' dir='ltr'><strong>administratione</strong></span> <span class='ocrx_word' id='word_1_738' title='bbox 2670 3220 2899 3276; x_wconf 64' lang='lat' dir='ltr'><strong>naturae,</strong></span> <span class='ocrx_word' id='word_1_739' title='bbox 2945 3211 3123 3274; x_wconf 86' lang='lat' dir='ltr'><strong>bonis,</strong></span> <span class='ocrx_word' id='word_1_740' title='bbox 3174 3211 3442 3281; x_wconf 86' lang='lat' dir='ltr'><strong>malisque</strong></span> <span class='ocrx_word' id='word_1_741' title='bbox 3490 3211 3737 3282; x_wconf 76' lang='lat' dir='ltr'><strong>largitur,</strong></span> 
     </span>
    </p>
   </div>
   <div class='ocr_carea' id='block_1_95' title="bbox 2164 3301 3741 3371">
    <p class='ocr_par' dir='ltr' id='par_1_95' title="bbox 2164 3301 3741 3371">
     <span class='ocr_line' id='line_1_95' title="bbox 2164 3301 3741 3371; baseline -0.001 -15"><span class='ocrx_word' id='word_1_742' title='bbox 2164 3318 2450 3371; x_wconf 79' lang='lat' dir='ltr'><strong>magnum,</strong></span> <span class='ocrx_word' id='word_1_743' title='bbox 2480 3310 2536 3356; x_wconf 88' lang='lat' dir='ltr'><strong>et</strong></span> <span class='ocrx_word' id='word_1_744' title='bbox 2565 3303 2828 3357; x_wconf 85' lang='lat' dir='ltr'><strong>bonorum</strong></span> <span class='ocrx_word' id='word_1_745' title='bbox 2867 3303 3144 3370; x_wconf 86' lang='lat' dir='ltr'><strong>proprium</strong></span> <span class='ocrx_word' id='word_1_746' title='bbox 3190 3317 3396 3371; x_wconf 62' lang='lat' dir='ltr'><strong>magna;</strong></span> <span class='ocrx_word' id='word_1_747' title='bbox 3435 3301 3741 3356; x_wconf 86' lang='lat' dir='ltr'><strong>dilectionis</strong></span> 
     </span>
    </p>
   </div>
   <div class='ocr_carea' id='block_1_96' title="bbox 2164 3389 3739 3458">
    <p class='ocr_par' dir='ltr' id='par_1_96' title="bbox 2164 3389 3739 3458">
     <span class='ocr_line' id='line_1_96' title="bbox 2164 3389 3739 3458; baseline -0.003 -12"><span class='ocrx_word' id='word_1_748' title='bbox 2164 3391 2442 3446; x_wconf 88' lang='lat' dir='ltr'><strong>indicium.</strong></span> <span class='ocrx_word' id='word_1_749' title='bbox 2485 3390 2805 3458; x_wconf 83' lang='lat' dir='ltr'><strong>Quanquam</strong></span> <span class='ocrx_word' id='word_1_750' title='bbox 2826 3390 2989 3454; x_wconf 87' lang='lat' dir='ltr'><strong>enim,</strong></span> <span class='ocrx_word' id='word_1_751' title='bbox 3024 3389 3166 3458; x_wconf 83' lang='lat' dir='ltr'><strong>quod</strong></span> <span class='ocrx_word' id='word_1_752' title='bbox 3195 3404 3402 3452; x_wconf 83' lang='lat' dir='ltr'><strong>smnus,</strong></span> <span class='ocrx_word' id='word_1_753' title='bbox 3429 3390 3581 3458; x_wconf 90' lang='lat' dir='ltr'><strong>quod</strong></span> <span class='ocrx_word' id='word_1_754' title='bbox 3608 3390 3739 3442; x_wconf 82' lang='lat' dir='ltr'><strong>vivi-</strong></span> 
     </span>
    </p>
   </div>
   <div class='ocr_carea' id='block_1_97' title="bbox 2163 3471 3737 3552">
    <p class='ocr_par' dir='ltr' id='par_1_97' title="bbox 2163 3471 3737 3552">
     <span class='ocr_line' id='line_1_97' title="bbox 2163 3471 3737 3552; baseline -0.004 -13"><span class='ocrx_word' id='word_1_755' title='bbox 2163 3499 2322 3548; x_wconf 89' lang='lat' dir='ltr'><strong>mus,</strong></span> <span class='ocrx_word' id='word_1_756' title='bbox 2359 3482 2502 3552; x_wconf 86' lang='lat' dir='ltr'><strong>quod</strong></span> <span class='ocrx_word' id='word_1_757' title='bbox 2539 3471 2735 3538; x_wconf 62' lang='lat' dir='ltr'><strong>dictum</strong></span> <span class='ocrx_word' id='word_1_758' title='bbox 2781 3490 3089 3548; x_wconf 88' lang='lat' dir='ltr'><strong>terramque</strong></span> <span class='ocrx_word' id='word_1_759' title='bbox 3139 3480 3510 3549; x_wconf 82' lang='lat' dir='ltr'><strong>conspicimus</strong></span> <span class='ocrx_word' id='word_1_760' title='bbox 3534 3521 3552 3542; x_wconf 93' lang='lat'><strong>,</strong></span> <span class='ocrx_word' id='word_1_761' title='bbox 3603 3481 3737 3549; x_wconf 72' lang='lat' dir='ltr'><strong>quod</strong></span> 
     </span>
    </p>
   </div>
   <div class='ocr_carea' id='block_1_98' title="bbox 2165 3570 3732 3638">
    <p class='ocr_par' dir='ltr' id='par_1_98' title="bbox 2165 3570 3732 3638">
     <span class='ocr_line' id='line_1_98' title="bbox 2165 3570 3732 3638; baseline -0.001 -13"><span class='ocrx_word' id='word_1_762' title='bbox 2165 3570 2427 3625; x_wconf 86' lang='lat' dir='ltr'><strong>habemus</strong></span> <span class='ocrx_word' id='word_1_763' title='bbox 2455 3578 2706 3632; x_wconf 86' lang='lat' dir='ltr'><strong>mentem,</strong></span> <span class='ocrx_word' id='word_1_764' title='bbox 2739 3578 2901 3638; x_wconf 89' lang='lat' dir='ltr'><strong>atque</strong></span> <span class='ocrx_word' id='word_1_765' title='bbox 2925 3571 3209 3632; x_wconf 84' lang='lat' dir='ltr'><strong>rationem,</strong></span> <span class='ocrx_word' id='word_1_766' title='bbox 3250 3584 3356 3638; x_wconf 87' lang='lat' dir='ltr'><strong>qua</strong></span> <span class='ocrx_word' id='word_1_767' title='bbox 3383 3585 3512 3623; x_wconf 83' lang='lat' dir='ltr'><strong>cum</strong></span> <span class='ocrx_word' id='word_1_768' title='bbox 3545 3571 3732 3638; x_wconf 83' lang='lat' dir='ltr'><strong>ipsum,</strong></span> 
     </span>
    </p>
   </div>
   <div class='ocr_carea' id='block_1_99' title="bbox 2163 3659 3731 3732">
    <p class='ocr_par' dir='ltr' id='par_1_99' title="bbox 2163 3659 3731 3732">
     <span class='ocr_line' id='line_1_99' title="bbox 2163 3659 3731 3732; baseline -0.001 -19"><span class='ocrx_word' id='word_1_769' title='bbox 2163 3661 2256 3729; x_wconf 91' lang='lat' dir='ltr'><strong>qui</strong></span> <span class='ocrx_word' id='word_1_770' title='bbox 2287 3661 2402 3714; x_wconf 68' lang='lat' dir='ltr'><strong>haec</strong></span> <span class='ocrx_word' id='word_1_771' title='bbox 2439 3659 2618 3713; x_wconf 88' lang='lat' dir='ltr'><strong>omnia</strong></span> <span class='ocrx_word' id='word_1_772' title='bbox 2666 3659 2945 3724; x_wconf 85' lang='lat' dir='ltr'><strong>condidit,</strong></span> <span class='ocrx_word' id='word_1_773' title='bbox 2990 3659 3357 3728; x_wconf 85' lang='lat' dir='ltr'><strong>inquiramus,</strong></span> <span class='ocrx_word' id='word_1_774' title='bbox 3399 3675 3731 3732; x_wconf 64' lang='lat' dir='ltr'><strong>nequaquam</strong></span> 
     </span>
    </p>
   </div>
   <div class='ocr_carea' id='block_1_100' title="bbox 2165 3748 3729 3818">
    <p class='ocr_par' dir='ltr' id='par_1_100' title="bbox 2165 3748 3729 3818">
     <span class='ocr_line' id='line_1_100' title="bbox 2165 3748 3729 3818; baseline 0 -16"><span class='ocrx_word' id='word_1_775' title='bbox 2165 3749 2438 3803; x_wconf 87' lang='lat' dir='ltr'><strong>valeamus</strong></span> <span class='ocrx_word' id='word_1_776' title='bbox 2484 3749 2682 3803; x_wconf 88' lang='lat' dir='ltr'><strong>actioni</strong></span> <span class='ocrx_word' id='word_1_777' title='bbox 2730 3748 2976 3804; x_wconf 66' lang='lat' dir='ltr'><strong>subicere</strong></span> <span class='ocrx_word' id='word_1_778' title='bbox 3021 3748 3318 3818; x_wconf 75' lang='lat' dir='ltr'><strong>gratiarum</strong></span> <span class='ocrx_word' id='word_1_779' title='bbox 3342 3789 3358 3814; x_wconf 95' lang='lat'><strong>,</strong></span> <span class='ocrx_word' id='word_1_780' title='bbox 3393 3757 3576 3804; x_wconf 82' lang='lat' dir='ltr'><strong>tamen</strong></span> <span class='ocrx_word' id='word_1_781' title='bbox 3601 3748 3729 3818; x_wconf 89' lang='lat' dir='ltr'><strong>quod</strong></span> 
     </span>
    </p>
   </div>
   <div class='ocr_carea' id='block_1_101' title="bbox 2163 3839 3731 3908">
    <p class='ocr_par' dir='ltr' id='par_1_101' title="bbox 2163 3839 3731 3908">
     <span class='ocr_line' id='line_1_101' title="bbox 2163 3839 3731 3908; baseline -0.001 -16"><span class='ocrx_word' id='word_1_782' title='bbox 2163 3853 2263 3892; x_wconf 89' lang='lat' dir='ltr'><strong>nos</strong></span> <span class='ocrx_word' id='word_1_783' title='bbox 2290 3846 2573 3902; x_wconf 79' lang='lat' dir='ltr'><strong>oneratos,</strong></span> <span class='ocrx_word' id='word_1_784' title='bbox 2603 3839 2934 3906; x_wconf 83' lang='lat' dir='ltr'><strong>obrutosque</strong></span> <span class='ocrx_word' id='word_1_785' title='bbox 2959 3839 3194 3907; x_wconf 80' lang='lat' dir='ltr'><strong>peccatis</strong></span> <span class='ocrx_word' id='word_1_786' title='bbox 3213 3878 3227 3901; x_wconf 97' lang='lat'><strong>,</strong></span> <span class='ocrx_word' id='word_1_787' title='bbox 3259 3848 3314 3893; x_wconf 90' lang='lat' dir='ltr'><strong>et</strong></span> <span class='ocrx_word' id='word_1_788' title='bbox 3353 3855 3383 3893; x_wconf 89' lang='lat' dir='ltr'><strong>a</strong></span> <span class='ocrx_word' id='word_1_789' title='bbox 3413 3840 3731 3908; x_wconf 84' lang='lat' dir='ltr'><strong>contempla-</strong></span> 
     </span>
    </p>
   </div>
   <div class='ocr_carea' id='block_1_102' title="bbox 2163 3926 3730 3991">
    <p class='ocr_par' dir='ltr' id='par_1_102' title="bbox 2163 3926 3730 3991">
     <span class='ocr_line' id='line_1_102' title="bbox 2163 3926 3730 3991; baseline -0.001 -11"><span class='ocrx_word' id='word_1_790' title='bbox 2163 3926 2310 3981; x_wconf 87' lang='lat' dir='ltr'><strong>tione</strong></span> <span class='ocrx_word' id='word_1_791' title='bbox 2341 3943 2453 3981; x_wconf 75' lang='lat' dir='ltr'><strong>sua:</strong></span> <span class='ocrx_word' id='word_1_792' title='bbox 2479 3927 2615 3980; x_wconf 90' lang='lat' dir='ltr'><strong>lucis</strong></span> <span class='ocrx_word' id='word_1_793' title='bbox 2642 3942 2881 3990; x_wconf 89' lang='lat' dir='ltr'><strong>aversos,</strong></span> <span class='ocrx_word' id='word_1_794' title='bbox 2904 3941 2966 3981; x_wconf 91' lang='lat' dir='ltr'><strong>ac</strong></span> <span class='ocrx_word' id='word_1_795' title='bbox 3011 3927 3388 3991; x_wconf 87' lang='lat' dir='ltr'><strong>tenebrarum,</strong></span> <span class='ocrx_word' id='word_1_796' title='bbox 3427 3928 3484 3982; x_wconf 89' lang='lat' dir='ltr'><strong>id</strong></span> <span class='ocrx_word' id='word_1_797' title='bbox 3521 3937 3606 3982; x_wconf 88' lang='lat' dir='ltr'><strong>est</strong></span> <span class='ocrx_word' id='word_1_798' title='bbox 3643 3926 3730 3980; x_wconf 83' lang='lat' dir='ltr'><strong>ini-</strong></span> 
     </span>
    </p>
   </div>
   <div class='ocr_carea' id='block_1_103' title="bbox 2162 4015 3732 4085">
    <p class='ocr_par' dir='ltr' id='par_1_103' title="bbox 2162 4015 3732 4085">
     <span class='ocr_line' id='line_1_103' title="bbox 2162 4015 3732 4085; baseline 0.001 -17"><span class='ocrx_word' id='word_1_799' title='bbox 2162 4015 2384 4085; x_wconf 89' lang='lat' dir='ltr'><strong>quitalis</strong></span> <span class='ocrx_word' id='word_1_800' title='bbox 2408 4015 2696 4070; x_wconf 88' lang='lat' dir='ltr'><strong>dilectione</strong></span> <span class='ocrx_word' id='word_1_801' title='bbox 2717 4024 2966 4080; x_wconf 60' lang='lat' dir='ltr'><strong>caecatos,</strong></span> <span class='ocrx_word' id='word_1_802' title='bbox 2991 4031 3097 4070; x_wconf 90' lang='lat' dir='ltr'><strong>non</strong></span> <span class='ocrx_word' id='word_1_803' title='bbox 3118 4017 3338 4070; x_wconf 89' lang='lat' dir='ltr'><strong>omnino</strong></span> <span class='ocrx_word' id='word_1_804' title='bbox 3361 4017 3626 4082; x_wconf 83' lang='lat' dir='ltr'><strong>deseruit,</strong></span> <span class='ocrx_word' id='word_1_805' title='bbox 3651 4017 3732 4071; x_wconf 84' lang='lat' dir='ltr'><strong>mi-</strong></span> 
     </span>
    </p>
   </div>
   <div class='ocr_carea' id='block_1_104' title="bbox 2163 4105 3732 4174">
    <p class='ocr_par' dir='ltr' id='par_1_104' title="bbox 2163 4105 3732 4174">
     <span class='ocr_line' id='line_1_104' title="bbox 2163 4105 3732 4174; baseline 0.002 -17"><span class='ocrx_word' id='word_1_806' title='bbox 2163 4105 2342 4173; x_wconf 89' lang='lat' dir='ltr'><strong>sitque</strong></span> <span class='ocrx_word' id='word_1_807' title='bbox 2395 4105 2552 4158; x_wconf 84' lang='lat' dir='ltr'><strong>nobis</strong></span> <span class='ocrx_word' id='word_1_808' title='bbox 2605 4105 2839 4160; x_wconf 72' lang='lat' dir='ltr'><strong>Verbum</strong></span> <span class='ocrx_word' id='word_1_809' title='bbox 2888 4120 3064 4168; x_wconf 88' lang='lat' dir='ltr'><strong>suum,</strong></span> <span class='ocrx_word' id='word_1_810' title='bbox 3118 4105 3210 4173; x_wconf 90' lang='lat' dir='ltr'><strong>qui</strong></span> <span class='ocrx_word' id='word_1_811' title='bbox 3255 4114 3338 4160; x_wconf 88' lang='lat' dir='ltr'><strong>est</strong></span> <span class='ocrx_word' id='word_1_812' title='bbox 3381 4105 3504 4174; x_wconf 88' lang='lat' dir='ltr'><strong>ejus</strong></span> <span class='ocrx_word' id='word_1_813' title='bbox 3556 4108 3732 4162; x_wconf 82' lang='lat' dir='ltr'><strong>unicus</strong></span> 
     </span>
    </p>
   </div>
   <div class='ocr_carea' id='block_1_105' title="bbox 2166 4197 3726 4270">
    <p class='ocr_par' dir='ltr' id='par_1_105' title="bbox 2166 4197 3726 4270">
     <span class='ocr_line' id='line_1_105' title="bbox 2166 4197 3726 4270; baseline 0.004 -22"><span class='ocrx_word' id='word_1_814' title='bbox 2166 4197 2330 4260; x_wconf 83' lang='lat' dir='ltr'><strong>illius,</strong></span> <span class='ocrx_word' id='word_1_815' title='bbox 2357 4213 2464 4265; x_wconf 91' lang='lat' dir='ltr'><strong>quo</strong></span> <span class='ocrx_word' id='word_1_816' title='bbox 2492 4212 2588 4266; x_wconf 90' lang='lat' dir='ltr'><strong>pro</strong></span> <span class='ocrx_word' id='word_1_817' title='bbox 2613 4198 2768 4252; x_wconf 86' lang='lat' dir='ltr'><strong>nobis</strong></span> <span class='ocrx_word' id='word_1_818' title='bbox 2791 4207 3068 4266; x_wconf 89' lang='lat' dir='ltr'><strong>assumpta</strong></span> <span class='ocrx_word' id='word_1_819' title='bbox 3093 4214 3256 4253; x_wconf 88' lang='lat' dir='ltr'><strong>carne</strong></span> <span class='ocrx_word' id='word_1_820' title='bbox 3280 4209 3430 4263; x_wconf 81' lang='lat' dir='ltr'><strong>nato,</strong></span> <span class='ocrx_word' id='word_1_821' title='bbox 3467 4217 3538 4255; x_wconf 90' lang='lat' dir='ltr'><strong>ac</strong></span> <span class='ocrx_word' id='word_1_822' title='bbox 3566 4216 3726 4270; x_wconf 61' lang='lat' dir='ltr'><strong>pomo,</strong></span> 
     </span>
    </p>
   </div>
   <div class='ocr_carea' id='block_1_106' title="bbox 2163 4277 3730 4360">
    <p class='ocr_par' dir='ltr' id='par_1_106' title="bbox 2163 4277 3730 4360">
     <span class='ocr_line' id='line_1_106' title="bbox 2163 4277 3730 4360; baseline 0.003 -20"><span class='ocrx_word' id='word_1_823' title='bbox 2163 4288 2350 4356; x_wconf 89' lang='lat' dir='ltr'><strong>quanti</strong></span> <span class='ocrx_word' id='word_1_824' title='bbox 2389 4288 2530 4342; x_wconf 85' lang='lat' dir='ltr'><strong>Deus</strong></span> <span class='ocrx_word' id='word_1_825' title='bbox 2567 4288 2838 4342; x_wconf 89' lang='lat' dir='ltr'><strong>hominem</strong></span> <span class='ocrx_word' id='word_1_826' title='bbox 2879 4277 3155 4358; x_wconf 67' lang='lat' dir='ltr'><strong>penderet,</strong></span> <span class='ocrx_word' id='word_1_827' title='bbox 3185 4303 3557 4356; x_wconf 80' lang='lat' dir='ltr'><strong>nosceremus,</strong></span> <span class='ocrx_word' id='word_1_828' title='bbox 3585 4301 3730 4360; x_wconf 84' lang='lat' dir='ltr'><strong>atque</strong></span> 
     </span>
    </p>
   </div>
   <div class='ocr_carea' id='block_1_107' title="bbox 2167 4378 3728 4449">
    <p class='ocr_par' dir='ltr' id='par_1_107' title="bbox 2167 4378 3728 4449">
     <span class='ocr_line' id='line_1_107' title="bbox 2167 4378 3728 4449; baseline 0.002 -18"><span class='ocrx_word' id='word_1_829' title='bbox 2167 4378 2258 4432; x_wconf 92' lang='lat' dir='ltr'><strong>illo</strong></span> <span class='ocrx_word' id='word_1_830' title='bbox 2289 4379 2552 4433; x_wconf 83' lang='lat' dir='ltr'><strong>sacriﬁcio</strong></span> <span class='ocrx_word' id='word_1_831' title='bbox 2576 4379 2871 4449; x_wconf 85' lang='lat' dir='ltr'><strong>singulari,</strong></span> <span class='ocrx_word' id='word_1_832' title='bbox 2903 4394 2933 4432; x_wconf 91' lang='lat' dir='ltr'><strong>a</strong></span> <span class='ocrx_word' id='word_1_833' title='bbox 2963 4380 3199 4448; x_wconf 86' lang='lat' dir='ltr'><strong>peccatis</strong></span> <span class='ocrx_word' id='word_1_834' title='bbox 3224 4381 3480 4435; x_wconf 88' lang='lat' dir='ltr'><strong>omnibus</strong></span> <span class='ocrx_word' id='word_1_835' title='bbox 3513 4383 3728 4436; x_wconf 81' lang='lat' dir='ltr'><strong>munda—</strong></span> 
     </span>
    </p>
   </div>
   <div class='ocr_carea' id='block_1_108' title="bbox 2171 4469 3730 4539">
    <p class='ocr_par' dir='ltr' id='par_1_108' title="bbox 2171 4469 3730 4539">
     <span class='ocr_line' id='line_1_108' title="bbox 2171 4469 3730 4539; baseline 0.003 -19"><span class='ocrx_word' id='word_1_836' title='bbox 2171 4483 2386 4533; x_wconf 78' lang='lat' dir='ltr'><strong>remur,</strong></span> <span class='ocrx_word' id='word_1_837' title='bbox 2441 4469 2670 4539; x_wconf 76' lang='lat' dir='ltr'><strong>ejusque</strong></span> <span class='ocrx_word' id='word_1_838' title='bbox 2707 4469 2900 4538; x_wconf 85' lang='lat' dir='ltr'><strong>spiritu</strong></span> <span class='ocrx_word' id='word_1_839' title='bbox 2935 4470 2992 4524; x_wconf 91' lang='lat' dir='ltr'><strong>in</strong></span> <span class='ocrx_word' id='word_1_840' title='bbox 3050 4471 3309 4525; x_wconf 84' lang='lat' dir='ltr'><strong>cordibus</strong></span> <span class='ocrx_word' id='word_1_841' title='bbox 3353 4473 3564 4526; x_wconf 74' lang='lat' dir='ltr'><strong>nostris</strong></span> <span class='ocrx_word' id='word_1_842' title='bbox 3611 4472 3730 4526; x_wconf 85' lang='lat' dir='ltr'><strong>dile-</strong></span> 
     </span>
    </p>
   </div>
   <div class='ocr_carea' id='block_1_109' title="bbox 2166 4558 3728 4632">
    <p class='ocr_par' dir='ltr' id='par_1_109' title="bbox 2166 4558 3728 4632">
     <span class='ocr_line' id='line_1_109' title="bbox 2166 4558 3728 4632; baseline -0.001 -19"><span class='ocrx_word' id='word_1_843' title='bbox 2166 4559 2348 4614; x_wconf 86' lang='lat' dir='ltr'><strong>ctione</strong></span> <span class='ocrx_word' id='word_1_844' title='bbox 2379 4558 2592 4622; x_wconf 83' lang='lat' dir='ltr'><strong>dil&#39;l‘usa,</strong></span> <span class='ocrx_word' id='word_1_845' title='bbox 2640 4559 2892 4614; x_wconf 86' lang='lat' dir='ltr'><strong>omnibus</strong></span> <span class='ocrx_word' id='word_1_846' title='bbox 2930 4558 3333 4615; x_wconf 72' lang='lat' dir='ltr'><strong>dimcultalibus</strong></span> <span class='ocrx_word' id='word_1_847' title='bbox 3363 4563 3656 4632; x_wconf 78' lang='lat' dir='ltr'><strong>superatis,</strong></span> <span class='ocrx_word' id='word_1_848' title='bbox 3684 4562 3728 4613; x_wconf 90' lang='lat' dir='ltr'><strong>in</strong></span> 
     </span>
    </p>
   </div>
   <div class='ocr_carea' id='block_1_110' title="bbox 2166 4649 3730 4720">
    <p class='ocr_par' dir='ltr' id='par_1_110' title="bbox 2166 4649 3730 4720">
     <span class='ocr_line' id='line_1_110' title="bbox 2166 4649 3730 4720; baseline 0.001 -19"><span class='ocrx_word' id='word_1_849' title='bbox 2166 4656 2423 4702; x_wconf 83' lang='lat' dir='ltr'><strong>:eternam</strong></span> <span class='ocrx_word' id='word_1_850' title='bbox 2470 4649 2746 4716; x_wconf 88' lang='lat' dir='ltr'><strong>requiem,</strong></span> <span class='ocrx_word' id='word_1_851' title='bbox 2793 4657 2850 4702; x_wconf 89' lang='lat' dir='ltr'><strong>et</strong></span> <span class='ocrx_word' id='word_1_852' title='bbox 2899 4649 3369 4719; x_wconf 84' lang='lat' dir='ltr'><strong>contemplationis</strong></span> <span class='ocrx_word' id='word_1_853' title='bbox 3412 4650 3536 4720; x_wconf 87' lang='lat' dir='ltr'><strong>ejus</strong></span> <span class='ocrx_word' id='word_1_854' title='bbox 3563 4650 3730 4706; x_wconf 67' lang='lat' dir='ltr'><strong>incia-</strong></span> 
     </span>
    </p>
   </div>
   <div class='ocr_carea' id='block_1_111' title="bbox 2164 4735 3729 4808">
    <p class='ocr_par' dir='ltr' id='par_1_111' title="bbox 2164 4735 3729 4808">
     <span class='ocr_line' id='line_1_111' title="bbox 2164 4735 3729 4808; baseline 0.002 -19"><span class='ocrx_word' id='word_1_855' title='bbox 2164 4735 2327 4790; x_wconf 89' lang='lat' dir='ltr'><strong>hilem</strong></span> <span class='ocrx_word' id='word_1_856' title='bbox 2352 4735 2689 4808; x_wconf 86' lang='lat' dir='ltr'><strong>dulcedinem</strong></span> <span class='ocrx_word' id='word_1_857' title='bbox 2731 4737 3042 4792; x_wconf 86' lang='lat' dir='ltr'><strong>veniremus</strong></span> <span class='ocrx_word' id='word_1_858' title='bbox 3085 4755 3100 4791; x_wconf 69' lang='grc' dir='ltr'><strong>ι</strong></span> <span class='ocrx_word' id='word_1_859' title='bbox 3153 4753 3273 4806; x_wconf 66' lang='lat' dir='ltr'><strong>quae</strong></span> <span class='ocrx_word' id='word_1_860' title='bbox 3318 4740 3516 4800; x_wconf 88' lang='lat' dir='ltr'><strong>corda,</strong></span> <span class='ocrx_word' id='word_1_861' title='bbox 3563 4741 3590 4780; x_wconf 61' lang='grc' dir='ltr'>ι</span> <span class='ocrx_word' id='word_1_862' title='bbox 3625 4755 3729 4808; x_wconf 66' lang='lat' dir='ltr'><strong>qua</strong></span> 
     </span>
    </p>
   </div>
   <div class='ocr_carea' id='block_1_112' title="bbox 2165 4825 3729 4898">
    <p class='ocr_par' dir='ltr' id='par_1_112' title="bbox 2165 4825 3729 4898">
     <span class='ocr_line' id='line_1_112' title="bbox 2165 4825 3729 4898; baseline 0.001 -18"><span class='ocrx_word' id='word_1_863' title='bbox 2165 4825 2361 4897; x_wconf 68' lang='lat' dir='ltr'><strong>lingua</strong></span> <span class='ocrx_word' id='word_1_864' title='bbox 2387 4826 2454 4882; x_wconf 87' lang='lat' dir='ltr'><strong>ad</strong></span> <span class='ocrx_word' id='word_1_865' title='bbox 2500 4828 2738 4897; x_wconf 86' lang='lat' dir='ltr'><strong>agendas</strong></span> <span class='ocrx_word' id='word_1_866' title='bbox 2789 4829 2840 4882; x_wconf 88' lang='lat' dir='ltr'><strong>ei</strong></span> <span class='ocrx_word' id='word_1_867' title='bbox 2879 4828 3084 4898; x_wconf 86' lang='lat' dir='ltr'><strong>gratias</strong></span> <span class='ocrx_word' id='word_1_868' title='bbox 3123 4829 3258 4884; x_wconf 88' lang='lat' dir='ltr'><strong>satis</strong></span> <span class='ocrx_word' id='word_1_869' title='bbox 3289 4844 3412 4884; x_wconf 81' lang='lat' dir='ltr'><strong>esse</strong></span> <span class='ocrx_word' id='word_1_870' title='bbox 3454 4830 3729 4886; x_wconf 83' lang='lat' dir='ltr'><strong>contende-</strong></span> 
     </span>
    </p>
   </div>
   <div class='ocr_carea' id='block_1_113' title="bbox 2173 4919 3728 4989">
    <p class='ocr_par' dir='ltr' id='par_1_113' title="bbox 2173 4919 3728 4989">
     <span class='ocr_line' id='line_1_113' title="bbox 2173 4919 3728 4989; baseline 0.003 -17"><span class='ocrx_word' id='word_1_871' title='bbox 2173 4919 2286 4972; x_wconf 90' lang='lat' dir='ltr'><strong>rint</strong></span> <span class='ocrx_word' id='word_1_872' title='bbox 2332 4919 2386 4972; x_wconf 76' lang='lat' dir='ltr'><strong>i?</strong></span> <span class='ocrx_word' id='word_1_873' title='bbox 2424 4938 2443 4972; x_wconf 77' lang='grc' dir='ltr'><strong><em>ι</em></strong></span> <span class='ocrx_word' id='word_1_874' title='bbox 2478 4919 2620 4974; x_wconf 88' lang='lat' dir='ltr'><strong>Deus</strong></span> <span class='ocrx_word' id='word_1_875' title='bbox 2648 4921 2832 4989; x_wconf 88' lang='lat' dir='ltr'><strong>itaque</strong></span> <span class='ocrx_word' id='word_1_876' title='bbox 2859 4936 3102 4976; x_wconf 77' lang='lat' dir='ltr'><strong>summus</strong></span> <span class='ocrx_word' id='word_1_877' title='bbox 3139 4931 3194 4976; x_wconf 89' lang='lat' dir='ltr'><strong>et</strong></span> <span class='ocrx_word' id='word_1_878' title='bbox 3221 4938 3384 4977; x_wconf 87' lang='lat' dir='ltr'><strong>verus</strong></span> <span class='ocrx_word' id='word_1_879' title='bbox 3411 4940 3540 4979; x_wconf 89' lang='lat' dir='ltr'><strong>cum</strong></span> <span class='ocrx_word' id='word_1_880' title='bbox 3572 4923 3728 4979; x_wconf 74' lang='lat' dir='ltr'><strong>Verbo</strong></span> 
     </span>
    </p>
   </div>
   <div class='ocr_carea' id='block_1_114' title="bbox 2171 5011 3729 5084">
    <p class='ocr_par' dir='ltr' id='par_1_114' title="bbox 2171 5011 3729 5084">
     <span class='ocr_line' id='line_1_114' title="bbox 2171 5011 3729 5084; baseline 0 -18"><span class='ocrx_word' id='word_1_881' title='bbox 2171 5027 2294 5077; x_wconf 86' lang='lat' dir='ltr'><strong>suo,</strong></span> <span class='ocrx_word' id='word_1_882' title='bbox 2339 5021 2395 5066; x_wconf 89' lang='lat' dir='ltr'><strong>et</strong></span> <span class='ocrx_word' id='word_1_883' title='bbox 2439 5011 2644 5083; x_wconf 87' lang='lat' dir='ltr'><strong>Spiritu</strong></span> <span class='ocrx_word' id='word_1_884' title='bbox 2685 5022 2894 5080; x_wconf 81' lang='lat' dir='ltr'><strong>sancto,</strong></span> <span class='ocrx_word' id='word_1_885' title='bbox 2939 5015 3031 5084; x_wconf 85' lang='lat' dir='ltr'><strong>qui</strong></span> <span class='ocrx_word' id='word_1_886' title='bbox 3075 5017 3179 5073; x_wconf 88' lang='lat' dir='ltr'><strong>tria</strong></span> <span class='ocrx_word' id='word_1_887' title='bbox 3214 5033 3381 5071; x_wconf 85' lang='lat' dir='ltr'><strong>unum</strong></span> <span class='ocrx_word' id='word_1_888' title='bbox 3426 5030 3580 5083; x_wconf 85' lang='lat' dir='ltr'><strong>sunt,</strong></span> <span class='ocrx_word' id='word_1_889' title='bbox 3609 5017 3729 5071; x_wconf 82' lang='lat' dir='ltr'><strong>Deus</strong></span> 
     </span>
    </p>
   </div>
   <div class='ocr_carea' id='block_1_115' title="bbox 2249 5144 3724 5221">
    <p class='ocr_par' dir='ltr' id='par_1_115' title="bbox 2249 5144 3724 5221">
     <span class='ocr_line' id='line_1_115' title="bbox 2249 5144 3724 5221; baseline 0.005 -25"><span class='ocrx_word' id='word_1_890' title='bbox 2249 5144 2268 5184; x_wconf 73' lang='grc' dir='ltr'><strong><em>ΐ</em></strong></span> <span class='ocrx_word' id='word_1_891' title='bbox 2306 5144 2435 5221; x_wconf 70' lang='lat' dir='ltr'><strong>Qua:</strong></span> <span class='ocrx_word' id='word_1_892' title='bbox 2477 5155 2775 5221; x_wconf 81' lang='lat' dir='ltr'><strong>sequuntur</strong></span> <span class='ocrx_word' id='word_1_893' title='bbox 2813 5149 2880 5221; x_wconf 73' lang='lat' dir='ltr'><strong>ad</strong></span> <span class='ocrx_word' id='word_1_894' title='bbox 2912 5164 3160 5221; x_wconf 77' lang='lat' dir='ltr'><strong>magnam</strong></span> <span class='ocrx_word' id='word_1_895' title='bbox 3188 5157 3393 5221; x_wconf 77' lang='lat' dir='ltr'><strong>partem</strong></span> <span class='ocrx_word' id='word_1_896' title='bbox 3444 5168 3510 5206; x_wconf 71' lang='lat' dir='ltr'><strong>ex</strong></span> <span class='ocrx_word' id='word_1_897' title='bbox 3557 5152 3724 5206; x_wconf 81' lang='lat' dir='ltr'><strong>eodem</strong></span> 
     </span>
    </p>
   </div>
   <div class='ocr_carea' id='block_1_116' title="bbox 2171 5213 3728 5290">
    <p class='ocr_par' dir='ltr' id='par_1_116' title="bbox 2171 5213 3728 5290">
     <span class='ocr_line' id='line_1_116' title="bbox 2171 5213 3728 5290; baseline 0.004 -22"><span class='ocrx_word' id='word_1_898' title='bbox 2171 5213 2468 5290; x_wconf 78' lang='lat' dir='ltr'><strong>Augustino</strong></span> <span class='ocrx_word' id='word_1_899' title='bbox 2493 5213 2787 5290; x_wconf 68' lang='lat' dir='ltr'><strong>desumpsit</strong></span> <span class='ocrx_word' id='word_1_900' title='bbox 2808 5213 3078 5290; x_wconf 70' lang='lat' dir='ltr'><strong>Claudius.</strong></span> <span class='ocrx_word' id='word_1_901' title='bbox 3107 5213 3368 5290; x_wconf 75' lang='lat' dir='ltr'><strong>Compara</strong></span> <span class='ocrx_word' id='word_1_902' title='bbox 3401 5222 3580 5277; x_wconf 86' lang='lat' dir='ltr'><strong>locum</strong></span> <span class='ocrx_word' id='word_1_903' title='bbox 3607 5224 3728 5276; x_wconf 76' lang='lat' dir='ltr'><strong>hanc</strong></span> 
     </span>
    </p>
   </div>
   <div class='ocr_carea' id='block_1_117' title="bbox 2171 5286 3197 5354">
    <p class='ocr_par' dir='ltr' id='par_1_117' title="bbox 2171 5286 3197 5354">
     <span class='ocr_line' id='line_1_117' title="bbox 2171 5286 3197 5354; baseline 0.005 -15"><span class='ocrx_word' id='word_1_904' title='bbox 2171 5299 2294 5339; x_wconf 90' lang='lat' dir='ltr'><strong>cum</strong></span> <span class='ocrx_word' id='word_1_905' title='bbox 2321 5287 2498 5354; x_wconf 78' lang='lat' dir='ltr'><strong>capite</strong></span> <span class='ocrx_word' id='word_1_906' title='bbox 2517 5289 2586 5341; x_wconf 77' lang='lat'><strong>30</strong></span> <span class='ocrx_word' id='word_1_907' title='bbox 2617 5286 2740 5341; x_wconf 85' lang='lat' dir='ltr'><strong>libri</strong></span> <span class='ocrx_word' id='word_1_908' title='bbox 2769 5304 2843 5342; x_wconf 86' lang='lat' dir='ltr'><strong>vu</strong></span> <span class='ocrx_word' id='word_1_909' title='bbox 2870 5289 2934 5342; x_wconf 80' lang='lat' dir='ltr'><strong>de</strong></span> <span class='ocrx_word' id='word_1_910' title='bbox 2960 5289 3197 5344; x_wconf 75' lang='lat' dir='ltr'><strong>Civitate.</strong></span> 
     </span>
    </p>
   </div>
   <div class='ocr_carea' id='block_1_118' title="bbox 2247 5353 2495 5418">
    <p class='ocr_par' dir='ltr' id='par_1_118' title="bbox 2247 5353 2495 5418">
     <span class='ocr_line' id='line_1_118' title="bbox 2247 5353 2495 5418; baseline 0 -12"><span class='ocrx_word' id='word_1_911' title='bbox 2247 5356 2271 5393; x_wconf 72' lang='grc'><strong><em>⁸</em></strong></span> <span class='ocrx_word' id='word_1_912' title='bbox 2311 5353 2495 5418; x_wconf 76' lang='lat' dir='ltr'><strong>Quem.</strong></span> 
     </span>
    </p>
   </div>
   <div class='ocr_carea' id='block_1_119' title="bbox 2244 5423 2473 5487">
    <p class='ocr_par' dir='ltr' id='par_1_119' title="bbox 2244 5423 2473 5487">
     <span class='ocr_line' id='line_1_119' title="bbox 2244 5423 2473 5487; baseline 0.009 -13"><span class='ocrx_word' id='word_1_913' title='bbox 2244 5423 2269 5462; x_wconf 70' lang='grc' dir='ltr'>δ</span> <span class='ocrx_word' id='word_1_914' title='bbox 2315 5423 2473 5487; x_wconf 82' lang='lat' dir='ltr'><strong>Quot.</strong></span> 
     </span>
    </p>
   </div>
   <div class='ocr_carea' id='block_1_120' title="bbox 2251 5491 3725 5569">
    <p class='ocr_par' dir='ltr' id='par_1_120' title="bbox 2251 5491 3725 5569">
     <span class='ocr_line' id='line_1_120' title="bbox 2251 5491 3725 5569; baseline 0.009 -26"><span class='ocrx_word' id='word_1_915' title='bbox 2251 5493 2267 5569; x_wconf 64' lang='grc' dir='ltr'>ξ</span> <span class='ocrx_word' id='word_1_916' title='bbox 2305 5491 2705 5569; x_wconf 78' lang='lat' dir='ltr'><strong>Subsequentia</strong></span> <span class='ocrx_word' id='word_1_917' title='bbox 2738 5496 2989 5569; x_wconf 75' lang='lat' dir='ltr'><strong>vitientur</strong></span> <span class='ocrx_word' id='word_1_918' title='bbox 3011 5513 3076 5553; x_wconf 76' lang='lat' dir='ltr'><strong>ex</strong></span> <span class='ocrx_word' id='word_1_919' title='bbox 3113 5498 3410 5569; x_wconf 83' lang='lat' dir='ltr'><strong>Augustino</strong></span> <span class='ocrx_word' id='word_1_920' title='bbox 3441 5499 3725 5567; x_wconf 70' lang='lat' dir='ltr'><strong>desumpta.</strong></span> 
     </span>
    </p>
   </div>
   <div class='ocr_carea' id='block_1_121' title="bbox 2175 5561 3727 5643">
    <p class='ocr_par' dir='ltr' id='par_1_121' title="bbox 2175 5561 3727 5643">
     <span class='ocr_line' id='line_1_121' title="bbox 2175 5561 3727 5643; baseline 0.005 -28"><span class='ocrx_word' id='word_1_921' title='bbox 2175 5561 2268 5615; x_wconf 90' lang='lat' dir='ltr'><strong>scd</strong></span> <span class='ocrx_word' id='word_1_922' title='bbox 2304 5561 2496 5643; x_wconf 68' lang='lat' dir='ltr'><strong>locum,</strong></span> <span class='ocrx_word' id='word_1_923' title='bbox 2553 5563 2606 5617; x_wconf 92' lang='lat' dir='ltr'><strong>in</strong></span> <span class='ocrx_word' id='word_1_924' title='bbox 2630 5579 2738 5634; x_wconf 85' lang='lat' dir='ltr'><strong>quo</strong></span> <span class='ocrx_word' id='word_1_925' title='bbox 2779 5566 2893 5622; x_wconf 77' lang='lat' dir='ltr'><strong>inec</strong></span> <span class='ocrx_word' id='word_1_926' title='bbox 2930 5570 3107 5623; x_wconf 87' lang='lat' dir='ltr'><strong>tradat</strong></span> <span class='ocrx_word' id='word_1_927' title='bbox 3145 5561 3448 5638; x_wconf 39' lang='lat' dir='ltr'><strong>STDoetor,</strong></span> <span class='ocrx_word' id='word_1_928' title='bbox 3475 5561 3727 5640; x_wconf 64' lang='lat' dir='ltr'><strong>hactenus</strong></span> 
     </span>
    </p>
   </div>
   <div class='ocr_carea' id='block_1_122' title="bbox 2182 5645 2512 5687">
    <p class='ocr_par' dir='ltr' id='par_1_122' title="bbox 2182 5645 2512 5687">
     <span class='ocr_line' id='line_1_122' title="bbox 2182 5645 2512 5687; baseline -0.003 -1"><span class='ocrx_word' id='word_1_929' title='bbox 2182 5646 2288 5687; x_wconf 80' lang='lat' dir='ltr'><strong>non</strong></span> <span class='ocrx_word' id='word_1_930' title='bbox 2315 5645 2512 5687; x_wconf 66' lang='lat' dir='ltr'><strong>IIIYCIII.</strong></span> 
     </span>
    </p>
   </div>
  </div>
