3922 6180
502 210 609 270 835

1573 200 1848 260 cmunu
1884 201 2350 260 TAURINENSIS
2385 201 2693 262 urnscort
3615 215 3696 274 ω

499 327 698 400 iiuna:
720 322 906 393 script
926 331 1048 400 vet.
1063 319 1338 400 volumine
1356 334 1410 400 p.
1435 317 1542 400 ξπ
1564 317 1735 400 (Infra
1777 319 1884 373 col.
1925 320 2076 400 ξεῖ»
2107 323 2160 384 Α
2183 317 2328 375 beati
2343 317 2660 390 Hieronymi
2671 318 3174 391 presbyterum
3192 320 3244 375 in
3265 321 3558 392 putatione
3572 341 3700 400 up.

499 394 657 450 Nunc
689 388 866 447 autem
907 388 1278 461 praafationem
1323 388 1869 461 ejusdem'divulgare
1897 388 2076 461 placet

501 408 657 450 nunc
689 408 866 447 autem
947 408 1278 447 mutationem
1323 408 1562 461 ejusuem
1593 408 1869 459 uwurgare
1897 408 2074 459 placet

501 467 558 520 in
583 464 842 520 Catenam
878 408 944 514 ag
988 477 1053 515 eo
1081 469 1390 523 contextam
1419 475 1483 514 ex
1524 458 1735 513 Latinis
1772 459 2074 528 przesertim

500 535 753 590 Patribus
777 545 940 602 super
967 531 1199 602 Matthxi
1224 530 1601 602 Evangelium;
1626 544 1788 602 quam
1819 530 2076 585 ineditam

500 605 556 659 in
579 603 786 657 duobus
801 600 1068 669 conspexi
1085 601 1385 665 codicibus,
1407 601 1581 655 altero
1600 600 1816 668 quidem
1841 609 2080 655 vetusta-

501 673 572 743 tis
602 680 707 725 tam
732 671 1052 726 veneranda:
1065 681 1152 743 _ut_
1177 671 1277 743 ipsi
1307 671 1532 743 Claudio
1564 670 1814 743 videatur
1841 685 2074 743 comvus,

499 741 675 794 altero
712 749 892 795 autem
919 740 1099 796 saeculi
1129 737 1297 796 ferme
1324 757 1400 794 χι.
1428 739 1568 794 Sane
1591 739 1717 808 quia
1740 737 1947 794 Latinis
1971 740 2076 795 Ca-

497 811 643 880 tenis
680 825 786 864 non
816 825 968 880 atque
991 818 1053 864 ut
1091 810 1298 866 Graecis
1339 809 1890 880 abundamus,_utile
1942 809 2080 864 foret

500 879 850 935 Claudianam
880 877 1020 950 itane
1045 881 1116 934 ad
1156 881 1434 950 publicum
1459 895 1614 950 usum
1646 877 1897 950 deferre;
1932 880 2079 950 quod

500 966 589 1004 me
619 950 906 1019 aliquando
938 947 1206 1005 facturum
1236 965 1341 1004 non
1375 949 1704 1018 despondeo.
1729 947 1966 1003 Interim'
1996 958 2078 1005 ιδε-

502 1034 626 1090 men
643 1019 1047 1090 eruditum-ejus
1066 1021 1343 1090 prologum
1368 1019 1600 1074 libenter
1618 1019 1760 1087 typis
1777 1021 2078 1085 committo,

500 1088 658 1157 cujus
698 1089 910 1143 nonnisi
955 1088 1091 1144 duas
1137 1088 1432 1157 paucorum
1474 1104 1727 1143 versuum
1785 1091 2082 1158 particulas

503 1159 741 1230 vulgavit
769 1159 1348 1230 _olii_nr_Baroniusad
1397 1159 1759 1230 annttm_8l5,
1809 1174 1875 1213 ex
1909 1175 2082 1230 eoque

501 1229 558 1282 in
591 1227 846 1297 epistolas
875 1227 1193 1282 Ilibernicas
1241 1229 1427 1296 (quasi
1465 1227 1720 1284 Claudius
1748 1238 1893 1284 esset
1923 1227 2082 1297 gente

502 1297 905 1370 Ilibemensis,
949 1301 1091 1370 quod
1131 1298 1407 1370 immerito
1446 1299 1711 1370 creditum
1761 1298 1865 1370 est)
1919 1297 2083 1355 Usse-

503 1367 620 1422 rius
659 1368 955 1422 transtulit.
1006 1369 1347 1435 Cmteroquin
1401 1369 1517 1422 luce
1567 1367 1812 1436 prmfatio
1847 1367 2079 1424 nonnisi

502 1437 557 1492 in
607 1438 912 1508 antiquiore
960 1439 1149 1493 codice
1195 1437 1500 1506 superfuit,
1541 1438 1669 1508 quia
1717 1439 1858 1493 alter
1906 1441 2082 1495 codex

503 1507 796 1576 accplialus
825 1517 925 1563 est.

947 1620 1196 1676 INCIPIT
1235 1619 1627 1676 PREFATIO.

850 1748 1050 1788 DOIINO
1076 1747 1278 1787 δωροῖο
1309 1747 1370 1788 ΑΕ
1401 1747 1716 1788 Βελτιεδυιο

552 1818 626 1860 ετ
663 1819 777 1858 IIIII
809 1819 1087 1858 PECULIABI
1109 1819 1283 1858 CUL'I'U
1311 1817 1652 1867 AFFECTUQUB
1682 1818 2032 1860 SPECIALITER

793 1887 1104 1930 EXCOLESDO
1161 1891 1323 1928 PATRI
1382 1889 1545 1928 «Ιυὸτο
1604 1892 1800 1930 ΑΒΒΛΤΙ

1003 1959 1262 1999 CLAUDIUS
1292 1960 1584 1999 PECCATOR.

579 2079 598 2112 ι
627 2061 783 2115 Anno
810 2058 914 2115 815
954 2058 1348 2114 incarnationis
1379 2057 1679 2113 Salv'atoris
1722 2057 1852 2114 Iesu
1880 2058 2084 2114 Christi

502 2150 715 2206 Domini
746 2150 952 2214 nostri,
991 2157 1277 2219 postquam
1305 2149 1428 2218 pius
1457 2162 1522 2202 ac
1565 2148 1887 2204 mitissimus
1936 2150 2084 2218 priu-

499 2256 648 2313 ceps,
677 2247 879 2295 sanan
903 2239 998 2294 Dei
1033 2239 1292 2294 Ecclesia:
1325 2239 1608 2294 catholicae
1639 2237 1781 2292 illius
1810 2238 2086 2294 Illudovvi-

498 2339 597 2386 cus
619 2345 761 2384 anno
788 2329 1023 2384 secundo
1050 2329 1265 2399 imperii
1286 2329 1392 2394 sui,
1422 2328 1632 2384 cmlesti
1675 2327 1844 2385 fultus
1877 2329 2084 2385 auxilio

499 2423 761 2478 adversus
791 2421 1055 2477 barbaras
1081 2421 1329 2476 nationes
1357 2421 1618 2476 movisset
1639 2422 1974 2486 exercitum;
2007 2430 2087 2478 te-

498 2527 606 2583 que
630 2511 867 2568 abeunte
889 2519 944 2566 et
965 2510 1277 2566 discedente
1305 2518 1394 2565 tua
1435 2511 1759 2580 paternitate
1785 2527 1852 2566 ex
1879 2511 2084 2581 palatio

490 2601 610 2672 jam
636 2602 766 2657 dicti
803 2601 1064 2672 principis
1089 2601 1157 2655 ad
1185 2609 1358 2655 tutum
1404 2600 1774 2670 dilectumque
1804 2603 1902 2658 tibi
1935 2618 2077 2658 sem—

496 2708 597 2763 per
623 2692 699 2747 tui
717 2691 1032 2746 monasterii
1056 2697 1305 2760 portum;
1337 2690 1618 2760 injunxisti
1642 2691 1774 2745 mihi
1795 2691 2086 2762 utaliquod

495 2784 718 2856 dignum
751 2784 1027 2838 memoriae
1051 2783 1371 2852 opusculum
1395 2785 1448 2838 in
1475 2783 1814 2851 expositione
1837 2783 2082 2854 Evange-

493 2873 553 2930 lii
585 2873 649 2928 ad
679 2875 961 2946 legendum
1001 2874 1290 2945 dirigerem
1335 2871 1597 2926 fratribus
1639 2872 1959 2927 monasterii
1982 2888 2076 2928 ve-

495 2964 598 3019 stri
623 2963 723 3037 (a).
747 2984 764 3015 ι
798 2961 977 3033 Atque
1004 2964 1214 3018 utinam
1256 2971 1404 3016 tanta
1430 2970 1574 3018 esset
1625 2959 1774 3035 fandi
1829 2960 2079 3032 facultas,

2179 410 2395 466 sitionis
2414 409 2575 479 hujus
2597 410 2834 466 Matthei
2857 411 3076 482 scripsit
3114 412 3186 468 ad
3205 415 3483 482 quem“

2179 504 2418 568 nomine,
2449 503 2506 558 in
2530 519 2640 574 quo
2677 503 2755 558 ait
2782 521 2796 558 :
2832 523 2852 555 ι
2895 504 3027 558 satis
3053 504 3257 570 miror,
3289 506 3478 563 Eusebi
3499 509 3704 568 dilectis-

2179 595 2338 658 sime,
2363 609 2460 656 cur
2483 593 2712 649 Roma
2732 594 2912 648 subito
2934 595 3305 666 navigaturus.
3336 597 3468 651 hanc
3485 598 3574 652 tibi
3597 615 3623 653 a
3639 617 3707 658 Its

2177 687 2331 756 quasi
2363 685 2642 740 sitarciam
2670 685 2785 740 dari
2823 683 3077 750 volueris,
3115 695 3181 740 ut
3224 686 3519 742 Manlianum
3565 691 3706 746 brevi-

2180 785 2261 832 ter
2279 791 2576 846 exponens,
2608 777 2790 832 verbis
2813 778 3163 848 attingerem,
3185 778 3428 834 sensibus
3451 780 3702 838 dilatam.

2182 865 2237 921 Si
2269 868 2609 923 meminisses
2637 869 3006 937 responsionis
3045 883 3204 934 meae,
3241 884 3500 939 nunquam
3529 873 3576 926 in
3611 890 3706 944 pau-

2180 959 2260 1014 cis
2303 959 2493 1015 diebus
2553 975 2668 1014 rem
2715 975 2980 1015 annorum
3020 969 3257 1029 peteres.
3307 980 3326 1012 ›
3361 960 3705 1036 Spoponditqne

2181 1064 2241 1104 se
2263 1050 2339 1104 illi
2367 1052 2470 1105 hoc
2492 1051 2546 1104 in
2572 1059 2850 1120 posterum
2873 1049 3191 1120 plenissime
3203 1051 3570 1121 expositurum.
3587 1055 3703 1122 Quod

2182 1141 2400 1210 quidem
2423 1155 2766 1210 nequaquam
2787 1139 3010 1203 faceret,
3035 1140 3208 1195 sinon
3225 1141 3387 1194 multa
3402 1145 3703 1211 praemissa

2185 1233 2293 1288 illic
2324 1240 2667 1287 sacramenta
2691 1245 2814 1284 esse
2835 1268 2854 1294 ,
2901 1229 3044 1285 idem
3077 1230 3164 1283 vir
3189 1238 3408 1286 sanctus
3440 1233 3600 1287 sciret.
3632 1233 3702 1289 Le-

2185 1329 2278 1391 gat
2309 1328 2366 1374 ct
2414 1320 2552 1374 alios
2599 1319 2771 1389 ipsius
2811 1318 3094 1390 Evangelii
3161 1317 3380 1374 Latinos
3433 1323 3702 1391 expositam

2185 1413 2448 1468 Hilarium
2478 1421 2536 1468 et
2572 1411 2948 1475 Fortunatam,
2973 1420 3029 1465 et
3049 1411 3210 1481 juxta
3252 1413 3483 1468 historiae
3505 1415 3697 1471 ordine

2185 1520 2375 1560 omnes
2422 1518 2613 1559 sensus
2672 1503 2949 1574 physicos,
3006 1502 3352 1573 allegoricos,
3401 1511 3547 1572 atque
3581 1507 3700 1559 etiam

2188 1597 2400 1652 ethicos
2421 1596 2668 1666 requirat
2694 1595 2983 1664 diligenter
3002 1595 3072 1650 ad
3101 1611 3301 1665 purum
3328 1611 3345 1660 ;
3373 1603 3425 1650 et
3452 1604 3563 1650 tunc
3583 1611 3699 1650 nosse

2120 1696 2167 1755 Β
2193 1690 2392 1757 poterit
2440 1697 2621 1742 utrum
2661 1701 2762 1758 ego
2815 1687 2989 1742 otiose
3028 1701 3102 1740 an
3153 1687 3362 1750 devote,
3403 1686 3630 1756 superﬂue
3653 1701 3699 1738 an

2191 1780 2518 1846 necessarie,
2544 1781 2598 1834 in
2637 1780 2742 1834 hoc
2785 1793 2951 1848 opere
2995 1778 3376 1834 laboraverim.
3415 1778 3478 1832 Et
3497 1779 3536 1833 si
3565 1779 3604 1833 ei
3626 1793 3698 1832 non

2186 1875 2453 1945 placuerit
2478 1873 2688 1929 fructus
2715 1873 2918 1928 laboris
2951 1873 3083 1938 mei,
3127 1873 3314 1926 audiat
3345 1871 3482 1927 salva
3501 1871 3699 1926 charitatc

2190 1979 2508 2034 responsqu
2538 1981 2553 2030 ;
2583 1965 2670 2019 cui
2710 1979 2816 2019 non
2843 1964 3036 2034 placet,
3080 1965 3337 2035 negligat.

2255 2057 2493 2114 Obsecro
2517 2058 2682 2112 etiam
2710 2057 3094 2126 paternitatem
3137 2066 3306 2120 tuam,
3349 2064 3403 2112 et
3436 2065 3684 2112 cunctorum

2187 2147 2414 2206 fratrum
2445 2147 2750 2203 benivolam
2796 2147 3149 2212 cbaritatem,
3198 2155 3259 2201 ut
3288 2161 3391 2200 non
3431 2158 3515 2201 vos
3551 2153 3696 2200 terreat

2185 2237 2396 2308 prolixa
2437 2237 2725 2308 expositio,
2778 2251 2878 2292 nec
2917 2236 3215 2291 voluminis
3263 2235 3687 2306 magnitudoquia

2187 2343 2377 2384 revera
2403 2337 2655 2383 sanctum
2684 2327 3055 2399 Evangel—ium,
3110 2328 3256 2398 quod
3303 2342 3458 2398 regno
3493 2327 3693 2381 coriorum

2188 2419 2365 2473 simile
2394 2434 2425 2472 a
2454 2417 2738 2472 Salvatore
2762 2426 2952 2472 nostro
2981 2419 3170 2472 multis
3200 2418 3255 2472 in
3287 2417 3412 2473 locis
3431 2432 3535 2472 esse
3557 2416 3692 2486 parili-

2185 2513 2364 2576 betur,
2390 2527 2498 2566 non
2519 2519 2698 2581 potest
2723 2511 2910 2581 paucis
2953 2511 3230 2565 enuntiari
3272 2508 3440 2564 verbis
3477 2508 3549 2562 vel
3571 2505 3692 2561 sensi-

2185 2605 2288 2659 bus
2313 2603 2602 2673 explicari;
2633 2603 2760 2673 quia
2804 2609 2861 2656 et
2887 2615 3194 2672 congruum
3241 2600 3360 2665 fuit,
3402 2607 3454 2653 ut
3479 2614 3602 2654 sacra
3624 2612 3688 2650 no-

2186 2694 2283 2750 Stri
2321 2692 2621 2748 Salvateris
2673 2693 2818 2748 dicta
2859 2692 3074 2747 caeteris
3123 2690 3430 2762 Scripturis,
3475 2689 3590 2744 sicut
3612 2699 3688 2740 me-

2186 2785 2293 2840 rito
2325 2784 2401 2838 ita
2423 2792 2478 2839 et
2507 2783 2686 2854 specie
2729 2782 3208 2850 discernerentur;
3246 2796 3314 2836 ne
3355 2780 3435 2835 illa
3457 2775 3688 2835 cmicstiu

2185 2890 2514 2931 arcanorum
2541 2874 2772 2944 dignitas
2801 2874 3006 2944 passim
3037 2882 3206 2944 atque
3235 2873 3504 2928 indiscrete
3532 2867 3687 2923 cunctis

2186 2974 2418 3039 pateret,
2481 2973 2833 3034 sanctumque
2870 2964 3121 3031 canibus,
3153 2973 3209 3020 et
3253 2961 3532 3034 margaritae
3557 2955 3686 3028 porcis

494 3064 699 3124 quanta
720 3063 804 3109 est
823 3053 1107 3109 obediendi
1134 3054 1384 3109 voluntas
1412 3069 1643 3123 cumque
1662 3052 1807 3108 aliud
1831 3055 2077 3110 scriben—
2107 3053 2150 3114 C
2182 3063 2598 3127 exponerentur.
2638 3054 2703 3108 Et
2721 3055 2846 3110 ideo
2875 3056 2944 3110 ab
2970 3054 3092 3125 ipso
3123 3053 3401 3110 Salvatore
3435 3056 3591 3105 nostro
3605 3059 3688 3115 pro-

496 3147 628 3202 dum
651 3162 719 3201 ex
746 3147 1070 3216 praecedenti
1095 3143 1210 3213 jam
1247 3155 1490 3216 tempore
1515 3162 1633 3200 mea
1667 3153 1874 3200 teneret
1897 3146 2081 3201 volun-

497 3247 580 3294 tas
601 3278 616 3300 ,
654 3238 720 3291 ad
744 3237 794 3289 id
825 3237 970 3306 quod
984 3237 1229 3308 jusseras
1253 3251 1425 3291 meum
1449 3236 1707 3290 continuo
1739 3236 1919 3292 studui
1944 3236 2078 3292 diri-

495 3341 625 3398 gere
670 3326 1032 3390 voluntatem;
1084 3333 1139 3378 et
1193 3323 1544 3394 Evangelium
1600 3325 1895 3379 secundum
1945 3323 2080 3378 Mat-

497 3417 697 3471 tlueum
720 3431 784 3470 ex
810 3413 1083 3486 opusculis
1110 3423 1420 3468 sanctorum
1445 3414 1684 3477 Patrum,
1718 3415 1844 3469 licet
1873 3431 1978 3471 non
2012 3415 2079 3470 ad

496 3523 716 3579 purum,
749 3507 892 3576 quod
917 3507 1082 3560 etiam
1107 3505 1322 3560 dillicile
1353 3515 1436 3560 est
1466 3505 1614 3572 fieri,
1651 3514 1828 3560 tamen
1856 3515 1916 3560 ut
1937 3507 2079 3560 valui

495 3601 774 3670 inquirere
837 3607 1000 3669 atque
1054 3598 1346 3669 explanare
1398 3605 1625 3654 conatus
1677 3613 1800 3653 sum
1851 3613 1919 3653 ex
1971 3605 2081 3652 tra-

494 3691 730 3748 ctatibus
759 3691 1043 3746 doctorum
1083 3698 1138 3744 et
1187 3689 1456 3760 majorqu
1489 3698 1820 3756 nostrorum,
1849 3691 1941 3761 qui
1980 3705 2080 3746 nos

494 3785 556 3840 in
582 3783 761 3839 studio
807 3780 966 3851 hujus
1017 3782 1223 3854 operis,
1273 3782 1414 3836 sicut
1459 3782 1690 3836 scientia
1740 3781 1814 3836 ita
1861 3790 1917 3837 et
1945 3790 2080 3837 tem-

492 3891 625 3947 pore
646 3883 1058 3946 prmccsserunt,
1079 3874 1149 3937 id
1178 3883 1262 3929 est
1303 3873 1576 3946 Origenis,
1610 3873 1822 3942 Hilarii,
1847 3873 2080 3930 Ambro-

491 3966 582 4030 sii,
617 3964 950 4035 Hieronymi,
982 3963 1294 4034 Augustini,
1319 3962 1498 4016 Ilulini
1522 3963 1620 4034 (b),
1651 3961 1897 4028 Joannis,
1942 3962 2081 4015 Ful-

492 4055 682 4125 gentii,
723 4053 939 4117 Leonis,
970 4052 1212 4118 Maximi,
1245 4051 1513 4122 Gregorii,
1534 4061 1588 4105 et
1612 4051 1788 4106 Bcdae.
1815 4052 1922 4106 Sed
1937 4053 2081 4107 sicut

494 4145 548 4198 in
577 4159 700 4197 arce
720 4143 914 4211 capitis
936 4143 1079 4195 inter
1099 4143 1281 4195 omnia
1303 4147 1547 4196 membra
1572 4141 1756 4212 lingua
1773 4141 1893 4210 plus
1914 4155 2080 4195 mem-

493 4238 608 4291 bris
628 4235 880 4290 omnibus
900 4241 1092 4298 sonat,
1152 4232 1226 4286 ita
1271 4233 1325 4287 in
1374 4233 1697 4303 exponendo
1743 4231 2072 4302 Evangelia,

494 4328 640 4382 inter
691 4339 882 4381 omnes
937 4331 1022 4380 est
1079 4323 1427 4378 beatissimus
1479 4323 1840 4394 Augustinus;
1901 4321 2080 4377 Multis

2180 3156 2428 3203 curatum
2457 3154 2562 3212 est,
2589 3155 2650 3201 ut
2677 3145 2764 3201 illa
2787 3162 3007 3201 suorum
3028 3148 3263 3202 castitas
3287 3143 3579 3215 eloquiorum
3597 3151 3682 3208 pro

2181 3241 2403 3297 mis'cuis
2430 3249 2749 3296 cunctorum
2788 3241 2960 3296 oculis
3001 3241 3189 3295 abdita
3209 3241 3312 3297 sub
3354 3237 3490 3308 quasi
3512 3231 3685 3305 quodam

2181 3334 2445 3388 velamine
2475 3332 2744 3403 pudicitiae
2773 3341 3181 3404 contegeretur.
3221 3331 3299 3386 A‘c
3326 3330 3488 3386 divina
3507 3324 3680 3396 optima-

2179 3437 2286 3492 que
2318 3422 2720 3492 dispensatione
2767 3423 3045 3491 provisum
3098 3431 3212 3488 est,
3244 3432 3300 3475 ut
3345 3417 3582 3487 Scriptura
3605 3413 3680 3481 ipsa

2180 3514 2493 3586 evangelica
2547 3514 2762 3569 Domini
2817 3513 2987 3569 nostri
3032 3516 3106 3568 ita
3159 3522 3422 3586 tegeretur
3446 3504 3680 3565 cmlestibus

2179 3607 2501 3662 obumbrata
2538 3607 2833 3676 mysteriis,
2871 3607 3013 3660 sicut
3038 3616 3254 3662 secreto
3287 3620 3378 3659 suo
3410 3603 3509 3670 ipsa
3543 3591 3678 3651 divini-

2181 3707 2265 3754 tas
2307 3697 2687 3769 operiebatur;
2744 3698 2888 3768 quod
2917 3711 2981 3751 ex
3012 3697 3276 3768 subjectis
3303 3694 3490 3766 plenius
3515 3682 3675 3744 manife-

2182 3799 2361 3846 statur
2388 3791 2669 3862 exempl!»

2251 3886 2404 3953 Quod
2449 3903 2578 3942 vero
2623 3888 2870 3957 quaedam
2920 3887 3099 3942 minus
3140 3888 3384 3942 ordinata
3415 3895 3550 3954 quam
3573 3875 3676 3929 decet

2181 3976 2236 4030 in
2269 3974 2374 4030 hoc
2408 3975 2596 4031 codice
2648 3977 2815 4030 multa
2869 3982 3238 4047 reperiuntur,
3297 3991 3398 4031 non
3441 3967 3588 4026 omnia
3615 3961 3676 4014 tri-

2181 4065 2317 4122 buas
2355 4066 2660 4136 imperitiae,
2692 4067 2786 4121 sed
2817 4067 3062 4136 quzedam
3112 4076 3332 4138 propter
3365 4063 3670 4135 paupertatem.

2181 4160 2428 4230 quaedam
2476 4159 2693 4229 ignosce
2744 4168 2964 4229 propter
3011 4161 3259 4230 corporis
3308 4149 3672 4213 inﬁrmitatcmet

2181 4265 2427 4305 meorum
2453 4249 2731 4305 oculorum
2779 4239 3235 4318 imbecillitatem,
3256 4253 3373 4321 quia
3398 4261 3490 4303 non
3513 4238 3670 4294 factum

2183 4341 2236 4396 in
2272 4341 2482 4397 tabellis
2507 4351 2752 4412 excepta,
2785 4341 2869 4396 vel
2923 4343 3198 4399 schedulis
3243 4343 3452 4412 digesta,
3480 4329 3556 4389 sed
3582 4338 3624 4383 ut
3646 4340 3665 4378 α

492 4421 659 4478 etiam
704 4419 762 4476 in
802 4417 974 4483 locis.
1018 4417 1112 4474 ubi
1162 4418 1358 4473 horum
1401 4415 1574 4472 defuit
1611 4432 1806 4472 sensus
1833 4397 1919 4472 νει
1953 4431 2076 4470 νεπ-
2103 4441 2268 4500 Dme
2291 4432 2519 4486 inveniri
2539 4431 2624 4485 vel
2644 4397 2892 4486 Idis'cerni
2926 4397 3236 4501 potuerunt,
3288 4397 3668 4486 iiain'bocamxa

492 4513 600 4577 ba,
660 4512 764 4566 hoc
814 4517 1089 4580 utcunque
1150 4509 1359 4565 valuit.
1414 4508 1636 4578 explere
1690 4507 1898 4563 studuit
1955 4523 2075 4564 mea

491 4610 806 4674 paupertas.

564 4691 642 4746 Te
694 4692 840 4746 enim
879 4687 1140 4758 jubente,
1173 4687 1288 4744 scio
1329 4685 1472 4757 quod
1517 4702 1697 4741 meum
1751 4689 1893 4758 apud
1941 4688 2080 4743 mul-

493 4794 588 4838 tos
629 4781 1013 4852 praedicabitur
1053 4779 1317 4850 judicium
1353 4819 1368 4844 ,
1429 4777 1525 4847 qui
1591 4778 1892 4832 secundum
1949 4793 2075 4832 car-

493 4892 620 4931 nem
673 4882 919 4938 tantum,
978 4883 1034 4927 et
1077 4887 1184 4926 non
1216 4870 1383 4925 etiam
1425 4868 1634 4939 justum
1682 4881 1950 4924 noverunt
1990 4871 2078 4940 ju-

491 4968 693 5023 dicium
741 4965 1031 5036 judicare,
1087 4964 1242 5033 quasi
1291 4965 1471 5033 aliqua
1526 4963 1830 5020 temeritate
1873 4965 1928 5018 in
1967 4981 2077 5036 lpu-

491 5059 767 5130 gillatione
783 5057 866 5112 vel
896 5053 1600 5126 reprehensione-majorum
1617 5055 1718 5109 huc
1743 5070 1842 5125 ego
1855 5056 2074 5128 aggredi

490 5151 642 5205 nisus
653 5148 847 5204 fuerim
859 5162 1014 5217 opus.
1033 5145 1198 5216 Legat
1208 5145 1456 5216 quisquis
1485 5144 1570 5199 ille
1585 5153 1669 5199 est
1683 5146 2074 5215 apologeticum

584 5285 639 5343 al
665 5286 938 5343 Hactenus
965 5283 1232 5340 Baronius
1259 5282 1380 5339 loco
1411 5283 1503 5338 cit.

586 5353 638 5426 ὁ)
694 5357 893 5426 Ruﬁni.
952 5354 1201 5426 Mendum
1239 5354 1404 5424 prisci
1441 5353 1785 5426 amanuensis
1821 5355 2073 5411 existimo

529 5424 590 5481 ro
622 5424 844 5480 Ralla—no
876 5440 892 5478 :
925 5425 1127 5480 etenim
1163 5425 1218 5478 in
1255 5433 1445 5480 catena
1478 5424 1568 5478 ubi
1613 5425 1872 5479 scribitur
1892 5427 2071 5481 littera

545 5537 558 5554 .
593 5495 872 5565 [labanum
907 5510 1014 5565 non
1050 5494 1305 5565 Rufinum
1338 5494 1741 5565 intelligendum
1772 5511 1894 5552 esse
1921 5511 2074 5552 com-

490 5565 606 5636 peri
637 5600 654 5627 ,
702 5561 896 5617 collato
939 5563 1181 5636 locoillo
1215 5583 1232 5614 ι
1263 5565 1324 5636 Si
1360 5564 1483 5636 quis
1512 5561 1748 5622 'uxorem
1802 5566 2071 5636 dimiserit

489 5631 720 5699 excepta
744 5641 908 5686 causa
936 5631 1308 5688 fornicationis
1341 5654 1358 5684 ι
1378 5631 1485 5702 ‘qui
1523 5643 1666 5690 totus
1700 5642 1784 5690 cst
1811 5634 2019 5690 llabani
2050 5654 2065 5691 :

2180 4523 2366 4578 codice
2389 4532 2535 4576 sunt.
2574 4521 2710 4577 Date
2741 4523 2924 4592 itaque
2947 4524 3165 4580 veniam
3201 4516 3535 4593 imprudentiae
3559 4519 3665 4564 met:

2178 4629 2343 4684 quam
2367 4614 2713 4680 extorsistis;
2742 4615 2866 4684 quia
2898 4623 2957 4680 ut
2983 4617 3208 4672 auribus
3255 4611 3434 4669 vestris
3473 4603 3665 4661 mbos"

2179 4706 2493 4770 existerem,
2551 4705 2792 4778 dignatio
2849 4717 3033 4761 vestra
3089 4723 3174 4762 me
3227 4703 3407 4774 coegit,
3457 4692 3665 4754 conlidens

2165 4795 2323 4866 quod
2349 4797 2640 4851 voluminis
2667 4797 2970 4866 prolixitas,
2990 4799 3036 4852 si
3063 4797 3332 4868 displiceat
3360 4791 3518 4852 affatu,
3542 4783 3664 4868 νικᾷ

2179 4863 2407 4952 affectu;
2459 4903 2581 4946 cum
2626 4863 3021 4952 intellexeritis,
3071 4863 3194 4942 eum
3241 4883 3436 4958 (scilicet
3476 4863 3662 4933 codin

2180 4991 2287 5030 non
2310 4992 2410 5046 pro
2437 4977 2761 5046 eloquentiae
2785 4992 3058 5043 sermone,
3109 4978 3200 5033 sed
3239 4991 3330 5047 pro
3353 4976 3508 5026 vestro
3530 4968 3661 5017 amo“

2177 5070 2464 5141 digestum.
2491 5070 2770 5142 Simulque
2793 5071 2921 5141 quia
2946 5071 3182 5142 sciebam
3204 5067 3469 5123 almitatem
3485 5060 3657 5142 vestram

2178 5159 2232 5212 in
2257 5158 2510 5213 amicitiis
2541 5146 2673 5214 meis
2691 5141 2824 5230 plus
2848 5155 3237 5230 reprehendere
3262 5141 3658 5234 taciturnitatis“-

2178 5289 2321 5412 ἓν]οά
2353 5290 2616 5370 equidem.
2633 5303 2961 5360 magnopere
2987 5291 3172 5354 miror,
3199 5289 3314 5360 quia
3332 5278 3472 5340 cocti

2203 5371 2398 5412 uerunt
2433 5357 2687 5412 Claudius
2715 5369 2772 5412 et
2800 5360 3059 5412 Rabanns
3087 5403 3100 5412 .
3133 5363 3223 5412 sed
3251 5368 3412 5412 tamen
3444 5354 3589 5412 ρων,

2203 5341 3412 5427 aena"ciuisse?magna;stramen
3443 5341 3652 5427 palilgﬁ‘

2176 5412 2316 5502 nam;
2344 5412 2618 5502 Claudius.
2663 5412 3652 5502 sanitatijq.;o;..1;'no.g.;nngg§gg

2173 5479 2336 5571 iii-Elin
2344 5479 3194 5571 ratz'iiiisnya‘iZJc‘aaa‘.‘
3215 5479 3277 5557 iii
3287 5479 3460 5553 illum
3493 5479 3654 5539 νὶάοιιιτ

2174 5569 2431 5629 Claudius
2459 5569 2801 5642 cognovissic.
