3922 6180
307 197 406 253 8M

1222 184 1480 242 ENABB.
1517 180 1593 238 ΙΝ
1624 177 1844 237 EPIS’t.
1884 176 1950 232 υ.
1986 172 2193 231 PAULI
2232 174 2325 230 se
2356 171 2609 228 bALA'l.

3448 166 3559 225 8“!

308 308 479 365 stolas
499 304 643 362 beati
660 302 774 373 iam
804 300 934 359 dicti
960 301 1187 372 apostoli
1219 300 1373 355 Pauli
1413 298 1483 354 ad
1502 294 1764 367 Ephesios
1801 299 1882 346 at-
1905 291 1957 352 Λ
1983 288 2153 351 virus,
2176 285 2460 341 catholicis
2479 282 2702 337 auribus
2729 277 2986 335 denuntio
3008 274 3261 347 fugienda
3286 293 3299 329 :
3323 280 3555 345 quorum

306 415 415 471 que
446 403 514 452 ad
543 395 935 466 Philippeuses,
960 408 1069 448 non
1092 401 1202 447 tam
1237 407 1302 447 ex
1338 389 1605 458 maiorum
1643 384 1881 441 tractati-

305 491 428 555 bus,
473 500 637 557 quam
682 501 748 540 ex
799 484 1138 539 diversorum
1184 489 1511 538 tractatuum
1562 475 1880 539 sententiis,

306 578 470 636 veluti
492 575 777 632 mendicus
803 588 912 628 non
939 572 1146 628 habens
1166 571 1441 641 propriam
1468 574 1739 637 segetem,
1787 563 1884 618 sed

307 678 430 740 post
453 674 602 737 terga
641 664 960 719 metentium
985 678 1051 717 ex
1091 663 1321 717 aliorum
1368 668 1550 730 segete
1593 662 1888 727 congregat

307 759 410 815 sibi
441 758 667 820 victum,
698 770 770 811 ne
806 754 1003 809 hiemis
1028 761 1273 824 tenipore
1319 750 1464 805 fame
1506 747 1883 819 periclitetur:

309 850 384 905 ita
406 856 465 903 et
487 862 589 916 ego
610 861 677 900 ex
704 845 933 900 aliorum
959 844 1136 906 dictis,
1170 843 1269 896 has
1296 839 1451 895 brevi
1479 838 1621 909 style
1649 850 1892 906 compre-

308 938 474 994 hendi
522 936 810 1008 Epistolas.
849 936 1019 1002 Quam
1067 932 1462 1002 expositionem
1508 930 1554 982 si
1597 937 1783 998 aptam
1821 926 1889 980 ad

307 1027 597 1100 lugendum
618 1024 951 1095 iudicaverit
977 1023 1240 1079 serenitas
1264 1029 1474 1084 vestra,
1511 1019 1579 1074 ad
1610 1025 1892 1073 auctorem

309 1118 535 1177 refer-ite
554 1115 831 1172 Christum
860 1134 874 1170 :
905 1115 1032 1185 quia
1054 1115 1157 1170 hoc
1173 1114 1370 1185 ipsum,
1397 1119 1459 1167 ut
1475 1109 1733 1182 praefatus
1748 1124 1887 1169 sum,

312 1211 551 1266 donante
582 1208 812 1266 Domino
831 1216 1073 1263 vestrum
1102 1215 1204 1261 est.
1240 1205 1298 1261 Si
1330 1218 1458 1259 vero
1487 1200 1894 1274 reprehensioni

311 1297 553 1369 patuerit
571 1305 794 1368 propter
820 1295 1089 1353 sermonis
1116 1294 1496 1358 rusticitatem,
1515 1298 1726 1347 remota
1748 1289 1898 1345 falla-

313 1391 402 1446 cia
429 1405 550 1460 quae
591 1398 797 1446 rectam
821 1387 983 1444 ﬁdem
1007 1386 1254 1451 eﬂ‘endit,
1292 1383 1601 1453 huiusmodi
1647 1382 1896 1438 homines

313 1496 348 1535 a
377 1480 538 1536 nobis
571 1495 679 1535 non
724 1477 1183 1550 pertimescendos
1227 1475 1317 1531 ille
1350 1473 1649 1537 admonuit,
1694 1471 1762 1527 de
1789 1485 1898 1540 quo

315 1569 610 1641 loquimur,
631 1575 687 1624 et
712 1582 875 1638 quem
905 1574 1150 1621 tenemus
1175 1565 1229 1620 in
1252 1562 1525 1626 manibus,
1546 1561 1640 1632 qui
1668 1574 1895 1630 regnum

317 1656 417 1719 Dei
459 1675 568 1716 non
610 1661 664 1714 in
691 1666 964 1722 Sermone,
996 1657 1091 1713 sed
1116 1657 1171 1711 in
1208 1657 1407 1711 virtute
1430 1669 1551 1710 esse
1588 1651 1892 1723 perdocuit,

314 1767 384 1810 ac
401 1752 753 1823 semetipsum
780 1750 947 1806 verbo
984 1748 1164 1820 potius
1204 1761 1367 1818 quam
1400 1744 1629 1801 scientia
1677 1742 1899 1813 imperi-

316 1854 433 1902 tum
452 1858 572 1899 esse
593 1842 829 1913 scripsit.
868 1840 1165 1896 Funestam
1199 1846 1361 1908 atque
1387 1835 1713 1894 detestabile
1744 1832 1898 1889 Pela-

316 1935 392 2008 gii
413 1936 629 2005 dogma,
657 1935 751 2004 qui
788 1935 1033 2005 ingratus
1074 1932 1269 1988 divinae
1295 1930 1483 2001 gratiae
1512 1928 1725 1984 exstitit
1764 1943 1900 1998 pne-

317 2025 530 2080 dicator
547 2040 647 2095 per
677 2023 914 2083 ccclestis
952 2022 1141 2093 gratia:
1175 2020 1545 2093 gratissimum
1592 2032 1895 2088 praeconem

318 2114 692 2173 beatissimum
714 2114 1075 2184 Augustinum
1109 2113 1179 2169 de
1219 2114 1325 2168 hac
1353 2111 1598 2181 epistola,
1633 2117 1895 2179 quantum

318 2207 494 2281 petui,
524 2204 765 2293 funditus
797 2203 1065 2259 abdicari.

394 2300 503 2355 Sed
538 2288 853 2354 etfillorum
877 2296 972 2365 qui
1013 2310 1082 2350 ex
1110 2295 1214 2351 hac
1235 2293 1306 2349 ad
1350 2291 1614 2363 Ephesios
1664 2288 1905 2359 Epistola
1932 2334 1945 2347 κ

324 2389 502 2444 fulciri
526 2385 698 2442 moliti
730 2393 857 2441 sunt
880 2386 1147 2442 haeresem
1172 2398 1350 2448 suam,
1386 2381 1477 2437 ubi
1503 2381 1597 2446 ait,
1620 2379 1771 2436 Sicut
1806 2377 1908 2432 ele-

324 2481 398 2550 git
434 2495 529 2532 nos
554 2486 676 2533 ante
705 2477 885 2532 mundi
912 2476 1356 2539 constitutionem,
1377 2472 1587 2528 animas
1623 2470 1905 2525 hominum

324 2579 453 2625 ante
476 2568 660 2624 mundi
687 2567 1008 2638 principium
1036 2565 1204 2622 fuisse
1228 2573 1283 2621 et
1311 2572 1611 2620 comteruas
1633 2559 1746 2616 Deo
1762 2573 1911 2613 crea-

328 2662 431 2717 tori
471 2670 788 2725 scnserunt;
829 2661 945 2716 sive
1007 2660 1171 2714 etiam
1216 2658 1269 2713 in
1320 2654 1556 2726 Epistula
1595 2652 1664 2708 ad
1705 2649 1909 2722 Philip-

329 2766 529 2821 penses
574 2751 744 2805 Deum
792 2750 1007 2805 Patrem
1050 2749 1316 2819 potiorem
1357 2744 1495 2801 Filio
1538 2742 1908 2800 crediderunt.

318 2843 459 2898 ilico
496 2843 702 2909 omnia,
738 2842 883 2898 velut
924 2840 1152 2897 mortale
1183 2837 1538 2909 pramipitium
1582 2841 1678 2889 aut
1714 2831 1915 2890 lethale

1985 377 2185 432 idcirco
2213 377 2417 433 reticeo
2441 373 2726 439 vocabula,
2766 387 2835 426 ne
2859 371 3119 440 derogare
3167 369 3373 433 videar,
3422 383 3562 440 pra:-

1982 488 2227 529 cessores
2253 471 2453 541 potius,
2480 480 2643 537 quam
2660 454 2861 519 dicere
2883 460 3191 514 veritatem.

2057 582 2353 653 Epistulam
2368 594 2501 634 sane
2513 573 2755 649 Apostoli
2770 573 2836 627 ad
2850 570 3071 626 GaLatas
3086 569 3138 623 in
3154 583 3264 639 qua
3274 582 3418 623 anno
3434 582 3580 639 pm-

1987 674 2168 736 tcrito,
2186 673 2238 726 in
2256 677 2515 740 quantum
2529 665 2691 725 valui,
2708 659 3105 718 studiosissime
3135 657 3398 719 laboravi,
3430 656 3566 712 nihil

1986 763 2119 819 inca
2134 775 2304 831 nuper
2318 758 2443 813 auxi
2464 755 2589 811 :sed
2613 755 2711 819 ita,
2743 757 2977 806 utantca
2993 764 3025 803 a
3055 762 3141 802 me
3170 746 3569 816 comprehensa

1987 862 2093 917 est,
2106 852 2232 907 huic
2244 866 2373 905 vero
2389 844 2701 918 operiiuxta
2712 842 2958 899 ordinem
2980 854 3138 895 suum
3160 837 3213 893 in
3256 838 3433 907 capite
3469 852 3562 892 so-

1989 944 2149 999 ciavi.

2058 1057 2136 1111 De
2155 1067 2366 1113 creterra
2393 1068 2523 1109 vero
2553 1049 2813 1122 epistolis,
2843 1047 2972 1102 licet
3000 1043 3235 1115 plurima
3264 1054 3429 1112 penes
3475 1054 3564 1096 me

1993 1157 2279 1206 teneantur
2307 1151 2582 1213 excerpta,
2632 1138 2798 1195 multa
2825 1147 3006 1192 nmen
3055 1134 3234 1188 adhuc
3275 1138 3572 1201 supersunt

1992 1236 2370 1310 perquirenda.
2422 1233 2529 1289 Sed
2566 1231 2691 1301 quia
2731 1244 2820 1283 me
2866 1239 3009 1280 anno
3056 1222 3333 1294 pruenti,
3363 1235 3573 1292 przepe-

1994 1331 2266 1387 dientibus
2291 1326 2532 1399 peccatis
2568 1323 2723 1387 meis,
2762 1321 3001 1393 graviter
3042 1315 3344 1387 obligastis,
3390 1322 3447 1368 et
3493 1314 3579 1368 ni-

1994 1428 2120 1484 miis
2161 1423 2524 1481 anxietatibus
2565 1418 2801 1482 deditus,
2854 1414 2986 1470 mihi
3027 1413 3213 1467 vivere
3258 1423 3368 1464 non
3420 1407 3575 1469 libet,

1995 1532 2175 1590 neque
2213 1515 2529 1584 Scriptores
2572 1506 2903 1581 perscrutari
2948 1504 3092 1559 licet.
3152 1501 3307 1557 Unde
3351 1500 3580 1554 obsecro

1923 1629 1972 1689 Β
1999 1588 2341 1667 clementiam
2397 1612 2668 1666 vestram,
2715 1606 2777 1653 ut
2825 1612 2932 1652 non
2976 1593 3112 1649 mihi
3156 1591 3276 1646 sitis
3316 1588 3581 1643 molestus

1999 1709 2260 1757 exactor:
2304 1696 2431 1766 quia
2479 1695 2527 1749 si
2569 1705 2656 1746 me
2694 1685 2963 1758 adiuverit
2992 1684 3167 1754 pietas
3213 1679 3396 1735 divina
3422 1717 3440 1744 ,
3478 1691 3583 1749 ego

2001 1794 2070 1849 ad
2114 1789 2444 1847 reddendum
2495 1785 2721 1840 devotus
2769 1794 2890 1834 sum
2941 1776 3174 1833 debitor.
3222 1770 3583 1841 Omnipotens

2002 1881 2284 1943 Dominus,
2313 1876 2514 1946 quiest
2540 1873 2656 1927 Rex
2696 1883 2891 1938 regum
2935 1873 2994 1921 et
3035 1864 3296 1919 Dominus
3340 1860 3587 1916 domino-

2003 1988 2142 2038 rum,
2170 1986 2267 2026 vos
2289 1967 2567 2024 dominum
2589 1975 2767 2017 meum
2791 1957 3132 2013 inimicorum
3157 1952 3400 2008 omnium
3423 1962 3586 2018 supe-

2003 2077 2128 2117 rare
2152 2058 2378 2114 insidias
2406 2055 2603 2119 faciat;
2629 2060 2995 2117 concessoque
3020 2043 3245 2116 praemio
3282 2037 3589 2098 sincerissi-

2009 2166 2111 2206 ma:
2131 2147 2440 2210 cbaritatis,
2466 2143 2535 2197 ad
2569 2139 2870 2211 profectum
2914 2143 2971 2191 et
3006 2141 3259 2189 ornatum
3286 2130 3458 2186 totius
3481 2128 3586 2183 Ec-

2006 2242 2209 2306 clesim,
2231 2240 2306 2293 ita
2345 2238 2532 2291 vivere
2561 2232 2840 2295 concedat,
2876 2236 2940 2283 ut
2978 2227 3133 2281 linito
3172 2224 3418 2279 mortalis
3459 2221 3586 2276 vitae

2007 2331 2263 2395 termino,
2289 2328 2519 2383 liberum
2548 2339 2581 2378 a
2623 2320 2832 2391 peccati
2874 2315 3207 2374 conscientia
3252 2327 3353 2369 suo
3398 2318 3588 2368 sancto

2009 2429 2193 2476 astare
2215 2418 2377 2473 faciat
2399 2416 2614 2471 throno.
2645 2410 2896 2482 Explicit.

2440 2524 2685 2583 lNCll‘l'l‘
2722 2518 3159 2581 TRACTATUS.

2091 2644 2305 2718 Ephesii
2336 2650 2466 2699 sunt
2505 2637 2712 2694 Asiani.
2756 2635 2823 2690 Hi
2871 2639 3097 2726 accepto
3136 2630 3304 2687 verbo
3344 2626 3595 2685 veritatis

2014 2737 2373 2809 perstiterunt
2400 2732 2451 2787 in
2480 2729 2608 2795 ﬁde,
2627 2729 2728 2783 hos
2748 2719 3017 2780 collaudat
3036 2719 3328 2793 Apostolus
3351 2719 3596 2776 scribens

2016 2826 2099 2883 eis
2121 2841 2152 2880 a
2182 2825 2353 2879 Roma
2375 2821 2445 2876 de
2463 2831 2709 2882 carcere,
2734 2823 2841 2871 etc.

348 2931 3589 2986 Μ

1131 3042 1873 3181 CLAUDII
1944 3047 2784 3173 EPISGOPI

329 3258 988 3426 ENARRM‘H)
1095 3268 1226 3422 IN
1332 3266 1977 3424 EPIS’l‘ilLAli
2089 3269 2201 3421 1).
2319 3264 2680 3420 PAULI
2787 3261 2946 3415 ΑΙ)
3021 3256 3584 3413 GAM’I‘AS.

1492 3575 1747 3649 (Biblioth.
1769 3600 1900 3638 max.
1922 3588 2144 3650 Palmm,
2170 3596 2282 3640 tom.
2320 3585 2470 3649 ΧΠ.)

866 3801 1365 3885 AUCTORIS

630 3960 1014 4023 EPISTOLA
1054 3956 1605 4022 DEDICATORIA
1620 3999 1635 4015 .

410 4085 636 4140 Domino
682 4083 926 4155 piissimo
954 4090 1010 4138 et
1052 4082 1107 4137 in
1153 4080 1373 4136 Christo
1416 4092 1629 4135 summo
1655 4075 1786 4131 mihi
1814 4075 1914 4130 ho—

337 4191 471 4230 nore
492 4173 836 4245 singulariter
853 4172 1148 4229 excolendo
1165 4170 1539 4225 Dructcranno
1556 4167 1737 4224 abbati
1757 4166 1917 4223 Clau—

338 4269 460 4323 dius
483 4276 759 4337 peccator.

410 4359 569 4422 Tres,
596 4357 650 4411 ni
679 4355 855 4421 fallor,
903 4362 959 4408 ct
1000 4369 1064 4410 eo
1109 4354 1340 4425 amplius
1381 4353 1493 4424 iam
1540 4358 1921 4422 pertranscunt

341 4459 585 4520 tempore
613 4447 759 4512 anni,
811 4446 955 4516 quod
984 4461 1071 4501 me
1111 4447 1287 4500 adhuc
1334 4444 1388 4500 in
1429 4444 1659 4499 Aluemti
1704 4442 1923 4513 ceSpitis

338 4552 494 4600 arvo,
526 4536 580 4591 in
620 4535 819 4608 palatio
855 4533 929 4605 pii
957 4533 1216 4604 principis
1265 4533 1465 4588 domini
1510 4530 1767 4587 Ludovici
1797 4540 1924 4585 tunc

340 4629 505 4699 regis,
536 4628 695 4682 modo
732 4624 1092 4697 imperatoris,
1125 4623 1402 4678 detentum
1452 4622 1699 4676 socordia
1729 4634 1923 4675 sensus

341 4725 447 4779 mei
478 4730 570 4777 tua
618 4722 820 4777 fervida
867 4720 1153 4774 dilectione
1194 4717 1421 4773 adorsus
1446 4715 1705 4779 excitare,
1733 4720 1793 4767 ut
1822 4711 1923 4766 ali-

338 4830 503 4885 quem
532 4814 863 4868 fructuosum
888 4811 1128 4866 laborem
1164 4810 1217 4862 in
1245 4806 1498 4878 Epistolis
1525 4803 1767 4875 magistri
1799 4816 1927 4873 geu-

1935 3790 1979 3850 C
2012 3786 2079 3842 ad
2103 3788 2235 3844 alios
2257 3790 2424 3844 libros
2441 3785 2649 3859 praefati
2666 3786 2778 3856 iam
2805 3784 2984 3839 Patris
3004 3781 3288 3853 Augustini
3334 3790 3391 3839 et
3408 3784 3603 3841 exinde

2015 3893 2157 3945 eam,
2189 3894 2310 3949 qua:
2337 3878 2392 3934 in
2423 3876 2529 3933 illis
2577 3876 2766 3931 deerat
2792 3873 3135 3939 tractatibus,
3165 3871 3386 3944 explere
3422 3875 3600 3931 studui

2014 3970 2432 4041 expositionem.
2478 3967 2747 4025 Nonnulla
2793 3966 2978 4032 etiam,
3030 3974 3090 4021 ut
3128 3965 3262 4022 mihi
3292 3966 3465 4021 visum
3494 3978 3603 4032 est,

2018 4059 2155 4116 infra
2211 4059 2428 4117 illorum
2482 4057 2831 4124 locutionem,
2879 4072 3000 4112 mea
3049 4055 3232 4112 studui
3275 4055 3605 4129 coniungere

2018 4163 2206 4216 verna,
2233 4166 2353 4221 quae
2378 4158 2664 4221 utramque
2685 4148 3075 4221 expositionem
3110 4147 3316 4220 absque
3341 4146 3600 4204 scissione

2019 4243 2430 4313 coniungerent,
2466 4248 2522 4295 et
2562 4239 2788 4312 legentis
2812 4249 3131 4295 exercerent
3175 4254 3414 4306 sensum,
3446 4248 3503 4294 et
3524 4238 3599 4293 fa-

2019 4333 2238 4390 stidium
2269 4332 2510 4387 facerent
2539 4330 2763 4386 evitare.
2795 4329 2947 4385 lianc
2982 4329 3200 4384 interim
3226 4329 3381 4398 quasi
3406 4345 3599 4384 manu-

2021 4426 2139 4481 bias
2154 4424 2424 4494 quasdam
2466 4429 2571 4477 tum
2595 4434 2765 4475 ovans
2792 4418 3029 4486 dirigere
3067 4414 3257 4473 studeo
3285 4415 3558 4470 sanctitati
3585 4431 3601 4471 :

2024 4523 2084 4569 ut
2109 4514 2319 4584 quoties
2343 4528 2464 4568 eam
2492 4525 2656 4566 manu
2681 4507 2922 4564 tenueris
2942 4514 2998 4561 et
3023 4505 3241 4576 legeris,
3267 4506 3373 4562 mei
3399 4522 3605 4561 memor

2023 4621 2145 4663 esse
2177 4604 2418 4678 digneris
2443 4622 2456 4658 :
2507 4610 2563 4658 et
2590 4601 2644 4657 in
2670 4616 2837 4656 unum
2865 4597 3154 4671 coniungat
3194 4599 3458 4656 immensa
3481 4599 3604 4657 ubi-

2026 4716 2131 4771 que
2158 4714 2399 4770 praesens
2426 4696 2631 4754 Christi
2662 4694 2920 4760 Charitas,
2948 4708 3088 4764 quos
3128 4691 3300 4762 spatia
3338 4700 3603 4748 terrarum

2028 4791 2340 4846 dissociant.
2386 4789 2462 4844 De
2512 4787 2725 4844 caeteris
2754 4800 2885 4841 vero
2913 4782 3176 4856 epistolis,
3207 4781 3319 4855 iam
3350 4780 3517 4838 multa
3550 4781 3605 4835 in

344 4872 479 4958 tium
509 4914 839 4957 assumerem
887 4900 1112 4971 apostoli
1145 4872 1315 4953 Pauli.
1358 4895 1464 4950 Sed
1495 4872 1929 4964 quia'laboribus
2028 4881 2276 4936 manibus
2308 4879 2510 4934 nostris
2557 4884 2810 4933 tenentur
2834 4882 3110 4947 excerpta,
3145 4873 3215 4930 ad
3243 4889 3398 4945 quas,
3431 4872 3476 4928 si
3504 4872 3608 4928 Do-

344 5003 399 5047 et
427 4992 731 5047 turbinibus
779 4962 964 5045 mundi
995 4991 1281 5059 depressus
1316 4962 1579 5041 hactenus
1603 4997 1795 5053 parere
1819 4982 1931 5053 ius—
2030 4971 2209 5025 ιιιίιιιιε
2234 4968 2483 5032 Winei“:
2515 4976 2571 5023 εί
2594 4968 2759 5023 Vitam
2803 4974 2967 5037 atque
2996 4965 3222 5022 Salutem
3253 4962 3609 5027 concesserit.

345 5083 482 5140 sioni
510 5091 615 5136 tuae
640 5081 878 5152 nequivi,
925 5054 1084 5134 modo
1112 5079 1371 5149 largiente
1401 5076 1512 5131 Deo
1539 5074 1591 5128 in
1638 5073 1743 5128 isto
1773 5071 1916 5141 Qua-
1947 5137 1997 5152 _
2029 5061 2313 5123 orantibus
2346 5060 2498 5116 vobis
2525 5075 2624 5132 pro
2666 5058 2844 5124 nobis,
2872 5058 2940 5113 ad
2972 5056 3359 5127 expositionem
3392 5054 3609 5111 illarum

344 5177 663 5246 dragesimze
686 5137 925 5245 tempore
947 5137 1227 5244 epistolam
1248 5169 1392 5225 beati
1410 5166 1522 5237 iam
1542 5167 1671 5221 dicti
1697 5137 1902 5236 apostol

2028 5152 2349 5222 quantocius
2372 5158 2594 5223 potuero
2620 5149 2877 5204 accedere
2917 5146 3240 5218 procurabo.
3268 5143 3397 5201 Pius
3426 5152 3479 5199 et
3503 5144 3608 5200 mi-
3632 5210 3645 5223 .

348 5233 498 5322 Pauli
524 5266 593 5320 ad
620 5233 841 5321 Galatas
877 5276 942 5316 ex
978 5233 1299 5316 lraetatibus
1326 5233 1609 5312 beatorum
1641 5233 1925 5322 Augustini
2030 5244 2263 5300 sericors
2322 5242 2464 5297 Deus
2512 5249 2568 5293 et
2622 5238 2973 5296 reverendam
3034 5234 3167 5291 mihi
3220 5233 3608 5290 beatitudinem

347 5363 404 5411 et
430 5355 739 5427 Hieronymi
779 5352 1001 5407 Patrum
1045 5347 1326 5421 permixtis
1359 5343 1642 5418 procuravi
1681 5342 1930 5398 ordinare
2032 5343 2200 5396 tuam,
2233 5331 2300 5386 ad
2337 5329 2635 5402 profectum
2679 5334 2737 5383 et
2776 5334 3027 5382 ornatum
3075 5323 3334 5381 Ecclesia:
3376 5339 3510 5386 suae,
3559 5334 3613 5377 υι

348 5409 652 5501 sententiis:
699 5443 756 5498 ln
786 5442 981 5513 quibus
1028 5409 1498 5493 tractatibus-cum
1529 5432 1597 5489 ad
1626 5445 1929 5501 congruen-
2034 5424 2195 5481 annis
2219 5419 2576 5492 multiplicare
2605 5419 2879 5489 dignetur,
2917 5424 2972 5469 et
2997 5413 3223 5469 meritis.
3267 5412 3397 5467 Vale
3425 5411 3477 5465 in
3508 5409 3610 5467 Do-

352 5544 459 5590 tem
485 5533 876 5604 expositionem
905 5528 1072 5584 multa
1100 5527 1290 5582 deesse
1333 5538 1633 5591 cernerem,
1678 5525 1811 5578 verti
1844 5538 1929 5577 me
2035 5517 2185 5572 mino
2210 5515 2294 5571 vir
2324 5513 2435 5584 Dei,
2468 5518 2523 5565 et
2552 5515 2822 5564 memento
2849 5505 2975 5561 mei.

755 5644 1029 5706 Ριτιιοι..
1074 5638 1233 5702 CIV.
1752 5727 1755 5731 7
1796 5640 1809 5655 κ

3134 5614 3209 5679 27
