3924 6170
304 266 408 324 853

838 364 1354 425 ARGUMENTUM

488 479 841 541 EPISTOLE
883 479 944 531 υ.
980 475 1183 532 PAUH
1240 472 1329 529 Μ)
1366 470 1703 529 ϐΑιΛΤΛὸ.

376 598 581 657 Calatm
627 601 751 649 sunt
777 589 970 646 Grzrci.
1011 588 1221 644 Galatia
1250 587 1393 642 dicta
1423 603 1452 640 a
1479 584 1673 656 priscis
1706 583 1889 639 Callo—

310 704 427 745 tum
460 685 729 757 gentibus,
757 696 786 734 a
814 682 1011 751 quibus
1034 678 1246 736 exstitit
1271 687 1550 749 occupata.
1581 675 1718 731 Nam
1750 672 1887 729 Galli

310 784 362 836 in
397 777 655 834 auxilium
697 772 843 845 regis
867 771 1134 844 Bithyniae
1172 772 1377 837 vocati,
1423 784 1650 839 regnum
1673 781 1795 821 cum
1825 779 1891 820 eo

307 878 429 943 post
456 878 730 940 peractam
760 864 1048 920 victoriam
1075 861 1418 917 diviserunt:
1467 860 1656 929 sicque
1697 856 1892 912 deinde

306 961 513 1015 Graecis
551 956 803 1020 admisti,
840 956 1074 1025 primum
1117 950 1453 1022 Gailograaci,
1490 961 1719 1003 nuncex
1749 946 1891 1001 anti-

308 1071 417 1125 quo
453 1052 726 1109 Gallorum
770 1047 988 1102 nomine
1033 1043 1242 1099 Galatae
1287 1043 1561 1107 dicuntur,
1607 1049 1664 1095 et
1704 1052 1892 1095 eorum

310 1146 459 1216 regio
496 1141 709 1199 Galatia
738 1144 1099 1207 nuncupatur.
1144 1134 1212 1190 Hi
1246 1134 1481 1190 verbum
1506 1132 1753 1188 veritatis
1780 1129 1894 1199 pri-

307 1251 455 1292 mum
485 1234 554 1291 ah
597 1230 856 1301 Apostolo
896 1235 1243 1298 acceperunt,
1290 1224 1385 1279 sed
1422 1231 1556 1294 post
1596 1222 1894 1277 discessum

309 1325 425 1394 ejus
469 1321 658 1381 tentati
703 1328 829 1374 sunt
874 1333 904 1371 a
954 1315 1103 1371 falsis
1132 1312 1408 1384 apostolis,
1438 1320 1498 1367 ut
1542 1310 1597 1366 in
1623 1310 1795 1381 legem
1840 1317 1896 1363 et

312 1411 779 1471 circumcisionem
807 1414 1171 1461 verterentur.
1209 1403 1320 1458 llos
1356 1400 1648 1472 Apostolus
1676 1405 1898 1454 revocat

308 1504 377 1564 ad
404 1503 561 1559 ﬁdem
586 1498 853 1561 veritatis,
886 1495 1134 1551 scribens
1160 1493 1241 1547 eis
1282 1491 1351 1547 ab
1388 1490 1622 1560 Epheso.
1677 1486 1791 1543 Hoc
1814 1487 1899 1541 vel

311 1593 545 1649 maxime
575 1595 896 1660 argumento
937 1583 1142 1639 Galatae
1166 1589 1325 1637 erant
1363 1595 1395 1634 a
1423 1575 1899 1649 pseudoapostolis

311 1680 555 1755 persuasi
583 1688 746 1748 atque
764 1675 996 1740 seducti,
1016 1673 1159 1744 quod
1182 1670 1432 1735 Paulum,
1462 1684 1560 1740 per
1584 1683 1747 1739 quem
1769 1681 1899 1722 vero

314 1774 602 1847 Evangelio
649 1771 1011 1832 crediderant,
1058 1783 1164 1823 non
1204 1781 1330 1822 esse
1368 1764 1671 1837 apostolum
1713 1760 1898 1817 audie-

301 1873 480 1926 bant:
526 1865 797 1931 videlicet,
847 1863 972 1934 quia
1022 1876 1194 1930 neque
1234 1860 1302 1915 de
1344 1858 1629 1914 duodecim
1668 1854 1895 1919 electus,

298 1978 489 2034 meque
509 1960 810 2021 Christum,
836 1966 896 2011 ut
929 1956 1127 2011 Petrus
1151 1962 1208 2008 et
1233 1952 1439 2017 eaiteri,
1481 1949 1772 2020 aliquando
1812 1961 1900 2002 se-

311 2064 469 2111 cutus
496 2052 706 2109 fuisset.
748 2050 927 2117 Quam
957 2045 1363 2118 derogatiouem
1409 2056 1633 2098 necesse
1661 2037 1899 2095 habebat

314 2148 459 2203 veris
499 2144 823 2208 rationibus,
868 2157 934 2195 ac
959 2137 1286 2194 auctoritate
1332 2133 1507 2190 sancti
1539 2129 1779 2202 Spiritus
1808 2143 1901 2183 re-

304 2240 512 2303 ffntare,
540 2250 638 2307 per
665 2234 910 2289 ordimm
939 2228 1179 2301 probans
1210 2242 1319 2283 non
1358 2240 1417 2281 se
1455 2224 1525 2280 ab
1569 2219 1898 2284 hominibus,

314 2344 489 2399 neque
521 2342 621 2399 per
639 2324 915 2381 hominem
936 2321 1184 2385 missum,
1209 2317 1305 2373 sed
1322 2330 1428 2386 per
1455 2328 1579 2370 eum
1605 2311 1696 2382 qui
1723 2310 1900 2380 ipsum

312 2429 616 2481 etcum
632 2420 699 2475 in
720 2417 971 2474 ordinem
996 2410 1334 2483 apostolatus
1358 2405 1541 2478 elegit.

628 2549 791 2608 l'l'EM
833 2545 1042 2603 ALIUD
1072 2536 1584 2599 ARGUMENTUM.

386 2664 562 2721 Causa
587 2667 810 2732 propter
839 2670 1002 2728 quam
1034 2652 1225 2709 scribit
1248 2646 1540 2721 Apostolus
1569 2648 1639 2703 ad
1657 2643 1901 2710 Galatas,

319 2759 435 2813 haec
459 2762 564 2819 est,
597 2759 659 2807 ut
693 2748 999 2820 intelligant
1027 2744 1256 2816 gratiam
1291 2740 1388 2796 Dei
1419 2741 1472 2796 id
1514 2753 1696 2795 secum
1723 2750 1902 2808 agere,

319 2855 379 2900 ut
400 2845 502 2901 sub
527 2842 647 2913 lege
682 2838 798 2908 jam
826 2852 936 2893 non
984 2835 1113 2890 sint.
1146 2832 1281 2888 Cum
1313 2830 1458 2887 enim
1500 2822 1792 2900 praadicat'a
1825 2826 1907 2881 eis

316 2942 463 2991 esset
480 2928 754 3003 Evangelii
781 2928 983 3000 gratia,
1016 2940 1124 2980 non
1153 2922 1442 2979 defuerunt
1463 2920 1682 2992 quidam
1708 2932 1774 2973 ex
1800 2918 1905 2974 cir-

319 3021 673 3083 cumcisione,
723 3016 973 3087 quamvis
1014 3012 1320 3070 Christiani
1366 3010 1607 3073 nomine,
1668 3008 1905 3064 nondum

321 3123 501 3170 tamen
533 3116 777 3167 tenentes
807 3108 980 3177 ipsum
1008 3106 1198 3177 gratia:
1241 3102 1588 3167 beneﬁcium,
1627 3108 1686 3156 et
1724 3099 1909 3155 adhuc

320 3202 562 3257 volentes
607 3211 730 3252 esse
776 3197 878 3251 sub
924 3193 1182 3249 oneribus
1220 3190 1383 3262 legis,
1428 3204 1595 3259 quam
1646 3186 1909 3244 Dominus

322 3294 466 3346 Deus
481 3289 845 3357 imposuerat,
866 3298 976 3338 non
997 3280 1221 3350 iustitia:
1249 3279 1629 3360 servientibus,
1661 3277 1754 3332 sed
1786 3290 1910 3347 pec-

323 3390 483 3439 cato:
507 3356 713 3448 justam
738 3360 949 3437 scilicet
989 3373 1161 3443 legem
1190 3356 1408 3440 iujttstis
1432 3368 1741 3425 hominibus
1773 3356 1909 3424 dan-

324 3476 411 3538 de,
439 3470 507 3526 ad
530 3464 952 3524 demonstranda
974 3473 1202 3534 peccata
1228 3477 1436 3527 eorum,
1464 3476 1571 3515 non
1593 3452 1907 3515 auferenda.

324 3564 441 3620 Non
469 3562 613 3618 enim
645 3557 823 3614 aufert
863 3563 1084 3627 peccata
1131 3553 1234 3609 nisi
1277 3553 1452 3623 gratia
1494 3551 1617 3606 fidei
1665 3565 1784 3620 quze
1813 3565 1910 3621 per

325 3653 668 3710 dilectionem
693 3655 967 3720 operatur.
1018 3644 1130 3701 Sub
1173 3645 1277 3700 hac
1300 3658 1431 3715 ergo
1459 3642 1631 3715 gratia
1664 3641 1779 3712 jam
1798 3641 1914 3698 Ga-

327 3744 466 3800 latas
500 3740 829 3799 eonstitutos
869 3737 949 3794 illi
991 3736 1245 3792 volebant
1273 3736 1601 3790 constituere
1644 3733 1744 3793 sub
1784 3751 1914 3791 one-

325 3837 476 3893 ribus
522 3832 678 3905 legis,
720 3838 1094 3888 asseverantes
1141 3826 1274 3882 nihil
1316 3828 1397 3883 eis
1438 3828 1697 3898 prodesse
1738 3826 1914 3882 Evan-

324 3926 545 4001 gelium,
581 3922 687 3979 nisi
718 3920 1255 3985 circumciderentur,
1301 3926 1356 3974 et
1398 3926 1623 3973 caeteras
1667 3916 1914 3973 carnales

327 4014 533 4075 Iudaici
554 4014 692 4070 ritus
719 4010 1126 4069 observationes
1153 4007 1417 4064 subirent.
1451 4006 1519 4062 Et
1542 4007 1661 4062 ideo
1686 4006 1911 4061 Paulum

328 4108 628 4182 apostolum
661 4112 971 4176 suSpectum
1015 4101 1216 4156 habere
1261 4109 1559 4170 coeperant,
1586 4115 1614 4153 a
1658 4115 1766 4172 quo
1808 4099 1914 4156 illis

330 4199 677 4272 Evangelium
706 4196 1057 4267 prtedicatum
1094 4202 1239 4259 erat,
1290 4201 1548 4263 tanquam
1578 4209 1683 4248 non
1725 4201 1914 4250 tenen-

330 4304 440 4349 tem
472 4287 807 4358 diseiplinam
835 4293 1154 4339 cccterorum
1182 4281 1564 4354 apostolorum,
1594 4284 1682 4355 qui
1723 4293 1915 4355 gentes

330 4377 598 4451 cogebant
617 4373 913 4449 judaizare.
942 4371 1191 4427 Cesserat
1216 4372 1357 4426 enim
1405 4373 1591 4429 talium
1635 4374 1913 4429 hominum

330 4466 600 4528 scandaiis
621 4463 894 4538 apostolus
920 4462 1133 4530 Petrus,
1156 4473 1209 4519 et
1231 4463 1285 4517 in
1308 4462 1708 4521 simulationem
1726 4480 1912 4523 eorum

332 4565 526 4619 ductus
552 4565 690 4624 erat,
720 4564 974 4628 tanquam
996 4563 1052 4612 et
1077 4554 1190 4626 ipse
1222 4555 1327 4612 hoc
1356 4554 1601 4623 sentiret,
1634 4556 1765 4611 nihil
1790 4572 1916 4627 pro-

334 4657 490 4711 desse
516 4649 766 4724 gentibus
809 4647 1179 4720 Evangelium,
1220 4647 1321 4702 nisi
1367 4662 1532 4703 onera
1563 4647 1697 4720 legis
1723 4647 1913 4719 imple-

334 4753 474 4802 rent.
496 4742 544 4798 A
572 4757 677 4813 qua
706 4739 1046 4798 simulatione
1083 4739 1223 4794 idem
1263 4737 1536 4808 apostolus
1562 4738 1761 4794 Paulus
1791 4752 1915 4794 eum

331 4833 631 4901 revocavit,
666 4831 806 4889 sicut
848 4831 903 4887 in
952 4829 1056 4887 hac
1101 4828 1217 4900 ipsa
1264 4828 1502 4900 Epistola
1550 4829 1724 4886 docet.
1773 4830 1918 4887 Talis

332 4928 555 5001 quidem
602 4924 829 4997 qumstio
876 4929 960 4978 est
1013 4930 1069 4977 et
1113 4921 1168 4977 in
1220 4920 1461 4992 Epistola
1490 4923 1558 4978 ad
1606 4922 1913 4982 Romanos:

333 5013 548 5074 verum.
580 5029 705 5069 .nen
728 5011 942 5068 videtur
972 5010 1173 5083 aliquid
1205 5011 1489 5080 interesse,
1526 5013 1670 5084 quod
1693 5014 1767 5070 ibi
1796 5029 1915 5070 con—

335 5110 633 5167 tdutiouem
675 5104 848 5176 ipsam
888 5101 1112 5170 dirimit,
1144 5100 1403 5174 litemque
1431 5105 1762 5175 comprimit,
1804 5118 1921 5175 qua:

338 5184 483 5255 inter
507 5213 601 5255 eos
630 5194 720 5267 qui
741 5210 806 5251 ex
828 5190 1029 5250 Iudaeis
1053 5201 1108 5248 et
1135 5209 1228 5250 eos
1251 5194 1342 5265 qui
1372 5209 1434 5250 ex
1476 5195 1727 5265 gentibus
1750 5196 1924 5251 credi—

334 5295 531 5359 derant
557 5297 676 5346 orta
704 5295 821 5345 erat
846 5305 859 5341 :
890 5302 1011 5343 cum
1054 5284 1129 5341 illi
1173 5293 1428 5356 tanquam
1468 5300 1534 5341 ex
1559 5268 1770 5341 meritis
1797 5301 1924 5356 ope-

339 5394 457 5438 rum
491 5381 626 5453 legis
651 5379 753 5435 sibi
788 5378 1056 5435 redditum
1086 5375 1360 5449 Evangelii
1390 5376 1671 5447 prmmium
1696 5374 1926 5432 arbitra-

340 5479 548 5536 rentur,
590 5462 736 5541 quod
778 5469 1060 5539 praemium
1101 5465 1515 5532 iucircumcisis,
1544 5473 1800 5536 tanquam
1828 5463 1927 5520 im—

341 5546 575 5625 meritis,
603 5556 859 5613 nolebant
881 5556 998 5612 dari
1025 5574 1039 5622 ;
1064 5556 1140 5612 illi
1161 5564 1349 5613 contra
1371 5553 1572 5610 Iudaeis
1592 5568 1651 5608 se
1671 5550 1929 5623 prteferre

1372 249 1647 308 CLAUDII
1685 242 2152 303 TAUNNBNSIS
2189 238 2499 297 εριδεορι

1913 361 1959 418 A
1987 372 2117 413 vero
2146 353 2385 424 Epistola
2409 352 2477 406 ad
2503 364 2598 407 eos
2625 347 2817 404 scribit
2851 346 2947 417 qui
2985 344 3096 414 jam
3126 354 3391 401 commoti
3419 356 3571 401 erant

3468 229 3563 287 8H

1990 448 2315 503 auctoritate
2356 445 2572 500 illorum
2608 441 2796 511 quies
2842 438 3044 495 Iudaeis
3085 446 3245 496 erant
3284 445 3344 492 et
3370 438 3441 492 ad
3471 440 3571 493 ob—

1990 538 2328 594 servationes
2355 534 2491 604 legis
2531 531 2819 603 cogebant.
2863 527 3154 597 Coeperant
3182 527 3328 584 enim
3352 530 3438 582 eis
3461 542 3577 580 ere:

1990 629 2140 693 dere,
2162 635 2420 697 tanquam
2459 622 2657 677 Paulus
2686 618 2963 689 apostolus
2984 633 3091 673 non
3120 632 3249 672 vera
3292 617 3581 686 praedicas—

1992 728 2096 784 set,
2121 718 2266 789 quod
2285 731 2382 772 eos
2399 711 2718 770 circumcidi
2739 710 3033 766 noluisset:
3056 718 3115 764 et
3143 709 3265 764 ideo
3285 710 3365 764 sic
3384 710 3543 779 cepit
3565 726 3580 763 ;

1994 810 2163 864 Miror
2187 807 2327 879 quod
2354 808 2430 861 sic
2469 815 2578 860 tam
2619 803 2722 857 cito
2751 801 3154 871 transferimiui,
3185 801 3252 855 ab
3274 817 3337 854 eo
3380 800 3471 872 qui
3494 816 3586 855 vos

1994 904 2189 959 vocavit
2219 904 2281 956 in
2301 901 2528 973 gloriam
2565 896 2788 959 Christi,
2816 897 2874 950 in
2897 895 3047 950 aliud
3081 893 3451 965 Evangeliatm.
3471 893 3591 949 Hoc

1991 1009 2125 1065 ergo
2144 992 2374 1048 exordio
2398 1006 2579 1046 causa:
2604 990 2961 1060 qumotionem
2982 986 3222 1042 breviter
3254 985 3588 1040 insinuavit:

1993 1097 2301 1154 quanquam
2328 1090 2388 1136 et
2411 1082 2526 1153 ipsa
2555 1080 2881 1137 salutatione
2924 1078 3071 1150 (cum
3115 1077 3249 1133 dicit
3278 1092 3339 1131 se
3371 1086 3591 1146 aposto—

1986 1173 2106 1229 .lum
2138 1190 2243 1229 non
2265 1172 2332 1227 ab
2353 1172 2675 1237 hominibus,
2701 1187 2864 1242 neque
2905 1186 3000 1241 per
3036 1169 3323 1234 hominem,
3360 1167 3509 1238 quod
3538 1167 3595 1222 in

1988 1265 2139 1321 nona
2164 1264 2269 1320 alia
2300 1264 2538 1334 Epistola
2566 1263 2769 1318 dixisse
2817 1260 3119 1334 invenitur)
3161 1260 3297 1314 satis
3329 1259 3593 1319 ostendit,

1994 1368 2051 1412 e’t
2081 1357 2200 1413 illos
2240 1332 2491 1425 qui—talia
2536 1354 2936 1424 persuadebant
2963 1366 3070 1406 non
3085 1332 3219 1408 ~esse
3262 1365 3292 1405 a
3322 1350 3456 1413 Deo,
3497 1351 3599 1403 sed

1997 1453 2066 1507 ab
2091 1449 2399 1506 hominibus
2434 1466 2446 1502 :
2477 1456 2533 1502 et
2560 1445 2772 1503 caeteris
2805 1445 3086 1517 apostolis,
3110 1451 3375 1513 quantum
3404 1443 3476 1497 ad
3500 1457 3600 1497 au-

1996 1541 2309 1597 ctoritatem
2338 1537 2634 1593 testimonii
2671 1536 2971 1608 evangelici
3023 1535 3275 1606 pertinet,
3328 1534 3600 1604 imparem

1998 1652 2057 1692 se
2088 1635 2276 1691 haberi
2303 1649 2411 1689 non
2452 1640 2725 1704 oportere.
2758 1630 3204 1702 Quandoquidem
3246 1642 3358 1683 non
3401 1627 3475 1680 ab
3500 1626 3602 1680 ho-

1926 1712 1974 1771 Β
2000 1728 2259 1792 minibus,
2284 1740 2460 1796 neque
2485 1740 2583 1796 per
2609 1724 2909 1789 hominem,
2956 1723 3053 1777 sed
3095 1735 3196 1791 per
3223 1717 3411 1774 Iesum
3440 1715 3605 1772 Chri-

1997 1826 2163 1883 stum,
2191 1827 2246 1870 et
2283 1817 2454 1870 Deum
2491 1813 2732 1879 Patrem,
2777 1827 2838 1867 se
2862 1810 3166 1882 apostolum
3204 1807 3441 1863 noverit.
3475 1805 3606 1859 Sin-

1998 1910 2119 1981 gula
2159 1909 2324 1981 igitur
2352 1909 2422 1962 ah
2466 1908 2584 1977 ipso
2627 1904 2884 1976 Epistola;
2912 1901 3200 1966 vestibulo,
3247 1899 3606 1971 permittente

2000 2001 2229 2056 Domino
2257 2007 2313 2054 et
2352 1998 2641 2069 adiuvante
2669 1994 2908 2052 studium
2937 2000 3207 2057 nostrum,
3240 1992 3321 2046 sic
3346 1988 3605 2045 conside-

1993 2092 2171 2147 randa
2194 2098 2251 2145 et
2284 2089 2568 2145 tractanda
2597 2086 2954 2157 suscepimus.

2287 2179 2356 2235 IN
2393 2177 2622 2235 CAPUT
2652 2175 2923 2232 PRIMUM
2952 2170 3312 2229 EXEGESIS.

2074 2273 2285 2329 Paulus
2331 2270 2620 2344 apostolus.
2668 2268 2823 2337 Quod
2869 2281 3068 2323 nomen
3112 2279 3270 2320 suum
3324 2261 3609 2332 apostolus

1996 2368 2202 2423 Paulus
2233 2365 2288 2420 in
2314 2364 2571 2420 erunibus
2592 2375 2732 2432 pene
2758 2358 3018 2431 Epistolis
3040 2355 3303 2429 praponit
3341 2355 3395 2409 in
3420 2354 3608 2417 titulo,

1994 2462 2300 2518 auctoritas
2336 2467 2441 2517 est.
2484 2457 2557 2515 Ut
2582 2458 2729 2513 enim
2772 2455 2986 2528 iudices
3030 2450 3214 2508 saeculi
3267 2449 3453 2518 hujus,
3494 2463 3611 2517 quo

1995 2554 2299 2611 nobiliores
2321 2566 2442 2609 esse
2465 2551 2772 2617 videantur,
2795 2564 2860 2604 ex
2882 2546 3101 2619 regibus
3119 2544 3315 2615 quibus
3335 2543 3608 2604 serviunt,

2003 2656 2057 2704 et
2084 2663 2151 2703 ex
2193 2646 2473 2718 dignitate,
2503 2657 2607 2714 qua
2646 2643 3035 2703 intumescunt,
3066 2635 3326 2693 vocabula
3370 2635 3613 2690 sortiun-

2005 2752 2133 2806 tur;
2162 2740 2240 2796 ita
2267 2747 2323 2796 et
2346 2736 2638 2809 Apostolus
2663 2733 2921 2808 grandem
2959 2732 3103 2787 inter
3123 2728 3461 2807 Christianos
3500 2726 3609 2781 sibi

2003 2834 2287 2889 vindicans
2335 2830 2680 2903 dignitatem,
2726 2822 3032 2896 apostolum
3085 2836 3148 2877 se
3201 2818 3405 2875 Christi
3447 2817 3612 2872 titulo

2005 2922 2343 2997 pmnotavit,
2392 2927 2453 2975 ut
2489 2933 2558 2976 ex
2606 2918 2724 2988 ipsa
2773 2916 3013 2971 lecturos
3042 2910 3277 2967 nominis
3309 2909 3610 2964 autoritatc

2007 3020 2260 3077 terreret,
2304 3009 2557 3080 judicans
2584 3019 2774 3063 omnes
2811 3004 2906 3075 qui
2950 3004 3005 3057 in
3046 3000 3265 3075 Christo
3294 3000 3606 3063 crederent,

1932 3068 1976 3129 Ε
2009 3068 2207 3163 debere
2395 3117 2521 3158 esse
2569 3068 2861 3171 subiectos.
2912 3095 3201 3168 Apostolus
3234 3072 3459 3159 autem,
3505 3095 3611 3149 hoc

2007 3205 2094 3252 est
2110 3196 2334 3261 missus,
2356 3191 2707 3249 Hebr-serum
2734 3188 2955 3261 proprie
2975 3185 3299 3242 vocabulum
3328 3194 3441 3249 est,
3464 3186 3611 3255 quod

2013 3288 2155 3349 Silas
2181 3300 2395 3359 quoque
2423 3292 2621 3343 sonat:
2667 3282 2756 3341 cui
2785 3295 2816 3336 a
2843 3279 3108 3357 mittendo
3140 3277 3382 3343 missove
3408 3289 3611 3331 nomen

2013 3380 2327 3451 impositum
2374 3385 2478 3432 est.
2529 3376 2698 3431 Aiunt
2738 3372 2959 3441 Hebraei
3012 3371 3351 3441 interipsos
3394 3381 3613 3439 quoque

2012 3468 2306 3543 prophetas
2349 3476 2404 3525 et
2456 3476 2674 3525 sanctos
2724 3467 2872 3521 viros
2919 3479 3043 3521 esse
3094 3460 3383 3534 quosdam,
3432 3462 3613 3532 quiet

2012 3564 2291 3635 propheta:
2331 3570 2387 3617 et
2434 3559 2661 3633 apostoli
2710 3560 2862 3625 sint;
2910 3557 3044 3613 alios
3082 3572 3219 3612 vero
3267 3557 3361 3627 qui
3399 3564 3610 3611 tantum

2011 3656 2308 3729 prophetat.
2336 3654 2585 3723 Denique
2614 3651 2835 3724 Moysen
2861 3651 2952 3707 cui
2979 3649 3179 3706 dicitur
3195 3664 3216 3703 :
3265 3649 3333 3704 Et
3355 3664 3459 3719 ego
3485 3650 3607 3703 mit-

2016 3756 2126 3802 tam
2150 3754 2210 3802 te
2248 3747 2317 3801 ad
2337 3744 2721 3809 Pharaonem;
2749 3750 2804 3797 et
2831 3742 2947 3813 ipse
2986 3741 3347 3810 respondeat:
3381 3739 3611 3795 Provide

2020 3836 2202 3901 alium,
2226 3849 2388 3905 quem
2415 3832 2604 3888 mittas
2628 3831 2826 3903 (Exod.
2858 3831 2961 3902 ιιι),
3002 3838 3067 3886 et
3082 3829 3294 3895 Isaiam,
3320 3831 3412 3885 cui
3441 3830 3611 3899 loqui-

2016 3936 2106 3983 tur
2132 3926 2320 3983 Deus:
2364 3922 2537 3991 Quem
2581 3923 2814 3990 mittam,
2846 3931 2902 3977 et
2936 3921 3060 3992 quis
3105 3921 3204 3976 ibit
3243 3922 3312 3977 ad
3354 3921 3609 3992 populum

2016 4018 2177 4073 istum
2200 4014 2456 4087 (ham)?
2476 4029 2598 4070 esse
2618 4021 2674 4070 et
2701 4013 2978 4083 apostolos
3021 4019 3075 4069 et
3112 4011 3425 4083 prophetas.
3461 4012 3611 4068 Unde

2014 4115 2071 4164 et
2098 4121 2199 4162 nos
2226 4121 2514 4179 possumus
2542 4104 2865 4176 intelligere,
2891 4103 3156 4161 Joannem
3183 4118 3404 4173 quoque
3430 4104 3608 4171 Bapti-

2015 4205 2157 4253 stam
2194 4204 2248 4252 et
2265 4191 2593 4267 prophetam
2621 4203 2677 4252 et
2710 4180 3025 4266 apostolum
3067 4193 3471 4265 appellandum.
3523 4194 3606 4249 Si-

2015 4290 2231 4362 quidem
2260 4288 2338 4344 ait
2373 4287 2657 4358 Scriptura
2683 4305 2696 4342 :
2729 4284 2858 4340 Fuit
2883 4286 3039 4340 homo
3078 4287 3269 4341 missas
3296 4302 3329 4339 a
3360 4285 3499 4350 Deo,
3528 4288 3607 4341 cui

1939 4416 1992 4476 Β
2018 4398 2204 4438 nomen
2226 4390 2337 4436 erat
2366 4380 2599 4476 Ioannes
2624 4377 2810 4452 (Joau.
2848 4377 2910 4450 ι).
2941 4377 3012 4432 Et
3052 4378 3107 4432 in
3134 4376 3375 4448 Epistola
3404 4378 3477 4433 ad
3505 4378 3607 4433 lle-

2019 4477 2196 4531 brzeos
2223 4482 2513 4546 propterea
2542 4471 2768 4528 Paulum
2794 4470 2955 4528 solita
2982 4470 3374 4527 consuetudine
3394 4486 3501 4527 nec
3526 4486 3611 4527 uo-

2018 4580 2146 4621 men
2191 4580 2370 4630 suum,
2420 4578 2522 4620 nec
2562 4560 2810 4634 Apostoli
2856 4560 3181 4618 vocabulum
3224 4562 3608 4632 pr.eposnisse,

2023 4656 2152 4726 quia
2171 4654 2238 4712 de
2259 4654 2477 4711 Christo
2501 4663 2621 4711 erat
2645 4653 2926 4709 dicturus:
2956 4652 3227 4711 Habentes
3251 4667 3387 4725 ergo
3412 4652 3611 4724 princi-

2024 4760 2147 4816 pem
2189 4745 2533 4802 sacerdotum
2575 4752 2631 4800 et
2668 4743 2974 4816 apostolum
3012 4743 3373 4801 confessionis
3414 4753 3609 4800 nostrae

2023 4834 2209 4909 Iesum
2231 4833 2417 4908 (Hebr.
2451 4833 2529 4906 iv)
2571 4853 2583 4888 :
2618 4848 2722 4891 nec
2742 4832 2911 4889 fuisse
2936 4848 3236 4904 congruum
3263 4841 3324 4889 ut
3355 4835 3449 4890 ubi
3467 4833 3609 4892 Chri-

2023 4934 2141 4982 stus
2163 4924 2442 4996 apostolus
2471 4924 2732 4980 dicendus
2757 4930 2898 4990 erat,
2946 4924 3020 4979 ibi
3048 4924 3213 4979 etiam
3259 4923 3464 4982 Paulus
3487 4941 3588 4997 apo

2023 5018 2197 5074 stolus
2237 5024 2550 5089 poneretur.
2606 5016 2851 5085 Quatuor
2896 5024 3076 5072 autem
3104 5031 3302 5088 genera
3345 5018 3611 5089 apostolo-

2025 5124 2145 5164 rum
2175 5116 2339 5164 sunt:
2371 5124 2559 5175 unum,
2593 5107 2737 5178 quod
2765 5121 2943 5178 neque
2968 5106 3041 5162 ab
3066 5106 3399 5174 hominibus,
3442 5121 3609 5179 neque

2020 5216 2124 5270 per
2152 5200 2451 5265 hominem,
2501 5198 2597 5255 sed
2641 5214 2741 5270 per
2783 5197 2968 5254 Iesum
3018 5197 3301 5254 Christum
3346 5207 3403 5254 et
3444 5199 3607 5255 Deum

2023 5291 2240 5348 Patrem
2269 5308 2284 5359 ;
2317 5291 2487 5357 aliud,
2518 5293 2661 5362 quod
2683 5307 2715 5347 a
2739 5291 2853 5347 Deo
2877 5289 3096 5361 quidem
3121 5298 3228 5358 est,
3258 5292 3359 5349 sed
3387 5308 3493 5363 per
3524 5292 3608 5347 ho-

2026 5383 2268 5448 minem;
2319 5382 2564 5447 tertium,
2596 5382 2741 5452 quod
2780 5382 2849 5438 ab
2891 5381 3129 5447 homine,
3175 5390 3233 5437 et
3267 5397 3374 5436 non
3405 5396 3437 5435 a
3463 5381 3603 5445 Deo;

2027 5480 2304 5542 quartum,
2335 5472 2479 5543 quod
2518 5486 2698 5543 neque
2721 5489 2753 5527 a
2794 5472 2926 5536 Deo,
2951 5488 3131 5544 neque
3175 5487 3274 5542 per
3314 5473 3600 5531 hominem.

2028 5562 2120 5618 sed
2147 5578 2179 5618 a
2204 5563 2515 5633 semetipso.
2547 5562 2624 5620 De
2645 5565 2820 5634 primo
2856 5577 3055 5635 genere
3095 5573 3273 5633 potest
3298 5578 3423 5618 esse
3446 5562 3599 5618 lsaias

342 5652 623 5721 gestirem,
669 5656 923 5718 tanquam
967 5649 1403 5707 interfectoribus
1453 5646 1684 5706 Domini.
1730 5644 1789 5703 In
1828 5648 1931 5702 hac
2031 5660 2085 5706 et
2126 5651 2307 5706 caeteri
2355 5650 2650 5722 prophetae,
2699 5662 2755 5709 et
2802 5654 2915 5725 ipse
2961 5654 3233 5725 apostolus
3274 5652 3485 5713 Paulus.
3514 5652 3595 5719 qui
