3922 6180
394 320 499 376 835

1311 317 1566 375 ENARR.
1608 316 1677 371 ΙΝ
1716 314 1932 371 EPIST.
1976 315 2040 370 D.
2082 312 2289 370 PAULI
2328 312 2420 368 AD
2457 311 2705 369 GALAT.

3530 299 3635 355 84‘}

392 446 571 503 neque
600 433 668 489 ab
692 430 1021 495 hominibus,
1051 445 1224 500 neque
1244 445 1343 500 per
1368 428 1660 486 hominem.
1690 427 1783 481 sed
1805 440 1836 479 a
1857 424 1968 479 Deo
1998 426 2045 486 Α
2073 424 2271 492 signat.
2302 420 2482 477 Facile
2503 419 2644 477 enim
2668 424 2861 489 potent
2890 414 3010 488 quis
3037 414 3331 486 intelligere
3355 428 3539 470 errare
3558 430 3637 479 se,

394 522 556 579 Patre
577 530 634 576 et
652 520 1102 577 Chr-isto'missus
1129 531 1231 575 est.
1265 520 1342 575 De
1370 518 1625 583 secundo,
1646 515 1802 571 Iesus
1826 514 1968 569 illius

395 619 562 685 Nave,
593 617 684 687 qui
714 631 745 670 a
788 617 901 671 Deo
927 614 1144 684 quidem
1173 621 1257 669 est
1302 611 1577 682 apostolus
1622 609 1965 672 constitutus,

388 712 484 767 sed
508 725 607 781 per
630 692 902 771 hominem
948 707 1187 778 Moysen.
1238 704 1478 759 Tertium
1515 717 1684 774 genus
1712 709 1815 765 est,
1846 713 1967 755 cum

388 795 882 873 homingm‘i‘avore
908 806 965 853 et
994 797 1170 852 studio
1201 794 1396 865 aliquis
1420 793 1718 859 ordinatur,
1745 798 1805 845 ut
1825 803 1970 844 nunc

387 875 635 965 videmus
659 890 922 961 plurimos
950 906 1056 945 non
1088 889 1182 943 Dei
1205 886 1430 956 judicio,
1474 885 1568 941 sed
1596 885 1871 954 redempto
1892 881 1971 936 fa-

332 970 518 1041 }‘vore
543 984 709 1055 vulgi,
743 983 797 1037 in
846 981 1208 1037 sacerdotium
1260 978 1558 1050 subrogati.
1602 975 1862 1044 Quartum
1887 982 1971 1029 est

389 1030 991 1145 gingiuam};
1008 1030 1718 1141 Et't's'euaast‘zuimim,
1760 1067 1827 1122 de
1854 1066 1972 1136 qui—

388 1166 494 1220 bus
538 1162 847 1234 Apostolus,
892 1160 1212 1225 istiusmodi,
1284 1158 1480 1229 inquit,
1525 1152 1968 1228 pseudoapostoli,

390 1256 622 1325 operarii
664 1252 976 1323 iniquitatis,
1025 1249 1460 1319 traus/igttrantes
1507 1264 1563 1302 se
1608 1247 1665 1302 in
1712 1243 1971 1316 apostolos

389 1347 587 1401 Christi
629 1343 713 1417 (11
739 1342 865 1399 Cor.
891 1343 991 1414 ιι),
1020 1342 1110 1413 qui
1141 1341 1347 1401 dicunt,
1380 1339 1506 1393 Haec
1526 1337 1663 1393 dicit
1690 1335 1968 1398 Dominus,

389 1448 445 1493 et
473 1438 733 1493 Dominus
768 1450 873 1489 non
901 1434 1050 1488 misit
1076 1447 1189 1488 eos.

464 1526 592 1582 Non
620 1526 684 1580 ab
731 1523 1046 1585 hominibus,
1100 1538 1261 1594 neque
1290 1538 1384 1593 per
1423 1520 1705 1575 hominem.
1738 1517 1857 1572 Non
1883 1530 1972 1571 su-

388 1619 575 1689 perbe,
606 1625 668 1672 ut
691 1614 909 1686 quidam
952 1619 1163 1682 putant,
1190 1612 1284 1668 sed
1331 1609 1657 1674 necessarie,
1702 1621 1880 1677 neque
1905 1605 1974 1660 ab

2067 516 2113 570 si
2148 530 2207 570 se
2244 529 2276 569 a
2310 513 2494 569 multis
2534 512 2714 566 videat
2758 506 3097 578 reprehendi.
3135 505 3286 574 Quod
3323 513 3503 561 autem
3542 505 3640 571 ait,

2067 605 2319 662 Ecclestis
2347 603 2595 670 Galatiaz,
2620 611 2677 658 et
2701 602 2805 657 hoc
2829 600 3141 666 notandum,
3171 598 3297 669 quia
3321 599 3409 654 hic
3431 605 3642 655 tantum

2066 698 2411 769 generaliter,
2459 710 2565 750 non
2615 693 2682 749 ad
2728 708 2890 748 unam
2938 691 3235 748 Ecclesiam
3262 689 3424 745 unius
3468 690 3642 754 urbis,

2067 789 2162 842 sed
2186 786 2253 841 ad
2292 786 2456 841 totius
2485 782 2776 855 provincia:
2819 783 3087 838 scribebat
3114 779 3407 836 Ecclesias.
3454 779 3522 834 Et
3544 779 3646 834 Ee-

2069 878 2263 934 clesias
2291 886 2465 943 vocat,
2511 892 2646 947 quas
2674 883 2860 948 postea
2887 889 3072 931 errore
3097 874 3277 945 arguit
3305 874 3644 944 depravatas.

2068 969 2149 1024 Ex
2180 984 2288 1040 quo
2315 969 2642 1024 noscendum
2685 966 2972 1037 dupliciter
2997 964 3294 1021 Ecclesiam
3336 980 3496 1037 posse
3516 964 3645 1030 dici,

2068 1073 2123 1118 et
2152 1080 2271 1120 eam
2316 1079 2436 1133 qua:
2486 1077 2593 1117 non
2656 1062 2854 1117 habeat
2894 1059 3161 1116 maculam
3210 1067 3305 1114 aut
3346 1072 3555 1126 rugam,
3589 1066 3644 1113 et

2068 1167 2197 1208 vere
2221 1168 2417 1223 corpus
2443 1151 2645 1208 Christi
2695 1151 2765 1206 sit
2789 1168 2803 1216 ;
2850 1158 2905 1206 et
2932 1165 3052 1206 eam
3078 1164 3199 1220 qua:
3227 1150 3283 1205 in
3313 1149 3515 1206 Christi
3551 1166 3646 1205 no-

2069 1244 2214 1300 mine
2246 1244 2451 1315 absque
2493 1243 2665 1314 plenis
2699 1242 3061 1313 perfectisque
3087 1243 3376 1297 virtutibus
3423 1258 3647 1314 congre-

2072 1341 2245 1404 getur.

2140 1422 2327 1478 Gratia
2354 1423 2498 1478 vobis
2541 1433 2589 1477 et
2623 1440 2728 1495 pax
2754 1442 2786 1479 a
2824 1423 2933 1478 Deo
2962 1420 3144 1489 Patre,
3190 1431 3237 1477 et
3275 1422 3494 1477 Domino
3522 1423 3650 1477 Iesu

2072 1513 2303 1567 Christo.
2337 1511 2521 1566 Gratia
2552 1512 2647 1567 Dei
2678 1520 2780 1576 est,
2801 1526 2906 1581 qua
2942 1510 3094 1565 nobis
3118 1509 3388 1566 donantur
3406 1520 3649 1580 peccata.

2072 1615 2133 1660 ut
2159 1602 2573 1659 reconciltemur
2623 1602 2757 1657 Deo.
2807 1600 2918 1656 Pax
2965 1608 3168 1665 autem,
3205 1615 3308 1669 qua
3338 1601 3654 1656 reconcilia-

392 1688 721 1774 bominibus,
751 1721 927 1777 neque
969 1719 1068 1776 per
1094 1704 1389 1770 hominem,
1430 1717 1490 1759 se
1514 1699 1817 1771 apostolum
1851 1711 1974 1753 esse
2001 1770 2041 1777 Α
2074 1711 2196 1751 mur
2223 1696 2353 1759 Deo,
2386 1708 2491 1749 non
2528 1701 2588 1748 ut
2616 1694 2670 1748 in
2719 1693 2930 1748 caeteris
2955 1690 3220 1762 epistolis,
3257 1689 3355 1745 Del
3399 1688 3575 1745 Patris
3605 1699 3660 1745 et

390 1804 662 1877 proponit,
690 1770 785 1857 sed
820 1770 918 1871 per
943 1770 1126 1853 Iesum
1149 1797 1449 1861 Christum,
1470 1803 1528 1851 et
1544 1770 1711 1850 Deum
1734 1792 1969 1856 Patrem,
2000 1770 2048 1831 Β
2076 1786 2289 1842 Domini
2312 1785 2483 1877 nostri
2506 1783 2632 1839 Jesu
2666 1783 2891 1848 Christi,
2919 1783 3146 1877 gratiam
3170 1783 3339 1852 ponit,
3372 1789 3426 1837 et
3445 1797 3655 1877 pacem,

392 1903 454 1950 ut
480 1908 574 1951 eos
597 1893 689 1963 qui
728 1889 952 1947 Paulum
982 1896 1135 1943 extra
1181 1887 1463 1944 duodecim
1508 1883 1780 1955 apostolos
1806 1881 1976 1938 venti-

394 1986 598 2050 labam,
629 1993 686 2040 et
713 1985 897 2041 nescio
925 1985 1069 2040 unde
1110 1983 1286 2040 subito
1312 1981 1644 2054 prorupisse,
1683 1978 1768 2036 vel
1796 1993 1827 2034 a
1861 1993 1977 2033 ma-

389 2074 599 2146 joribus
626 2074 956 2138 ordinatum,
985 2075 1088 2129 hac
1115 2072 1438 2128 auctoritate
1458 2068 1835 2126 confunderet.
1879 2065 1978 2122 Po-

396 2172 711 2221 testantem
740 2173 796 2220 et
823 2164 1043 2234 oblique
1070 2164 1127 2218 in
1172 2163 1397 2219 Petrum
1431 2168 1488 2217 et
1528 2161 1584 2216 in
1632 2167 1859 2217 caeteros
1897 2158 1979 2214 di-

397 2266 544 2321 ctum
578 2255 775 2327 accipi,
822 2255 965 2326 quod
1005 2270 1114 2309 non
1142 2255 1209 2310 ab
1237 2254 1495 2325 apostolis
1527 2253 1575 2308 ei
1617 2254 1691 2308 sit
1719 2253 1979 2308 traditum

400 2344 772 2415 Evangelinm,
802 2345 897 2400 sed
940 2345 1008 2400 ab
1052 2344 1171 2415 ipso
1206 2343 1336 2400 Jesu
1374 2343 1613 2409 Christo,
1659 2343 1752 2412 qui
1775 2351 1837 2399 et
1858 2343 1982 2399 illos

402 2433 680 2505 apostolos
722 2433 979 2503 elegerat.
1031 2433 1145 2488 lloe
1192 2440 1371 2488 autem
1402 2440 1574 2487 totum
1617 2432 1739 2488 ideo
1776 2448 1985 2503 praspa-

406 2530 581 2586 ratur,
611 2530 671 2577 ut
691 2536 851 2576 nemo
877 2522 980 2577 sibi
1006 2530 1191 2577 contra
1215 2522 1350 2593 legis
1388 2536 1554 2578 onera
1580 2537 1679 2593 pro
1709 2521 1986 2593 Evangelii

406 2611 582 2684 gratia
607 2612 900 2681 disputanti
944 2620 1127 2682 posset
1166 2625 1459 2682 opponere.
1510 2609 1619 2667 Sed
1665 2611 1860 2668 Petrus
1884 2614 1987 2669 hoc

407 2704 563 2768 dixit,
590 2701 686 2759 sed
728 2701 953 2772 apostoli
980 2702 1083 2757 hoc
1126 2708 1451 2769 statuerunt,
1492 2703 1589 2759 sed
1630 2715 1988 2773 praecessores

409 2794 485 2849 tui
514 2793 659 2873 aliud
685 2793 1077 2849 decreverunt:
1106 2792 1251 2863 quod
1280 2793 1494 2863 quidem
1523 2794 1577 2848 in
1616 2794 1986 2863 sequentibus,

406 2898 553 2939 nunc
577 2883 732 2954 quasi
758 2882 971 2939 occulto
995 2898 1244 2939 sermone
1268 2883 1623 2955 praecludeus,
1648 2883 1989 2941 manifestius

407 2973 559 3039 facit,
592 2975 720 3031 dum
757 2975 828 3031 ab
854 2975 933 3031 eis
954 2976 1048 3045 qui
1075 2975 1328 3030 videntur
1354 2989 1478 3032 esse
1517 2975 1739 3046 aliquid,
1770 2975 1903 3031 nihil
1932 2976 1986 3030 in

2072 1892 2172 1948 per
2199 1889 2334 1945 quas
2381 1876 2585 1945 absque
2631 1888 2852 1944 operum
2900 1873 3094 1927 merito
3139 1879 3195 1928 et
3242 1881 3463 1943 peccata
3500 1872 3658 1928 nobis

2073 1979 2329 2023 concessa
2355 1972 2480 2021 sunt
2503 1963 2751 2034 pristina,
2797 1970 2854 2018 et
2879 1977 2981 2032 pzx
3025 1960 3226 2017 indulta
3255 1968 3373 2032 post
3402 1962 3613 2018 veniam
3643 1980 3657 2016 :

2075 2056 2170 2113 sed
2207 2055 2501 2126 prudenter
2537 2053 2652 2123 jam
2694 2067 2915 2108 causam
2960 2052 3070 2124 agit
3099 2052 3383 2107 adversum
3428 2066 3521 2108 eos
3566 2055 3659 2122 qui

2077 2145 2293 2202 fuerant
2332 2159 2364 2199 a
2414 2143 2535 2216 lege
2577 2142 2859 2213 pranventi,
2912 2149 2969 2195 et
3011 2142 3273 2211 putabant
3314 2155 3379 2196 se
3404 2154 3563 2211 posse
3590 2157 3659 2197 cx

2074 2235 2333 2308 operibus
2351 2233 2658 2304 iustificari,
2687 2242 2748 2288 ut
2773 2234 2977 2288 scirent
3007 2246 3065 2288 se
3090 2232 3272 2288 salvos
3300 2233 3498 2304 gratia,
3526 2234 3657 2289 etin

2080 2339 2147 2379 eo
2171 2337 2520 2393 perseverare
2548 2322 2744 2377 debere
2768 2323 2910 2391 quod
2932 2312 3227 2392 coeperant.

2155 2433 2260 2501 Qui
2286 2434 2430 2488 dedit
2472 2434 2805 2503 semetipsum
2847 2449 2941 2504 pro
2978 2434 3202 2504 peccatis
3247 2435 3456 2497 nostris,
3490 2444 3545 2488 ut
3574 2451 3667 2489 nos

2086 2525 2302 2595 eriperet
2324 2524 2389 2578 de
2414 2523 2660 2594 pra'senti
2699 2521 2892 2577 scrcqu
2922 2522 3172 2593 maligno.
3205 2521 3390 2592 Neque
3417 2522 3584 2578 Filius
3608 2540 3667 2579 se

2088 2616 2236 2672 dedit
2257 2632 2357 2688 pro
2384 2615 2618 2686 peccatis
2654 2614 2855 2669 nostris
2898 2616 3101 2685 absque
3136 2614 3411 2669 voluntate
3462 2613 3664 2680 Patris,

2087 2724 2263 2780 neque
2284 2708 2448 2763 Pater
2471 2706 2695 2761 tradidit
2718 2705 2913 2760 Filium
2939 2706 3054 2761 sine
3083 2705 3204 2760 Filii
3237 2704 3527 2760 voluntate.
3562 2704 3668 2762 Sed

2088 2800 2205 2857 haec
2243 2807 2327 2855 est
2359 2796 2607 2853 voluntas
2634 2796 2777 2862 Filii,
2829 2796 3162 2851 voluntatem
3201 2795 3381 2853 Patris
3424 2797 3670 2868 implere,

2087 2899 2150 2946 ut
2178 2890 2291 2961 ipse
2317 2889 2557 2959 loquitur
2586 2889 2639 2942 in
2685 2887 2938 2942 Psalmo:
2991 2884 3057 2941 Ut
3088 2887 3312 2958 [acerem
3356 2887 3671 2943 voluntatem

2089 2988 2259 3046 tuam,
2290 2979 2429 3034 Deus
2480 2994 2624 3033 meus
2660 2976 2800 3032 volui
2831 2975 3001 3049 (Psal.
3028 2976 3237 3049 χχχιι).
3274 2978 3470 3049 Aperte
3495 2986 3673 3035 osten-

406 3082 469 3124 se
497 3066 750 3122 collatum
785 3065 988 3121 refert:
1017 3075 1075 3121 et
1101 3066 1203 3137 ipsi
1236 3067 1400 3122 Petro
1423 3067 1477 3121 in
1502 3066 1695 3122 faciem
1720 3066 1988 3122 restitisse
2014 3113 2057 3140 η
2090 3072 2169 3128 dit
2196 3070 2330 3127 nihil
2354 3070 2610 3140 prodesse
2636 3068 2829 3138 legem,
2869 3068 3085 3138 quando
3123 3067 3396 3124 Christum
3427 3067 3556 3124 dicit
3579 3068 3676 3123 ob.

2013 3113 2059 3178 C

406 3171 469 3213 se
505 3156 713 3222 scribit,
745 3155 892 3211 nulla
931 3157 1118 3212 dicens
1170 3156 1495 3212 necessitate
1535 3157 1897 3226 compulsum,
1926 3165 1988 3211 ut
2014 3155 2059 3178 “
2094 3162 2279 3217 tulisse
2307 3174 2384 3226 se,
2416 3167 2474 3215 ut
2493 3174 2593 3230 pro
2616 3158 2773 3213 nobis
2798 3166 3094 3228 pateretur,
3124 3167 3184 3213 ut
3204 3172 3303 3214 nos
3318 3159 3659 3230 justiﬁearct.

407 3249 675 3322 hypocrisi
715 3249 932 3305 cederet
972 3247 1300 3305 Iudaeorum.
1345 3247 1499 3316 Quod
1545 3249 1592 3305 si
1639 3249 1987 3306 temerarium

408 3332 732 3409 quibusdam
760 3339 992 3403 videtur,
1017 3353 1142 3395 eum
1181 3347 1369 3394 contra
1415 3340 1703 3410 apostolos,
1740 3340 1991 3411 quamvis

410 3431 645 3496 occulte,
672 3430 931 3497 locutum,
959 3430 1050 3501 qui
1072 3429 1500 3502 Hierosolymam
1525 3431 1730 3487 idcirco
1752 3432 1991 3504 perrexit

416 3532 477 3579 ut
507 3538 630 3578 cum
672 3523 755 3579 eis
797 3521 1071 3578 conferret
1108 3522 1480 3594 Evangelium,
1509 3537 1580 3578 ne
1623 3521 1761 3580 forte
1807 3522 1861 3578 in
1901 3539 1992 3577 va-

415 3628 573 3669 cuum
598 3621 842 3669 curreret
864 3620 960 3669 aut
980 3613 1328 3668 cucurrisset.
1361 3612 1656 3683 Sequitur:

494 3702 601 3759 Sed
623 3713 715 3774 per
758 3703 941 3758 Iesum
987 3700 1276 3767 Christum,
1324 3711 1372 3755 et
1414 3701 1583 3755 Deum
1633 3701 1869 3766 Patrem,
1904 3702 1996 3773 qui

414 3796 684 3883 suscitqvit
710 3811 831 3850 eum
862 3812 894 3849 a
922 3794 1161 3848 mortuis.
1204 3792 1339 3859 Quia
1386 3794 1531 3847 enim
1562 3800 1619 3846 et
1662 3792 1786 3846 Filii
1814 3800 1871 3847 et
1893 3791 1970 3847 Pa

418 3887 520 3943 tris
542 3880 650 3940 una
671 3892 757 3940 est
778 3885 1021 3955 operatio
1047 3901 1060 3937 :
1091 3890 1148 3937 et
1170 3890 1228 3938 ut
1248 3883 1390 3938 scias
1417 3882 1545 3952 quia
1580 3881 1723 3936 Deus
1741 3889 1822 3936 est
1838 3880 2005 3937 Chri-

417 3982 557 4039 stus,
582 3988 615 4028 a
646 3988 755 4044 quo
779 3973 871 4028 ille
905 3983 991 4029 est
1031 3971 1206 4027 factus
1247 3971 1541 4042 apostolus,
1589 3970 1875 4041 diligenter
1900 3971 1994 4025 ad-

418 4072 572 4120 verte
615 4062 760 4134 quod
797 4070 924 4118 ante
959 4063 1322 4117 nominaverit
1349 4061 1542 4116 Filium
1572 4075 1733 4130 quam
1759 4060 2000 4125 Patrem,

414 4162 609 4211 contra
633 4152 932 4209 calumnias
958 4152 1302 4207 Arianorum.
1352 4151 1485 4207 illud
1514 4166 1643 4207 vero
1684 4150 1831 4223 quod
1856 4151 2005 4207 addi-

420 4245 520 4311 dit,
543 4243 635 4315 qui
666 4242 932 4297 suscitavit
969 4258 1088 4296 eum
1111 4259 1142 4295 a
1171 4241 1411 4306 mortuis,
1440 4240 1739 4295 secundum
1769 4241 1873 4296 hoc
1892 4255 2006 4296 cre-

421 4334 569 4391 ditur
600 4334 916 4397 suscitatus,
963 4331 1256 4388 secundum
1286 4331 1433 4402 quod
1475 4331 1612 4386 mori
1655 4331 1850 4401 potuit,
1889 4329 2002 4385 sola

421 4424 629 4481 scilicet
654 4439 841 4480 carne.

495 4513 563 4569 Et
586 4516 676 4586 qui
703 4530 901 4569 mecum
941 4523 1062 4568 sunt
1092 4528 1268 4568 omnes
1304 4512 1515 4584 fratres,
1548 4511 1798 4567 Ecclesiis
1842 4512 2005 4569 Cala-

423 4607 534 4661 tiae.
560 4605 620 4659 in
647 4605 770 4660 aliis
804 4602 1058 4674 Epistolis
1103 4603 1396 4659 Sosthencs
1440 4611 1497 4659 et
1539 4601 1805 4665 Silvanus,
1842 4603 2006 4671 inter:

425 4695 553 4751 dum
575 4703 628 4750 et
654 4694 970 4750 Timotheus
1003 4693 1059 4748 in
1103 4693 1326 4748 exordio
1361 4703 1767 4764 praeponuntur.
1813 4694 1870 4748 ln
1901 4694 2006 4749 hac

426 4797 659 4854 tantum,
682 4789 808 4858 quia
838 4787 1142 4843 necessaria
1169 4795 1288 4842 erat
1314 4787 1608 4842 auctoritas
1629 4786 2005 4857 plurimorum,

424 4881 667 4935 omnium
694 4879 924 4937 fratrum
964 4895 1162 4935 nomen
1202 4878 1516 4945 assumitur,
1547 4880 1639 4949 qui
1669 4889 1723 4934 et
1768 4879 1870 4949 ipsi
1899 4878 1997 4935 for-

426 4972 571 5027 sitan
598 4988 663 5028 e:
695 4971 1107 5028 circumcisione
1151 4981 1328 5038 erant,
1354 4979 1410 5026 et
1438 4986 1470 5025 a
1502 4970 1705 5026 Galatia
1739 4987 1847 5026 non
1876 4985 2004 5027 eon-

427 5063 655 5133 temptui
688 5062 1041 5118 ducebantur.
1084 5061 1382 5117 Plurimum
1420 5060 1618 5130 quippe
1662 5058 1795 5115 facit
1817 5060 1884 5115 ad
1911 5074 2009 5129 po-

427 5154 613 5225 pulum
658 5152 1034 5223 corrigendum
1078 5152 1367 5207 multorum
1409 5168 1463 5206 m
1490 5166 1597 5206 una
1641 5165 1699 5205 re
1743 5149 2008 5205 sententia

427 5255 592 5316 atque
618 5259 934 5301 consensus.
964 5242 1256 5312 Postquam
1280 5244 1425 5298 enim
1456 5242 1829 5300 auctoritatem
1853 5255 2007 5296 suam

426 5338 846 5422 commendavit,
895 5338 997 5393 hos
1036 5338 1205 5403 addit,
1249 5345 1309 5392 ut
1354 5351 1543 5391 onmes
1571 5343 1872 5391 commotos
1915 5334 2012 5389 ad-

427 5442 620 5486 versus
644 5446 740 5486 eos
778 5430 1104 5494 ostenderet,
1149 5428 1396 5498 quamvis
1420 5427 1690 5482 suiliceret
1717 5426 2014 5485 auctoritas

430 5520 569 5592 ejus,
593 5535 692 5577 nec
721 5529 903 5593 posset
932 5518 1177 5576 refutari.
1208 5517 1410 5573 Tamen
1437 5525 1493 5571 ut
1536 5532 1700 5587 grave
1727 5516 1925 5572 factum
1959 5518 2017 5571 il-

431 5615 606 5674 lorum
634 5602 904 5680 ostendat,
932 5629 1041 5684 quo
1067 5630 1097 5668 a
1122 5614 1295 5684 prima
1326 5611 1430 5666 ﬁde
1451 5611 1794 5673 destiterant,
1818 5610 2015 5666 multos

433 5724 617 5765 secum
649 5723 906 5765 accensos
934 5708 1001 5760 ad
1028 5721 1265 5761 errorem
1311 5703 1522 5759 illorum
1560 5700 1889 5768 argucualum
1918 5704 2011 5758 dc-

2092 3266 2230 3326 quos
2249 3255 2335 3309 lex
2364 3269 2487 3310 reos
2512 3250 2750 3318 tenebat,
2774 3259 2834 3306 ut
2857 3252 2996 3306 eruti
3026 3268 3057 3307 a
3083 3251 3198 3324 lege
3218 3267 3317 3323 per
3345 3250 3503 3306 iidem
3527 3249 3676 3306 Chri'

2093 3345 2184 3412 sti,
2210 3344 2322 3414 iam
2352 3359 2458 3399 non
2503 3349 2818 3414 peccatores
2853 3355 3117 3407 essemus,
3149 3341 3240 3396 sed
3281 3340 3560 3410 justiiicati
3591 3356 3676 3395 se-

2092 3432 2265 3488 cunda
2288 3432 2571 3487 nativitate
2591 3429 2712 3485 Filii
2734 3431 2830 3487 Dei
2850 3431 3120 3502 appellati.
3153 3429 3419 3487 Stcculum
3440 3445 3678 3500 praesens

2080 3525 2386 3596 malignum
2415 3532 2637 3594 propter
2663 3523 2928 3592 malignos
2954 3522 3201 3577 homines
3226 3521 3318 3591 qui
3344 3521 3399 3574 in
3421 3519 3510 3575 illo
3531 3531 3675 3582 sunt,

2096 3616 2496 3686 intelligendum
2522 3623 2626 3679 est,
2671 3614 2812 3669 sicut
2850 3613 3083 3668 dicimus
3125 3610 3412 3681 malignam
3458 3609 3676 3664 domum

2094 3714 2318 3774 propter
2345 3702 2610 3773 malignos
2638 3702 3003 3757 inhabitantes
3031 3702 3085 3755 in
3114 3714 3198 3761 ea,
3225 3715 3331 3755 non
3361 3707 3541 3755 tamen
3574 3716 3675 3756 sac-

2097 3793 2277 3848 culum
2308 3792 2483 3862 ipsum
2512 3791 2658 3859 quod
2677 3790 2764 3845 die
2792 3798 2847 3844 et
2877 3797 3055 3855 nocte,
3080 3790 3236 3846 annis
3255 3790 3426 3846 currit
3450 3799 3508 3847 et
3533 3807 3679 3849 meu-

2098 3882 2269 3943 sibus,
2301 3880 2557 3952 appellari
2602 3880 2823 3947 malum,
2857 3881 2950 3937 sed
2971 3895 3036 3936 ea
3070 3897 3190 3952 qua:
3211 3883 3266 3937 in
3295 3882 3492 3943 saeculo
3519 3884 3673 3939 ﬁunt.

2098 3972 2379 4040 Quomodo
2400 3968 2644 4027 suilloere
2656 3971 2856 4027 dicitur
2872 3971 2973 4027 diei
2999 3972 3200 4026 malitia
3226 3988 3323 4028 sua
3347 3972 3561 4046 (Matth.
3579 3975 3677 4047 vt).

2102 4063 2171 4119 Et
2189 4063 2305 4118 dies
2322 4059 2489 4117 Iacob
2520 4061 2672 4132 parvi
2698 4063 3007 4118 scribuntur
3037 4070 3092 4118 et
3125 4062 3251 4118 mali
3286 4060 3438 4136 (Gen.
3477 4065 3676 4138 xcv");

2103 4170 2211 4213 non
2235 4153 2378 4224 quod
2404 4155 2636 4224 spatium
2667 4154 2945 4224 temporis,
2992 4154 3046 4208 in
3086 4168 3194 4225 quo
3213 4154 3352 4210 vixit
3374 4152 3540 4211 Iacob
3567 4172 3680 4210 ma-

2104 4249 2215 4304 lum
2249 4246 2433 4313 fuerit,
2483 4247 2578 4303 sed
2603 4246 2745 4317 quod
2797 4262 2878 4311 ea,
2925 4262 3046 4318 qua:
3074 4247 3347 4314 sustinuit,
3394 4264 3491 4319 per
3530 4249 3680 4304 varia

2106 4355 2232 4395 eum
2255 4346 2614 4394 exercuerunt
2641 4347 3080 4409 temperamenta.

2029 4459 2084 4521 Β
2150 4427 2477 4521 Δδᾳοειιπείιιηι
2509 4427 2828 4484 voluntatem
2860 4428 2960 4482 Dei
2995 4437 3044 4482 et
3071 4426 3249 4483 Patris
3275 4438 3462 4495 nostrr,
3493 4431 3579 4484 cui
3606 4441 3684 4485 est

2107 4518 2298 4591 gloria.
2331 4518 2542 4586 Quanto
2566 4519 2733 4591 igitur
2775 4519 2945 4588 magis
2974 4518 3217 4573 homines
3244 4534 3351 4574 non
3377 4519 3573 4576 debent
3599 4537 3686 4575 ar-

2111 4618 2363 4679 roganter
2387 4610 2454 4664 ad
2482 4609 2689 4679 selpsos
2717 4606 2943 4674 referre,
2976 4608 3020 4663 si
3050 4609 3177 4678 quid
3215 4619 3509 4679 operantur
3532 4612 3684 4678 boni,

2110 4699 2324 4770 quando
2347 4707 2405 4755 et
2443 4700 2556 4771 ipse
2581 4699 2676 4753 Dei
2703 4698 2871 4754 Filius
2898 4699 2951 4753 in
2986 4698 3280 4771 Evangelio
3306 4715 3412 4756 non
3458 4701 3685 4773 gloriam

2111 4809 2263 4850 suam
2287 4808 2347 4849 se
2370 4808 2612 4863 quaerere
2655 4792 2809 4857 dixit,
2838 4806 3012 4862 neque
3036 4791 3361 4848 voluntatem
3403 4809 3556 4849 suam
3595 4809 3687 4847 ve-

2111 4886 2258 4941 nisse
2310 4884 2511 4949 facere,
2562 4884 2656 4939 sed
2709 4883 3037 4938 voluntatem
3078 4884 3195 4954 ejus
3239 4885 3330 4953 qui
3379 4899 3502 4940 cum
3542 4886 3687 4940 mi<it

2113 4975 2295 5049 (Joan.
2347 4973 2485 5045 vui).
2534 4973 2706 5040 Quam
2756 4972 3082 5028 voluntatem
3130 4973 3460 5046 gloriamque
3511 4974 3687 5030 Patris

2113 5079 2257 5121 nunc
2289 5064 2733 5119 commemoravit
2777 5063 3087 5132 Apostolus,
3115 5072 3174 5119 ut
3200 5064 3313 5134 ipse
3337 5080 3551 5134 quoque
3592 5068 3672 5122 Do

2112 5156 2243 5212 mini
2270 5155 2532 5224 exemplo,
2565 5169 2594 5208 a
2619 5169 2726 5224 quo
2749 5155 2944 5209 missus
2966 5163 3067 5218 est,
3091 5169 3196 5209 non
3226 5169 3285 5209 se
3305 5168 3548 5225 qumrcre
3570 5158 3688 5227 glo-

2113 5249 2247 5302 riam
2273 5262 2427 5301 suam
2459 5244 2810 5316 significaret,
2838 5259 2938 5299 nec
2973 5243 3153 5299 facere
3180 5244 3504 5300 voluntatem
3537 5262 3688 5302 suam

2116 5339 2171 5392 in
2205 5335 2588 5407 praedicatione
2632 5334 2927 5406 Evangelii,
2960 5335 3102 5390 sicut
3148 5336 3306 5405 paulo
3350 5347 3472 5407 post
3516 5339 3684 5394 dicit:

2115 5426 2174 5483 Si
2200 5426 2496 5480 hominibus
2519 5424 2798 5496 placerem,
2823 5422 3018 5479 Christi
3053 5442 3231 5481 servus
3262 5445 3362 5483 non
3404 5446 3584 5484 essem.
3620 5431 3689 5485 Ut

2116 5515 2329 5569 ﬁrmum
2356 5513 2429 5567 sit
2452 5521 2510 5566 et
2541 5512 2762 5582 plenum
2807 5513 3149 5579 auctoritate,
3188 5517 3329 5585 quod
3364 5517 3517 5582 dicit,
3561 5519 3688 5588 quia

2114 5608 2360 5664 Christus
2390 5619 2486 5660 nos
2506 5606 2773 5672 liberavit,
2801 5604 3022 5673 addidit,
3054 5609 3179 5678 quia
3211 5608 3350 5664 istud
3372 5626 3494 5666 cum
3516 5611 3684 5667 Patris

2115 5698 2303 5752 fecerit
2331 5697 2623 5752 voluntate.
