3924 6170
304 314 416 371 847

1357 306 1635 364 CLAUDII
1678 304 2149 363 TAURINENSIS
2185 306 2494 366 EPlSCOPl

3458 315 3555 376 853

365 428 433 485 In
474 426 669 483 sa'cula
715 423 1048 480 sucularum.
1099 420 1327 479 lnﬁnitis
1359 420 1638 477 beneﬁciis
1668 420 1871 476 inﬁnita
1906 423 1948 478 Α
1980 419 2209 488 scipsos,
2269 422 2321 475 iJ
2351 433 2435 476 est
2462 422 2734 493 apostolos
2784 425 2852 493 (si
2893 426 3162 481 immutati
3212 426 3353 484 forte
3403 430 3562 487 aliter

294 521 466 592 gloria
489 520 732 576 debetur.

364 616 549 679 Amen.
581 609 865 677 Prologum
910 622 1067 663 suum
1116 606 1342 663 Hebraeo
1378 620 1629 663 sermone
1660 604 1879 659 conclu-

295 709 392 771 dit,
422 703 613 758 Amen.
642 697 990 769 Septuaginta
1031 696 1443 761 transtulerunt,
1483 698 1694 769 γένοιτο,
1746 693 1875 755 ﬁat;

293 794 484 866 Aquila
494 833 509 855 ,
523 791 924 861 πεπιστωμένος.
941 786 1050 844 Nos
1061 802 1191 845 vero
1206 802 1330 842 vere
1344 786 1457 841 sive
1473 785 1699 839 ﬁdeliter
1715 784 1881 837 inter-

292 885 494 957 pretari
521 897 842 955 possumus:
890 881 1032 951 quod
1071 878 1235 934 etiam
1271 878 1325 932 in
1362 875 1655 946 Evangelia
1682 890 1711 927 a
1757 872 1877 928 Sal-

292 985 481 1030 vatore
509 988 723 1042 semper
751 970 1063 1036 assumitur,
1089 983 1187 1023 sua
1216 981 1315 1037 per
1333 968 1506 1022 Amen
1553 965 1714 1020 verba
1744 978 1877 1018 con-

294 1068 565 1125 ﬁrmante.
1872 1040 1881 1055 δ

365 1157 536 1212 Miror
562 1155 700 1228 quod
726 1164 835 1209 tam
881 1156 983 1208 cito
1018 1151 1426 1222 transferimini,
1465 1149 1529 1205 ab
1561 1165 1620 1203 eo
1664 1149 1754 1219 qui
1793 1164 1879 1202 vos

290 1248 486 1303 rocavit
516 1246 570 1299 in
593 1245 815 1316 gloriam
848 1241 1067 1306 Christi,
1096 1244 1151 1297 in
1181 1240 1328 1296 aliud
1353 1238 1716 1311 Evangelium,
1739 1239 1876 1310 quod

292 1355 397 1391 non
431 1336 698 1391 estaliud.
744 1334 1086 1390 Enumeratis
1116 1332 1396 1388 beneﬁciis
1439 1331 1625 1386 mirari
1664 1346 1723 1386 se
1750 1330 1881 1385 dicit

291 1428 582 1499 Apostolus
609 1426 752 1497 quod
781 1425 850 1480 ab
872 1423 1146 1495 Evangelii
1172 1422 1423 1479 libertate
1449 1420 1725 1491 potuerint
1749 1420 1878 1475 solis

291 1520 473 1575 vcrLis
517 1516 720 1575 retrahi
762 1516 816 1571 in
853 1515 986 1588 legis
1013 1515 1348 1577 servitutem,
1384 1528 1415 1566 a
1440 1527 1549 1582 quo
1578 1510 1735 1567 nullis
1773 1518 1879 1564 tor-

294 1612 491 1680 meytis
518 1610 804 1667 debuerint
827 1607 1091 1679 separari.
1121 1604 1468 1677 Evangelium
1496 1602 1640 1658 enim
1665 1600 1709 1656 si
1732 1599 1879 1655 aliud

293 1711 378 1759 est
410 1710 609 1773 praeter
640 1702 694 1756 id
742 1701 887 1769 quod
925 1699 1040 1754 sive
1076 1713 1173 1769 per
1211 1712 1289 1761 se,
1341 1696 1458 1749 sive
1505 1708 1603 1765 per
1642 1692 1875 1762 aliquem

1980 508 2360 579 praedicarent)
2406 525 2514 565 non
2569 511 2745 567 audiri
2800 511 3023 569 doceret
3067 529 3343 584 :quoruru
3376 518 3562 588 utique

1982 598 2148 665 fama,
2200 601 2344 670 quod
2384 612 2569 657 essent
2610 601 2840 673 apostoli
2898 602 3122 670 Christi,
3180 618 3565 677 peragraverat

1979 704 2194 747 omnem
2226 690 2403 746 locum
2447 711 2459 746 :
2500 701 2594 748 aut
2626 693 2673 748 si
2703 691 2840 749 forte
2874 694 3121 750 diabolus
3167 698 3419 767 angelum
3466 699 3562 754 Dei

1979 782 2208 853 ﬁngens,
2256 792 2315 838 ut
2349 784 2505 841 facile
2536 786 2704 856 possit
2725 786 2920 851 audiri,
2958 786 3025 842 de
3056 787 3211 843 emlis
3256 802 3558 860 appareret.

1979 882 2166 927 contra
2197 875 2314 929 haec
2348 877 2671 943 praedicans,
2709 877 2946 932 sciretur
2962 893 3102 933 .esse
3130 880 3463 944 contrarius,
3509 889 3565 938 et

1979 965 2313 1021 alzominatio
2355 967 2669 1022 haberetur.
2724 967 2784 1023 Si
2831 982 2962 1037 ergo
3012 970 3287 1040 apostolos
3337 970 3565 1037 Christi.

1979 1071 2207 1126 quorum
2238 1067 2346 1112 tam
2370 1058 2633 1128 praclara
2673 1059 2857 1129 Opinio
2892 1060 2943 1113 in
2988 1061 3159 1131 signis
3205 1070 3264 1116 et
3306 1063 3569 1133 prodigiis

1978 1161 2098 1208 erat
2146 1152 2429 1218 faciendis,
2463 1162 2518 1210 et
2550 1154 2802 1225 angelum
2860 1155 2928 1210 de
2974 1155 3136 1221 ctelo,
3189 1170 3351 1225 quem
3395 1157 3569 1227 possit

1976 1244 2246 1313 spiritalis
2277 1246 2418 1299 ratio
2449 1245 2856 1309 commendare,
2887 1244 3046 1300 aliter
3086 1246 3365 1310 docentes,
3402 1261 3566 1316 quam

1980 1334 2049 1389 ab
2076 1334 2323 1404 apostolo
2350 1334 2516 1389 Paulo
2545 1335 2691 1391 docti
2720 1342 2897 1401 erant,
2928 1335 3382 1390 anathematizari
3428 1350 3569 1404 pne-

1979 1423 2128 1493 cipit,
2168 1433 2374 1493 quanto
2418 1424 2592 1494 magis
2643 1439 2781 1493 quos
2837 1425 3039 1480 nullum
3082 1425 3456 1480 testimonium
3499 1425 3567 1478 ad

1979 1513 2343 1569 seducendum
2373 1521 2556 1583 potest
2578 1515 2998 1570 commendare?
3020 1515 3150 1571 ideo
3193 1523 3379 1570 autem
3408 1516 3571 1570 iterat

1978 1607 2454 1673 contestationem,
2483 1617 2543 1662 ut
2557 1608 2844 1663 conﬁrmet
2863 1623 2959 1663 eos
2978 1608 3032 1662 in
3054 1608 3230 1677 prima
3255 1609 3565 1662 traditione.

1980 1697 2177 1751 lterata
2197 1698 2341 1752 enim
2365 1697 2450 1753 lex
2477 1697 2823 1752 sollicitiores
2846 1696 3022 1751 reddit
3044 1696 3398 1767 negligentes.

292 1796 556 1853 Dominus
585 1794 752 1859 dedit,
774 1794 888 1863 jam
914 1807 1016 1847 nec
1041 1789 1389 1861 Evangelium
1418 1786 1524 1841 dici
1567 1794 1763 1856 potest.
1794 1784 1881 1841 Vi—
1906 1780 1954 1840 Β
2057 1789 2207 1845 Sicut
2235 1790 2373 1843 enim
2398 1790 2765 1859 pradiximus,
2796 1798 2847 1842 et
2888 1805 3027 1843 nunc
3070 1790 3259 1843 iterum
3304 1790 3424 1845 dico
3457 1804 3475 1843 :
3506 1790 3569 1846 Si

293 1888 522 1959 gilanter
570 1892 754 1940 autem
798 1899 918 1938 cum
966 1882 1211 1944 dixisset,
1270 1878 1314 1933 Τ
1318 1877 1674 1947 ransferitnini
1709 1876 1773 1931 ab
1819 1894 1880 1931 eo

292 1982 384 2050 qui
413 1996 499 2033 vos
536 1978 733 2032 rocacit
777 1976 832 2030 in
877 1974 1098 2046 gloriam
1146 1970 1365 2035 Christi,
1417 1985 1583 2040 quam
1628 1969 1882 2025 volebant

295 2072 368 2128 illi
399 2086 682 2133 evacuare.
714 2069 870 2138 quasi
913 2067 1114 2122 frustra
1150 2064 1362 2121 venerit
1403 2061 1680 2128 Christus,
1711 2063 1757 2118 si
1786 2061 1881 2117 ad—

295 2165 399 2219 huc
438 2162 666 2218 tenenda
715 2168 836 2216 erat
876 2157 1220 2216 circumcisio
1246 2156 1448 2222 carnis,
1491 2163 1650 2224 atque
1698 2152 1882 2222 hujus-

296 2252 439 2309 utodi
466 2252 599 2323 legis
639 2267 804 2322 Opera
840 2258 1048 2305 tantum
1075 2249 1351 2314 valebant,
1393 2256 1455 2303 ut
1481 2262 1580 2318 per
1608 2246 1754 2301 illam
1784 2246 1881 2301 bo-

296 2349 468 2402 mincs
504 2347 639 2401 salvi
676 2347 888 2410 tierent,
918 2343 1165 2399 addidit:

377 2439 492 2493 Nisi
513 2446 634 2493 sunt
663 2436 827 2507 aliqui
855 2436 945 2507 qui
981 2451 1067 2489 ros
1107 2434 1444 2497 conturbant,
1468 2439 1517 2487 et
1539 2430 1717 2486 volunt
1750 2444 1879 2483 conr-

295 2541 489 2585 vcrtcre
515 2528 859 2597 anugelium
893 2523 1108 2579 Christi.
1141 2524 1361 2590 Volunt,
1399 2523 1599 2592 inquit,
1631 2522 1879 2593 Evange—

297 2622 427 2675 llnm
472 2619 672 2675 Christi
702 2624 933 2681 mutare,
976 2620 1316 2678 convertere,
1350 2610 1571 2667 turbare
1604 2627 1616 2664 :
1651 2611 1744 2665 sed
1771 2625 1879 2664 non

295 2713 495 2777 valent,
537 2711 661 2781 quia
712 2708 874 2778 hujus
922 2715 1128 2760 natura:
1168 2712 1252 2763 est
1287 2712 1348 2758 ut
1379 2718 1488 2758 non
1526 2701 1699 2773 possit
1735 2699 1881 2755 aliud

296 2816 418 2857 esse
462 2816 626 2871 quam
675 2799 818 2870 quod
871 2812 1061 2851 verum
1114 2803 1218 2852 est.
1267 2792 1382 2849 Non
1425 2789 1881 2864 quemadmodum

297 2893 431 2947 istos
458 2888 804 2953 conturbant,
829 2886 901 2940 ita
927 2887 1091 2942 etiam
1119 2891 1434 2941 convertere
1448 2890 1682 2955 possunt
1707 2882 1882 2936 Evan-

298 2983 494 3055 gelium
520 2980 746 3045 Christi,
772 2980 898 3051 quia
925 2987 1106 3034 manet
1126 2977 1497 3033 ﬁrmissimum
1528 2994 1540 3029 :
1569 2976 1664 3031 sed
1699 2984 1879 3031 tamen

300 3083 618 3130 convertere
646 3071 851 3135 volunt,
882 3069 1010 3139 quia
1052 3068 1120 3124 ab
1145 3066 1518 3138 spiritualibus
1545 3066 1613 3121 ad
1638 3064 1877 3120 carnalia

1980 1882 2097 1953 quis
2143 1880 2282 1935 vobis
2307 1880 2737 1951 eoaugelizauerit
2766 1889 3116 1951 praterqttant
3141 1880 3285 1950 quod
3334 1882 3569 1951 accepis-

1980 1974 2069 2037 tis,
2101 1972 2381 2025 anathema
2410 1972 2500 2027 sit.
2539 1969 2649 2025 Aut
2684 1984 2924 2039 praesens
2954 1970 3060 2026 hoc
3091 1969 3443 2039 pradixerat,
3477 1981 3570 2024 aut

1980 2066 2105 2136 quia
2155 2066 2433 2121 iteraverit
2476 2066 2625 2135 quod
2655 2066 2813 2130 dixit,
2851 2074 3139 2137 propterea
3168 2066 3340 2120 voluit
3363 2067 3566 2131 dicere,

1980 2156 2123 2211 sicut
2166 2156 2545 2227 praediximus;
2581 2166 2763 2212 tamen
2814 2157 2927 2226 ipsa
2957 2157 3172 2212 iteratio
3213 2156 3570 2213 saluberrime

1980 2249 2337 2305 intentionem
2392 2257 2574 2304 movet
2623 2249 2694 2304 ad
2750 2247 3065 2304 ﬁrmitatem
3108 2249 3387 2304 retinendi
3424 2265 3564 2310 eam.

1979 2356 2101 2411 qua
2127 2342 2207 2397 sic
2248 2343 2683 2405 commendatur,
2713 2338 2895 2395 ﬁdem.
2920 2338 3106 2394 Potest
3128 2348 3185 2393 et
3222 2340 3567 2410 hyperbolice

1979 2431 2184 2487 dictum
2231 2431 2445 2500 accipi:
2480 2446 2585 2486 non
2623 2430 2768 2499 quod
2809 2438 2904 2484 aut
2930 2429 3229 2499 apostolus,
3263 2437 3361 2484 aut
3401 2444 3567 2501 ange—

1979 2523 2085 2589 lus,
2123 2523 2282 2578 aliter
2323 2523 2956 2594 potuerint-praadicare,
3004 2537 3170 2593 quam
3204 2525 3374 2579 semel
3418 2524 3569 2577 dixe-

1981 2616 2091 2670 rint
2127 2634 2141 2670 :
2173 2616 2266 2671 sed
2296 2616 2485 2681 etiam,
2516 2615 2560 2671 si
2588 2615 2691 2670 hoc
2719 2624 2902 2685 posset
2940 2615 3082 2680 ﬁeri,
3108 2623 3166 2669 ut
3199 2623 3258 2670 et
3282 2614 3568 2686 Apostolus

1979 2714 2036 2760 et
2068 2706 2245 2775 angeli
2274 2713 2637 2767 mutarentur,
2677 2713 2859 2759 tamen
2896 2720 3004 2760 non
3041 2720 3163 2759 esse
3193 2692 3264 2759 ab
3309 2719 3399 2772 eo,
3427 2705 3567 2776 quod

1981 2796 2149 2852 semel
2190 2804 2479 2866 acceptum.
2522 2795 2721 2861 fuerat,
2762 2796 3143 2852 recedendum.
3200 2797 3353 2852 Facit
3388 2806 3566 2852 autem

1983 2891 2107 2955 hoc,
2125 2903 2232 2943 non
2247 2897 2436 2943 contra
2450 2887 2597 2942 solos
2608 2885 2849 2951 Galatas,
2866 2889 2962 2942 sed
2983 2896 3041 2943 et
3050 2896 3243 2942 contra
3253 2902 3446 2943 omnes
3462 2888 3569 2942 luc-

1983 2981 2203 3046 retieos,
2228 2980 2319 3050 qui
2347 2979 2665 3035 traditiones
2697 2979 3024 3047 apostolicos
3046 2988 3262 3040 mutare
3283 2988 3564 3034 conantur.

2054 3072 2219 3127 Modo
2244 3072 2383 3127 enim
2408 3069 2709 3126 horninibus
2755 3070 2973 3135 suadeo,
3007 3088 3077 3125 an
3104 3071 3212 3123 Deo
3239 3070 3265 3125 .’
3291 3087 3364 3124 att
3393 3085 3567 3141 quam

298 3170 554 3220 revocant
585 3131 942 3217 intentionem
974 3131 1332 3214 credent-tium.
1368 3157 1479 3212 Illis
1502 3156 1650 3211 enim
1673 3158 1743 3210 ad
1774 3156 1877 3210 ista
1903 3131 1953 3199 θ
1984 3161 2283 3216 hominibus
2303 3159 2558 3232 placere?
2610 3157 2670 3214 Si
2723 3158 2900 3213 adhuc
2939 3131 3236 3213 hominibus
3549 3199 3564 3223 ,

300 3252 595 3316 conversis,
647 3257 833 3304 manet
872 3246 1220 3318 Evangelium
1270 3261 1377 3300 non
1420 3260 1760 3300 conversum.
1815 3244 1883 3297 Et

301 3347 419 3402 ideo
442 3358 564 3398 cum
587 3341 816 3396 dixisset
839 3340 1224 3393 conturbantes
1248 3350 1365 3402 vos,
1389 3352 1496 3390 non
1520 3335 1655 3392 dixit
1680 3343 1735 3390 et
1754 3349 1883 3388 con-

302 3442 598 3502 vertentcs,
634 3431 728 3488 sed
763 3428 1009 3495 volentes,
1054 3427 1251 3497 inquit,
1302 3435 1599 3481 convertere
1643 3424 1883 3495 Evange-

302 3533 433 3587 lium
464 3527 680 3584 Christi.

373 3626 477 3683 Sed
502 3626 620 3680 licet
659 3640 774 3688 nos,
823 3632 914 3676 aut
945 3620 1160 3694 angelus
1188 3620 1255 3674 de
1293 3618 1420 3674 cwlo
1446 3618 1761 3690 evangelizet
1789 3635 1881 3672 vo—

302 3724 401 3786 bis,
425 3728 773 3793 prtrterquam
795 3716 933 3787 quod
956 3712 1425 3785 ccangelizavimus
1458 3712 1624 3776 vobis,
1658 3711 1882 3771 anathe-

301 3831 386 3869 ma
410 3815 496 3867 sit.
527 3810 740 3866 Veritas
766 3816 989 3879 propter
1034 3806 1267 3875 scipsam
1304 3803 1577 3874 diligenda
1620 3812 1728 3867 est,
1778 3818 1883 3857 non

301 3914 521 3977 propter
556 3902 855 3966 hominem,
901 3908 995 3955 aut
1022 3906 1242 3967 propter
1275 3894 1550 3966 angelum,
1587 3908 1685 3964 per
1722 3908 1885 3963 quem

303 3994 675 4051 annuntiatur.
712 3990 814 4057 Qui
844 3989 996 4046 enim
1045 3993 1266 4057 propter
1303 3983 1717 4039 annuntiatorcs
1762 3996 1884 4036 eam

301 4088 497 4158 diligit,
523 4094 705 4156 potest
738 4093 799 4140 et
823 4081 1108 4138 mendacia
1133 4080 1378 4149 diligere,
1406 4078 1452 4134 si
1483 4093 1588 4147 qua
1618 4076 1756 4133 forte
1782 4075 1884 4145 ipsi

301 4194 399 4233 sua
429 4174 772 4248 protulerint.
796 4172 1099 4241 Propterea
1130 4178 1320 4224 autem
1356 4167 1483 4232 sibi,
1512 4167 1605 4238 qui
1648 4166 1795 4220 aliud
1830 4165 1882 4218 in

302 4267 488 4323 Judaca
512 4266 715 4328 facere,
738 4262 883 4319 aliud
904 4261 1099 4317 docere
1112 4261 1164 4314 in
1187 4257 1437 4330 gentibus
1461 4255 1879 4321 criminabatur;

300 4366 355 4411 et
381 4354 595 4425 angelo,
643 4367 801 4423 quem
834 4349 1093 4421 maiorem
1124 4350 1287 4405 etiam
1322 4347 1743 4418 praecessoribus
1770 4346 1885 4402 suis

1984 3251 2182 3308 Christi
2207 3266 2387 3307 serth
2423 3266 2527 3305 non
2571 3266 2757 3305 usam.
2800 3248 2973 3304 Nemo
3015 3247 3128 3303 Deo
3176 3247 3391 3312 suadet,
3444 3247 3565 3317 quia

1984 3341 2273 3399 manifesta
2312 3349 2440 3396 sunt
2466 3341 2545 3396 illi
2572 3341 2785 3405 omnia,
2810 3341 2904 3395 sed
2946 3338 3276 3395 hominibus.
3318 3338 3409 3393 Ille
3436 3339 3567 3393 bene

1984 3434 2196 3498 suadet,
2226 3433 2319 3502 qui
2341 3446 2446 3489 non
2468 3446 2527 3488 se
2559 3431 2664 3488 illis
2692 3432 2907 3502 placere
2926 3431 3061 3498 vult,
3085 3431 3566 3501 sedipsam,qnata

1983 3525 2195 3589 suadet,
2219 3524 2526 3579 veritatem.
2573 3523 2676 3589 Qui
2700 3522 2849 3576 enim
2896 3521 3071 3591 placet
3099 3520 3435 3582 hominibus,
3465 3534 3566 3573 non

1984 3617 2053 3670 ab
2099 3616 2232 3685 ipsis
2264 3629 2416 3668 suam
2446 3613 2675 3682 gloriam
2724 3626 2994 3680 quaerens,
3026 3611 3122 3667 sed
3152 3609 3273 3675 Dei,
3322 3618 3388 3663 ut
3439 3609 3565 3665 salvi

1985 3707 2137 3773 ﬁant,
2162 3721 2269 3761 non
2295 3703 2409 3774 iam
2438 3702 2770 3768 hominibus,
2796 3702 2892 3758 sed
2920 3704 3035 3757 Deo
3062 3703 3258 3772 placet.
3289 3701 3407 3756 Aut
3425 3710 3568 3755 certe

1977 3798 2091 3867 jam
2133 3811 2259 3852 eum
2289 3804 2347 3851 et
2399 3794 2515 3849 Deo
2542 3793 2741 3864 placet,
2789 3790 2953 3847 simul
2998 3799 3053 3846 et
3095 3791 3434 3856 hominibus,
3466 3806 3568 3846 non

1985 3889 2171 3958 utique
2210 3885 2520 3943 hominibus
2572 3884 2768 3955 placet.
2824 3883 2986 3938 Aliud
3033 3890 3119 3937 est
3170 3883 3319 3938 enim
3360 3882 3569 3953 placere

1985 3978 2312 4043 hominibus,
2363 3975 2507 4031 aliud
2536 3983 2594 4030 et
2639 3973 2752 4028 Deo
2781 3981 2839 4028 et
2863 3973 3175 4029 hominibus
3216 3971 3301 4042 (II
3335 3972 3464 4027 Cor.
3497 3976 3565 4045 v).

1984 4068 2101 4125 Non
2127 4078 2380 4139 putemus
2422 4068 2492 4122 ab
2525 4065 2787 4136 Apostolo
2816 4081 2917 4122 nos
2968 4066 3176 4131 doceri,
3212 4073 3274 4119 ut
3321 4065 3569 4136 exettiplo

1984 4175 2083 4214 suo
2108 4160 2387 4214 hominum
2407 4156 2613 4226 judicia
2636 4165 3071 4221 contemnamus,
3101 4155 3194 4225 qui
3224 4154 3279 4210 in
3314 4155 3429 4210 alio
3454 4156 3567 4211 loco

1983 4249 2124 4305 dixit
2174 4266 2187 4301 :
2248 4247 2480 4303 Scieutes
2528 4262 2652 4317 ergo
2724 4247 2967 4301 timorem
3008 4245 3224 4300 Domini
3271 4245 3565 4323 hominibus

1982 4344 2291 4409 suademus,
2340 4341 2452 4396 Deo
2493 4349 2669 4395 autem
2716 4339 2984 4409 manifesti
3025 4354 3226 4393 sumus.
3277 4338 3348 4393 Et
3395 4337 3561 4393 illud:

302 4450 562 4523 apostolis
588 4462 708 4504 esse
734 4445 1157 4510 contestabatur,
1201 4442 1491 4498 anathema
1518 4439 1879 4505 denuntiavit,
1906 4475 1959 4534 Β
1986 4434 2110 4490 Sine
2130 4436 2416 4505 offensione
2440 4442 2620 4498 estote,
2638 4431 2842 4486 Juda‘is
2867 4441 2917 4485 et
2954 4431 3214 4534 gentibus,
3241 4442 3292 4485 et
3316 4430 3565 4485 Ecclesia:

304 4554 364 4599 ut
394 4558 501 4598 non
526 4555 719 4611 magna
744 4538 889 4594 Petri
926 4545 980 4593 et
1008 4534 1233 4594 Joannis
1252 4541 1539 4605 putaretur
1558 4530 1876 4594 auctoritas,

301 4657 423 4697 cum
448 4655 550 4694 nec
585 4638 689 4693 sibi
720 4636 926 4700 liceret,
952 4634 1040 4688 cui
1067 4646 1162 4688 eos
1182 4640 1310 4686 ante
1338 4628 1624 4692 docuerat,
1653 4640 1754 4681 nec
1777 4640 1877 4678 an-

301 4735 421 4805 gelo
449 4732 608 4786 aliter
639 4730 954 4799 praedicare,
1001 4739 1164 4795 quam
1213 4720 1382 4779 semel
1429 4720 1752 4775 didicerant.
1787 4717 1880 4772 Sic

302 4824 484 4892 itaque
533 4829 588 4876 et
648 4818 899 4887 angelum
957 4813 1278 4869 nominatim
1327 4809 1529 4879 posuit,
1578 4807 1713 4863 alios
1746 4820 1879 4861 vero

300 4915 504 4982 absque
528 4910 764 4966 nomine.
801 4907 860 4962 Si
890 4905 1034 4975 quis,
1060 4903 1257 4971 inquit,
1295 4900 1447 4955 vobis
1475 4896 1879 4968 evangelizave-

299 5005 392 5070 rit,
423 5012 484 5059 ut
518 5003 572 5057 in
603 4997 841 5072 generali
873 4994 1132 5051 vocabulo
1157 5008 1257 5048 nec
1285 4989 1704 5061 praecessoribus
1733 4986 1879 5042 face-

297 5105 381 5151 ret
418 5094 695 5165 injuriam,
734 5100 790 5146 et
838 5098 1020 5144 tamen
1055 5084 1273 5141 nomina
1302 5098 1492 5138 eorum
1531 5081 1767 5136 latenter
1790 5094 1878 5133 os-

298 5185 561 5239 tenderet.
611 5180 780 5236 Ncmo
824 5177 1053 5234 miretur
1095 5171 1436 5243 Apostolum,
1487 5170 1580 5239 qui
1606 5167 1877 5222 feritatem

296 5292 510 5332 morum
534 5270 933 5337 mansuetabat,
960 5269 1041 5326 sic
1063 5282 1183 5324 esse
1215 5273 1565 5323 commotum.
1599 5262 1706 5318 Pro
1725 5258 1878 5315 Gala-

295 5377 475 5424 tarum
524 5367 668 5425 enim
718 5363 894 5423 salute
938 5361 1251 5431 indignatur
1304 5357 1568 5413 adversus
1626 5353 1877 5410 inimicos

295 5457 589 5527 disciplinae
609 5454 952 5511 Christianas.
980 5450 1285 5522 Indignatio
1309 5447 1455 5504 enim
1476 5446 1595 5503 hmo
1616 5442 1874 5507 ostendit,

296 5564 404 5605 non
432 5547 548 5601 leve
572 5554 853 5614 peccatum
878 5557 1023 5608 esse,
1070 5551 1192 5613 post
1224 5545 1505 5609 acceptam
1548 5534 1708 5589 ﬁdem
1747 5546 1876 5588 con-

294 5638 432 5694 verti
462 5638 529 5691 ad
558 5636 748 5705 legem.
779 5634 917 5689 Nam
954 5643 1064 5690 tam
1093 5633 1311 5688 ﬁrmum
1333 5638 1389 5686 et
1417 5643 1606 5684 verum
1626 5626 1872 5693 Evange-

293 5729 448 5793 lium,
502 5725 645 5794 quod
712 5729 790 5782 eis
853 5726 1262 5794 pnudicnvet‘al,
1309 5720 1523 5787 asserit,
1579 5727 1638 5774 ut
1710 5717 1887 5799 etiam

1983 4529 2102 4594 Dei,
2125 4529 2257 4583 sicut
2277 4544 2370 4598 ego
2398 4526 2637 4580 omnibus
2657 4542 2750 4597 per
2774 4525 2950 4579 omnia
2973 4523 3175 4596 placeo,
3197 4540 3303 4579 non
3325 4540 3564 4594 qua'rens

1978 4620 2119 4692 quod
2148 4618 2275 4672 mihi
2317 4615 2443 4671 utile
2489 4627 2586 4682 est,
2637 4616 2727 4671 sed
2772 4616 2913 4687 quod
2938 4615 3140 4681 multis,
3188 4625 3247 4669 ut
3268 4616 3405 4671 salvi
3436 4617 3562 4685 ﬁant

1981 4708 2035 4780 (1
2059 4705 2183 4762 Cor.
2215 4706 2291 4776 κ).
2337 4706 2395 4760 Si
2418 4706 2563 4762 enim
2603 4706 2721 4760 ﬁeri
2757 4714 2940 4774 potest
2973 4715 3032 4760 ut
3053 4707 3263 4776 pariter
3288 4714 3346 4761 et
3378 4707 3490 4761 Deo
3510 4713 3563 4760 et

1981 4799 2287 4856 hominibus
2332 4798 2663 4868 placeamus,
2711 4798 3027 4867 placendum
3050 4806 3135 4854 est
3155 4807 3211 4854 et
3231 4799 3559 4854 hominibus.

1981 4890 2075 4945 Sin
2102 4899 2284 4944 autem
2314 4890 2471 4943 aliter
2515 4905 2619 4945 non
2657 4890 2933 4960 placemus
2952 4890 3285 4957 hominibus,
3314 4891 3421 4946 nisi
3456 4893 3561 4946 Deo

1977 4981 2380 5051 displiceamus,
2438 4983 2551 5037 Deo
2595 4984 2770 5054 magis
2801 4997 2965 5052 quam
2994 4982 3307 5037 hominibus
3348 4983 3560 5054 placere

1977 5071 2257 5129 debemus.
2306 5072 2519 5143 Alioqui
2571 5081 2628 5127 et
2661 5073 2778 5142 ipse
2832 5071 2998 5128 infert
3048 5086 3148 5127 cur
3172 5075 3434 5135 omnibus
3468 5089 3562 5146 per

1934 5159 1942 5169 ’
1976 5165 2161 5220 omnia
2200 5166 2429 5234 pLaceat,
2468 5166 2582 5219 Non
2626 5180 2895 5235 quaerens,
2928 5164 3201 5236 inquiens,
3250 5166 3397 5236 quod
3433 5166 3558 5222 mihi

1978 5255 2111 5310 utile
2134 5264 2238 5319 est,
2268 5256 2363 5310 sed
2413 5256 2554 5325 quod
2593 5255 2793 5317 multis,
2825 5264 2887 5311 ut
2926 5254 3222 5309 salveutur.
3250 5255 3353 5323 Qui
3382 5265 3556 5311 autem

1977 5362 2043 5403 ex
2065 5364 2131 5404 ea
2156 5348 2423 5403 charitate
2465 5361 2586 5416 qua:
2632 5362 2739 5402 non
2769 5346 2963 5416 quan-it
3002 5360 3124 5415 quae
3153 5361 3251 5401 sua
3286 5356 3437 5411 sunt,
3465 5346 3556 5400 sed

1976 5457 2097 5512 qua:
2138 5440 2337 5504 aliena,
2366 5440 2545 5510 placet
2584 5439 2913 5503 hominibus,
2940 5446 3002 5492 ut
3044 5438 3345 5504 salventur,
3378 5438 3556 5507 utique

1977 5535 2087 5590 Deo
2109 5535 2343 5604 primum
2390 5532 2585 5601 placet,
2612 5531 2699 5585 cui
2735 5531 2885 5585 salus
2928 5532 3209 5586 hominum
3261 5532 3431 5586 chara
3455 5536 3550 5584 est.

1977 5624 2147 5680 Habet
2175 5632 2356 5679 autem
2384 5630 2441 5676 et
2476 5622 2723 5685 verbum,
2754 5622 2899 5692 quod
2934 5622 3023 5677 hic
3068 5620 3381 5692 speciaer
3409 5618 3552 5674 addi-

1973 5728 2089 5776 tum
2123 5725 2225 5784 est,
2283 5716 2459 5781 modo,
2494 5714 2575 5769 vel
2631 5713 2948 5785 placendum
2990 5729 3111 5768 esse
3160 5728 3262 5784 pro
3313 5722 3549 5783 tempore
