3924 6170
338 348 445 404 8i9

1293 348 1549 405 ENARR.
1588 348 1656 403 IN
1694 346 1911 403 EPIST.
1955 348 2015 403 D.
2060 344 2265 406 PAULI
2303 347 2396 404 AD
2433 344 2683 405 CALAT.

3506 352 3611 410 850

336 462 672 529 hominibus,
730 460 817 517 vel
865 458 1277 531 displieeudum,
1343 468 1402 517 ut
1454 462 1549 533 qui
1601 462 1762 517 modo
1811 475 1919 514 non
1949 461 2303 520 Aludaismo
2356 476 2517 532 supra
2556 459 2750 514 multos
2804 469 3092 517 coa'laneos
3143 465 3197 518 in
3237 481 3423 535 genere
3471 483 3611 532 meo,

336 554 523 625 placet
543 559 764 624 propter
789 552 1063 625 Evangelii
1100 554 1402 619 veritatem,
1433 553 1700 625 placuerit
1748 566 1923 623 quon-

337 645 463 703 dam
487 645 558 703 ob
602 647 829 702 salutem
880 647 1257 718 plurimorum.
1288 646 1576 702 Placuerat
1603 645 1802 701 Paulus
1829 644 1928 699 ali-

340 736 559 808 quando
585 734 804 803 .Iudzeis,
834 753 975 799 cum,
1006 737 1285 793 aemulator
1310 738 1553 792 existens
1576 744 1925 807 paternarum

338 827 711 892 traditionem,
748 827 864 883 sine
897 828 1117 897 querela
1166 828 1219 882 in
1258 827 1377 898 lege
1428 835 1676 882 versatus
1710 834 1816 892 est,
1870 832 1925 881 et

338 927 546 974 tantum
600 919 792 974 habuit
834 921 889 974 in
939 921 1203 991 majorum
1238 920 1578 976 caeremoniis
1623 919 1833 974 ardoris
1870 927 1924 974 et

337 1009 481 1073 ﬁdei,
505 1018 564 1063 ut
588 1007 640 1063 in
664 1007 920 1079 Stephani
947 1024 1076 1064 nece
1104 1008 1375 1077 particeps
1405 1006 1588 1073 fuerit,
1626 1015 1683 1062 et
1726 1006 1923 1061 Dama-

333 1116 487 1159 scum
523 1102 826 1171 perrexerit
857 1098 925 1155 ad
951 1115 1063 1167 eos,
1092 1101 1183 1170 qui
1212 1116 1243 1154 a
1269 1099 1386 1170 lege
1405 1098 1771 1163 desciverant,
1801 1097 1923 1151 vin-

336 1191 555 1246 ciendos
584 1189 723 1262 (Act.
753 1206 871 1255 Vill,
906 1190 1006 1262 rx).
1054 1188 1161 1245 Sed
1190 1196 1477 1261 postquam
1498 1188 1553 1243 in
1586 1204 1684 1243 vas
1707 1186 1923 1242 electio-

338 1279 419 1337 nis
466 1281 533 1335 de
582 1289 930 1350 persecutore
969 1280 1261 1335 translatus
1300 1287 1404 1346 est,
1433 1285 1488 1335 et
1531 1280 1695 1348 coepit
1726 1279 1923 1351 przedi-

333 1386 460 1427 care
514 1370 694 1436 fidem,
738 1387 901 1442 quam
953 1372 1221 1441 quondam
1275 1378 1699 1442 expugnaverat,
1755 1369 1920 1439 coepit

333 1464 538 1536 pariter
562 1460 846 1532 displicere
866 1462 1087 1528 Judmis,
1112 1462 1308 1532 quibus
1333 1466 1463 1517 ante
1480 1462 1777 1533 placuerat.
1807 1461 1920 1515 IIoc

336 1559 415 1608 est
460 1567 592 1624 ergo
622 1553 764 1622 quod
793 1553 908 1607 ait:
939 1550 1188 1623 Nunquid
1218 1568 1404 1623 quaero
1453 1551 1653 1608 Judteis
1680 1553 1914 1622 placere,

335 1643 529 1713 quibus
565 1640 917 1713 displicendo,
942 1644 1053 1700 Deo
1081 1644 1297 1717 placui?
1326 1644 1383 1700 Si
1426 1645 1568 1700 enim
1596 1644 1704 1700 illis
1743 1644 1920 1715 place-

335 1751 469 1801 rem,
516 1736 690 1792 adhuc
730 1734 928 1791 Christi
978 1755 1157 1793 servus
1205 1752 1310 1791 non
1357 1754 1541 1792 essem.
1594 1736 1916 1792 Assererem

2029 551 2384 606 abundantius
2421 550 2699 606 aemulator
2745 550 2972 606 existens
2996 560 3337 623 paternarum
3377 570 3617 612 necarunt

2028 642 2389 695 traditionum.
2415 640 2759 711 Propositum
2798 654 2979 706 suum,
3008 644 3459 714 quo-priusjuxta
3487 661 3613 702 car-

2025 749 2148 788 nem
2170 734 2383 805 vigebat
2408 747 2715 803 repugnans
2739 730 3017 797 Ecclesiae,
3044 724 3286 790 breviter
3313 743 3609 791 memorat:

2026 824 2142 890 sed,
2170 833 2231 878 ut
2260 822 2493 879 famulus
2520 823 2722 879 Christi
2769 830 2936 889 esset,
2994 823 3139 893 hunc
3168 838 3227 879 se
3274 825 3562 895 reliquisse
3592 845 3608 881 :

2024 916 2198 987 magis
2239 915 2384 970 enim
2436 929 2493 969 se
2524 915 2774 970 devotum
2805 929 2969 985 quam
3003 914 3144 982 illos,
3180 916 3233 970 in
3282 916 3610 975 vindicanda

2024 1004 2140 1075 lege
2183 1004 2350 1061 fuisse
2392 1005 2655 1076 designat.
2706 1003 2821 1060 Non
2862 1013 3045 1062 tamen
3074 1015 3300 1077 propter
3331 1009 3607 1064 hominum

2022 1098 2284 1166 favorem,
2314 1101 2407 1154 sed
2450 1100 2552 1154 hoc
2576 1108 2772 1168 putans
2796 1099 2928 1155 utile
2949 1100 3092 1170 apud
3120 1100 3309 1155 Deum.
3332 1100 3437 1156 Per
3457 1102 3612 1174 igno-

2023 1190 2254 1245 rantiam
2302 1190 2446 1245 enim
2474 1205 2598 1245 cum
2627 1190 2952 1245 humanitati
2982 1190 3240 1261 placeret,
3277 1191 3387 1246 Deo
3412 1207 3471 1247 se
3496 1206 3614 1247 sero

2022 1280 2137 1334 vire
2164 1280 2407 1350 putabat,
2443 1279 2665 1334 liberam
2696 1278 2906 1335 habens
2954 1281 3363 1337 conscientiam.
3389 1281 3609 1338 Nescie-

2021 1372 2115 1426 bat
2152 1371 2294 1426 enim
2328 1372 2443 1442 jam
2494 1378 2707 1441 tempus
2753 1371 3062 1426 asserenda:
3113 1371 3249 1442 legis
3304 1388 3411 1427 non
3463 1386 3603 1427 esse.

2021 1462 2361 1534 Quapmpter
2396 1463 2702 1519 doctrinam
2758 1472 2975 1520 secutus
3012 1473 3229 1535 patrum
3274 1464 3606 1531 Iudaeorum,

2020 1562 2113 1607 aut
2164 1553 2215 1608 in
2251 1569 2457 1620 errore,
2498 1562 2591 1608 aut
2635 1555 2689 1608 in
2730 1555 3110 1611 malevolentia
3161 1558 3604 1621 constitutorum,

2019 1632 2165 1699 omni
2200 1643 2466 1700 industria
2496 1655 2549 1701 et
2580 1644 2793 1701 fervore
2824 1647 3021 1701 mentis
3048 1647 3101 1702 id
3124 1646 3340 1718 agebat,
3363 1655 3423 1702 ut
3444 1650 3595 1703 caete-

2022 1735 2098 1791 ris
2125 1736 2490 1807 coaequalibns
2539 1736 2640 1793 sibi
2690 1737 3032 1792 aemulatione
3082 1737 3219 1809 legis
3264 1740 3610 1807 praestantior

333 1826 528 1898 quippe
571 1828 766 1900 legem,
822 1838 879 1885 et
918 1829 1194 1902 Evangelii
1244 1830 1478 1902 gratiam
1528 1830 1861 1886 destruenem
1896 1848 1908 1881 :
1942 1841 1990 1899 Β
2019 1829 2292 1885 videretur
2322 1848 2334 1883 :
2362 1830 2440 1885 sic
2467 1830 2743 1885 insaniens
2784 1838 2975 1885 contra
3005 1830 3347 1900 disciplinam
3378 1828 3606 1896 Christi,

332 1935 474 1975 nunc
503 1930 685 1976 autem
732 1927 1016 1993 prepterea
1051 1936 1119 1977 ne
1148 1921 1205 1976 in
1254 1920 1655 1977 simulationem
1699 1919 1918 1990 quidem

330 2010 681 2067 observandae
722 2010 857 2084 legis
885 2010 1142 2077 adducor,
1172 2012 1296 2084 quia
1342 2026 1451 2067 non
1514 2027 1657 2083 queo
1704 2019 1760 2066 et
1806 2010 1918 2067 Deo

330 2102 542 2171 placere
569 2104 775 2174 pariter
822 2111 877 2159 et
903 2101 1126 2172 Iudaeis,
1158 2105 1357 2175 quibus
1385 2104 1695 2175 quicunque
1716 2101 1914 2173 placet,

330 2193 442 2250 Deo
467 2193 733 2266 diSplicet.

404 2281 603 2338 Notum
633 2283 770 2337 enim
798 2284 937 2338 vobis
968 2283 1130 2352 facio,
1171 2284 1384 2353 fratres,
1413 2281 1756 2353 Evangelium
1776 2282 1918 2353 quod

328 2372 740 2444 euangelizatum
768 2382 842 2427 est
863 2391 895 2427 a
916 2390 1018 2438 me,
1042 2375 1165 2442 quia
1195 2390 1299 2427 non
1322 2383 1397 2427 est
1422 2373 1707 2427 secundum
1742 2373 1915 2426 homi-

330 2481 448 2519 nem
472 2479 491 2516 :
520 2481 682 2535 neque
710 2465 847 2518 enim
875 2481 968 2535 ego
1003 2465 1068 2519 ab
1111 2463 1318 2518 homine
1346 2465 1522 2533 accepi
1559 2462 1717 2528 illud,
1754 2480 1917 2534 neque

330 2556 529 2622 didici,
551 2555 642 2610 sed
672 2574 764 2627 per
794 2555 1154 2611 reuelationem
1182 2554 1311 2610 Iesu
1344 2554 1558 2610 Christi.
1594 2554 1748 2611 Nunc
1767 2556 1916 2625 prin-

331 2646 533 2716 cipium
574 2646 813 2716 epistolae
870 2648 1062 2719 aperit.
1126 2647 1305 2717 Ipsum
1349 2648 1496 2702 enim
1534 2663 1754 2703 sensum
1802 2647 1917 2702 vult

332 2737 701 2805 manifestare,
746 2740 873 2809 quia
900 2756 1003 2794 non
1027 2756 1088 2795 ea
1118 2756 1238 2810 qua:
1283 2740 1532 2806 docebat,
1576 2742 1644 2797 ab
1696 2740 1914 2796 homine

328 2826 610 2895 didicerat,
638 2838 696 2884 ut
727 2828 867 2886 forte
912 2829 1252 2887 dubitaretur
1303 2832 1369 2887 de
1403 2832 1489 2887 his
1514 2847 1633 2902 qua:
1664 2832 1909 2899 docebat,

328 2935 503 2989 neque
527 2923 823 2978 secundum
863 2924 1158 2979 humanum
1186 2925 1447 2995 judicium
1472 2933 1597 2995 apta
1648 2935 1764 2980 erat
1791 2924 1910 2994 ejus

327 3012 667 3082 prtedicatio,
696 3024 755 3069 ut
792 3014 1011 3086 indigna
1059 3016 1236 3071 divina
1261 3015 1586 3072 auctoritate
1614 3016 1904 3081 videretur,

328 3103 423 3157 sed
453 3119 481 3157 a
515 3103 610 3159 Dei
637 3104 771 3160 Filio
799 3106 932 3161 dicit
956 3122 1015 3161 se
1048 3106 1303 3162 didicisse
1349 3122 1447 3177 per
1500 3107 1902 3171 revelationem,

2021 1925 2081 1971 ut
2126 1918 2259 1973 nulli
2307 1919 2586 1974 hominum
2612 1928 2884 1989 parceret,
2917 1919 3042 1974 ﬁdei
3090 1918 3295 1975 foedera
3322 1928 3605 1985 assecuta;

2018 2008 2113 2064 sed
2145 2024 2267 2064 cum
2293 2008 2626 2065 revelatione
2674 2009 2772 2066 Dei
2801 2006 3046 2065 laborem
3075 2010 3219 2066 hunc
3243 2010 3458 2066 inanem
3487 2025 3608 2066 esse

2017 2102 2291 2169 didicisse,
2321 2111 2377 2158 et
2416 2103 2589 2175 magis
2631 2104 2985 2168 contrarium,
3024 2102 3297 2158 destitisse
3326 2103 3395 2157 ab
3425 2117 3512 2169 eo,
3552 2112 3608 2157 et

2015 2207 2073 2248 se
2097 2191 2222 2248 fidei
2250 2193 2442 2264 gratiae
2470 2194 2793 2259 deStinasse,
2819 2201 2877 2249 ut
2903 2193 3181 2264 profectus
3218 2193 3269 2249 ei
3297 2201 3443 2249 esset
3464 2194 3605 2264 apud

2015 2283 2205 2339 Deum.
2237 2283 2294 2340 Si
2326 2301 2457 2357 ergo
2482 2286 2595 2352 hic,
2629 2286 2721 2357 qui
2749 2285 2993 2341 Israelita
3021 2293 3122 2351 est,
3145 2292 3201 2340 et
3225 2284 3318 2355 qui
3343 2283 3606 2356 dignitate

2014 2372 2256 2428 doctoris
2287 2372 2454 2428 fultus
2479 2383 2599 2429 erat
2644 2374 2784 2444 apud
2808 2372 3043 2438 Iudaeos,
3070 2372 3313 2428 eruditus
3343 2387 3374 2426 a
3400 2372 3601 2426 Gama—

2014 2461 2137 2517 liele
2166 2463 2285 2516 viro
2312 2463 2759 2533 prudentissimo,
2787 2463 2963 2518 locum
2995 2463 3203 2517 halens
3232 2476 3355 2517 cum
3383 2461 3605 2529 optimis

2014 2555 2126 2609 vita
2160 2554 2473 2609 hominibus
2503 2554 2722 2624 reliquit
2754 2554 2925 2625 legem
2961 2572 2973 2608 :
3001 2563 3204 2623 quanto
3237 2553 3411 2624 magis
3441 2552 3477 2607 ii
3508 2553 3601 2623 qui

2013 2651 2170 2699 extra
2203 2642 2377 2715 legem
2406 2652 2583 2709 erant,
2616 2644 2720 2714 legi
2753 2660 2811 2700 se
2838 2643 3105 2713 subjicere
3135 2658 3241 2697 non
3272 2643 3605 2698 debuerant?

2014 2732 2150 2792 Etsi
2195 2738 2287 2793 hic
2316 2737 2515 2807 gaudet
2543 2737 2723 2792 exisse
2762 2752 2819 2793 se
2869 2737 2935 2792 de
2986 2736 3085 2792 sub
3123 2734 3254 2808 jugo
3302 2734 3600 2799 servitutis.

2012 2829 2142 2899 quid
2163 2838 2249 2885 est
2275 2838 2335 2884 ut
2362 2829 2416 2884 hi
2444 2829 2751 2884 libertatem
2788 2844 2943 2885 suam
2978 2828 3336 2899 obligaverint
3372 2826 3603 2883 vinculis

2011 2918 2179 2992 legis?
2202 2918 2499 2973 Plurimum
2550 2919 2771 2989 prodest
2803 2918 3005 2975 Calatis
3031 2919 3132 2973 ista
3164 2918 3429 2984 narratio,
3460 2932 3598 2988 quo-

2011 3010 2171 3066 modo
2191 3011 2391 3066 Paulus
2420 3018 2664 3066 vastator
2687 3012 2958 3082 quondam
2982 3009 3237 3067 Ecclesia:
3261 3019 3315 3066 ct
3335 3009 3600 3065 Judaismi

2011 3104 2308 3157 acerrimus
2337 3101 2613 3167 defensor,
2644 3104 2712 3157 ad
2759 3101 2960 3158 Christi
3015 3101 3174 3158 (idem
3206 3110 3425 3173 repente
3473 3117 3603 3157 con-

328 3208 452 3248 cum
475 3192 588 3264 jam
617 3205 739 3267 post
783 3199 1236 3253 resurrectionem
1286 3207 1428 3254 esset
1464 3199 1518 3253 in
1569 3200 1745 3265 caelis,
1768 3199 1909 3254 sicut
1935 3185 1980 3246 C
2012 3207 2202 3247 versus
2232 3192 2317 3247 sit.
2347 3191 2415 3246 Et
2443 3193 2546 3247 hoc
2589 3208 2655 3247 eo
2703 3201 2965 3263 tempore,
2993 3208 3102 3262 quo
3148 3193 3441 3248 cruciﬁxus
3483 3192 3598 3262 pri-

329 3299 491 3356 supra
522 3289 862 3353 memoravit,
909 3296 963 3345 et
993 3305 1055 3345 ea
1108 3306 1228 3360 quce
1269 3290 1459 3347 didicit
1495 3290 1787 3346 convenire
1820 3308 1914 3347 vo-

328 3376 524 3433 luntati
560 3379 934 3450 majestatique
955 3381 1070 3452 ejus
1107 3398 1137 3437 a
1160 3398 1266 3453 quo
1290 3398 1346 3438 se
1369 3382 1623 3439 didicisse
1663 3391 1909 3438 testatur.

328 3469 677 3541 Evangelinm
708 3474 849 3542 quod
899 3473 1191 3528 secundum
1226 3474 1500 3531 hominem
1548 3485 1651 3542 est,
1700 3477 1916 3531 menda-

328 3560 472 3614 cium
500 3568 621 3615 est:
657 3558 840 3616 Omnis
882 3563 1026 3617 enim
1072 3563 1224 3618 homo
1257 3566 1483 3619 mendax
1521 3563 1694 3638 (Psal.
1742 3583 1909 3634 cxvt;

334 3648 486 3704 Rom.
519 3648 625 3722 tn);
664 3651 788 3720 quia
832 3652 1088 3722 quidquid
1136 3655 1379 3711 veritatis
1423 3656 1696 3711 invenitur
1719 3657 1772 3710 in
1817 3657 1912 3712 ho-

328 3739 495 3803 mine,
529 3758 634 3798 non
663 3750 746 3796 est
789 3742 859 3797 ab
884 3744 1126 3810 homine,
1160 3746 1253 3800 sed
1282 3762 1310 3800 a
1341 3747 1448 3801 Deo
1471 3761 1570 3816 per
1611 3748 1906 3803 hominem.

328 3831 453 3887 Ideo
474 3833 586 3903 jam
616 3834 755 3904 quod
783 3834 1076 3889 secundum
1114 3836 1386 3892 hominem
1413 3844 1520 3902 est,
1548 3852 1645 3892 nec
1677 3836 1913 3907 Evange-

326 3922 458 3977 liutn
481 3923 765 3983 dicendum
786 3932 886 3990 est,
912 3925 1068 3994 quale
1101 3926 1173 3981 illi
1200 3928 1512 3982 asserebant
1541 3928 1631 3997 qui
1658 3927 1709 3982 in
1741 3928 1912 3982 servi-

330 4022 499 4069 tutem
545 4030 611 4070 ex
641 4015 890 4072 libertate
948 4018 1295 4073 attrahebant
1350 4034 1445 4074 eos
1490 4034 1625 4089 quos
1666 4019 1805 4075 Deus
1842 4036 1910 4076 ex

328 4104 590 4159 servitute
610 4105 665 4160 in
696 4104 998 4161 libertatem
1022 4107 1267 4163 vocabat.
1295 4108 1441 4166 Inter
1465 4111 1712 4181 accipere
1727 4119 1910 4166 autem

329 4196 609 4252 etdiscere
647 4198 751 4253 hoc
783 4198 1005 4254 interest
1026 4200 1167 4270 quod
1200 4202 1395 4271 accipit
1426 4201 1796 4272 Evangelium,
1821 4203 1909 4259 cui

324 4286 559 4357 primum
591 4288 914 4353 insinuatur,
958 4299 1013 4343 et
1051 4290 1140 4358 qui
1172 4290 1237 4344 ad
1277 4291 1436 4346 iidem
1459 4290 1574 4360 ejus
1600 4291 1907 4361 adducitur,

328 4384 388 4430 ut
424 4377 607 4432 credat
656 4393 783 4433 vera
810 4393 930 4434 esse
960 4394 1078 4449 quce
1109 4381 1308 4451 scripta
1336 4389 1490 4448 sunt;
1532 4384 1689 4438 discit
1727 4394 1907 4440 autem

325 4468 376 4523 is
402 4468 495 4539 qui
523 4485 585 4524 ea
631 4484 751 4540 qua:
795 4470 849 4524 in
888 4470 979 4525 illo
1004 4486 1103 4541 per
1129 4472 1414 4543 aenigmata
1441 4480 1496 4528 et
1523 4473 1811 4543 parabolas
1841 4474 1904 4528 ii-

324 4573 519 4639 gurata
572 4573 719 4631 sunt,
767 4566 1052 4638 explanata
1098 4575 1153 4621 ct
1193 4568 1424 4622 disserta
1488 4568 1796 4639 cognoscit,
1852 4576 1908 4622 et

325 4659 605 4727 cognoscit
628 4673 735 4713 non
757 4658 973 4713 homine
998 4658 1291 4725 rcvclanle,
1318 4660 1411 4714 sed
1433 4658 1671 4715 Christo.
1703 4658 1907 4725 Potest,

325 4748 468 4804 sicut
497 4748 549 4803 in
584 4748 852 4820 principio
880 4749 1133 4814 diximus,
1167 4765 1288 4806 cum
1316 4765 1729 4821 exponeremus,
1758 4748 1906 4803 Pau-

324 4837 408 4891 lus
436 4837 702 4908 apostolus
741 4855 844 4893 non
882 4838 947 4891 ab
978 4838 1295 4905 hominibus,
1324 4856 1488 4910 neque
1509 4856 1602 4911 per
1620 4841 1903 4905 hominem,

327 4929 402 4985 ita
430 4936 487 4982 et
527 4927 581 4983 in
607 4929 860 5001 praesenti
892 4929 1009 4984 loco
1037 4928 1252 4998 oblique
1294 4929 1346 4983 in
1375 4928 1595 4987 Petrum
1626 4930 1819 5001 accipi,
1852 4939 1908 4985 et

326 5018 382 5074 in
424 5026 650 5074 caeteros
697 5033 1055 5089 praecessores
1088 5018 1228 5088 ejus,
1259 5019 1402 5090 quod
1427 5019 1624 5075 nullius
1653 5035 1752 5089 pro
1791 5019 1907 5093 lege

326 5113 651 5168 auctoritate
689 5120 989 5177 moveatur,
1020 5112 1109 5182 qui
1156 5111 1431 5170 Christum
1469 5111 1639 5167 solum
1666 5111 1907 5182 Evange-

327 5203 385 5257 lii
437 5204 634 5257 habeat
664 5213 1069 5277 praeceptorem.
1117 5202 1286 5258 Porro
1334 5202 1719 5264 revelationem
1754 5203 1899 5257 illam

2014 3300 2162 3339 mum
2210 3283 2634 3338 annuntiabatur
2662 3284 2714 3337 in
2766 3283 2983 3348 mundo,
3016 3298 3122 3354 quo
3161 3299 3357 3338 novum
3385 3284 3599 3355 dogma,
3628 3320 3631 3321 ν

2012 3383 2068 3430 et
2092 3391 2121 3429 a
2153 3374 2423 3446 gentibus,
2449 3382 2504 3428 et
2534 3390 2564 3428 a
2591 3371 2813 3439 Judzeis,
2846 3372 3010 3429 totius
3032 3372 3180 3428 orbis
3210 3371 3406 3427 finibus
3436 3374 3603 3444 pelle-

2011 3464 2191 3519 batur.
2238 3465 2429 3520 Dieere
2480 3464 2625 3519 enim
2678 3470 2951 3534 poterant,
3003 3460 3060 3517 Si
3083 3463 3191 3529 ille,
3239 3463 3389 3535 quia
3436 3478 3602 3533 parva

2011 3565 2172 3613 aetate
2228 3557 2623 3612 Pharisaeorum
2680 3556 2963 3610 institutus
2999 3563 3084 3610 est
3135 3555 3455 3625 disciplinis,
3507 3555 3599 3624 qui

2010 3664 2200 3704 omnes
2219 3657 2522 3704 comtaneos
2551 3662 2679 3701 suos
2706 3647 2759 3700 in
2780 3643 3002 3700 Iudaica
3042 3643 3337 3698 traditione
3378 3657 3601 3712 supera-

2009 3737 2122 3801 bat,
2168 3753 2312 3792 nunc
2359 3735 2945 3798 del'enditEcclesiam,
2970 3747 3132 3801 quam
3172 3731 3442 3800 quondam
3468 3731 3600 3786 vali-

2012 3825 2235 3880 dissime
2275 3826 2728 3896 persequebatur,
2772 3831 2827 3876 et
2851 3822 3027 3892 magis
3063 3821 3261 3876 Christi
3290 3821 3519 3893 gratiam
3545 3830 3600 3877 et

2013 3917 2309 3972 novitatem
2367 3917 2483 3971 vult
2525 3916 2731 3970 habere
2762 3929 2885 3968 cum
2916 3913 3114 3967 invidia
3162 3913 3404 3968 omnium
3437 3929 3596 3982 quam

2010 4013 2352 4061 venustatem
2399 4006 2534 4078 legis
2563 4020 2683 4059 cum
2713 4003 2871 4058 laude
2900 4002 3213 4069 multorum,
3240 4001 3365 4072 quid
3398 4018 3495 4057 nos
3521 3999 3599 4056 fa-

2010 4113 2135 4153 cere
2162 4106 2400 4167 oportet,
2439 4098 2530 4167 qui
2560 4113 2628 4151 ex
2652 4095 2953 4168 gentilitate
2990 4109 3111 4150 esse
3153 4094 3417 4165 cmpimus
3442 4092 3600 4149 Chri-

2009 4189 2209 4245 stiani?
2238 4188 2469 4245 Pulchre
2495 4204 2626 4244 vero
2646 4188 2891 4257 adjunxit
2917 4205 2929 4241 :
2964 4186 3142 4259 Supra
3182 4186 3395 4240 modum
3424 4203 3598 4257 perse-

2007 4279 2206 4351 quebar
2231 4278 2522 4334 Ecclesiam
2546 4278 2667 4346 Dei,
2690 4288 2753 4334 ut
2772 4279 2899 4335 hinc
2926 4292 3141 4349 quoque
3182 4278 3468 4333 admiratio
3500 4293 3599 4332 na-

2010 4379 2275 4435 sceretur,
2292 4369 2434 4440 quod
2460 4385 2566 4424 non
2585 4385 2726 4425 unus
2748 4370 3067 4445 quicunque
3082 4368 3148 4424 de
3173 4368 3259 4422 his
3285 4368 3375 4438 qui
3400 4367 3595 4423 leviter

2009 4463 2476 4533 persequebantur
2520 4461 2841 4525 Ecclesiam,
2895 4460 2989 4515 sed
3018 4460 3108 4513 ille
3159 4460 3251 4529 qui
3281 4466 3509 4513 caeteros
3537 4458 3592 4511 in

1933 4534 1986 4593 υ
2010 4556 2387 4628 persecutione
2435 4554 2706 4619 vincebat,
2767 4566 3063 4608 conversus
3091 4550 3159 4605 ad
3195 4550 3355 4605 ﬁdem
3382 4550 3463 4604 sit
3494 4564 3508 4603 :
3539 4558 3597 4604 et

2011 4654 2306 4724 prudenter
2330 4653 2457 4708 dum
2487 4650 2630 4705 aliud
2656 4655 2861 4714 narrat,
2897 4646 3196 4711 interserit,
3227 4659 3335 4700 non
3359 4652 3471 4698 tam
3498 4643 3595 4698 Dei

2012 4762 2070 4802 se
2109 4746 2344 4800 servisse
2372 4743 2478 4815 legi
2500 4758 2663 4813 quam
2686 4741 2950 4811 paternis,
2974 4739 3027 4795 id
3052 4745 3155 4804 est,
3193 4736 3593 4793 Pharisaeorum

2013 4836 2410 4899 traditionibus,
2445 4833 2538 4904 qui
2584 4832 2779 4888 docent
2814 4830 3110 4894 doctrinas,
3140 4824 3393 4881 mandata
3419 4824 3596 4879 homi-

2012 4944 2159 4992 num,
2184 4935 2239 4982 et
2272 4925 2525 4994 rejiciunt
2555 4923 2727 4995 legem
2759 4922 2880 4987 Dei,
2909 4928 2971 4975 ut
3001 4925 3245 4974 statuant
3271 4914 3596 4970 traditiones

2007 5033 2155 5074 suas.
2201 5017 2375 5084 Quam
2410 5015 2629 5086 elegans
2682 5020 2864 5068 autem
2914 5008 3226 5066 observatio
3274 5003 3595 5077 pondusque

2006 5110 2315 5165 verborum.

2074 5198 2331 5263 Audistis,
2380 5195 2573 5265 inquit,
2612 5193 3059 5249 conversationem
3102 5204 3271 5244 meum
3302 5186 3592 5259 aliquando

327 5292 615 5364 signiﬁcat,
651 5310 773 5348 cum
805 5294 1125 5351 Damascum
1156 5294 1355 5348 vadens
1391 5293 1448 5353 in
1482 5294 1675 5355 itinere
1700 5292 1899 5352 Christi
1999 5295 2056 5347 in
2102 5291 2401 5346 Judaismo.
2430 5288 2931 5350 Conversationem,
2959 5299 3066 5339 non
3095 5296 3196 5353 per
3229 5280 3459 5353 gratiam
3487 5296 3502 5332 :
3531 5288 3595 5333 ut

327 5400 515 5441 vocem
538 5385 741 5443 audivit
769 5402 781 5439 :
816 5382 1000 5453 Saule,
1030 5384 1155 5453 quid
1183 5401 1261 5438 me
1280 5385 1599 5457 persequeris
1631 5385 1770 5454 (Act.
1799 5385 1903 5455 Ix)?

328 5476 395 5531 Et
423 5486 659 5532 caecatos
681 5476 851 5531 oculis
877 5491 1063 5533 verum
1092 5475 1269 5531 lumen
1308 5475 1490 5533 mundi
1543 5475 1766 5530 intuitus
1797 5484 1899 5530 est.

400 5565 635 5619 Audistis
684 5565 819 5621 enim
858 5566 1301 5620 conversationem
1342 5582 1507 5619 meum
1535 5564 1819 5635 aliquando
1850 5563 1903 5620 in

327 5656 628 5721 lminismo,
659 5658 904 5729 quoniam
933 5674 1092 5729 supra
1120 5655 1325 5711 modum
1354 5658 1693 5730 persequebar
1724 5655 1903 5712 Eccle-

327 5750 462 5803 sium
512 5748 624 5815 Dci,
662 5760 708 5803 ct
761 5751 1119 5825 rxpugnabam
1177 5748 1343 5815 illam,
1382 5758 1427 5803 et
1473 5747 1804 5819 proﬁciebam
1844 5750 1900 5803 in

2007 5382 2259 5439 ostendat
2276 5390 2287 5395 '
2306 5396 2409 5435 non
2433 5380 2672 5450 potuisse
2709 5391 2768 5432 se
2798 5375 2924 5433 inde
2951 5375 3189 5429 humano
3210 5370 3459 5439 consilio,
3482 5370 3588 5426 nisi

2009 5473 2189 5529 divina
2244 5469 2569 5525 revelatione
2618 5475 2675 5521 et
2726 5464 3117 5528 misericordia,
3164 5462 3427 5533 separari.
3472 5459 3587 5516 Ali-

2006 5562 2243 5633 quando,
2276 5576 2380 5615 non
2410 5558 2589 5613 modo.
2625 5555 2682 5611 In
2705 5553 3003 5618 Judaismo,
3057 5569 3166 5608 non
3217 5554 3270 5609 in
3300 5552 3418 5625 lege
3464 5550 3582 5608 Dei.

2009 5655 2271 5723 Quoniam
2317 5648 2690 5723 supramodum
2731 5646 3080 5718 persequebar
3135 5644 3427 5701 Ecclesiam
3461 5643 3583 5708 Dei,

2006 5755 2059 5804 et
2104 5742 2448 5802 devastabam
2498 5736 2661 5793 illam.
2707 5734 2823 5792 Non
2873 5733 3235 5806 persequebar
3286 5740 3347 5790 ut
3375 5730 3579 5798 caeteri,
