3922 6180
360 302 457 362 831

2764 207 2869 287 μί.

1437 295 1710 354 CLAUDII
1742 292 2216 351 TAUBINENSIS
2252 289 2562 349 EPISCOPI
2788 275 2797 287 ’
2913 310 2917 319 ι
3222 282 3225 285 '
3479 283 3566 339 832

362 428 460 495 sed
506 419 902 495 supramodum.
958 414 1068 469 Nec
1117 411 1437 477 sufficiebat,
1472 412 1720 481 quamvis
1769 409 1937 462 vche-
1966 410 2017 468 Α
2041 422 2269 470 saream,
2317 415 2366 463 et
2416 405 2726 459 dimiserunt
2758 402 3000 459 Tarsum.
3062 400 3158 456 Hic
3198 412 3369 460 autem
3397 370 3583 464 dicitsa

364 492 523 573 mens
551 492 878 584 persecutio,
904 504 997 559 sed
1020 503 1173 572 quasi
1203 501 1425 570 quidam
1454 508 1734 571 grassator
1757 496 1946 552 Eccle-
2048 496 2280 566 primum
2310 496 2418 550 isse
2452 494 2506 548 in
2548 493 2827 555 Arabiam,
2875 503 2931 545 et
2974 492 3167 546 iterum
3211 507 3469 548 reversum
3493 492 3583 552 Da-

365 607 502 661 siam
528 609 585 658 ct
612 597 796 671 praedo
824 595 1122 650 vastabam.
1151 591 1263 647 Nec
1293 590 1367 647 ait
1393 589 1692 647 Ecclesiam
1720 587 1945 653 Christi,

367 703 428 749 ut
457 703 586 747 tunc
610 686 856 759 putabat,
892 698 1057 756 quam
1102 681 1331 738 ducebat
1380 679 1735 753 contemptui,
1783 693 1949 749 quam

366 779 795 852 persequebatur
826 793 840 830 :
865 773 981 839 sed,
1013 781 1074 828 ut
1097 786 1244 827 nunc
1270 771 1467 836 credit,
1489 768 1785 825 Ecclesium
1817 768 1944 823 Dei:

367 869 451 924 vel
493 869 669 940 ipsum
732 864 1014 923 Christum
1084 862 1255 918 Deum
1302 875 1424 916 esse
1474 859 1808 931 signiﬁcans,
1867 857 1952 912 vel

366 961 608 1032 eiusdem
629 959 726 1015 Dei
744 972 866 1015 esse
902 954 1224 1018 Ecclesiam,
1252 953 1344 1023 qui
1371 952 1645 1022 quondam
1671 949 1805 1020 legis
1825 947 1953 1004 doc-

374 1064 457 1110 tor
480 1051 599 1108 fuit.
771 1067 782 1097 ν

443 1142 511 1197 Et
539 1140 893 1214 proﬁciebam,
926 1138 1123 1207 inquit,
1152 1137 1205 1190 in
1229 1134 1511 1189 Judaismo
1547 1149 1710 1203 supra
1758 1130 1951 1184 multos

375 1243 665 1289 coartaneos
725 1232 783 1285 in
830 1244 1016 1301 genere
1067 1244 1204 1291 meo,
1253 1223 1612 1279 abundantius
1680 1219 1958 1276 rrmulator

375 1324 597 1378 existens
624 1328 965 1392 paternarum
1017 1332 1255 1372 mearum
1301 1314 1668 1369 traditionum.
1721 1310 1957 1365 Rursum

376 1412 703 1483 profectum,
735 1423 841 1464 non
866 1408 1004 1479 legis
1047 1406 1165 1471 Dei,
1211 1406 1307 1463 sed
1333 1403 1595 1459 Judaismi
1630 1410 1829 1458 vocat:
1859 1415 1967 1455 nee

374 1520 537 1575 super
556 1517 764 1565 omnes,
797 1500 893 1557 sed
916 1492 1080 1570 super
1105 1497 1399 1569 plurimos;
1453 1510 1555 1549 nec
1586 1508 1751 1563 super
1776 1507 1956 1557 senes,

376 1596 472 1652 sed
518 1608 681 1665 super
721 1599 1044 1655 comtaneos,
1095 1597 1157 1644 ut
1182 1596 1236 1645 et
1272 1586 1511 1643 studium
1539 1600 1695 1641 suum
1732 1582 1962 1639 referret

377 1687 430 1740 in
460 1684 599 1755 lege,
641 1691 696 1737 et
738 1680 1059 1751 jactantiam
1104 1678 1422 1733 declinaret.
1480 1675 1744 1733 Paternas
1780 1679 1960 1727 autem

2051 600 2314 640 muscum.
2354 582 2485 639 Post
2514 581 2807 639 triennium
2828 580 3041 635 venisse
3072 577 3493 651 Hierosolymam,
3519 585 3587 639 vi-

2052 677 2197 732 disse
2243 676 2485 739 Petrum,
2517 681 2573 729 et
2604 687 2729 728 cum
2764 687 2829 728 eo
2864 671 3132 726 mansisse
3167 671 3348 727 diebus
3387 673 3589 742 quinde-

2052 754 2177 822 cim.
2212 764 2337 826 Nec,
2369 773 2565 833 printer
2586 761 2850 817 Jacobum
2886 759 3108 816 fratrem
3134 759 3361 826 Domini,
3388 762 3588 820 alterum

2055 853 2356 924 apostolum
2404 852 2622 916 vidisse,
2664 865 2784 920 qua:
2831 836 2889 904 ιιί
2929 865 3059 905 vera
3109 849 3386 907 credantur
3433 851 3591 925 (dubia
3638 848 3643 853 ’

2055 945 2259 1016 quippe
2285 943 2458 998 videri
2499 943 2814 1015 absentibus
2868 940 3137 1012 poterant)
3192 940 3291 997 sub
3345 944 3596 1000 testatione

2057 1034 2341 1092 confirmat
2369 1034 2555 1089 dicens
2584 1051 2597 1087 :
2626 1032 2757 1099 Qum
2784 1043 2958 1085 autem
2984 1029 3100 1085 dico
3136 1030 3293 1097 vobis,
3317 1047 3425 1085 ecce
3445 1048 3597 1087 coram

2058 1126 2189 1190 Deo,
2218 1125 2343 1196 quia
2389 1141 2492 1181 non
2538 1123 2783 1178 mentior.
2832 1120 3127 1177 Possumus
3179 1120 3337 1190 igitur
3364 1122 3599 1180 mstimare

2059 1217 2167 1270 isse
2220 1215 2436 1285 quidem
2506 1212 2732 1269 Paulum
2793 1210 3089 1268 secundum
3146 1210 3310 1266 Lucae
3354 1211 3601 1271 historiam

2062 1303 2510 1374 Hierosolymam,
2537 1317 2645 1356 non
2669 1300 2825 1371 quasi
2861 1300 2927 1355 ad
2950 1308 3320 1355 antecessores
3344 1301 3598 1370 apostolos,

2062 1404 2122 1457 ut
2163 1394 2367 1465 aliquid
2395 1394 2464 1448 ab
2492 1391 2597 1447 illis
2624 1390 2881 1458 disceret,
2909 1388 3005 1444 sed
3037 1398 3097 1444 ut
3132 1389 3504 1459 persecutionis
3521 1390 3602 1444 im-

2061 1496 2245 1560 petum
2292 1485 2607 1550 declinaret,
2631 1483 2724 1554 qui
2762 1482 2866 1538 sibi
2901 1482 3149 1537 Damasci
3177 1490 3389 1553 propter
3410 1495 3605 1552 evange-

2062 1578 2193 1639 lium
2223 1575 2424 1635 Christi
2456 1572 2634 1629 fuerat
2664 1572 2990 1636 concitatus,
3020 1579 3076 1626 et
3117 1571 3198 1627 sic
3225 1570 3426 1625 venisse
3449 1569 3606 1625 Hiero-

2064 1669 2327 1740 solymam
2381 1666 2535 1736 quasi
2582 1662 2649 1718 ad
2707 1676 3086 1732 quamcunque
3137 1660 3297 1716 aliam
3345 1660 3602 1715 civitatem.

379 1749 714 1841 tradiliones,
745 1749 854 1829 non
884 1771 1097 1827 Domini
1143 1768 1392 1827 mandata
1426 1779 1879 1828 commemorans,
1907 1771 1964 1819 et
1989 1753 2038 1812 B
2068 1757 2220 1823 Unde
2260 1771 2383 1813 eum
2412 1754 2593 1811 statim
2639 1760 2860 1823 propter
2887 1751 3112 1807 insidias
3138 1749 3437 1814 recessisse,
3466 1757 3515 1803 et
3534 1764 3606 1804 ve-

378 1867 713 1923 Pbarisamm
761 1880 827 1920 ex
866 1861 1153 1917 Pharisazis
1180 1859 1459 1924 indicavit,
1488 1866 1544 1913 et
1565 1856 1822 1913 habuisse
1844 1855 1963 1923 qui-

378 1958 500 2013 dem
528 1956 702 2011 zelum
728 1954 847 2018 Dci,
875 1952 968 2008 sed
991 1966 1097 2005 non
1124 1949 1420 2005 secundum
1450 1946 1753 2003 scientiam.
1780 1942 1965 2012 Usque

378 2047 539 2102 hodie
580 2054 784 2108 autem,
814 2042 906 2114 qui
952 2040 1178 2097 Iudaico
1212 2053 1373 2094 sensu
1418 2035 1730 2105 Scripturas
1764 2032 1963 2087 intelli-

381 2142 532 2207 gunt,
580 2139 979 2204 persequuntur
1020 2127 1314 2185 Ecclesiam
1364 2124 1590 2190 Christi,
1639 2132 1695 2178 et
1729 2123 1967 2192 depopu-

384 2225 561 2280 lantur
604 2224 771 2288 illam,
801 2237 911 2283 non
947 2220 1127 2277 studio
1153 2218 1288 2290 legis
1314 2216 1430 2283 Dei,
1460 2218 1554 2271 sed
1585 2214 1968 2269 traditionibus

384 2317 662 2373 hominum
695 2313 995 2384 depravati.

453 2404 584 2460 Cum
632 2412 806 2458 autem
842 2401 1037 2472 placuit
1059 2402 1127 2465 ei,
1152 2398 1240 2471 qui
1271 2416 1349 2453 me
1385 2397 1669 2468 segregavit
1712 2396 1787 2449 de
1820 2404 1967 2449 utero

383 2499 568 2554 matris
590 2512 742 2561 mete,
772 2504 819 2549 et
847 2494 1042 2547 vocavit
1073 2509 1166 2564 per
1188 2491 1415 2562 gratiam
1438 2504 1614 2553 suam,
1641 2497 1694 2540 ut
1719 2486 1969 2541 reuelaret

386 2588 586 2645 Filium
608 2603 762 2643 suum
789 2588 844 2640 in
870 2602 969 2651 me,
997 2593 1051 2638 ut
1075 2581 1425 2653 evangelizem
1456 2578 1605 2632 illum
1628 2578 1681 2632 in
1704 2577 1964 2649 gentibus.

386 2678 713 2750 Segregatnr
740 2673 1136 2747 quodammodo
1157 2673 1223 2727 de
1254 2680 1438 2726 ventre
1469 2670 1684 2731 matris.
1721 2668 1969 2739 quisquis

389 2789 419 2826 a
447 2769 741 2824 carnalium
790 2774 1073 2837 parentum
1115 2763 1504 2819 consuetudine
1552 2775 1697 2816 caeca
1751 2774 1970 2829 separa-

389 2873 495 2918 tur.
521 2861 619 2916 Vel
671 2860 836 2914 etiam
868 2858 921 2912 in
949 2856 1283 2927 praescientia
1325 2854 1393 2909 ab
1449 2863 1601 2908 utero
1645 2852 1968 2922 segregavit,

388 2954 603 3022 quando
638 2951 805 3006 voluit
833 2957 888 3004 et
934 2947 1060 3002 fecit
1093 2948 1237 3016 quod
1283 2944 1493 3001 sciebat
1535 2959 1657 2998 esse
1704 2940 1967 2997 futurum.

389 3043 575 3098 Potest
611 3052 667 3095 et
694 3056 799 3096 non
830 3039 1273 3095 inconvenienter
1300 3044 1486 3091 uterus
1512 3035 1700 3089 matris
1728 3049 1838 3089 sua:
1886 3033 1969 3088 in-

392 3134 554 3204 telligi
579 3132 882 3203 Synagoga.

460 3222 721 3277 Continuo
760 3236 863 3273 non
890 3218 1122 3287 acquievi
1158 3216 1308 3270 carni
1333 3226 1383 3270 et
1419 3216 1682 3286 sanguini.
1740 3215 1971 3286 Aequic-

390 3315 492 3369 scit
538 3320 721 3366 autem
767 3310 917 3366 carni
951 3316 1007 3364 et
1036 3307 1310 3377 sanguini,
1366 3307 1614 3376 quisquis
1664 3304 1971 3361 carnalibus

389 3402 705 3475 propinquis
734 3409 789 3457 et
827 3398 1248 3470 consanguineis
1275 3396 1387 3451 suis
1421 3395 1715 3452 carnaliter
1736 3397 1971 3451 suaden-

391 3495 535 3548 tibus
562 3490 879 3546 assentitur.

463 3584 644 3655 Neque
694 3582 807 3636 veni
837 3578 1262 3650 Hierosolymam
1308 3579 1377 3633 ad
1431 3588 1780 3632 antecessores
1833 3595 1972 3632 meos

389 3670 671 3743 apostolos.
704 3668 761 3726 Si
792 3670 861 3725 de
888 3668 1145 3740 apostolis
1186 3668 1417 3734 dixerat,
1450 3665 1712 3723 Continuo
1746 3684 1851 3721 non
1880 3684 1972 3720 ac-

387 3762 556 3833 quievi
582 3760 731 3815 carni
749 3770 796 3815 et
817 3759 1086 3830 sanguini,
1109 3758 1239 3830 quid
1265 3772 1488 3814 necesse
1511 3757 1688 3813 fuerat
1718 3757 1770 3812 id
1798 3758 1973 3827 ipsum

391 3855 592 3908 iterare
617 3851 860 3917 dicendo,
901 3849 1087 3922 Neque
1113 3850 1229 3904 veni
1259 3847 1683 3920 Hierosolymam
1708 3849 1778 3903 ad
1823 3857 1972 3904 ante-

391 3958 616 3998 cessores
643 3960 785 3998 meos
824 3940 1106 4015 apostolos,
1140 3950 1201 3997 ut
1225 3939 1426 4012 aliquid
1448 3942 1517 3996 ah
1539 3940 1648 3996 illis
1676 3939 1975 3996 discerem?

390 4032 497 4090 iste
534 4034 718 4104 itaque
748 4047 940 4088 sensus
981 4029 1244 4088 tenendus
1276 4038 1362 4086 est
1388 4045 1552 4102 quem
1601 4044 1764 4101 supra
1812 4044 1976 4100 expo-

394 4140 622 4181 sunmus.

463 4236 573 4293 Sed
622 4236 729 4290 abii
766 4237 824 4290 in
866 4235 1137 4300 Arabiam,
1159 4244 1209 4289 et
1229 4236 1421 4288 iterum
1455 4250 1690 4289 reversus
1723 4250 1841 4288 sunt
1867 4232 1977 4287 Da-

394 4345 652 4385 mascum.
688 4325 748 4384 Si
798 4327 865 4382 de
904 4327 1169 4383 Damasco
1197 4326 1332 4385 abiit
1386 4327 1441 4381 in
1472 4324 1749 4391 Arabiam,
1780 4333 1844 4380 ut
1881 4324 2009 4380 do—‘

395 4426 545 4477 ceret
568 4418 714 4490 quod
739 4409 916 4474 fuerat
934 4417 983 4474 ei
1006 4417 1320 4483 revelatum,
1353 4432 1459 4472 non
1488 4417 1589 4474 sibi
1618 4417 1831 4473 videtur
1866 4416 1978 4472 his-

395 4512 550 4568 toriai
594 4511 728 4568 ordo
777 4511 1091 4576 convenire,
1133 4509 1403 4568 referente
1458 4510 1603 4567 Luca
1658 4510 1712 4565 in
1750 4509 1977 4567 Actibus

396 4600 761 4672 apostolorum
813 4596 967 4673 (Cap.
995 4601 1072 4671 ts)
1093 4600 1238 4669 quod
1272 4615 1396 4656 cum
1436 4600 1638 4656 Paulus
1665 4609 1786 4671 post
1814 4600 1976 4656 fidem

396 4691 598 4749 Christi
618 4706 717 4762 per
742 4691 858 4746 dies
893 4691 1090 4747 multos
1123 4690 1473 4761 Evangelium
1501 4690 1748 4746 Damasci
1794 4691 1977 4760 loque-

396 4790 550 4843 retur
567 4783 849 4847 audenter,
875 4780 1031 4835 factae
1060 4778 1263 4836 fuerint
1288 4781 1338 4834 ei
1367 4780 1594 4846 insidiae,
1632 4789 1681 4835 et
1711 4782 1764 4835 in
1794 4789 1977 4851 sporta

397 4890 495 4947 per
543 4888 760 4929 murum
795 4884 954 4928 nocte
983 4873 1240 4929 dimissus
1269 4873 1360 4937 sit,
1391 4881 1447 4927 et
1484 4871 1630 4927 venit
1677 4871 1979 4929 Jerusalem

398 4968 614 5021 tantane
647 4961 954 5033 seiungere
979 4959 1276 5030 discipulis,
1327 4960 1591 5036 a_quibus
1628 4976 1752 5017 cum
1780 4963 1979 5018 vitare-

400 5068 509 5128 tur,
561 5067 618 5116 et
644 5059 900 5115 timerent
941 5056 1009 5111 ad
1052 5071 1179 5111 eum
1229 5056 1511 5123 accedere,
1556 5072 1588 5110 a
1635 5056 1881 5112 Barnaba
1912 5057 1981 5111 ad

401 5149 675 5221 apostolos
693 5148 845 5205 illum
868 5162 990 5204 esse
1021 5146 1361 5217 perductum,
1386 5152 1442 5203 et
1471 5146 1545 5203 ibi
1569 5159 1824 5202 narrasse
1846 5161 1981 5217 quo-

403 5243 563 5301 modo
588 5240 759 5298 Deum
791 5239 988 5297 viderit
1033 5238 1089 5294 in
1117 5237 1333 5302 itinere,
1363 5244 1420 5294 et
1444 5235 1698 5293 Damasci
1719 5236 1980 5293 fiduciali-

404 5339 489 5389 ter
540 5330 713 5405 egerit
758 5330 814 5387 in
845 5328 1063 5385 nomine
1105 5314 1256 5383 lesu.
1292 5325 1449 5392 Erat,
1495 5324 1693 5395 inquit,
1725 5341 1845 5380 cum
1873 5326 1980 5380 illis

405 5422 611 5477 intrans
639 5430 687 5475 et
708 5421 886 5475 exiens
910 5419 968 5474 in
985 5415 1303 5485 Jerusalem,
1327 5424 1376 5472 et
1404 5413 1727 5486 ﬁducialiter
1746 5433 1906 5487 agens
1927 5417 1983 5471 in

408 5511 615 5564 nomine
664 5506 896 5563 Domini.
931 5506 1264 5579 Loquebatur
1306 5523 1532 5579 quoque,
1582 5516 1634 5562 et
1684 5507 1983 5579 disputabat

412 5612 531 5648 cum
573 5592 788 5649 Grecis.
834 5595 925 5649 Illi
974 5605 1148 5651 autem
1202 5597 1504 5667 quaerebant
1557 5597 1789 5655 occidere
1840 5613 1979 5652 eum.

417 5679 568 5745 Quod
603 5695 719 5734 cum
743 5683 1090 5752 cognovissent
1123 5680 1329 5751 fratres,
1363 5684 1691 5743 deduxerunt
1719 5701 1835 5744 eum
1870 5683 1984 5741 Ca:-

2064 1851 2215 1906 nisse
2261 1848 2315 1902 in
2346 1846 2600 1903 Arabiam
2651 1845 2764 1901 sive
2795 1844 3140 1898 Damascum.
3172 1842 3343 1911 Atque
3374 1842 3485 1895 inde
3504 1847 3605 1910 post

2065 1941 2358 1999 triennium
2403 1939 2471 1993 ad
2519 1937 2810 1994 videndum
2838 1935 3063 1991 Petrum
3094 1932 3504 2004 Hierosolymam
3542 1947 3607 1987 re-

2066 2034 2310 2091 vertisse.
2346 2031 2440 2087 Vel
2467 2039 2620 2086 certe
2659 2028 2843 2084 statim
2883 2035 2943 2082 ut
2975 2026 3293 2097 baptizatus
3326 2024 3410 2089 sit,
3460 2032 3509 2078 et
3534 2036 3607 2077 aco

2065 2133 2221 2195 cepto
2269 2122 2392 2177 cibo
2428 2119 2787 2183 confortatus,
2834 2116 2999 2173 fuisse
3054 2131 3189 2172 eum
3218 2130 3336 2175 cum
3377 2111 3611 2184 discipulis

2066 2218 2159 2288 qui
2209 2223 2369 2274 erant
2415 2211 2665 2269 Damasci
2718 2225 2816 2281 per
2840 2209 2958 2264 dies
3002 2207 3218 2278 aliquot
3262 2205 3395 2279 (Act.
3449 2202 3535 2275 is).
3559 2202 3610 2257 Et

2066 2305 2412 2378 stupentibus
2438 2302 2649 2358 cunctis
2699 2301 2751 2354 in
2800 2299 3086 2371 synagogis
3110 2295 3418 2352 Iudaeorum
3453 2294 3611 2367 pradi-

2067 2413 2222 2461 casse
2271 2395 2527 2452 continuo
2574 2391 2716 2462 quod
2742 2389 2899 2445 Jesus
2924 2396 3069 2444 esset
3110 2387 3290 2443 Filius
3314 2386 3423 2451 Dei,
3446 2394 3494 2440 et
3510 2393 3611 2438 tunc
3705 2430 3707 2432 .

2069 2490 2174 2544 isse
2196 2488 2251 2541 in
2280 2485 2554 2548 Arabiam,
2578 2490 2632 2537 et
2664 2483 2729 2537 de
2757 2479 2954 2535 Arabia
2988 2479 3318 2535 Damascum
3343 2475 3610 2538 revertisse,

2068 2588 2123 2637 et
2151 2579 2223 2634 ibi
2249 2578 2441 2632 fecisse
2468 2575 2762 2629 triennium
2797 2591 2810 2626 :
2848 2588 2986 2642 quos
3008 2571 3124 2625 dies
3153 2567 3612 2640 mulmsﬁcriptura

2070 2677 2321 2732 testatur,
2347 2667 2533 2722 dicens
2564 2682 2575 2719 :
2604 2662 2737 2719 Cum
2759 2663 3103 2734 implerenlur
3130 2671 3316 2716 autem
3334 2659 3436 2714 dies
3466 2655 3611 2722 multi,

2070 2757 2346 2814 consilium
2386 2756 2620 2827 [cremat
2649 2753 2850 2817 Judaei,
2875 2762 2931 2807 ut
2959 2769 3078 2808 eum
3096 2752 3462 2821 interﬁcerent.
3490 2747 3613 2803 Notis

2071 2857 2248 2904 autem
2275 2846 2432 2901 factae
2466 2852 2593 2900 sunt
2623 2843 2786 2898 Sanlo
2826 2842 3036 2897 insidia:
3067 2857 3289 2907 eorum,
3316 2849 3369 2895 et
3394 2836 3613 2895 custodie-

2070 2939 2201 2992 bant
2224 2943 2408 3007 portas
2432 2942 2589 2988 nocte
2615 2948 2679 2986 ac
2709 2932 2815 2995 die,
2838 2939 2900 2985 ut
2923 2944 3048 2984 eum
3080 2928 3460 2984 interficerent.
3487 2923 3612 2979 Acci—

2070 3028 2283 3099 pientes
2319 3041 2448 3096 ergo
2483 3022 2731 3094 discipuli
2781 3022 2899 3092 ejus
2940 3028 3099 3075 nocte
3125 3036 3231 3090 per
3258 3033 3457 3075 murum
3481 3015 3612 3071 dimi-

2072 3127 2260 3177 serunt
2288 3134 2432 3185 eum,
2463 3116 2842 3171 submittentes
2868 3114 2920 3167 in
2951 3120 3161 3182 sporta.
3202 3112 3334 3167 Cum
3359 3119 3521 3165 autem
3543 3120 3612 3160 re-

2072 3214 2241 3268 nisset
2266 3208 2716 3280 Hierosolymam,
2744 3205 2990 3261 tentabat
3014 3219 3072 3261 se
3098 3205 3335 3276 jungere
3359 3198 3611 3270 discipulis.

2073 3306 2273 3360 Lucam
2305 3318 2434 3359 vero
2465 3301 2667 3357 idcirco
2697 3300 2764 3355 de
2793 3298 2992 3354 Arabia
3017 3298 3371 3368 praeteriisse,
3401 3296 3511 3366 quia
3535 3292 3616 3346 for-

2073 3396 2215 3452 sitan
2243 3394 2377 3449 nihil
2403 3394 2623 3464 dignum
2649 3390 2953 3461 apostolatu
2988 3389 3044 3442 in
3071 3388 3275 3444 Arabia
3300 3392 3614 3458 perpetraret,

2073 3497 2129 3542 et
2150 3502 2212 3542 ea
2247 3486 2426 3557 potius
2468 3482 2848 3554 compendiosa
2906 3480 3228 3535 narratione
3284 3478 3473 3534 dixisse
3520 3488 3616 3544 quae

2074 3579 2233 3649 digna
2264 3574 2468 3631 Christi
2501 3572 2794 3644 Evangelio
2825 3570 3169 3626 videbantur.
3206 3568 3315 3624 Nec
3355 3568 3450 3623 hoc
3472 3561 3617 3631 segni-

2076 3668 2162 3723 tire
2185 3665 2415 3736 apostoli
2443 3662 2828 3735 deputandum,
2845 3662 2907 3716 'si
2934 3659 3136 3715 frustra
3172 3661 3227 3716 in
3256 3659 3448 3714 Arabia
3470 3654 3614 3713 fuerit,

2075 3758 2168 3815 sed
2193 3756 2336 3829 quod
2364 3755 2542 3826 aliqua
2569 3752 2922 3824 dispensatio.
2950 3760 3007 3807 et
3054 3751 3155 3806 Dei
3188 3757 3503 3823 praeceptum
3528 3742 3617 3797 fue-

2076 3850 2169 3913 rit,
2194 3856 2254 3902 ut
2280 3846 2501 3901 faceret.
2532 3842 2668 3898 Nam
2698 3850 2754 3898 et
2783 3850 2971 3914 postea
3007 3840 3244 3913 legimus
3265 3841 3318 3895 in
3343 3837 3484 3894 Actis
3518 3847 3622 3903 apov

2076 3938 2358 4003 stolorum,
2411 3935 2637 3990 Paulum
2665 3949 2789 3990 cum
2852 3932 2964 3988 Sila
3002 3946 3290 4004 egressum
3333 3927 3620 4001 prohibitum

2074 4043 2195 4086 esse
2226 4043 2259 4084 a
2285 4026 2491 4099 Spiritu
2522 4034 2711 4082 sancto
2743 4024 2966 4079 verbum
2996 4023 3049 4077 in
3077 4023 3212 4078 Asia
3245 4023 3409 4093 loqui.
3440 4018 3619 4073 Aliter:

2075 4119 2185 4175 Sed
2208 4117 2315 4174 abii
2336 4117 2391 4171 in
2414 4115 2684 4179 Arabiam,
2714 4122 2763 4169 et
2792 4114 2980 4167 iterum
3022 4128 3264 4167 reversus
3303 4127 3415 4166 sum
3462 4107 3623 4162 Dama-

2076 4223 2242 4263 scum.
2270 4206 2409 4274 Quid
2439 4205 2570 4260 mihi
2610 4203 2828 4275 prodest
2860 4203 2963 4258 ista
2992 4201 3210 4269 relatio,
3240 4203 3286 4257 si
3320 4202 3484 4272 legam
3509 4193 3623 4266 quod

2077 4296 2277 4354 Paulus
2289 4303 2410 4368 post
2428 4294 2815 4351 revelationem
2839 4293 3040 4349 Christi
3058 4293 3260 4356 ,statim
3291 4292 3411 4346 ierit
3441 4289 3488 4343 in
3512 4286 3624 4340 Ara—

2077 4392 2245 4456 biam,
2309 4398 2366 4446 et
2408 4389 2474 4445 de
2524 4389 2725 4443 Arabia
2788 4386 3109 4442 Damascum
3170 4385 3337 4442 fuerit
3390 4393 3622 4439 reversus,

2080 4483 2319 4538 nesciam
2367 4488 2548 4535 autem
2594 4479 2723 4550 quid
2769 4478 2841 4533 ibi
2876 4479 3125 4550 gesserit,
3169 4478 3367 4549 quidve
3413 4468 3623 4528 utilitatis

2077 4572 2329 4628 habuerit
2370 4589 2385 4626 :
2428 4569 2541 4626 ltus
2579 4584 2643 4624 ac
2673 4568 2914 4624 reditus?
2964 4567 3063 4622 Dat
3087 4569 3429 4624 occasionem
3449 4558 3625 4617 altioris

2078 4663 2445 4734 intelligentiae
2492 4661 2546 4717 in
2591 4661 2693 4716 hac
2719 4659 2911 4715 eadem
2944 4658 3169 4731 epistola
3222 4659 3338 4729 ipse
3373 4647 3624 4725 Apostolus

2078 4759 2145 4814 de
2164 4756 2438 4812 Abraham
2456 4762 2510 4810 et
2533 4753 2689 4820 Sara,
2719 4763 2775 4810 et
2794 4752 2941 4824 Agar
2966 4754 3265 4823 disputans.
3296 4749 3425 4816 Quae
3446 4740 3622 4817 quidem

2079 4858 2224 4915 sunt,
2249 4847 2447 4917 inquit,
2470 4862 2563 4917 per
2589 4844 2895 4917 allegoriam
2912 4844 3073 4898 dicta.
3105 4842 3232 4897 Herc
3252 4843 3388 4897 enim
3406 4844 3518 4892 sunt
3535 4831 3621 4886 duo

2084 4939 2415 4993 Testamenta
2440 4950 2458 4989 :
2490 4952 2651 4990 unum
2680 4934 2891 5006 quidem
2911 4934 2965 4987 in
2991 4944 3162 4987 monte
3193 4929 3324 4986 Sina
3347 4930 3402 4983 in
3435 4922 3623 4980 servitt-

2080 5039 2183 5083 tem
2217 5042 2490 5099 generum,
2519 5041 2636 5098 quae
2663 5033 2738 5081 est
2770 5025 2931 5095 Agar.
2965 5021 3097 5077 Sina
3144 5022 3282 5076 enim
3312 5032 3457 5073 mons
3482 5020 3549 5068 est
3576 5010 3621 5062 in

2079 5120 2300 5185 Arabia,
2338 5120 2428 5190 qui
2454 5117 2763 5187 conjunctus
2788 5123 2863 5169 est
2888 5114 2957 5180 ei,
2974 5129 3092 5185 gate
3113 5129 3248 5168 nunc
3267 5119 3343 5164 est
3361 5100 3621 5163 Jerusalem

2083 5212 2226 5287 (Gal.
2257 5212 2357 5285 tv).
2385 5213 2455 5267 Et
2480 5212 2636 5268 docet
2659 5211 2825 5267 Vetus
2844 5209 3273 5273 Testamentum,
3310 5206 3412 5261 hoc
3435 5209 3530 5265 est.
3546 5211 3621 5251 10'

2084 5303 2220 5361 cilia:
2245 5303 2436 5370 tilium,
2459 5304 2514 5357 in
2536 5301 2755 5368 Arabia,
2786 5315 2909 5373 qua:
2937 5300 3324 5370 interpretatur
3347 5289 3549 5353 humilis
3574 5294 3619 5373 ct

2084 5393 2312 5449 occiduo
2376 5390 2747 5447 constitutum.
2776 5372 3019 5445 {Statim
3071 5389 3252 5458 itaque
3308 5392 3369 5440 ut
3421 5372 3618 5438 credidi!

2084 5483 2282 5547 Paulus
2309 5482 2377 5538 ad
2395 5483 2572 5554 legem
2592 5490 2649 5539 et
2670 5482 2983 5553 prophetas,
3013 5490 3071 5538 ct
3089 5478 3297 5538 Veteris
3321 5465 3614 5532 Testamcuti

2081 5577 2193 5647 jam
2217 5579 2269 5634 in
2295 5576 2541 5642 occiduo,
2563 5575 2724 5647 positi
2755 5581 3095 5632 sacramenta
3121 5582 3425 5631 conversus,
3449 5557 3614 5633 (μετρεί-

2087 5666 2165 5725 vit
2188 5665 2242 5724 in
2267 5665 2348 5723 eis
2380 5664 2672 5733 Christum,
2716 5679 2876 5738 quem
2902 5662 3088 5737 jussus
3109 5661 3280 5719 fuerat
3303 5657 3356 5715 in
3397 5649 3612 5725 gentili"!
