3922 6180
327 286 435 342 855

1249 282 1504 340 ENARB.
1542 285 1610 341 1N
1649 285 1868 341 EPIST.
1912 287 1974 341 D.
2016 286 2225 343 PAULI
2265 287 2355 343 AD
2393 288 2644 344 GALAT.

3474 297 3576 350 854

325 398 619 468 praedicare
642 412 658 451 :
681 402 737 451 et
784 404 999 466 reperto
1026 395 1138 461 illo,
1169 411 1274 450 non
1303 404 1385 450 est
1428 396 1502 451 ibi
1528 396 1735 453 diutius
1758 411 1901 453 com-
1926 406 1978 464 Α
2003 404 2200 474 quippe
2228 405 2614 475 interpretatur
2640 405 2965 475 assumptio,
3001 407 3113 460 sive
3141 408 3352 466 vocatio
3372 409 3582 468 lamen-

323 497 587 554 tnoratus,
653 488 747 543 sed
800 501 1049 544 reversus
1102 485 1447 552 Damascum,
1511 487 1616 543 hoc
1676 495 1780 554 est,
1830 487 1899 542 ad

321 577 640 648 sanguinem
664 586 721 631 et
742 577 810 630 ad
845 575 1149 647 passionem
1175 574 1490 630 Cbristi.‘Et
1515 573 1641 632 inde
1670 575 1900 648 prophev

322 671 428 725 tica
477 667 710 723 lectione
737 667 1003 731 ﬁrmatus,
1026 666 1204 735 pergit
1231 664 1682 736 Hierosolymam,
1719 665 1898 720 locum

318 757 545 814 visionis
566 764 620 810 ct
642 756 813 827 pacis.
840 754 956 809 Non
987 762 1096 810 tam
1123 753 1415 809 disciturus
1439 754 1647 824 aliquid
1672 754 1740 811 ah
1768 770 1898 825 apo-

316 848 490 913 stolis,
540 862 705 917 quam
733 860 855 901 cum
903 843 983 898 eis
1027 842 1403 915 Evangelium,
1430 844 1576 914 quod
1613 844 1903 911 docuerat,

320 938 637 994 collaturus.
1120 990 1125 995 .

389 1028 589 1083 Deinde
631 1036 745 1097 post
775 1042 940 1081 annos
970 1034 1070 1079 tres
1110 1026 1222 1080 veni
1266 1023 1691 1096 Hierosolymam
1719 1027 1889 1082 videre

316 1120 556 1175 Petrum.
604 1116 661 1172 Si
702 1132 827 1173 eum
867 1116 1294 1189 evangelizasset
1335 1116 1535 1173 Paulus
1584 1118 1638 1173 in
1672 1117 1893 1186 Arabia,

312 1221 505 1282 postea
534 1208 665 1264 vidit
690 1207 911 1264 Petrum
936 1225 949 1262 :
977 1222 1085 1264 non
1114 1207 1235 1264 ideo
1259 1217 1319 1263 ut
1348 1223 1445 1279 per
1468 1208 1645 1280 ipsum
1670 1208 1894 1265 Petrum

314 1302 549 1356 disceret
580 1296 951 1369 Evangelium,
975 1298 1067 1368 qui
1096 1299 1271 1354 tribus
1290 1298 1407 1368 jam
1435 1300 1592 1355 annis
1611 1300 1901 1367 docuerat,

314 1390 410 1446 sed
440 1398 499 1444 ut
530 1388 825 1443 fraternam
852 1387 1173 1443 charitatem
1209 1390 1374 1444 etiam
1404 1389 1672 1461 corporali
1704 1392 1894 1447 notitia

312 1476 633 1534 cumularet.
664 1476 818 1544 Quod
861 1475 907 1533 si
941 1475 1027 1531 cui
1068 1491 1175 1531 non
1203 1477 1435 1543 videtur,
1469 1493 1594 1533 cum
1621 1480 1891 1551 superiori

309 1582 474 1622 sensu
498 1565 687 1638 jungat
730 1567 849 1622 haec
886 1566 1107 1621 omnia:
1142 1568 1285 1637 quod
1334 1567 1468 1622 nihil
1515 1569 1616 1624 sibi
1661 1571 1890 1640 apostoli

308 1657 657 1723 contulerint,
702 1657 847 1728 quod
887 1657 1076 1728 jussus
1116 1657 1185 1712 sit
1214 1658 1293 1713 ire
1333 1657 1779 1731 Hierosolymam,
1823 1662 1897 1718 ad

2005 494 2202 550 labilis.

2070 583 2237 639 Eram
2278 574 2452 640 autem
2493 591 2703 657 ignotus
2734 587 2873 657 [acie
2912 586 3163 643 Ecalesiis
3209 588 3435 657 ludam,
3464 607 3583 663 qua:

1999 674 2055 726 in
2084 672 2291 729 Christo
2320 684 2463 730 sunt.
2491 676 3039 733 Animadvertendum
3070 693 3177 734 non
3214 680 3271 735 in
3314 681 3429 736 sola
3462 681 3585 738 Hie-

2001 764 2270 836 rosolyma
2295 764 2510 822 Iudaeos
2530 768 2584 822 in
2604 767 2829 824 Christo
2848 769 3163 834 credidisse,
3189 783 3292 825 nec
3318 779 3428 825 tam
3454 788 3583 842 pau-

1999 868 2093 910 cos
2137 853 2332 923 fuisse,
2372 864 2435 911 ut
2478 856 2736 913 Ecclesiis
2783 858 3022 929 gentium
3073 860 3450 927 miscerentur,
3488 863 3582 917 sed

1999 944 2165 999 etiam
2194 946 2411 1011 multos,
2435 956 2494 1002 ut
2521 962 2588 1003 ex
2615 947 2720 1003 illis
2748 948 3007 1004 Ecclesia:
3034 948 3223 1006 fierent

2074 1033 2300 1090 Tantum
2325 1045 2499 1091 autem
2524 1036 2764 1091 auditum
2793 1038 3081 1105 habebant,
3109 1040 3252 1111 quod
3278 1042 3372 1113 qui
3409 1060 3583 1114 perse-

1997 1126 2251 1197 quebatur
2271 1143 2365 1181 nos
2388 1125 2699 1198 aliquando,
2721 1144 2858 1183 nunc
2879 1129 3200 1201 evangelica:
3219 1131 3402 1201 ﬁdem,
3423 1150 3581 1204 quam

1997 1216 2282 1289 aliquando
2324 1217 2674 1290 expugnabat,
2700 1227 2748 1273 et
2773 1219 2828 1273 in
2857 1234 2939 1277 me
2982 1219 3351 1290 gloriﬁcabant
3387 1221 3577 1276 Deum.

1998 1307 2112 1363 Hoc
2137 1307 2269 1364 dicit
2290 1309 2419 1378 quia
2465 1324 2590 1365 cum
2634 1306 2973 1365 Judaismum
3009 1309 3346 1378 defenderet,
3389 1321 3579 1368 contra

1996 1397 2180 1463 fidem,
2207 1397 2349 1453 sicut
2378 1405 2434 1452 et
2475 1397 2513 1453 ii
2550 1414 2582 1453 a
2610 1399 2810 1470 quibus
2837 1399 3041 1456 Galate
3068 1400 3286 1458 fuerant
3314 1403 3510 1469 eversi,
3547 1420 3581 1461 a

1995 1487 2106 1543 Deo
2144 1488 2350 1545 electus
2372 1497 2490 1557 est,
2525 1498 2582 1547 et
2621 1490 2816 1547 doctus
2843 1490 3187 1547 dissimulare
3210 1509 3241 1547 a
3268 1492 3578 1559 Judaismo,

1992 1591 2047 1636 et
2074 1598 2270 1639 novam
2295 1583 2469 1655 legem
2495 1584 2816 1655 praedicare,
2840 1585 2917 1640 ita
2943 1595 3006 1640 ut
3029 1586 3325 1655 gauderent
3348 1588 3404 1642 in
3426 1603 3493 1643 eo
3511 1604 3579 1645 ex

1993 1670 2200 1727 Iudaeis.
2223 1671 2541 1739 credentes,
2571 1689 2707 1744 quos
2743 1673 2955 1745 pridem
2996 1676 3447 1745 persequebatur,
3472 1678 3582 1741 Deo

309 1751 413 1805 hoc
455 1765 574 1805 esse
610 1758 670 1805 ut
698 1749 905 1803 videret
935 1747 1237 1819 apostolum
1261 1767 1274 1804 :
1310 1758 1423 1805 tum
1449 1750 1794 1823 intelligeret,
1822 1768 1889 1810 eo
1916 1752 1964 1812 B
1991 1768 2212 1831 agentes
2228 1762 2463 1833 gratias,
2478 1763 2570 1832 qui
2598 1763 2664 1819 de
2685 1771 3033 1834 persecutore
3059 1764 3189 1820 fecit
3214 1765 3578 1833 defensorem,

305 1839 533 1895 Paulum
569 1856 673 1894 non
716 1838 877 1894 ivisse
904 1838 1144 1893 discendi
1173 1840 1371 1906 studio,
1397 1840 1490 1913 qui
1513 1850 1568 1897 et
1609 1842 1723 1914 ipse
1744 1859 1893 1899 eum-

306 1930 430 1985 dem
472 1930 874 2002 praedicationis
901 1929 1128 1985 haberet
1173 1940 1486 1998 auctorem,
1534 1934 1629 1989 sed
1673 1934 1894 1993 honoris

308 2020 476 2090 priori
504 2019 746 2092 apostolo
773 2018 1073 2076 deferendi.

378 2115 445 2169 Et
476 2115 667 2171 mansit
697 2114 836 2185 apud
865 2132 984 2168 eum
1031 2115 1213 2169 diebus
1242 2117 1556 2183 quindecim.
1598 2116 1892 2187 Propterea

306 2205 616 2276 quindecim
642 2205 791 2276 ponit
821 2203 957 2269 dies,
982 2214 1042 2259 ut
1068 2206 1337 2271 ostendat,
1361 2222 1468 2262 non
1492 2204 1659 2263 fuisse
1676 2208 1892 2281 grande

307 2308 517 2367 tempus
545 2312 653 2368 quo
682 2295 921 2367 potuerit
962 2294 1166 2365 aliquid
1191 2312 1221 2349 a
1250 2294 1410 2350 Petro
1438 2296 1649 2351 discere
1673 2315 1685 2348 :
1720 2306 1779 2351 ut
1822 2298 1890 2352 ad

303 2386 453 2441 illum
487 2400 726 2449 sensum,
752 2400 783 2438 a
828 2400 935 2454 quo
973 2384 1170 2455 cmpit,
1209 2392 1403 2439 cuncta
1445 2384 1665 2449 referat,
1695 2400 1751 2441 se
1782 2402 1890 2440 non

308 2473 378 2527 ab
410 2473 632 2528 homine
659 2470 877 2528 doctum
903 2487 1043 2537 esse,
1071 2472 1164 2527 sed
1188 2488 1222 2526 a
1249 2471 1379 2528 Deo.

378 2583 557 2637 Alium
595 2592 769 2638 autem
805 2581 1097 2654 apostolum
1138 2582 1245 2637 vidi
1279 2584 1558 2648 nemiuem,
1592 2583 1696 2638 nisi
1730 2582 1892 2639 Jaco-

306 2675 430 2729 bum
477 2674 697 2743 fratrem
741 2673 973 2731 Domini.
1012 2674 1273 2731 Iacobum
1300 2674 1437 2730 vidit
1479 2673 1885 2746 Hierosolyma,

306 2764 432 2836 quia
462 2765 535 2819 ibi
560 2772 683 2820 erat
705 2765 1033 2822 constitutus
1056 2765 1124 2822 ab
1146 2764 1404 2837 apostolis
1422 2765 1729 2837 episcOpus.
1756 2764 1887 2822 Fra-

305 2867 447 2913 trem
472 2859 685 2915 Domini
726 2860 1110 2916 consohrinum
1131 2859 1253 2931 ejus
1274 2858 1532 2916 debemus
1562 2857 1881 2931 intelligere.

301 2950 474 3021 Negat
494 2965 552 3005 se
581 2951 762 3021 itaque
790 2961 991 3023 przeter
1026 2950 1127 3006 hos
1155 2965 1483 3022 quemquam
1514 2948 1885 3021 apostolorum

302 3040 523 3105 vidisse,
547 3054 648 3096 nec
674 3041 886 3098 occtdta
911 3040 1270 3098 contradictio
1293 3049 1632 3107 nasceretur,
1658 3039 1883 3099 Etiamsi

300 3146 335 3186 a
364 3130 528 3187 Petro
553 3147 658 3188 non
693 3148 753 3189 es
777 3134 993 3200 doctus,
1018 3133 1154 3189 alios
1178 3133 1417 3190 habuisti
1443 3131 1713 3204 apostolos
1746 3148 1888 3204 prte—

296 3231 572 3294 oeptores.
597 3222 715 3281 Non
756 3225 893 3281 vidit
919 3233 1103 3283 autem
1131 3239 1246 3291 eos,
1276 3239 1386 3280 non
1414 3239 1522 3294 quo
1549 3229 1885 3295 contemptui

297 3314 555 3381 duceret,
587 3317 681 3372 sed
719 3317 846 3387 quia
875 3317 953 3372 illi
997 3317 1065 3372 ad
1105 3314 1455 3387 Evangelium
1482 3313 1885 3386 prmdicandum

298 3416 417 3463 toto
440 3407 654 3465 fuerant
676 3410 809 3466 Orbe
835 3407 1087 3480 dispersi.

326 3542 329 3545 ι
374 3499 506 3565 Qui:
525 3509 703 3555 autem
726 3500 895 3557 scribo
922 3499 1087 3566 vobis,
1110 3514 1226 3554 ecce
1257 3514 1435 3554 coram
1462 3497 1597 3565 Deo,
1623 3500 1750 3570 quia
1775 3516 1881 3555 non

292 3590 540 3645 utentior.
569 3588 724 3657 Quod
750 3589 819 3644 ad
847 3589 1368 3646 commendatiOnem
1396 3587 1513 3658 ejus
1540 3589 1776 3659 pertinet
1803 3587 1877 3644 lo-

290 3689 543 3746 cuturus,
577 3688 771 3736 testem
798 3679 969 3737 Deum
998 3679 1110 3745 dat,
1146 3678 1275 3749 quia
1298 3678 1379 3733 ita
1416 3692 1476 3733 se
1503 3678 1732 3743 habent,
1759 3694 1880 3749 qua:

290 3774 543 3830 dicturus
581 3783 703 3841 est,
742 3789 814 3830 ne
852 3773 993 3829 forte
1031 3771 1306 3829 videretur
1344 3773 1724 3842 compositum,
1755 3788 1879 3828 cum

290 3880 544 3938 persona
583 3868 708 3938 ejus
746 3881 853 3922 non
911 3863 1199 3921 conveniat
1243 3862 1444 3932 aliquid
1491 3861 1697 3934 lingere
1731 3881 1741 3915 :
1784 3862 1879 3919 sed

293 3971 429 4011 cum
448 3971 508 4013 se
536 3956 902 4020 columeadat,
939 3956 1041 4015 hos
1064 3955 1179 4011 vult
1211 3953 1498 4025 prolicere.
1523 3953 1880 4011 Commenda—

1996 1859 2055 1906 ut
2097 1853 2323 1924 perinde
2366 1855 2570 1910 scirent
2594 1854 2800 1913 Galam
2832 1856 3233 1913 circumventos
3260 1872 3352 1923 se,
3389 1866 3448 1913 ut
3478 1861 3580 1921 sub

1995 1944 2215 2000 nomine
2241 1943 2446 2001 Christi
2489 1945 2705 2004 Judzeos
2750 1963 2809 2003 se
2850 1950 3259 2019 proﬁterentur,
3294 1950 3581 2009 circumci-

1992 2034 2183 2091 dentes
2209 2051 2430 2095 carnem
2459 2039 2707 2111 praeputii
2747 2039 2849 2105 sui,
2893 2055 3018 2096 cum
3047 2040 3266 2099 Christo
3303 2042 3392 2097 lex
3431 2042 3580 2102 aliud

1993 2124 2275 2195 impleret,
2309 2142 2471 2198 quam
2513 2125 2846 2187 Judaismus.
2894 2129 3008 2187 lllic
3044 2130 3190 2188 enim
3236 2131 3580 2193 circumcisio

1991 2217 2174 2273 carnis
2200 2230 2315 2285 est,
2349 2219 2436 2275 hic
2475 2221 2687 2287 cordis;
2718 2221 2866 2279 illinc
2895 2222 2997 2279 sub
3026 2222 3308 2281 elementis
3342 2227 3579 2285 servitur

1990 2307 2292 2365 neomeniis
2327 2317 2383 2369 et
2425 2310 2682 2377 sabbato;
2711 2312 2801 2367 hic
2835 2313 2936 2369 soli
2966 2313 3075 2370 Deo
3114 2316 3167 2371 in
3199 2316 3417 2386 spiritu,
3446 2320 3574 2390 quia

1990 2397 2155 2454 corde
2184 2400 2444 2456 creditur.
2476 2400 2595 2458 lllic
2629 2406 2870 2463 conditio
2897 2414 2983 2461 est
3008 2420 3175 2465 causa
3212 2412 3453 2477 peccati,
3485 2411 3579 2471 hic

1991 2485 2215 2544 libertas
2259 2504 2325 2544 ex
2377 2491 2696 2548 remissione
2747 2506 3094 2564 peccatorum
3129 2515 3141 2550 :
3181 2498 3577 2573 multaitaque

1992 2577 2249 2635 distantia
2277 2589 2378 2635 est.

2564 2671 2632 2728 IN
2671 2672 2899 2731 CAPUT
2929 2675 2993 2733 ιι.

2059 2762 2260 2819 Dehinc
2302 2773 2418 2834 post
2463 2781 2630 2820 annos
2663 2768 3062 2837 quatuordecim
3107 2786 3316 2825 rursum
3360 2776 3572 2831 escendi

1991 2854 2435 2927 Hierosolymam,
2468 2875 2588 2913 cum
2622 2859 2872 2916 Barnaba
2906 2874 3176 2935 assumpto
3212 2874 3260 2919 et
3294 2864 3429 2922 Tito.
3470 2868 3571 2925 As-

1989 2948 2171 3003 cendit
2214 2949 2379 3019 igitur
2420 2957 2547 3021 post
2585 2953 2996 3022 quatuordecim
3041 2971 3214 3013 annos
3260 2956 3571 3031 Hierosoly-

1989 3054 2154 3104 mam,
2186 3047 2240 3094 et
2280 3041 2372 3110 qui
2414 3040 2569 3110 prius
2602 3041 2671 3097 ad
2698 3041 2989 3100 videndum
3017 3052 3229 3102 tantum
3252 3062 3574 3119 perrexerat

1991 3126 2236 3193 Petrum,
2276 3137 2333 3184 et
2361 3130 2555 3188 diebus
2578 3132 2893 3202 quindecim
2930 3145 3208 3194 manserat
3247 3141 3390 3211 apud
3420 3157 3567 3209 eum,

1988 3233 2133 3275 nunc
2157 3235 2215 3275 se
2240 3220 2372 3277 dicit
2400 3221 2520 3279 ideo
2544 3224 2871 3294 porrexisse,
2901 3234 2960 3283 ut
2995 3228 3266 3288 conferret
3293 3247 3415 3288 cum
3437 3248 3571 3303 apo-

1987 3312 2140 3368 stolis
2168 3312 2521 3385 Evangelium
2556 3328 2835 3389 assumpto
2861 3318 3112 3378 Barnaba
3141 3324 3485 3393 circumciso,
3514 3340 3570 3384 ct

1986 3404 2109 3461 Tito
2131 3419 2199 3461 ex
2224 3407 2478 3479 gentibus
2501 3408 2734 3467 habente
2753 3414 3096 3484 prteputium,
3127 3425 3184 3472 ut
3212 3416 3307 3475 sub
3330 3434 3420 3474 ore
3440 3420 3571 3475 duo-

1985 3511 2103 3551 rum
2131 3495 2207 3553 vel
2256 3499 2417 3553 trium
2467 3501 2682 3557 testium
2712 3511 2876 3559 staret
2925 3522 3076 3562 omne
3123 3508 3331 3564 verbum
3372 3510 3563 3583 (Deut.

1984 3588 2143 3661 xvn).
3327 3583 3337 3591 ’

2051 3679 2277 3737 Ascendi
2303 3692 2477 3737 autem
2502 3684 2793 3740 secundum
2814 3686 3198 3744 reuelationem.
3224 3688 3302 3745 Ne
3326 3704 3569 3748 moveret

1981 3784 2096 3833 eos,
2122 3784 2293 3840 quare
2321 3772 2408 3827 vel
2438 3781 2567 3828 tunc
2596 3775 2928 3840 ascenderit,
2962 3791 3071 3846 quo
3101 3778 3285 3834 tantiiu
3324 3795 3432 3837 non
3472 3798 3562 3838 as—

1983 3859 2241 3915 cenderat
2276 3878 2288 3914 :
2333 3871 2667 3933 quapropter
2712 3864 2759 3919 si
2800 3880 2867 3920 ex
2917 3866 3246 3925 revelatione
3287 3871 3561 3937 ascendit,

1984 3959 2112 4007 tunc
2135 3950 2394 4022 proderat
2433 3960 2494 4008 ut
2523 3953 2843 4012 ascenderet
2877 3974 2890 4009 :
2919 3958 3174 4027 quoniam
3219 3958 3390 4015 multo
3421 3969 3560 4019 tem-

292 4047 378 4104 tio
397 4047 542 4105 enim
573 4047 690 4105 haec
715 4047 835 4106 istis
858 4045 1101 4116 prolicit,
1128 4053 1189 4101 ut
1213 4045 1392 4105 sciant
1411 4060 1507 4113 ea,
1528 4059 1649 4115 qua:
1673 4045 1742 4102 ab
1775 4046 1882 4102 hoc
1979 4058 2111 4114 pore
2158 4042 2302 4101 fama
2345 4042 2465 4114 ejus
2502 4046 2882 4103 crebrescebat
2910 4049 3053 4119 apud
3095 4064 3285 4113 omnes
3324 4048 3559 4120 intimos,

291 4138 567 4202 dicuntur,
595 4152 723 4195 esse
743 4137 1021 4195 verissima
1047 4155 1059 4191 :
1089 4138 1181 4207 qui
1208 4136 1368 4203 dicit,
1391 4153 1508 4192 ecce
1535 4153 1717 4191 coram
1742 4135 1877 4204 Deo,
1980 4139 2119 4195 facie
2139 4146 2320 4195 autem
2347 4154 2453 4196 non
2479 4139 2783 4198 videbatur.
2813 4140 3233 4202 Perambulabat
3263 4145 3409 4202 enim
3439 4146 3562 4203 fun-

294 4245 409 4283 non
433 4227 676 4285 mentior.
716 4227 873 4285 iurat
898 4228 1118 4299 utique;
1143 4235 1198 4281 et
1226 4226 1356 4299 quid
1390 4226 1637 4282 sanctius
1664 4226 1768 4281 hac
1788 4225 1880 4297 iu-
1981 4232 2113 4288 dare
2149 4239 2206 4288 et
2248 4232 2507 4291 roborare
2546 4234 2821 4293 Ecclesiae
2864 4235 3021 4295 solita
3062 4238 3371 4296 constantia
3417 4240 3563 4297 inter

295 4318 543 4375 ratione?
570 4316 677 4373 Sed
708 4333 817 4375 non
848 4326 932 4374 est
956 4327 1147 4373 contra
1174 4323 1505 4387 praceptum
1530 4315 1745 4374 Domini
1772 4317 1878 4372 ista
1981 4333 2188 4395 gentes.
2212 4323 2258 4379 A
2283 4322 2486 4382 ludatis
2510 4333 2694 4382 autem
2721 4343 2887 4385 causa
2927 4328 3060 4400 legis
3102 4328 3245 4387 mala
3272 4329 3350 4387 illi
3394 4328 3564 4389 flebat

285 4412 519 4483 iuratio,
543 4411 597 4467 in
626 4424 735 4481 quo
776 4410 890 4467 ait:
922 4409 1007 4467 Sit
1049 4425 1219 4466 sermo
1251 4418 1437 4477 vester,
1459 4419 1534 4464 est
1555 4449 1570 4475 ,
1599 4417 1706 4499 est,
1736 4426 1841 4499 non
1861 4449 1877 4475 ,
1904 4437 1957 4499 D
1981 4410 2187 4480 opinio,
2215 4411 2372 4481 quasi
2408 4410 2745 4469 discordaret
2769 4429 2800 4469 a
2824 4415 3207 4485 pradicatione
3241 4423 3562 4476 ceterorum

296 4520 426 4559 που.
452 4500 604 4568 Quod
631 4511 806 4556 autem
832 4499 1058 4572 amplius
1081 4510 1176 4566 est,
1208 4517 1241 4554 a
1271 4499 1415 4555 malo
1441 4509 1517 4555 est
1547 4497 1759 4572 (Matth.
1786 4497 1872 4571 v);
1928 4497 1937 4499 ἡ
1984 4500 2350 4572 apostolorum
2377 4519 2390 4556 :
2422 4509 2479 4557 et
2505 4502 2595 4558 hic
2628 4501 2794 4558 fiebat
2836 4503 3023 4560 multis
3066 4505 3371 4577 scrupulus,
3394 4510 3474 4565 ita
3500 4519 3563 4567 ut

296 4603 565 4665 quantum
591 4606 721 4662 ergo
750 4591 805 4646 in
837 4591 953 4660 ipso
974 4598 1081 4657 est,
1110 4604 1218 4649 non
1241 4589 1391 4659 jurat
1412 4589 1736 4661 Apostolus:
1767 4604 1875 4646 non
1981 4599 2039 4648 et
2070 4597 2258 4662 gentes
2285 4599 2506 4662 possent
2530 4591 2856 4662 perturbari,
2885 4604 2954 4647 ne
2978 4591 3033 4647 in
3057 4591 3202 4650 aliud
3231 4594 3559 4655 ducerentur

295 4684 450 4740 enim
487 4682 690 4753 appetit
709 4680 1035 4754 iurationem
1062 4681 1358 4751 cupiditate
1383 4691 1478 4737 aut
1518 4679 1876 4738 delectatione
1985 4683 2053 4740 ab
2093 4697 2180 4751 eo,
2211 4696 2376 4755 quam
2418 4680 2704 4739 tradebant
2733 4682 2994 4754 apostoli,
3039 4683 3132 4754 qui
3171 4700 3296 4743 cum
3328 4684 3559 4745 Domino

288 4773 538 4847 jurandi,
565 4774 708 4844 quod
750 4789 817 4830 es
852 4772 997 4833 malo
1023 4779 1141 4837 est,
1183 4773 1278 4826 sed
1306 4771 1594 4826 inﬁrmitas
1617 4778 1673 4827 et
1698 4771 1875 4828 incre-
1984 4774 2219 4832 fuerant.
2251 4773 2387 4830 Nam
2419 4776 2536 4846 ipsa
2560 4775 2845 4833 occasione
2879 4777 3126 4834 subversi
3147 4785 3276 4834 sunt
3301 4776 3561 4840 Calattea

297 4867 502 4924 dulitas
524 4866 626 4921 hoc
648 4865 813 4934 exigit
832 4879 1021 4919 eorum
1049 4862 1142 4934 qui
1177 4862 1334 4916 aliter
1360 4875 1466 4914 non
1495 4867 1780 4917 moventur
1806 4860 1879 4915 ad

297 4959 484 5015 ﬁdem.
509 4955 624 5012 Hoc
646 4965 824 5027 autem
854 4970 961 5011 non
983 4953 1155 5011 solum
1175 4952 1242 5007 de
1266 4950 1351 5006 his
1374 4965 1495 5020 quae
1520 4965 1665 5004 nunc
1685 4949 1878 5009 scribit

298 5050 371 5105 ad
401 5047 643 5113 Galatas,
670 5053 848 5117 potest
870 5044 1043 5116 accipi
1068 5058 1084 5098 :
1112 5042 1208 5099 sed
1231 5052 1288 5097 et
1313 5039 1639 5113 generaliter
1660 5040 1727 5095 de
1753 5054 1874 5095 om—

298 5144 460 5200 uibus
487 5139 766 5212 Epistolis,
797 5138 927 5209 quia
967 5152 1076 5193 non
1104 5141 1229 5192 sunt
1256 5133 1390 5189 falsa
1421 5147 1547 5205 quas
1568 5131 1792 5199 scribat,
1821 5139 1878 5191 et

294 5248 397 5290 cur
417 5231 539 5303 ejus
556 5231 830 5300 verbaque
854 5243 962 5283 non
988 5226 1317 5296 discrepent.

374 5320 572 5376 Deinde
596 5319 721 5377 seni
750 5320 806 5375 in
833 5326 1005 5389 partes
1032 5316 1206 5388 Syriae
1241 5325 1288 5371 et
1317 5313 1536 5371 Cilicia.
1571 5313 1702 5371 Post
1750 5312 1878 5369 Ilie-

297 5410 584 5483 rosolymte
627 5409 890 5467 visionem
918 5408 1067 5464 venit
1092 5408 1161 5463 ad
1190 5406 1429 5478 Syriam,
1457 5421 1577 5478 quae
1604 5406 1762 5461 nobis
1790 5405 1875 5460 di-

298 5502 442 5557 citur
482 5500 696 5558 excelsa
748 5507 911 5569 atque
956 5499 1229 5565 sublimis,
1266 5505 1322 5552 et
1376 5498 1502 5554 inde
1550 5497 1766 5551 transiit
1808 5496 1878 5553 ad

297 5594 579 5659 Ciliciam,
630 5607 791 5664 quam
830 5592 885 5647 in
916 5590 1022 5647 fide
1059 5589 1261 5651 Christi
1294 5587 1545 5661 cupiebat
1576 5601 1872 5653 assumere,

297 5682 677 5756 erattgclisans
742 5681 824 5739 eis
888 5680 1223 5738 vocationem
1280 5677 1621 5750 poenitentia
1688 5673 1882 5733 Cilicia

1981 4860 2181 4917 ludatis
2202 4861 2507 4918 dicentibus
2543 4860 2671 4932 quia
2716 4860 2861 4917 aliud
2889 4861 3129 4919 traderet
3164 4862 3362 4920 Paulus
3391 4879 3561 4937 quam

1983 4949 2196 5008 Petrus.
2222 4949 2360 5007 Hinc
2398 4949 2601 5008 factum
2627 4959 2711 5008 est
2744 4958 2835 5017 ut,
2878 4951 3184 5011 admonitus
3228 4952 3558 5015 revelatione

1984 5040 2233 5108 Domini,
2279 5041 2598 5099 ascenderet
2656 5041 3085 5114 Hierosolymam
3140 5059 3265 5102 cum
3329 5044 3557 5102 testibus

1981 5131 2384 5202 praedicationis
2423 5147 2554 5200 suae,
2578 5132 2636 5189 id
2674 5140 2779 5199 est,
2804 5131 3055 5190 Barnaba
3092 5142 3149 5192 et
3177 5133 3322 5204 Tito,
3352 5149 3461 5191 uno
3487 5149 3557 5191 ex

1981 5221 2190 5289 Iudaeo,
2220 5229 2275 5279 et
2302 5221 2472 5280 altero
2496 5238 2564 5279 ex
2601 5223 2785 5296 gentili
2810 5241 2823 5277 :
2857 5231 2918 5278 ut
2941 5223 2990 5279 si
3031 5224 3177 5296 quod
3206 5224 3275 5281 de
3301 5240 3369 5282 eo
3390 5224 3559 5282 habe-

1983 5319 2106 5367 rent
2133 5310 2473 5380 scandalum,
2498 5312 2694 5368 borum
2741 5313 3050 5369 testimonio
3085 5312 3388 5385 tolleretur,
3427 5329 3555 5390 ape-

1979 5403 2136 5459 riens.
2156 5403 2262 5458 illis
2286 5417 2503 5459 sensum
2530 5402 2931 5472 praedicationis
2955 5419 3087 5472 suae,
3105 5390 3257 5461 'cum
3297 5406 3557 5481 apostolis

1980 5507 2111 5550 vero
2137 5499 2349 5550 secreto
2376 5492 2635 5557 contulit,
2677 5499 2739 5547 ut
2771 5492 2973 5549 scirent
3000 5508 3109 5551 non
3152 5494 3303 5553 illum
3351 5496 3558 5555 discor-

1981 5582 2112 5638 dare
2139 5598 2169 5638 a
2210 5580 2396 5653 regula
2435 5580 2781 5651 Evangelica,
2811 5581 2916 5639 hoc
2959 5592 3064 5653 est,
3097 5599 3164 5642 ne
3208 5594 3460 5659 putarent
3502 5587 3558 5645 in

1982 5690 2212 5732 vacuum
2260 5688 2500 5742 currere,
2544 5680 2635 5730 aut
2682 5672 3006 5745 cucurrisse,
3050 5677 3189 5734 sicut
3217 5675 3558 5741 aestimabant
