3922 6180
436 280 541 340 ἔξὖὸ

1504 283 1630 338 (ΗΑ
1646 282 1780 338 UDll
1822 279 2285 339 τΑυιιιΝιίῖςδις
2327 284 2633 341 El‘lSCOl‘l

3531 309 3611 364 8’06

434 393 701 466 aliquanti
731 409 795 448 ex
837 392 1037 448 Judzeis
1077 391 1442 449 credentibus.
1477 395 1586 450 Nec
1623 397 1768 450 enim
1813 397 2015 466 aliquid
2045 401 2090 456 Λ
2121 395 2302 462 geliae
2327 392 2594 450 libertatis
2613 405 2669 450 et
2696 397 2830 467 legis
2859 398 3084 453 abolita:
3115 411 3397 462 vetustatem
3423 417 3608 472 contule.

435 485 504 539 ab
527 485 606 539 eis
648 484 857 539 discere
896 491 1131 552 poterat,
1159 486 1250 552 qui
1278 502 1308 538 a
1338 484 1446 540 Deo
1475 487 1652 542 fuerat
1677 488 2009 543 instructus:

434 578 528 632 sed
555 584 773 646 propter
799 576 1149 630 concordiam
1180 586 1233 630 et
1261 593 1449 646 pacem
1476 580 1570 634 Dei
1598 591 1782 634 notum
1814 579 2011 637 factum

429 674 534 728 cst,
565 673 624 719 ut
671 665 950 719 tolleretur
985 667 1272 736 scrupulus
1318 677 1410 722 aut
1453 671 1689 740 suspicio
1731 670 2012 736 fratribus,

431 763 524 807 aut
551 754 901 823 coapostolis;
931 763 986 808 et
1014 764 1074 809 ut
1099 757 1348 827 gentibus
1379 761 1660 828 prodesset
1686 776 2013 831 cognoscen-

430 845 596 910 tibus,
633 845 760 914 quia
789 846 1156 902 concordabat
1196 849 1546 919 Evangelium
1583 851 1699 920 ejus
1727 868 1849 907 cum
1879 867 2012 924 apo-

428 935 602 992 stolis.

497 1029 570 1083 Et
595 1029 794 1084 contuli
826 1047 943 1084 cum
975 1033 1051 1086 eis
1099 1031 1464 1104 Evangelium,
1501 1035 1642 1104 quod
1687 1035 1916 1106 prtedico
1957 1037 2012 1090 iu

427 1121 685 1191 gentibus.
730 1120 890 1176 Aliud
937 1130 1020 1177 est
1068 1131 1247 1177 autem
1295 1124 1564 1191 conferre,
1597 1126 1743 1180 aliud
1777 1127 2007 1182 discere.

427 1212 572 1265 inter
611 1210 953 1266 conferentes
996 1214 1279 1282 aequalitas
1313 1223 1396 1269 est
1425 1235 1436 1269 :
1471 1216 1616 1272 inter
1642 1217 1924 1272 docentem
1957 1228 2013 1274 et

425 1300 723 1354 discentem
754 1301 932 1355 minor
953 1310 1035 1355 est
1066 1302 1154 1356 ille
1178 1304 1268 1371 qui
1301 1303 1484 1358 disert.
1511 1304 1565 1359 In
1589 1306 1857 1375 principio
1883 1308 2007 1361 fidei

426 1391 480 1444 in
513 1391 741 1444 transitu
775 1391 1048 1461 apostolos
1076 1393 1231 1446 vidit.
1274 1393 1404 1449 Post
1432 1410 1622 1459 annos,
1658 1403 1716 1450 ut
1756 1397 1869 1466 ipse
1911 1398 2006 1464 ait,

424 1481 613 1536 decem
651 1490 707 1536 et
736 1489 941 1552 septem
989 1482 1146 1553 plene
1181 1499 1304 1539 cum
1337 1485 1418 1540 eis
1459 1486 1701 1556 loquitur
1733 1495 1789 1540 et
1815 1502 1874 1542 se
1904 1488 2001 1542 hu-

425 1572 614 1636 miliat,
637 1583 692 1627 et
722 1588 790 1628 ne
816 1575 956 1628 forte
985 1575 1038 1628 in
1063 1591 1294 1630 vacuum
1319 1587 1588 1642 curreret,
1613 1588 1708 1633 aut
1733 1582 2010 1636 cucurris-

424 1672 528 1728 set,
571 1664 796 1733 inquirit
833 1665 1099 1734 duplicem
1130 1667 1200 1722 ob
1227 1683 1469 1733 causam,
1494 1683 1602 1738 quo
1638 1677 1693 1724 et
1731 1670 2008 1725 humilitas

2113 486 2205 549 rit,
2231 495 2450 576 propter
2472 487 2864 542 multitudinem
2889 491 3216 548 credentium
3236 493 3516 568 Iudaeorum,
3535 509 3605 576 qui

2115 575 2340 629 necdum
2371 586 2622 646 poterant
2647 577 2922 632 Christum
2967 581 3031 635 ad
3061 581 3393 652 impletionem
3415 599 3462 644 et
3483 575 3607 649 linem

2113 667 2246 737 legis
2289 669 2502 734 audire,
2531 669 2624 740 qui
2667 677 2722 725 et
2750 671 2973 726 absente
3002 671 3161 728 Paulo
3193 675 3528 750 Hierosolyma:
3546 685 3608 753 ja.

2113 765 2414 821 ctavcrant,
2445 757 2644 814 frustra
2684 776 2806 815 eum
2836 777 3076 829 currere,
3119 773 3208 818 aut
3234 771 3515 836 cucurrisse,
3541 777 3610 844 qui

2111 854 2328 913 putaret
2370 847 2543 919 legem
2591 857 2832 905 veterem
2875 867 2983 905 non
3033 855 3359 922 sequendam.
3399 859 3497 914 Non
3530 879 3612 932 quo

2113 933 2312 990 Paulus
2356 938 2630 1004 timuerit,
2676 955 2743 994 ne
2791 955 2889 1010 per
2930 943 3113 996 decem
3158 951 3211 997 et
3260 955 3442 1015 septem
3483 966 3614 1007 annos

2112 1025 2314 1082 l‘alsum
2363 1029 2416 1082 in
2464 1030 2716 1098 gentibus
2762 1031 3108 1101 Evangeli‘um
3159 1035 3506 1103 praedicasset;
3542 1042 3612 1094 sed

2112 1128 2173 1173 ut
2217 1119 2528 1174 ostenderet
2574 1121 2998 1188 praecessoribus
3048 1123 3174 1184 suis,
3224 1138 3321 1179 non
3367 1140 3418 1180 se
3454 1127 3498 1180 in
3540 1145 3614 1183 va-

2113 1225 2273 1262 cuum
2301 1225 2543 1273 currere,
2566 1219 2659 1264 aut
2686 1211 3012 1274 cucurrisse,
3037 1211 3174 1265 sicut
3201 1222 3489 1286 putaverant
3513 1217 3617 1287 igno-

2113 1307 2315 1352 rantes.

2185 1403 2288 1459 Sed
2332 1422 2493 1476 neque
2545 1405 2717 1471 Titus,
2761 1407 2853 1476 qui
2881 1424 3082 1464 mecum
3113 1417 3255 1471 erat,
3299 1427 3403 1464 cum
3447 1422 3618 1465 essetet

2111 1500 2383 1571 gentibus;
2410 1499 2710 1570 compulsus
2733 1510 2808 1554 est
2835 1500 3141 1554 circumcidi
3164 1514 3182 1552 :
3210 1512 3401 1573 propter
3422 1503 3615 1557 subiture

2111 1589 2296 1642 ductos
2324 1598 2500 1641 autem
2528 1587 2721 1657 fratres
2747 1587 2932 1657 falsos,
2963 1589 3054 1658 qui
3082 1588 3466 1642 subintroierunt
3487 1588 3614 1656 explo-

2112 1695 2232 1731 rare
2277 1677 2565 1731 libertatem
2610 1687 2878 1743 nostram,
2919 1693 3080 1748 quam
3127 1677 3362 1731 habemus
3390 1677 3438 1730 in
3463 1676 3620 1731 Christo

423 1755 800 1812 ostenderetur
828 1755 1000 1822 Pauli,
1025 1758 1119 1826 qui
1159 1759 1349 1814 doctor
1369 1759 1423 1813 in
1455 1767 1568 1814 toto
1595 1761 1729 1814 orbe
1762 1751 2003 1831 gentium
2030 1744 2077 1802 Β
2102 1766 2255 1834 Iesu,
2283 1777 2340 1822 ut
2372 1785 2464 1822 nos
2502 1767 2555 1821 in
2582 1771 2879 1824 servitutem
2923 1744 3212 1840 redigerent
3235 1783 3252 1820 :
3279 1770 3449 1840 quibus
3473 1773 3530 1822 ad
3552 1771 3615 1823 ho-

425 1848 494 1903 ad
525 1862 882 1918 pmoessores
909 1851 1179 1920 apostolos
1224 1853 1574 1918 cucurrisset,
1604 1863 1659 1906 et
1685 1852 1892 1908 Galatae
1926 1853 2006 1908 di-

363 1997 384 2004 ,
425 1950 672 2007 soerent,
710 1956 818 1997 non
861 1942 1182 2013 reprobasse
1211 1943 1559 2015 Evangelium
1595 1943 1712 2013 ejus
1751 1959 1845 2000 eos
1874 1960 2006 2014 quo—

326 2067 332 2072 -
425 2049 530 2104 que
559 2035 651 2104 qui
694 2036 747 2090 in
787 2035 970 2090 Iudaea
1002 2034 1260 2091 Ecclesiis
1287 2036 1671 2106 praesidebant.
1704 2035 1876 2090 Simul
1904 2052 2005 2090 au-

424 2137 535 2181 tem
564 2136 621 2182 et
649 2127 778 2182 illud
805 2127 983 2191 docet,
1012 2127 1154 2196 quod
1181 2142 1283 2196 pro
1303 2126 1506 2182 Christi
1527 2126 1632 2182 ﬁde
1654 2137 1709 2182 et
1731 2126 2008 2196 Evangelii

424 2217 675 2273 libertate
717 2217 785 2272 ad
815 2233 909 2273 eos
939 2218 1083 2288 ipsos
1113 2218 1204 2287 qui
1233 2216 1300 2271 de
1342 2231 1408 2272 eo
1442 2217 1598 2286 plura
1640 2216 1778 2272 falso
1807 2231 2006 2286 cogno-

426 2317 631 2374 verant,
663 2311 810 2380 quod
851 2310 1022 2380 legem
1053 2309 1392 2380 infringeret,
1427 2307 1646 2381 Moysen
1676 2309 2003 2373 destrueret,

423 2401 892 2456 circumcisionem
939 2399 1156 2470 penitus
1189 2399 1449 2464 auferret,
1492 2413 1658 2454 ausus
1705 2399 1778 2456 sit
1811 2399 2008 2453 ducere

423 2491 640 2558 Titum,
680 2491 956 2546 hominem
1001 2490 1470 2556 incircumcisum;
1520 2496 1576 2544 ct
1619 2487 1762 2543 inter
1799 2495 2006 2542 tantam

424 2582 821 2638 multitudinem
850 2581 1180 2647 Judatorum,
1209 2591 1264 2636 et
1290 2581 1540 2636 inimicos
1563 2595 1711 2646 suos,
1733 2580 1826 2648 qui
1851 2579 2006 2649 quasi

423 2674 494 2728 ob
526 2671 702 2728 zelum
737 2671 874 2743 legis
914 2672 1233 2743 sanguinem
1277 2669 1394 2739 ejus
1429 2670 1648 2726 haurire
1689 2669 2005 2738 cupiebant,

425 2779 524 2819 nec
567 2765 682 2834 ipse
721 2772 934 2828 tamen,
971 2777 1073 2818 nec
1113 2761 1266 2817 Titus
1307 2761 1490 2832 aliquo
1531 2762 1639 2817 sint
1671 2768 1878 2816 terrore
1918 2776 2009 2816 su-

424 2855 594 2927 perati
617 2856 931 2911 necessitati
959 2854 1173 2910 cedere.
1196 2853 1327 2920 Qua:
1351 2853 1526 2924 potuit
1550 2854 1752 2907 habere
1770 2853 2006 2916 veniam,

423 2951 506 3004 vel
535 2965 636 3020 pro
662 2949 802 3014 loco,
828 2947 915 3003 vel
947 2963 1046 3018 pro
1080 2947 1406 3001 auctoritate
1434 2945 1703 3016 majorum
1723 2985 1738 3010 ,
1784 2943 1864 2998 vel
1910 2957 2009 3013 pro

424 3056 649 3098 numero
692 3040 1057 3096 Ecclesiarum
1089 3054 1208 3108 qua:
1237 3053 1304 3093 ex
1331 3035 1534 3092 Iudaeis
1568 3037 1621 3090 in
1647 3035 1865 3092 Christo
1892 3050 2011 3090 cre-

423 3135 653 3198 debant;
685 3132 769 3190 vel
802 3147 899 3202 pro
930 3141 1190 3202 tempore,
1220 3145 1288 3184 ne
1316 3137 1523 3183 tantam
1553 3129 1714 3182 simul
1750 3127 2005 3182 invidiam

423 3223 772 3278 sustinerent.
801 3223 993 3276 Totum
1021 3229 1200 3276 autem
1228 3221 1370 3290 quod
1398 3221 1492 3283 ait,
1521 3219 1652 3274 illud
1682 3227 1794 3285 est,
1824 3227 1883 3272 ut
1914 3217 2009 3273 do-

425 3323 546 3370 ceat
568 3331 627 3370 se
653 3329 931 3384 numquam
955 3315 1022 3368 de
1048 3321 1396 3384 persecutore
1418 3312 1558 3382 apud
1580 3327 1674 3367 eos
1703 3313 1848 3381 ipsos
1873 3324 2008 3380 quos

425 3407 576 3475 prius
606 3413 924 3476 persecutus
954 3404 1128 3458 fuerat
1158 3405 1398 3474 potuisse
1429 3403 1664 3458 existere
1691 3403 2002 3474 gloriosum,

425 3498 529 3552 nisi
577 3496 889 3572 pragdicatio
933 3495 1050 3565 ejus
1095 3512 1283 3552 eorum
1332 3509 1547 3565 quoque
1588 3496 1679 3564 qui
1724 3501 1850 3549 ante
1883 3509 2006 3549 eum

425 3589 564 3643 male
598 3597 878 3651 noverant,
910 3595 1048 3644 esset
1075 3587 1280 3658 judicio
1307 3585 1674 3656 comprobata,
1702 3593 1758 3640 et
1787 3584 1854 3638 ad
1883 3599 2008 3653 pro-

426 3677 662 3747 positum
687 3677 900 3732 occulte
929 3677 1090 3742 redit,
1121 3685 1234 3732 tam
1265 3677 1430 3733 breve
1461 3683 1672 3746 tempus
1715 3690 1774 3730 se
1817 3675 1872 3729 in
1914 3672 2008 3728 Ju-

423 3771 536 3825 da:a
582 3770 778 3825 fecisse
805 3769 1158 3836 conﬁrmans,
1190 3779 1250 3824 ut
1286 3769 1452 3823 etiam
1479 3769 1628 3824 vultu
1665 3765 2007 3822 credentibus

424 3873 570 3920 esset
601 3865 838 3934 ignbtus,
861 3878 928 3918 ex
961 3878 1069 3933 quo
1093 3862 1330 3917 ostendit
1359 3877 1466 3916 non
1497 3860 1740 3924 Petrum,
1783 3873 1888 3912 non
1917 3855 2008 3911 Ja-

424 3957 656 4018 cubm'u,
707 3969 816 4009 non
865 3953 1130 4009 Joannem
1175 3967 1234 4008 se
1279 3951 1532 4007 habuisse
1579 3949 1861 4014 doctores,
1910 3951 2006 4005 sed

423 4047 737 4112 Christum,
781 4046 875 4116 qui
923 4045 1026 4100 sibi
1067 4045 1422 4115 Evangelium
1471 4041 1782 4097 revelassct.
1831 4040 2006 4096 Simul

425 4147 604 4194 autem
639 4139 930 4192 notandum
971 4137 1115 4207 quod
1141 4151 1302 4205 supra
1335 4136 1486 4201 dicit,
1517 4135 1813 4190 Ecclesiam
1841 4151 2007 4205 expu-

424 4242 636 4295 gnasse,
667 4227 757 4282 hic
785 4228 971 4290 fidem;
1000 4227 1270 4290 homines,
1297 4225 1386 4280 hic
1420 4241 1571 4290 rem;
1601 4233 1660 4279 ut
1689 4241 1788 4280 nec
1811 4241 2006 4296 oppor-

428 4321 611 4373 tunius
654 4317 964 4381 inferretur,
1002 4317 1078 4372 lbi
1117 4318 1450 4388 evangelizat
1486 4317 1667 4381 ﬁdem,
1709 4332 1876 4386 quam
1903 4317 2004 4371 ali-

426 4409 643 4480 quando
669 4411 1034 4481 expugnabat.
1074 4410 1147 4464 De
1177 4409 1417 4465 Ecclesia
1450 4410 1594 4465 enim
1636 4409 1882 4465 similiter
1921 4425 2005 4465 so-

426 4518 558 4558 nare
583 4517 689 4557 non
716 4512 949 4573 poterat.

499 4597 748 4652 Seorsum
773 4605 946 4652 autem
987 4599 1068 4652 his
1101 4599 1190 4667 qui
1217 4598 1541 4661 videbantur,
1576 4613 1637 4650 ne
1667 4595 1801 4664 forte
1827 4597 1881 4648 in
1923 4611 2012 4648 ra-

427 4705 582 4743 cuum
624 4706 884 4744 currerent
913 4699 1003 4743 aut
1034 4690 1399 4742 cucurrisscm.
1439 4686 1593 4754 Quod
1631 4701 1874 4740 seorsum
1911 4700 2009 4739 ex-

428 4780 608 4851 posuit
651 4779 1002 4850 Evangelium
1043 4779 1123 4832 eis
1164 4779 1254 4848 qui
1301 4777 1611 4832 eminebant
1655 4776 1709 4829 in
1750 4774 2005 4836 Ecclesia,

428 4885 553 4925 cum
574 4867 686 4938 jam
717 4868 850 4923 illud
878 4867 1218 4939 exposuisset
1245 4881 1425 4920 coram
1453 4864 1724 4927 omnibus,
1755 4879 1858 4917 non
1890 4863 2010 4918 ideo

427 4964 631 5020 factum
661 4972 765 5024 est,
815 4961 958 5031 quod
991 4959 1168 5028 aliqua
1219 4958 1355 5012 falsa
1396 4958 1630 5020 dixerat,
1660 4963 1720 5009 ut
1765 4970 2009 5010 seorsum

423 5055 730 5126 potioribus
773 5069 899 5108 vera
946 5053 1169 5113 diceret,
1213 5051 1306 5106 scd
1353 5051 1530 5120 aliqua
1581 5055 1858 5110 tacuerat,
1893 5063 2012 5116 quas

429 5149 605 5204 adhuc
635 5145 842 5218 parvuli
872 5156 1089 5216 portare
1123 5160 1228 5198 non
1266 5149 1516 5216 poterant
1541 5159 1554 5195 :
1585 5142 1834 5211 qualibus
1861 5156 1920 5196 se
1945 5140 2013 5195 ad

429 5238 742 5298 Corinthios
777 5237 860 5292 lac
890 5237 1018 5292 dicit
1045 5235 1273 5298 dedisse,
1319 5249 1422 5286 non
1451 5245 1630 5287 escam
1663 5231 1713 5302 (1
1747 5230 1870 5284 Cor.
1903 5229 2006 5301 ιιι).

430 5328 648 5386 Falsum
685 5329 828 5384 enim
869 5329 1049 5382 dicere
1089 5324 1222 5380 nihil
1254 5324 1400 5378 licet.
1444 5321 1628 5376 Potest
1669 5329 1848 5374 autem
1881 5321 2004 5385 hoc,

429 5421 572 5493 quod
603 5422 715 5476 ait:
748 5418 956 5478 Contuli
983 5433 1097 5471 cum
1122 5417 1194 5471 eis
1226 5412 1589 5484 Evangelium,
1613 5411 1752 5482 quod
1782 5411 2008 5481 pradiro

429 5515 487 5566 in
531 5512 782 5582 gentibus,
827 5525 1058 5564 seorsum
1101 5517 1276 5562 autent
1316 5507 1395 5560 his
1439 5504 1526 5575 qui
1581 5503 1902 5565 videbantur,
1950 5516 2011 5554 ne

439 5602 570 5664 forte
600 5603 652 5652 in
683 5617 898 5652 vacuum
925 5616 1182 5653 currerent
1215 5611 1303 5652 aut
1341 5599 1706 5657 cucurrissent,
1735 5605 1786 5648 ct
1824 5596 1898 5648 sic
1933 5596 2009 5647 in-

443 5689 606 5760 telligi
629 5709 636 5739 ;
664 5690 805 5760 quod
832 5689 1139 5743 abscondite
1163 5705 1282 5742 cum
1311 5689 1562 5760 apostolis
1589 5689 1824 5758 gentium
1854 5701 2007 5740 oratr

2104 1873 2218 1910 ram
2257 1857 2505 1910 cessimus
2552 1856 2889 1926 subjectioni,
2935 1865 2993 1910 ut
3025 1857 3214 1910 veritas
3264 1856 3507 1928 Evangelii
3533 1873 3615 1927 pcr-

2103 1953 2312 1999 maneat
2359 1945 2500 2016 apud
2546 1961 2654 2000 vos.
2699 1944 2756 1999 Si
2789 1944 2964 2011 Titus,
3005 1961 3131 2000 cum
3158 1954 3298 2001 esset
3322 1963 3383 2002 cx
3408 1948 3618 2017 gentibus,

2103 2034 2251 2091 nullo
2302 2036 2478 2105 potuit
2526 2043 2740 2108 tergore
2781 2035 3067 2106 compelli,
3116 2046 3176 2091 ut
3213 2037 3615 2091 circumciderqu

2104 2126 2513 2197 Hierosolymis,
2553 2125 2862 2182 Iudaeorum
2910 2128 3194 2198 metropoli
3221 2127 3444 2190 civitate,
3470 2127 3515 2180 in
3545 2142 3620 2196 qua

2105 2227 2252 2274 tanta
2277 2218 2472 2272 Paulus
2493 2217 2840 2292 blasphemiae
2865 2218 2916 2272 in
2941 2217 3159 2295 Moysen
3183 2217 3427 2290 ﬂagrabat
3447 2217 3620 2280 invidis,

2103 2322 2163 2368 ut
2199 2323 2383 2386 postea
2429 2325 2566 2387 pene
2607 2327 2638 2364 a
2674 2309 2874 2365 Judmis
2917 2311 3236 2366 interfectus
3281 2311 3375 2374 sit,
3401 2309 3576 2383 quando
3600 2323 3622 2361 ι

2106 2402 2323 2458 tribuno
2371 2401 2652 2465 liberatus,
2689 2409 2743 2456 et
2789 2399 3018 2457 Romam
3056 2401 3270 2455 vinctus
3313 2401 3374 2454 ad
3410 2398 3622 2454 Cazsarem

2105 2492 2357 2547 mittitur.
2381 2489 2520 2557 Quid
2541 2498 2646 2556 est,
2676 2498 2735 2543 ut
2765 2504 2857 2544 vos
2879 2487 3361 2552 circumcidamini,
3387 2503 3492 2541 eum
3510 2485 3624 2539 Titus

2106 2583 2174 2638 ab
2221 2582 2498 2653 apostolis,
2528 2583 2620 2652 qui
2665 2582 2992 2636 videbantur
3036 2579 3241 2649 aliquid
3283 2593 3411 2642 esse,
3439 2592 3526 2631 non
3562 2584 3624 2629 est

2107 2673 2414 2744 compulsus
2447 2671 2792 2737 circumcidi,
2824 2670 2918 2726 sed
2963 2679 3252 2740 susceptus
3291 2677 3369 2724 est
3394 2668 3626 2722 incircum-

2107 2767 2253 2820 cisus
2277 2779 2291 2818 :
2321 2764 2425 2818 hoc
2453 2764 2505 2818 in
2537 2772 2650 2818 toto
2672 2763 2937 2818 sermonis
2963 2762 3047 2816 sui
3075 2769 3326 2816 contextu
3355 2760 3465 2830 agit,
3492 2766 3540 2811 ut
3559 2757 3626 2810 do-

2109 2867 2228 2916 ceat
2249 2873 2308 2914 se
2333 2857 2619 2914 Hebrzeum
2649 2873 2716 2912 ex
2745 2856 3008 2922 Hebraeis,
3037 2855 3224 2911 omnia
3253 2854 3496 2926 quondam
3525 2850 3626 2920 legis

2107 2968 2270 3022 opera
2313 2959 2616 3022 servantem
2637 2991 2651 3014 ,
2691 2949 3088 3005 Circumcisus-rt
3140 2955 3329 3002 octava
3361 2945 3456 3008 die,
3481 2955 3628 2996 secun-

2035 3089 2079 3150 Ο
2111 3020 2236 3098 dum
2265 3020 2435 3112 legem
2461 3039 2792 3094 Pharismum
2820 3037 3227 3092 :-Nihilominus
3251 3045 3419 3089 tamen
3439 3031 3498 3087 ob
3514 3028 3631 3133 Chri-

2111 3133 2183 3188 sti
2228 3133 2460 3201 gratiam
2495 3131 2748 3184 universa
2795 3137 3172 3183 contemnere.
3218 3127 3352 3181 Nam
3390 3138 3498 3179 cum
3535 3121 3632 3174 isset

2109 3223 2558 3294 Hierosolymam,
2583 3231 2637 3276 et
2666 3220 2789 3275 falsi
2821 3219 3041 3284 fratres,
3069 3219 3170 3287 qui
3197 3233 3264 3272 ex
3290 3211 3636 3272 circumcisione

2107 3315 2469 3380 crediderant,
2499 3328 2621 3368 eum
2649 3312 2846 3367 vellent
2881 3310 3168 3381 impellere
3196 3319 3255 3363 ut
3286 3302 3634 3363 circumcideret

2109 3409 2290 3463 Titum
2315 3427 2329 3462 :
2376 3423 2475 3462 nec
2513 3407 2693 3460 Titum
2713 3445 2726 3469 ,
2757 3419 2858 3458 nec
2883 3419 2940 3458 se
2971 3403 3210 3458 cessisse
3238 3398 3499 3461 violentiae,
3528 3406 3634 3464 quo.

2108 3503 2288 3557 minus
2311 3501 2650 3557 custodirent
2675 3496 2950 3567 Evangelii
2974 3495 3289 3550 veritatem.
3314 3489 3454 3558 Quod
3476 3487 3513 3541 si
3537 3482 3637 3538 dicit

2107 3607 2168 3648 se
2197 3591 2520 3648 necessitate
2559 3596 2890 3660 superatum,
2925 3594 2984 3640 ut
3027 3583 3438 3641 circumcideret
3475 3576 3634 3632 Titum.

2108 3683 2376 3753 quomodo
2423 3681 2646 3737 Galatas
2695 3686 2916 3734 revocat
2959 3691 2990 3730 a
3039 3673 3466 3734 circumcisione,
3506 3682 3533 3720 a
3557 3675 3635 3733 qua

2107 3787 2210 3829 nec
2238 3773 2442 3834 Titum,
2478 3771 2570 3840 qui
2610 3783 2794 3826 secum
2828 3767 3003 3822 fuerat
3041 3781 3108 3820 ex
3159 3764 3403 3836 gentibus
3427 3758 3633 3813 Hieroso-

2107 3864 2264 3935 lymis
2296 3862 2470 3932 potuit
2495 3859 2792 3918 excusare?
2819 3857 3002 3926 itaque
3029 3864 3129 3909 aut
3168 3855 3324 3925 juxta
3363 3849 3554 3935 ϐιαιως
3572 3854 3639 3895 εο-

2109 3934 2256 4010 dices
2278 3961 2362 4008 est
2389 3950 2694 4022 legendum,
2723 3947 2922 4013 Quibus
2953 3961 3125 4016 neque
3146 3943 3217 3999 ad
3248 3945 3423 3997 [torum
3441 3934 3638 3990 cessum

2108 4045 2437 4114 subiectioni,
2469 4053 2530 4098 ut
2571 4047 2968 4110 consequenter
3007 4039 3189 4107 possit
3228 4031 3459 4103 intelligi,
3491 4035 3539 4118 at
3569 4037 3636 4118 re:

2109 4111 2238 4188 ritas
2284 4131 2555 4203 Evangelii
2597 4137 2898 4200 remaneat
2942 4126 3083 4198 apud
3115 4143 3229 4181 vos.
3273 4124 3380 4177 Aut
3419 4119 3458 4173 si
3499 4111 3638 4169 Latini

2108 4223 2429 4294 exemplaris
2451 4221 2612 4275 alicui
2646 4219 2762 4273 ﬁeri
2794 4217 2996 4286 placet,
3023 4214 3322 4271 secundum
3353 4207 3635 4278 superiorem

2110 4330 2326 4371 sensum
2356 4315 2600 4384 accipere
2639 4312 2914 4372 debemus,
2943 4317 3004 4362 ut
3043 4308 3112 4362 ad
3145 4309 3336 4362 horam
3375 4297 3530 4356 cessio
3557 4302 3638 4346 που

2111 4406 2529 4464 circumcidendi
2592 4403 2770 4458 Titum
2794 4443 2808 4466 ,
2866 4401 2959 4456 sed
3029 4399 3195 4454 eundi
3272 4388 3640 4480 Hierosolymth

2033 4460 2087 4519 Β
2115 4460 2496 4559 Quod
2543 4492 2749 4546 scilicet
2797 4460 3002 4544 idcirco
3051 4484 3373 4558 subjectioni
3423 4471 3644 4534 cesserint

2117 4586 2312 4641 Paulus
2339 4593 2395 4639 et
2435 4583 2712 4637 Barnabas
2737 4581 2897 4634 eundi
2935 4578 3387 4648 Hierosolymam,
3424 4564 3643 4624 seditione

2115 4677 2186 4732 ob
2212 4677 2382 4748 legem
2410 4673 2708 4728 Antiochiae
2731 4671 3022 4734 concitata,
3051 4677 3109 4723 ut
3134 4684 3233 4738 per
3259 4662 3523 4736 epistolam
3545 4665 3643 4748 apo:

2117 4739 2380 4825 stolorum
2410 4783 2504 4822 sua
2536 4766 2804 4820 sententia
2837 4765 3168 4826 ﬁrmaretur,
3202 4767 3257 4813 et
3283 4757 3512 4812 maneret
3536 4739 3644 4814 apud

2118 4863 2336 4918 Galatas
2362 4859 2635 4929 Evangelii
2667 4858 2889 4918 veritas,
2933 4871 3052 4924 qua:
3077 4869 3184 4908 non
3213 4858 3360 4906 esset
3403 4848 3452 4900 in
3485 4841 3643 4933 litters.

2111 4956 2205 5012 sed
2235 4954 2287 5009 in
2317 4925 2555 5024 Spiritui;
2585 4966 2692 5004 non
2721 4949 2773 5003 in
2817 4947 3021 5003 carnali
3065 4961 3247 5005 sensu,
3280 4941 3373 4997 sed
3401 4939 3452 4994 in
3487 4925 3647 5024 intelli-

2113 5045 2295 5116 gentia
2335 5019 2562 5114 spiritali
2601 5057 2614 5093 :
2648 5055 2750 5096 nec
2797 5040 2851 5093 in
2883 5037 3170 5093 manifesto
3189 5032 3481 5090 Judaismo,
3505 5019 3646 5116 seti-ill

2113 5109 2346 5190 occulto.
2365 5109 2604 5200 'Quidam
2631 5139 2754 5200 post
2777 5126 3188 5197 quatuordeeim
3213 5136 3385 5178 annos
3409 5129 3523 5172 eum
3546 5109 3645 5165 llic-

2114 5227 2442 5298 rosolymam
2487 5222 2816 5285 ascendisse,
2845 5229 2973 5275 tunc
2999 5221 3204 5280 dicunt,
3233 5211 3442 5284 quando
3479 5207 3530 5301 it!
3563 5200 3645 5301 Λῧς

2116 5293 2277 5372 ιῑδιις⁷
2305 5314 2670 5386 apostolorum
2702 5311 2768 5365 de
2799 5310 3183 5380 quaestionibus
3223 5293 3556 5386 observatum
3581 5293 3644 5386 iiii

2115 5382 2587 5476 przetermittcndac
2621 5403 2756 5473 legis
2793 5401 3208 5457 intercedentes,
3251 5384 3532 5447 Antiochia:
3551 5382 3643 5431 0m

2117 5499 2380 5554 dissensio
2415 5505 2524 5554 est.
2558 5503 2614 5549 et
2642 5494 2842 5564 placuit
2873 5492 2948 5545 ire
2995 5486 3433 5554 Hierosolymam,
3463 5482 3511 5528 et
3547 5478 3644 5520 sen-

2118 5590 2336 5642 tentiam
2390 5583 2654 5650 majorum
2703 5579 2998 5650 praestolari
3029 5597 3040 5630 :
3070 5573 3284 5647 quando
3329 5571 3436 5638 ipse
3466 5565 3643 5650 ιιηοσιηεξ

2118 5683 2312 5738 Paulus
2351 5688 2402 5733 ct
2452 5677 2724 5731 llarnabas
2759 5674 2904 5728 missi
2951 5682 3070 5727 sunt
3104 5689 3113 5724 :
3145 5676 3199 5720 et
3245 5665 3344 5718 hoc
3384 5667 3494 5713 esse
3527 5638 3647 5711 ἰαινί
