3924 6170
261 305 366 364 857

1194 300 1453 357 ENARR.
1495 300 1567 358 IN
1604 301 1826 358 EPIST.
1870 302 1933 357 D.
1975 303 2181 362 PAULI
2219 307 2317 363 AD
2348 308 2600 365 GALAT.

3428 311 3531 367 858

263 420 318 474 in
658 414 869 486 legatur
895 412 1125 481 Latinis,
1152 415 1341 486 quibus
1369 414 1438 468 ad
1463 414 1650 468 harant
1690 413 1847 468 cessi-
1874 414 1925 473 A
1949 413 2093 483 quod
2137 413 2456 484 perfectioui
2494 414 2613 484 ejus
2653 414 2933 471 adderent.
2960 417 3055 471 sed
3082 418 3275 488 potius,
3295 418 3540 474 viderent

254 526 381 566 πιθα
427 506 768 578 subjutioni,
811 515 870 560 ut
911 506 1102 560 uerita
1147 504 1423 576 Evangelii
1469 514 1847 576 perseveraret

259 599 404 671 apud
429 614 535 654 eos.
561 597 716 665 Quod
757 596 966 653 scilicet
992 603 1281 667 propterea
1322 595 1522 652 Paulus
1554 604 1610 651 et
1636 595 1845 651 Barna-

258 693 377 757 bas,
420 690 489 745 de
524 704 586 744 re
615 685 934 753 manifesta,
976 687 1135 758 quasi
1178 687 1370 751 dubia,
1408 701 1469 742 se
1514 687 1659 742 mitti
1698 685 1845 758 passi

258 788 387 837 sunt
431 778 886 851 Hierosolymam,
929 786 993 834 ut
1042 778 1312 849 majorum
1372 792 1590 849 quoque
1635 776 1846 847 judicio

256 873 529 946 Evangelii
558 874 733 945 gratia
759 874 1081 929 conﬁrmata
1121 874 1469 930 credentibus
1496 875 1841 946 probaretur,

255 972 315 1021 et
365 965 497 1020 nulli
564 965 830 1020 resideret
881 965 1022 1020 ultra
1082 964 1353 1021 dubitatio
1414 966 1845 1023 circumcisionis

252 1055 496 1120 omissae,
525 1070 648 1110 cum
674 1055 1043 1125 apostolorum
1080 1064 1228 1111 esset
1256 1055 1454 1111 litteris
1493 1057 1840 1128 imperatum,

246 1147 439 1218 jngum
467 1145 605 1217 legis
627 1145 697 1201 ab
737 1145 804 1200 iis
830 1146 922 1216 qui
951 1147 1004 1200 in
1032 1146 1311 1203 Christum
1350 1162 1418 1203 ex
1443 1148 1694 1220 gentibus
1725 1165 1844 1206 cre-

252 1239 506 1295 diderant
545 1235 918 1293 auferendum.
944 1236 1237 1294 Sciendum
1264 1253 1399 1295 vero
1432 1241 1600 1311 quod,
1645 1250 1840 1307 autem,

252 1327 584 1397 coniunctio,
627 1341 748 1397 qua:
792 1327 849 1382 in
892 1328 1145 1397 praesenti
1191 1329 1313 1385 loco
1351 1331 1590 1400 ponitur,
1633 1341 1844 1401 propter

247 1417 677 1473 subintroductos
704 1426 879 1472 autem
905 1416 1071 1488 falsos
1101 1418 1293 1489 fratres
1315 1420 1584 1491 superﬂua
1610 1421 1709 1483 sit;
1737 1422 1841 1477 etsi

247 1510 484 1575 legatur,
529 1522 637 1563 non
666 1507 864 1563 habeat
906 1510 1051 1579 quod
1094 1510 1142 1565 ei
1187 1510 1537 1581 respondeat,
1582 1512 1842 1583 illamque

246 1599 560 1657 concludat.
605 1599 713 1656 Sed
738 1600 886 1655 hunc
909 1615 1033 1657 esse
1056 1601 1304 1658 ordinem
1350 1603 1599 1658 lectionis
1626 1612 1680 1657 et
1712 1618 1839 1659 seu-

244 1706 381 1748 sus:
413 1689 518 1746 Sed
545 1704 723 1762 neque
767 1690 940 1755 Titus,
966 1692 1059 1762 qui
1087 1706 1300 1747 mecum
1337 1702 1488 1757 erat,
1524 1707 1649 1747 cum
1693 1702 1839 1749 esset

241 1801 316 1843 ex
363 1783 635 1856 gentibus,
672 1784 989 1855 compulsus
1025 1793 1111 1841 est
1155 1785 1504 1850 circumcidi,
1546 1785 1839 1854 statimque

243 1875 538 1948 subiungat
581 1890 702 1947 qua:
744 1890 911 1932 causa
957 1875 1122 1932 fuerit
1159 1884 1220 1931 ut
1264 1876 1331 1931 ad
1371 1876 1839 1932 circumcisioncm

242 1966 617 2038 impelleretur
656 1966 896 2022 imitus:
936 1976 1150 2039 propter
1189 1967 1621 2023 subintroductos
1662 1977 1839 2023 autem

240 2056 410 2129 falsos
438 2056 656 2127 fratres,
681 2057 772 2128 qui
796 2056 1213 2113 subintroierunt
1244 2058 1521 2131 explorare
1546 2057 1837 2113 libertatem

241 2156 501 2211 nostram,
536 2162 698 2217 quant
740 2147 991 2202 habmus
1017 2148 1074 2202 in
1106 2146 1315 2203 Christo
1357 2147 1508 2213 Iesu,
1554 2158 1613 2203 ut
1646 2164 1741 2203 nos
1781 2147 1838 2201 in

236 2237 539 2292 servitutem
580 2235 895 2307 redigerent.
923 2235 981 2290 Id
1009 2243 1125 2301 est,
1154 2236 1234 2291 illi
1271 2237 1365 2306 qui
1404 2238 1838 2292 subintroierunt

238 2328 527 2399 explorare
556 2327 864 2382 libertatem
895 2333 1156 2391 nostram,
1197 2328 1548 2383 vehementer
1573 2326 1833 2382 observa-

240 2420 373 2474 bant
398 2427 454 2474 et
475 2417 769 2487 cupiebant
795 2416 1108 2472 circumcidi
1131 2416 1336 2482 Titum,
1369 2424 1431 2471 ut
1464 2417 1577 2487 jam
1603 2416 1838 2470 circum-

238 2508 528 2571 cisionem,
564 2506 732 2561 etiam
758 2505 930 2576 ipsius
967 2505 1120 2560 Pauli
1157 2506 1504 2561 attestatione
1527 2513 1582 2561 et
1611 2520 1838 2560 consen-

240 2597 420 2661 sione,
464 2603 722 2666 tanquam
746 2596 908 2651 saluti
937 2597 1322 2663 necessariam,
1354 2597 1713 2668 przcdiearent
1739 2616 1752 2650 :
1783 2606 1839 2653 et

237 2685 325 2740 sic
359 2699 457 2740 eos
498 2685 553 2739 in
583 2686 901 2741 servitutem
947 2687 1275 2758 redigerent,
1303 2687 1358 2741 id
1387 2695 1492 2752 est,
1538 2689 1640 2744 sub
1671 2702 1838 2744 onera

236 2777 380 2849 legis
409 2777 627 2833 servilia
672 2787 1030 2834 revocarent:
1060 2779 1258 2849 quibus
1291 2795 1351 2834 se
1384 2795 1484 2835 nec
1511 2781 1579 2835 ad
1621 2781 1834 2846 horam,

236 2870 295 2925 id
330 2876 429 2932 est,
462 2882 563 2925 nec
589 2867 659 2924 ad
703 2878 916 2939 tempus
957 2870 1190 2926 cessisse
1233 2869 1366 2925 dicit
1392 2869 1742 2939 subject'oni,
1777 2878 1839 2925 ut

231 2958 448 3013 veritas
482 2957 757 3028 Evangelii
786 2966 1131 3028 permaneret
1167 2958 1313 3027 apud
1348 2967 1553 3030 gentes,
1579 2960 1670 3029 qui
1710 2974 1834 3014 cum

232 3048 428 3114 minis,
475 3056 707 3113 terrore,
746 3048 1088 3103 multitudine
1130 3048 1330 3103 vellent
1371 3063 1471 3103 nos
1509 3063 1541 3102 a
1584 3049 1835 3105 libertate

1948 503 2201 559 eumdem
2230 504 2520 560 Dominum
2538 505 2721 561 Iesum
2761 503 3060 572 Christum,
3087 508 3178 577 qui
3208 508 3331 564 sine
3351 524 3540 579 perso-

1948 608 2141 648 narum
2183 596 2501 664 acceptione
2528 595 2708 650 salvos
2752 594 2904 661 facit,
2947 596 3053 650 hoc
3092 596 3305 652 dedisse
3346 596 3539 666 Paulo,

1947 693 2008 738 ut
2036 685 2370 741 ministraret
2396 686 2669 755 gentibus,
2705 687 2849 757 quod
2890 686 3062 743 etiam
3086 685 3250 742 Petro
3286 687 3537 754 dederat,

1947 780 2007 827 ut
2032 774 2367 829 ministraret
2391 773 2611 830 Iudaeis.
2653 774 2770 830 Non
2797 791 2927 846 ergo
2953 776 3157 831 inventi
3186 783 3315 830 sunt
3344 776 3405 831 in
3436 775 3537 835 ali-

1945 880 2055 935 quo
2075 865 2363 921 dissentire
2386 864 2585 927 abillo,
2612 873 2674 920 ut
2693 880 2817 921 eum
2843 866 2936 921 ille
2957 882 3021 922 se
3045 865 3340 936 perfectum
3365 867 3539 921 Evan-

1942 955 2165 1025 gelium,
2194 956 2472 1027 accepisse
2503 956 2737 1022 diceret,
2786 957 2861 1011 illi
2896 967 3191 1028 negarent,
3239 965 3294 1011 et
3330 956 3536 1027 aliquid

1943 1046 2162 1112 vellent,
2194 1054 2451 1116 tanquam
2489 1046 2824 1117 imperfecto,
2861 1048 3104 1104 addere:
3133 1048 3228 1104 sed
3262 1063 3299 1103 e
3319 1057 3539 1103 eontra-

1945 1138 2025 1193 rio
2052 1153 2153 1208 pro
2176 1138 2658 1208 reprehensoribus
2685 1137 3110 1208 imperfectionis
3137 1137 3534 1208 approbatores

1942 1229 2290 1300 perfectionis
2330 1227 2551 1284 fuerunt
2585 1247 2598 1283 :
2628 1238 2684 1284 et
2727 1230 2993 1285 dederunt
3032 1229 3257 1285 dextras
3298 1229 3534 1282 societa-

1944 1323 2035 1385 tis,
2069 1322 2124 1376 id
2158 1328 2272 1387 est,
2317 1330 2714 1377 consenserunt
2752 1322 2806 1376 in
2851 1321 3205 1385 societatem,
3247 1329 3300 1375 et
3347 1334 3537 1389 parue—

1941 1420 2069 1466 runt
2109 1411 2373 1465 voluntati
2418 1410 2663 1477 Domini,
2700 1412 3125 1477 consentientes,
3149 1417 3213 1464 ut
3254 1409 3454 1466 Paulus
3480 1417 3537 1465 et

1940 1499 2219 1556 Barnabas
2261 1501 2406 1555 irent
2447 1502 2517 1555 ad
2545 1509 2771 1573 gentes:
2808 1502 2909 1571 ipsi
2941 1510 3123 1557 autem
3157 1502 3211 1556 in
3245 1501 3535 1558 circumci-

1940 1589 2112 1655 sione,
2145 1604 2265 1660 quas
2294 1590 2591 1663 praeputio,
2631 1590 2684 1646 id
2711 1600 2797 1646 est
2835 1591 3086 1662 gentibus
3128 1591 3406 1647 contraria
3448 1591 3533 1645 vi-

1941 1679 2118 1735 detur.

1864 1763 1915 1822 B
2012 1768 2147 1823 Mihi
2168 1777 2341 1823 autem
2360 1769 2451 1840 qui
2485 1769 2821 1835 uidebantur,
2852 1768 2984 1824 nihil
3010 1768 3360 1824 contulerunt.
3386 1765 3537 1821 Nihil

1943 1859 2147 1915 sedicit
2172 1859 2241 1914 ab
2265 1860 2529 1930 apostolis
2549 1868 2882 1926 assecutum,
2913 1861 3006 1915 sed
3034 1875 3065 1914 a
3092 1860 3205 1916 Deo
3232 1878 3245 1913 :
3276 1860 3403 1930 quia
3432 1859 3526 1928 qui

1939 1950 2211 2021 imperitis
2244 1967 2465 2006 sensum
2489 1950 2680 2007 tribuit
2711 1950 3010 2021 disciplina:
3039 1951 3381 2015 Christianae,
3414 1951 3532 2020 ipse

1940 2050 1997 2098 et
2017 2042 2173 2109 mihi,
2206 2042 2385 2112 inquit
2430 2058 2562 2100 cum
2586 2057 2762 2097 essem
2785 2042 2919 2113 legis
2940 2042 3149 2112 peritus
3175 2042 3427 2113 dignatus
3445 2049 3533 2098 est

1937 2133 2219 2204 impartire
2280 2149 2501 2192 sarisam
2556 2142 2794 2190 rationis
2849 2133 3183 2204 huiusmodi.
3246 2132 3531 2201 Quomodo

1936 2237 2068 2295 ergo
2101 2224 2220 2281 ﬁeri
2250 2233 2483 2296 poterat,
2532 2232 2594 2279 ut
2621 2224 2713 2279 hic
2743 2224 2810 2279 ab
2838 2225 2925 2280 bis
2963 2224 3220 2280 disceret.
3248 2237 3409 2293 quem
3435 2239 3537 2294 pe-

1936 2316 2103 2370 ritum
2132 2317 2413 2372 inveniens
2440 2317 2757 2387 peritiorem
2781 2300 2910 2370 fecit
2944 2315 3119 2386 gratia
3138 2314 3339 2369 Christi
3364 2314 3526 2384 ?lpse

1938 2404 2190 2476 superius
2218 2420 2343 2459 cum
2376 2406 2480 2459 illis
2532 2404 2782 2469 contulit,
2812 2412 2869 2458 et
2898 2404 3070 2457 multa
3092 2404 3161 2458 ad
3181 2417 3276 2457 eos
3318 2403 3528 2469 retulit,

1936 2512 2059 2567 quae
2097 2497 2152 2551 in
2200 2497 2452 2567 gentibus
2477 2502 2841 2566 perpetrarat.
2892 2494 2973 2548 illi
3011 2493 3531 2571 tiihilxcontulerunt

1939 2588 2012 2653 ei,
2046 2587 2140 2642 sed
2173 2587 2570 2649 tantummodo,
2605 2601 2726 2655 qua:
2750 2585 2820 2639 ab
2847 2600 2913 2640 eo
2936 2585 3080 2640 dicta
3108 2593 3253 2647 sunt,
3278 2600 3531 2656 compro-

1936 2678 2164 2742 bantes,
2211 2675 2433 2731 dextras
2478 2677 2676 2732 dedere
2729 2676 3010 2740 consortii,
3068 2684 3124 2731 et
3151 2691 3318 2731 unum
3365 2693 3526 2733 suum

1937 2770 2199 2841 Paulique
2224 2770 2576 2841 Evangelium
2608 2769 2982 2825 iimaverunt.

2011 2879 2117 2937 Sed
2145 2890 2350 2948 contra,
2389 2898 2505 2936 cum
2532 2881 2801 2948 vidissent,
2837 2883 2978 2954 quod
3003 2881 3261 2937 creditum
3289 2893 3364 2938 est
3396 2885 3523 2939 misi

1939 2969 2290 3042 Evangelium
2319 2971 2566 3043 prirputii
2593 3012 2608 3037 ,
2636 2972 2773 3026 sicut
2802 2980 2851 3025 et
2893 2970 3053 3026 Petro
3088 2972 3522 3029 circumcisionis.

1940 3062 2135 3118 Totum
2166 3072 2371 3129 autem,
2395 3066 2539 3136 quod
2562 3066 2713 3133 dicit,
2744 3067 2848 3121 hoc
2876 3075 2983 3131 est,
3006 3083 3171 3122 unum
3195 3076 3357 3138 atque
3381 3070 3523 3124 idem

232 3139 445 3196 Christi
473 3139 528 3194 in
555 3138 688 3210 legis
719 3139 1003 3195 traducere
1027 3140 1366 3205 servitutem,
1401 3154 1501 3195 nec
1529 3139 1594 3194 ad
1624 3150 1836 3210 tempus

1942 3155 2450 3227 mihiEvangelium
2503 3158 2751 3229 prmputii
2801 3166 2856 3213 ct
2882 3157 3044 3214 Petro
3094 3160 3528 3217 circumcisionis

231 3231 465 3303 quidem
504 3231 585 3286 eis
631 3230 896 3286 cessimus
936 3239 997 3285 ut
1044 3230 1557 3286 circumcideremus
1604 3230 1782 3284 Titum
1818 3249 1831 3284 :

232 3321 484 3376 maxime
506 3335 629 3375 cum
656 3328 712 3376 et
736 3319 918 3390 aliqua
941 3321 1014 3376 ob
1047 3320 1489 3377 Ecclesiaseicam
1521 3334 1709 3390 pacem
1740 3336 1836 3391 po-

230 3410 415 3465 tnerit
460 3425 559 3465 nos
584 3411 883 3466 necessitas
924 3425 1227 3467 excusare:
1259 3412 1324 3466 Et
1353 3412 1455 3465 hoc
1495 3418 1665 3466 totum
1708 3409 1837 3467 feci-

230 3514 366 3556 mns
388 3509 453 3555 ut
476 3501 629 3555 vobis
655 3499 800 3555 nulla
829 3500 983 3557 ﬁeret
1010 3502 1226 3557 occasio
1255 3502 1324 3557 ab
1352 3502 1628 3573 Evangelii
1657 3503 1834 3574 gratia

230 3590 553 3648 recedendi.
608 3589 667 3646 Si
704 3592 871 3664 igitur
903 3592 1292 3664 Hierosolymis
1325 3593 1470 3647 inter
1512 3601 1694 3648 tantos
1741 3592 1836 3647 Ju-

229 3682 422 3748 deos,
465 3681 869 3736 imminentibus
903 3681 1031 3736 hinc
1082 3682 1204 3735 inde
1244 3680 1398 3736 falsis
1449 3681 1741 3746 lratribus,
1781 3690 1838 3736 et

229 3771 329 3827 his
376 3770 467 3841 qui
518 3771 753 3841 majores
786 3779 975 3838 erant,
1018 3771 1195 3842 aliqua
1234 3788 1303 3827 es
1336 3781 1490 3843 parte
1524 3772 1835 3827 cohibenti-

227 3865 368 3929 bus,
404 3862 550 3918 nulla
594 3864 867 3933 potuimus
898 3863 952 3917 vi
989 3877 1055 3919 ac
1099 3864 1313 3918 ratione
1358 3863 1608 3933 compelli
1639 3870 1699 3917 ut
1734 3864 1835 3918 ob-

227 3968 589 4011 servaremus
630 3954 1100 4010 circumcisionem
1121 3995 1137 4018 ,
1173 3970 1335 4023 quam
1367 3955 1676 4010 sciebamus
1713 3969 1836 4009 esse

228 4046 499 4110 ﬁnitam,
544 4060 643 4101 vos
704 4055 771 4100 es
825 4044 1103 4116 gentibus,
1153 4059 1252 4100 vos
1299 4046 1354 4100 in
1401 4045 1652 4108 Galatia,
1702 4061 1831 4111 vos,

228 4140 445 4210 quibus
470 4139 551 4194 vis
592 4138 737 4194 nulla
775 4138 963 4194 inferri
1000 4145 1209 4210 potest,
1239 4138 1385 4193 ultro
1412 4153 1442 4191 a
1474 4139 1649 4208 gratia
1686 4152 1836 4194 recc-

229 4232 440 4286 dentes
486 4229 555 4284 ad
608 4228 744 4301 legis
789 4226 902 4298 jam
959 4228 1174 4284 abolita:
1237 4227 1632 4283 transcendetis
1680 4234 1836 4282 vetu-

231 4329 470 4379 etatem.

232 4441 262 4475 ο
308 4430 396 4485 Ab
442 4428 522 4484 his
553 4439 747 4494 autem,
780 4428 871 4500 qui
914 4428 1220 4483 ridebantur
1246 4443 1356 4482 esse
1389 4426 1622 4497 aliquid,
1652 4425 1834 4495 quales

230 4519 534 4593 aliquando
568 4518 783 4588 fuerint,
816 4517 949 4572 nihil
976 4533 1089 4571 mea
1126 4518 1359 4572 interest.
1387 4516 1531 4571 Deus
1560 4534 1835 4586 personam

230 4607 473 4664 hominis
513 4623 616 4662 non
653 4608 863 4677 accipit.
894 4605 1062 4671 Licet,
1092 4606 1289 4675 inquit,
1321 4604 1541 4660 Petrum
1571 4614 1627 4661 ct
1672 4606 1835 4662 Joan-

235 4708 376 4754 nem
408 4697 667 4754 Dominus
696 4712 880 4754 secum
928 4696 1198 4766 apostolos
1228 4698 1497 4763 habuerit,
1524 4708 1579 4753 et
1620 4701 1837 4756 transil-

233 4797 501 4863 guratum
541 4804 666 4845 eum
704 4790 759 4843 in
790 4798 971 4843 monte
997 4787 1248 4854 viderint,
1278 4796 1332 4843 et
1358 4804 1523 4859 super
1554 4790 1699 4859 ipsos
1734 4791 1835 4848 Ec-

234 4880 430 4937 etesia:
455 4880 525 4935 sit
550 4880 784 4952 positum
819 4878 1246 4946 fundamentum,
1275 4881 1407 4936 nihil
1436 4898 1555 4937 mea
1583 4883 1831 4950 interest,

236 4971 379 5039 quia
424 4984 531 5023 non
566 4969 850 5024 adversum
884 4980 978 5023 eos
1007 4968 1199 5039 loquor
1222 4970 1313 5041 qui
1354 4985 1421 5025 eo
1458 4980 1698 5042 tempore
1726 4972 1833 5027 Do-

239 5058 461 5113 minum
497 5059 884 5128 sequebantur,
910 5058 1003 5112 sed
1034 5059 1292 5114 adversus
1327 5074 1421 5115 eos
1460 5060 1552 5130 qui
1595 5076 1735 5116 nunc
1760 5061 1851 5117 lc-'

237 5158 374 5217 gem
400 5159 706 5218 proponunt
734 5149 941 5219 gratiae.
982 5148 1091 5204 Nec
1133 5146 1362 5204 detraho
1386 5151 1832 5221 prmeessoribus,

241 5250 356 5292 nec
404 5237 455 5291 in
483 5238 659 5308 aliqua
687 5246 840 5310 parte
880 5230 1075 5294 accuso
1111 5238 1379 5310 majores:
1414 5241 1509 5295 sed
1554 5243 1656 5296 hoc.
1688 5243 1832 5309 dico,

239 5332 379 5401 quia
409 5331 547 5386 Deus
573 5349 849 5403 personam
874 5332 1096 5387 hominis
1128 5349 1231 5387 non
1269 5333 1481 5403 arripit,
1506 5332 1559 5389 id
1584 5344 1684 5400 est,
1719 5336 1835 5391 sine

238 5438 608 5492 personarum
645 5425 956 5495 acceptione
988 5426 1054 5479 ad
1091 5425 1315 5479 salutem
1348 5428 1578 5489 vocavit.
1620 5445 1721 5482 non
1753 5444 1835 5482 re-

237 5521 445 5583 putans
467 5512 571 5567 illis
592 5512 780 5568 delicta
805 5529 1003 5567 eorum.
1033 5513 1097 5567 Et
1120 5513 1242 5567 ideo
1263 5514 1576 5570 absentibus
1601 5516 1725 5577 illis,
1745 5516 1834 5585 qui

238 5603 462 5672 priores
489 5604 612 5658 facti
658 5612 813 5658 erant
856 5603 1113 5673 apostoli,
1162 5602 1357 5657 Paulus
1386 5620 1416 5658 a
1448 5604 1674 5659 Omnino
1715 5620 1836 5674 ιη’-

241 5695 427 5757 fectus
456 5708 573 5763 est,
603 5705 659 5751 ut
699 5698 912 5771 quanio
952 5710 1072 5753 cum
1103 5697 1180 5750 eis
1223 5696 1478 5759 contulit,
1523 5696 1653 5750 nihil
1696 5707 1836 5751 esset

1938 3246 2188 3301 credidit.
2224 3246 2306 3301 Mc
2327 3247 2475 3302 misit
2499 3248 2564 3301 ad
2598 3258 2808 3318 gentes,
2839 3248 2854 3302 i
2880 3249 2991 3302 lum
3026 3252 3206 3320 posuit
3236 3251 3289 3305 in
3318 3248 3522 3306 Judzea.

1937 3333 2047 3389 Nec
2069 3343 2257 3405 gentes
2281 3344 2536 3406 poterant
2559 3337 2738 3391 adulta
2762 3335 2875 3405 jam
2900 3346 3057 3394 aetate
3085 3356 3189 3394 non
3217 3355 3316 3411 pro
3345 3340 3526 3397 futuro

1935 3426 2366 3483 circumcisionis
2390 3428 2575 3483 dolore
2603 3430 2855 3493 cruciari,
2885 3440 2941 3486 et
2961 3433 3238 3489 abstinere
3262 3450 3320 3489 sc
3351 3434 3418 3489 ab
3434 3452 3523 3491 es-

1936 3516 2038 3581 cis,
2063 3517 2260 3586 quibus
2285 3532 2501 3588 semper
2526 3531 2902 3587 nssuevcranl,
2940 3532 2994 3577 et
3033 3539 3169 3592 quas
3202 3523 3345 3578 Dens
3370 3540 3523 3579 crea-

1937 3616 2091 3661 verat
2115 3608 2184 3661 ad
2228 3610 2510 3663 utendum.
2538 3609 2651 3665 Nec
2681 3613 2756 3676 hi,
2798 3612 2891 3681 qui
2933 3628 2996 3667 ex
3029 3611 3229 3667 ludatis
3271 3614 3521 3668 credide-

1938 3705 2154 3759 rant,et
2182 3697 2489 3752 circumcisi
2521 3694 2681 3753 crant
2708 3741 2723 3764 ,
2753 3709 2807 3754 et
2830 3716 2893 3755 ex
2924 3702 3335 3765 consuetudine,
3364 3704 3522 3771 quasi

1937 3787 2171 3841 secunda
2212 3796 2426 3852 natura,
2479 3788 2746 3857 putabant
2790 3804 2847 3843 se
2870 3790 3082 3844 cmteris
3119 3791 3368 3860 gentibus
3397 3793 3522 3863 plus

1936 3878 2159 3939 habere,
2212 3876 2371 3933 facile
2416 3886 2769 3933 contemnere
2811 3887 3062 3950 poterant
3103 3898 3192 3947 ea,
3226 3883 3281 3937 in
3319 3886 3517 3955 quibus

1935 3966 2326 4038 gloriabantur.
2369 3966 2716 4022 Providentia
2739 3968 2926 4038 utique
2956 3968 3050 4024 Dei
3084 3971 3222 4027 alius
3245 3974 3519 4043 apostolo-

1936 4073 2055 4114 rum
2084 4058 2425 4114 circumcisis
2459 4058 2617 4113 datus
2645 4066 2748 4124 est,
2780 4059 2872 4131 qui
2904 4059 3037 4131 legis
3073 4063 3280 4118 umbris
3308 4064 3518 4120 videre-

1936 4159 2026 4203 tur
2051 4149 2427 4219 acquiescere,
2478 4150 2615 4206 alius
2661 4151 2714 4205 in
2747 4152 3009 4224 prmputio
3046 4156 3395 4221 constitutus,
3427 4157 3518 4226 qui

1935 4241 2208 4309 Evangelii
2242 4242 2473 4311 gratiam
2512 4258 2623 4296 non
2664 4250 2880 4313 putaret
2927 4259 3049 4302 esse
3078 4248 3376 4314 servitium,
3419 4248 3513 4303 scd

1934 4332 2162 4387 liberam
2191 4332 2373 4394 iidem,
2402 4346 2473 4385 nc
2503 4331 2603 4386 sub
2631 4332 2812 4402 aliqua
2837 4335 3126 4390 occasione
3160 4336 3518 4409 impedimen-

1939 4432 2051 4477 tum
2083 4420 2207 4475 lidei
2231 4428 2568 4485 nasceretur,
2590 4430 2645 4477 et
2667 4432 2891 4494 propter
2910 4425 3382 4483 circumcisioncm
3406 4430 3520 4486 sive

1942 4495 2286 4585 prmputium,
2309 4527 2414 4566 non
2440 4514 2756 4567 crederetur
2782 4514 2835 4567 in
2852 4513 3091 4569 Christo.

2013 4602 2118 4670 Qui
2146 4603 2282 4657 enim
2299 4612 2541 4672 aperatus
2557 4613 2629 4656 est
2652 4602 2808 4657 Petro
2832 4605 2885 4657 in
2908 4603 3268 4679 Apostotalum
3295 4608 3522 4663 circum-

1940 4696 2175 4761 cisiom's,
2202 4705 2445 4768 operatus
2474 4704 2547 4749 est
2578 4704 2624 4749 et
2649 4697 2778 4750 mihi
2816 4697 2952 4751 inter
2977 4707 3171 4770 gentes.
3203 4698 3259 4753 Id
3286 4707 3389 4763 est,
3413 4716 3519 4755 non

1940 4788 2017 4843 illi
2046 4803 2163 4842 sum
2196 4786 2445 4851 inferior,
2474 4787 2598 4857 quia
2629 4789 2697 4843 ab
2733 4804 2840 4843 uno
2864 4804 3050 4845 sumus
3081 4791 3242 4845 ambo
3267 4791 3319 4845 in
3351 4808 3517 4849 unum

1939 4878 2299 4937 ministerium
2335 4878 2590 4932 ordinati.
2637 4878 2712 4932 Ex
2749 4894 2858 4953 quo
2886 4880 3247 4954 perspicimus
3274 4892 3519 4953 propter-

1940 4985 2004 5024 ea
2048 4971 2268 5025 dcxtras
2290 4970 2444 5024 datas
2465 4968 2629 5023 Paulo
2656 4977 2713 5025 et
2736 4970 3001 5025 Barnabas
3028 4987 3058 5023 a
3089 4970 3268 5035 Petro,
3292 4971 3517 5038 Iacobo,

1938 5069 1994 5117 et
2019 5060 2244 5124 Joanne,
2276 5076 2342 5115 ne
2377 5061 2428 5113 in
2461 5060 2837 5116 observatione
2852 5061 3000 5115 varia
3023 5062 3291 5117 diversum
3315 5062 3521 5118 Christi

1943 5150 2290 5223 Evangelium
2321 5159 2606 5224 putaretur
2636 5167 2649 5203 :
2698 5149 2792 5204 sed
2840 5159 2895 5204 et
2926 5149 3371 5205 circumcisorum
3403 5192 3419 5215 ,
3467 5160 3523 5205 et

1944 5243 2253 5297 habentium
2283 5243 2601 5313 pmzpntium
2630 5250 2774 5297 esset
2799 5257 2906 5296 una
2932 5243 3262 5308 communio,
3306 5259 3372 5296 ne
3391 5259 3519 5313 gen—

1943 5341 2024 5387 tes
2053 5333 2187 5403 legis
2216 5346 2381 5388 onere
2407 5341 2463 5387 et
2477 5331 2790 5387 dilllcultate
2815 5332 3089 5388 deterritas
3115 5348 3146 5386 a
3166 5332 3365 5388 Christi
3391 5333 3518 5398 lide,

1937 5432 1991 5479 et
2021 5422 2336 5478 credulitate
2366 5423 2723 5478 discederent.
2776 5421 3001 5478 Occullo
3053 5424 3227 5479 oritur
3253 5426 3342 5481 hic
3368 5441 3521 5497 quaa-

1936 5513 2060 5567 stio.
2097 5512 2235 5579 Quid
2272 5512 2472 5583 igitur?
2502 5511 2692 5567 Petrus
2739 5514 2783 5566 si
2813 5513 3109 5569 invenis~et
3148 5530 3213 5570 ex
3247 5519 3521 5586 gentibus,

1939 5619 2044 5658 non
2076 5618 2169 5657 eos
2199 5603 2497 5657 adducebat
2536 5603 2601 5657 ad
2633 5603 2793 5657 ﬁdem
2816 5606 2839 5656 ?
2865 5606 2968 5659 Aut
2996 5605 3214 5672 Paulus,
3246 5607 3288 5661 si
3316 5624 3382 5662 ex
3412 5608 3523 5662 cir-

1940 5696 2267 5752 cumcisione
2318 5696 2382 5749 ali
2406 5713 2522 5765 plus
2571 5698 2882 5769 repensant,
2936 5716 3040 5754 non
3092 5714 3184 5754 cos
3225 5700 3290 5754 ad
3319 5699 3520 5757 Christi
