3922 6180
498 269 601 323 83:9

1600 262 1869 319 suum
1906 261 2369 318 TAURtNt-INSIS
2405 260 2707 317 EPISCOPI
3571 278 3649 332 ωε

498 381 829 453 baptismum
865 378 1186 449 provocabat
1215 378 1238 429 ἲ
1263 377 1393 443 Qua:
1424 378 1497 431 ita
1520 376 1749 431 solvitur
1781 394 1794 429 :
1826 376 1898 431 Ut
1924 376 2073 430 dica—
2100 381 2148 437 Α
2174 389 2405 429 cum-ets
2426 383 2564 437 erat,
2586 375 2813 430 dextras
2835 390 2943 430 non
2970 373 3242 431 dederunt.
3270 378 3480 439 Necdum
3500 387 3657 457 qui”.

500 489 642 537 nnis,
666 471 960 542 principale
1003 468 1229 538 singulis
1259 469 1310 522 in
1337 467 1554 523 Iudaeos
1592 474 1649 522 et
1689 476 1879 537 gentes
1906 465 2074 520 fuisse

504 561 814 617 mandatum
847 599 861 622 ,
918 566 976 611 ut
1024 559 1114 627 qui
1162 557 1523 613 defendebant
1572 559 1765 628 legem,
1813 557 2077 611 baberent

498 665 660 720 quem
690 661 1082 718 sequeremur:
1120 649 1212 718 qui
1244 649 1377 719 legis
1419 650 1649 717 gratiam
1689 646 2070 718 prmterebant,

499 757 606 794 non
631 739 845 794 deesset
862 739 942 793 cis
970 739 1158 794 doctor
1182 748 1238 793 et
1265 740 1515 809 przevins.
1546 739 1602 792 In
1636 753 1923 794 eornmune
1944 750 2074 791 vero

499 833 603 885 hoc
637 830 733 886 eos
780 829 1037 883 habuisse
1066 830 1344 899 propositi,
1390 838 1452 883 ut
1498 828 1717 884 Christo
1753 844 1820 883 ex
1863 827 2075 882 cunctis

496 922 748 993 gentibus
789 921 1082 977 Ecclesiam
1114 930 1524 993 eongregarcnt.
1572 921 1826 992 Legimus
1850 921 1995 974 enim
2016 928 2075 975 et

497 1034 525 1067 ει
556 1023 743 1070 sancto
764 1015 923 1069 Petro
939 1015 1190 1086 gentilem
1203 1014 1531 1083 baptizatum
1560 1013 1725 1068 fuisse
1742 1012 2069 1077 Cornelium,

495 1117 550 1160 ct
581 1122 610 1159 a
641 1105 806 1159 Paulo
838 1105 890 1159 in
938 1105 1227 1175 synagogis
1246 1105 1551 1161 Iudaeorum
1581 1105 1857 1159 Christum
1880 1104 2070 1174 saepis.

493 1197 631 1248 sime
655 1195 1002 1263 praedicatum
1029 1234 1043 1258 ,
1077 1194 1169 1247 sed
1202 1203 1380 1247 tamen
1410 1194 1563 1263 plena
1593 1194 1890 1248 auctoritas
1911 1192 2073 1248 Petro

492 1286 549 1337 in
579 1284 838 1338 Judaisuti
871 1282 1256 1353 praedicatione
1293 1284 1417 1337 data
1450 1284 1806 1354 dignoscitur,
1836 1290 1893 1338 et
1923 1282 2071 1337 Pauli

490 1372 733 1441 perlecta
764 1372 1065 1426 auctoritas
1090 1373 1144 1426 in
1174 1372 1559 1441 pnedicatione
1602 1372 1842 1442 gentium
1868 1370 2074 1425 inveni-

496 1472 599 1514 tur.
630 1461 782 1515 Unde
809 1471 865 1515 et
903 1462 1220 1531 magistrum
1267 1476 1325 1517 se
1361 1461 1601 1532 gentium
1627 1469 1786 1515 vocat
1811 1460 1866 1514 in
1895 1461 1999 1515 ﬁde
2020 1469 2076 1516 et

490 1551 746 1605 veritate.
783 1551 1164 1621 Unusquisque
1204 1552 1348 1606 euim
1384 1568 1479 1622 pro
1511 1551 1714 1607 viribus
1741 1551 1856 1606 suis
1879 1558 1935 1607 et
1958 1551 2071 1605 dis-

490 1643 865 1711 pensationem
921 1644 1151 1698 sortitus
1200 1652 1303 1698 est.
1384 1642 1663 1697 Dillicilius
1720 1643 1866 1696 enim
1921 1640 2067 1707 fuit,

2177 462 2248 518 ad
2304 478 2426 517 eam
2489 478 2801 518 mensuram
2856 472 3171 533 pervenerat
3207 506 3221 529 .
3280 476 3335 521 nt
3388 483 3574 538 possent
3617 494 3655 532 οι

2173 552 2373 609 Christi
2404 554 2753 610 mercimonia
2796 570 2865 609 ex
2902 570 3060 623 atquo
3082 570 3203 610 eum
3245 556 3500 625 majoribus
3527 565 3657 629 eradi,

2173 654 2230 700 et
2254 645 2502 701 eumdem
2536 652 2748 701 teneret
2776 646 3154 715 negotiationis
3178 646 3341 703 locum
3358 690 3374 712 ,
3401 666 3537 720 quem
3556 653 3660 712 Bas.

2173 736 2347 790 nabas
2371 737 2610 803 tenebat,
2635 744 2691 791 et
2733 734 2953 791 Paulus.
2994 735 3194 793 ideirco
3216 738 3368 807 hitur
3416 741 3533 807 huic,
3568 759 3662 813 qua

2171 826 2317 882 inter
2336 841 2394 882 se
2419 835 2477 882 et
2498 826 2768 896 apostolos
2794 825 2937 882 facta
2964 834 3108 890 sunt,
3132 826 3436 894 manifestat,
3460 834 3661 889 utsciant

2171 916 2397 982 Galatae,
2454 917 2582 986 quia
2631 916 2868 986 quodat)
2890 930 2958 975 eo
3010 927 3352 986 acceperant,
3378 919 3468 974 hoc
3513 936 3660 978 verum

2171 1015 2277 1072 est,
2301 1016 2357 1067 et
2381 1008 2688 1077 probatum.

2242 1094 2310 1150 Ut
2342 1114 2435 1152 nos
2466 1099 2522 1150 in
2561 1097 2820 1167 gentibus,
2848 1097 2949 1166 ipsi
2973 1107 3148 1151 autem
3177 1113 3230 1151 in
3267 1097 3659 1167 circumitionem,

2171 1199 2399 1252 tantum,
2438 1198 2495 1242 ut
2522 1202 2811 1259 pauperum
2848 1204 3081 1243 euentus
3102 1205 3361 1252 memores,
3404 1190 3523 1258 quod
3542 1191 3660 1245 atina

2169 1280 2428 1337 sollicitus
2453 1282 2533 1350 fui
2553 1282 2650 1334 hoc
2672 1282 2843 1351 ipsum
2867 1280 3062 1349 facere.
3089 1281 3272 1336 Sancti
3298 1297 3544 1352 pauperes,
3562 1298 3660 1354 quo.

2173 1389 2291 1427 rum
2335 1374 2604 1443 prmcipue
2632 1375 2701 1429 ab
2741 1375 3002 1444 apostolis
3044 1374 3210 1437 Paulo
3236 1384 3288 1430 et
3320 1377 3545 1433 Barnabas
3563 1395 3658 1435 rara

2173 1462 2481 1527 mandatur,
2514 1463 2549 1517 ii
2589 1472 2734 1527 sunt,
2770 1464 2863 1533 qui
2897 1480 2963 1518 ex
3007 1463 3209 1518 iudicis
3245 1465 3503 1520 credentes
3534 1468 3658 1535 pretia

2172 1551 2578 1620 possessionum
2600 1567 2821 1606 suarum
2863 1554 2931 1609 ad
2957 1554 3123 1621 pedes
3141 1552 3477 1622 apostolorum
3498 1554 3656 1611 delete

2172 1640 2305 1695 baut
2335 1640 2617 1710 egentibus
2668 1640 2938 1712 largiendo
2970 1660 2983 1695 :
3027 1641 3115 1696 vel
3141 1642 3231 1712 qui
3274 1659 3304 1698 a
3329 1643 3657 1709 contribulibus,

486 1746 586 1785 eos
614 1732 706 1799 qui
758 1731 914 1803 longe
942 1749 971 1786 a
1002 1733 1113 1788 Deo
1159 1744 1339 1798 erant,
1396 1735 1464 1788 ad
1495 1734 1654 1789 ﬁdem
1695 1734 1973 1788 attrahere
2015 1725 2146 1788 etB
2170 1729 2438 1800 cognatis,
2475 1739 2530 1784 et
2553 1734 2872 1800 parentibus
2922 1732 3036 1787 suis
3058 1733 3214 1802 quasi
3258 1733 3528 1788 desertores
3548 1733 3657 1803 legis,

491 1822 718 1878 suadere
747 1861 762 1886 ,
786 1837 947 1890 quam
995 1823 1293 1893 proximos.
1324 1824 1543 1879 Petrum
1595 1823 1770 1879 solum
1796 1824 2062 1889 nominat,

486 1922 549 1964 et
578 1911 680 1965 sibi
732 1921 1049 1981 comparat:
1103 1914 1229 1983 quia
1263 1915 1555 1983 primatum
1588 1916 1701 1984 ipse
1750 1916 1960 1986 accepit
2000 1916 2069 1972 ad

494 2002 822 2059 laudandam
854 2005 1151 2060 Ecrmsiam
1181 2025 1193 2059 :
1225 2021 1284 2061 se
1327 2022 1539 2076 quoque
1585 2009 1701 2078 pari
1757 2010 1918 2064 modo
1960 2011 2070 2067 ele-

486 2105 664 2155 ctum,
699 2104 758 2147 ut
800 2095 1094 2165 primatum
1145 2099 1343 2152 habeat
1380 2098 1435 2152 in
1489 2097 1778 2154 fundandis
1827 2102 2067 2171 gentium

492 2180 772 2236 Ecclesiis.

560 2270 627 2324 Et
657 2288 775 2324 cum
824 2274 1179 2341 cognovissent
1204 2277 1432 2344 gratiam
1454 2293 1574 2346 qua:
1601 2277 1729 2331 data
1773 2278 1933 2343 mihi,
1967 2277 2070 2333 Pe—

485 2372 616 2423 trus,
645 2372 693 2416 et
718 2363 972 2428 Iacobus,
994 2376 1041 2417 et
1069 2364 1327 2430 Joannes,
1357 2368 1446 2436 qui
1468 2367 1781 2421 videbantur
1806 2369 2068 2425 columna:

493 2469 623 2517 esse,
657 2454 870 2507 dea-tros
898 2453 1153 2507 dederunt
1200 2456 1349 2521 mihi,
1397 2466 1446 2510 et
1473 2455 1735 2512 Barnaba:
1780 2460 2065 2526 societatis,

488 2554 540 2596 ut
566 2560 659 2597 nos
679 2545 733 2597 iu
753 2555 947 2614 gentes,
977 2545 1074 2615 ipsi
1102 2557 1274 2601 autem
1298 2548 1354 2601 in
1382 2548 1851 2603 circumcisionem.

558 2633 638 2687 Ab
667 2634 929 2704 apostolis
957 2676 971 2699 ,
1029 2637 1121 2705 qui
1152 2636 1413 2693 clariores
1445 2637 1587 2692 inter
1632 2647 1859 2695 crateres
1887 2650 2062 2706 erant,

486 2743 621 2796 quos
635 2736 689 2782 et
704 2728 975 2783 ﬁrmitatis
990 2743 1153 2784 causa
1168 2729 1447 2785 columnas
1464 2730 1717 2800 appellat,
1732 2731 1929 2802 quique
1943 2747 2064 2788 cum

489 2818 717 2873 Domino
731 2833 946 2888 semper
973 2820 1025 2874 in
1053 2819 1280 2875 secretis
1316 2818 1548 2884 fuerant,
1578 2819 1808 2891 gloriam
1836 2820 1956 2890 ejus
1982 2821 2067 2875 di-

486 2914 577 2984 gni
600 2914 652 2968 in
682 2925 864 2969 monte
894 2913 1166 2983 respicere
1190 2933 1201 2967 :
1236 2916 1304 2970 ab
1320 2915 1602 2984 hisitaquc
1628 2916 1912 2985 probatum
1935 2916 2067 2972 dicit

484 3003 708 3067 dolium,
738 3003 878 3072 quod
917 3004 1129 3073 accepit
1159 3021 1189 3059 a
1214 3003 1348 3070 Deo,
1376 3012 1436 3058 ut
1460 3004 1653 3075 dignus
1692 3013 1837 3060 esset
1864 3006 2065 3062 habere

484 3094 774 3161 primatum
802 3094 852 3148 in
877 3095 1254 3164 praedicatione
1284 3096 1547 3166 gentium,
1574 3097 1715 3152 sicut
1737 3105 1794 3152 et
1830 3097 2065 3154 habebat

487 3184 678 3238 Petrus
710 3186 761 3238 in
789 3184 1170 3254 prmdicatione
1214 3187 1662 3243 circumcisionis.
1689 3187 1755 3242 Et
1783 3189 1923 3243 sicut
1970 3189 2065 3245 dat

486 3275 646 3330 Petro
659 3276 836 3331 socios
849 3276 995 3331 viros
1014 3278 1279 3348 egregios,
1303 3278 1444 3332 inter
1470 3278 1759 3346 apostolos,
1782 3278 1856 3332 ita
1882 3286 1935 3333 et
1960 3278 2063 3333 sibi

479 3362 661 3434 jungit
690 3364 988 3419 Barnabam
1023 3406 1037 3429 ,
1067 3366 1158 3435 qui
1208 3366 1391 3420 divino
1428 3366 1635 3437 judicio
1681 3366 1731 3421 ei
1779 3365 2063 3435 adjunctus

482 3462 568 3508 est
598 3473 610 3508 :
643 3457 872 3524 gratiam
904 3464 1081 3512 tamen
1123 3457 1225 3513 sibi
1262 3458 1360 3513 soli
1392 3458 1599 3527 primus
1638 3458 1879 3513 vindicat
1933 3474 2064 3514 eon-

482 3562 693 3602 cessum
720 3563 748 3602 a
772 3548 902 3614 Deo,
940 3550 1081 3604 sicut
1104 3559 1158 3605 et
1179 3549 1279 3605 soli
1323 3550 1483 3603 Petro
1511 3564 1765 3605 concessa
1803 3558 1889 3605 est
1919 3551 2063 3606 inter

482 3638 773 3707 apostolos,
800 3640 874 3695 ita
898 3648 957 3694 ut
983 3641 1212 3711 apostoli
1237 3641 1675 3697 circumcisionis
1698 3642 1918 3698 dextras
1945 3659 2064 3714 por-

487 3727 727 3798 riget-ent
759 3730 1017 3800 apostolis
1047 3731 1286 3802 gentium
1318 3772 1334 3797 ,
1381 3732 1449 3786 ad
1502 3733 1852 3789 concordiam
1892 3733 2063 3790 socie-

485 3820 614 3874 tatis
649 3819 1126 3877 demonstrandam
1162 3841 1174 3877 :
1210 3832 1271 3878 ut
1310 3825 1531 3895 utrique
1579 3826 1814 3882 scientes
1854 3825 2063 3897 perfec-

483 3908 648 3963 tionis
702 3909 952 3979 spiritum
1000 3912 1054 3967 in
1098 3913 1557 3984 dispensationem
1612 3916 1887 3989 Evangelii
1938 3933 2000 3974 se
2029 3934 2060 3973 a

486 3998 715 4053 Domino
735 4009 1077 4068 consecutos,
1103 4003 1156 4057 in
1187 4004 1333 4058 nullo
1363 4018 1421 4059 se
1443 4005 1673 4059 invicem
1699 4021 1859 4077 egere
1884 4015 2062 4063 osten-

480 4089 694 4143 derent.
710 4089 984 4145 Columna:
1010 4092 1175 4173 igitur
1186 4101 1312 4148 sunt
1332 4094 1586 4149 Ecclesiae
1599 4096 1826 4164 apostoli
1842 4096 2057 4167 (Matth.

484 4179 675 4247 xxvii),
704 4188 761 4233 et
787 4181 1020 4235 maxime
1047 4182 1259 4247 Petrus,
1295 4192 1349 4238 et
1373 4182 1625 4252 Iacobus,
1652 4195 1709 4241 et
1734 4184 1989 4251 Joannes.
2018 4188 2061 4242 E

481 4268 679 4335 quibus
705 4269 811 4321 duo
833 4285 955 4322 cum
975 4270 1200 4327 Domino
1222 4276 1517 4330 ascendere
1541 4287 1821 4331 merentur
1837 4278 1890 4331 in
1908 4293 2061 4333 mon-

485 4366 613 4419 tem,
646 4370 872 4424 quorum
905 4374 1042 4414 unus
1075 4362 1125 4415 in
1161 4362 1483 4435 Apocalypsi
1526 4365 1859 4421 Salvatorem
1888 4367 2058 4423 intro—

2169 1822 2305 1877 etin
2353 1821 2670 1878 cruciﬁxum
2709 1824 2988 1879 hominem
3036 1826 3354 1888 credentes,
3389 1825 3659 1880 detestationi

2166 1922 2224 1968 et
2244 1913 2458 1982 piaculo
2498 1914 2855 1969 ducebantur.
2884 1914 2943 1968 In
2978 1915 3173 1970 borum
3204 1915 3480 1972 ministerio
3500 1925 3660 1971 sanctus

2167 2005 2444 2075 apostolus
2472 2004 2669 2060 Paulus
2711 2013 2916 2075 quanto
2947 2006 3136 2061 labore
3160 2006 3457 2071 sudaverit;
3481 2004 3659 2075 epistola

2167 2094 2285 2164 ejus
2310 2102 2478 2149 testes
2506 2101 2656 2160 sunt,
2686 2096 2991 2150 scribentes
3020 2097 3093 2151 ad
3118 2095 3433 2162 Corinthios,
3456 2096 3512 2151 ad
3535 2094 3660 2149 Thes

2168 2185 2537 2241 saloniccnses
2560 2226 2576 2249 ,
2607 2195 2663 2241 et
2713 2188 2781 2242 ad
2824 2202 3017 2242 crimes
3043 2189 3288 2258 gentium
3334 2187 3564 2242 Ecclesias
3585 2224 3597 2245 ,
3621 2193 3662 2237 ut

2167 2282 2533 2343 pmpararent
2562 2291 2758 2331 munus
2780 2276 2882 2330 hoc
2906 2291 3003 2344 per
3038 2293 3125 2341 sc,
3158 2276 3236 2330 vel
3265 2292 3357 2347 per
3382 2275 3501 2331 alios
3520 2275 3590 2344 qui
3606 2273 3663 2327 eis

2166 2362 2516 2432 placuissent,
2544 2363 2970 2435 Hierosolymam
3001 2364 3369 2421 deferendum.
3410 2364 3538 2421 Unde
3559 2374 3663 2416 nunc

2166 2453 2507 2509 conﬁdenter
2556 2454 2719 2517 dicit,
2761 2455 2902 2525 quod
2932 2455 3104 2511 etiam
3153 2456 3408 2511 sollicitus
3446 2454 3508 2509 fui
3532 2453 3666 2508 facere

2167 2542 2269 2597 hoc
2297 2542 2492 2613 ipsum.
2531 2543 2847 2599 Communis
2884 2561 3015 2600 cura
3046 2556 3171 2600 erat
3217 2545 3450 2601 omniLus
3472 2542 3665 2614 apostolis

2165 2631 2233 2687 de
2250 2632 2580 2702 pauperibus
2605 2633 2829 2698 sanctis,
2852 2634 2944 2703 qui
2966 2643 3127 2691 erant
3152 2636 3205 2690 in
3228 2634 3420 2700 Iudaea,
3437 2633 3515 2704 qui
3534 2646 3665 2687 rerum

2166 2736 2388 2776 suarum
2414 2722 2750 2777 venditarum
2781 2725 2954 2793 pretia
2983 2724 3052 2779 ad
3075 2726 3242 2794 pedes
3266 2724 3583 2795 apostolorum
3602 2736 3666 2789 po-

2165 2821 2409 2869 suerant.
2442 2812 2500 2868 Si
2530 2828 2659 2885 ergo
2685 2814 2751 2868 ad
2778 2823 2968 2885 gentes
2996 2814 3197 2871 Paulus
3217 2826 3270 2871 et
3294 2813 3539 2869 Barnabas

2165 2913 2334 2970 sunt,
2362 2913 2420 2959 ut
2460 2900 2717 2961 Ecclesia:
2754 2906 3018 2977 gentium,
3058 2923 3186 2976 quae
3225 2908 3323 2964 hoc
3350 2922 3447 2961 non
3471 2905 3670 2964 iecerant.

2166 2996 2540 3053 ministrarent
2570 3037 2586 3060 ,
2616 2997 3000 3068 participantes
3023 2997 3078 3052 in
3132 2998 3455 3054 orationibus
3474 2998 3675 3066 ipsorum.

2166 3088 2259 3158 qui
2285 3089 2387 3143 hoc
2399 3085 2660 3153 fecerant,
2678 3088 2823 3143 sicut
2834 3088 2901 3142 ad
2918 3087 3208 3144 Romanos
3220 3090 3346 3144 dicit
3364 3109 3376 3141 ;
3395 3087 3439 3141 Ν
3445 3103 3529 3140 unc
3545 3094 3674 3137 autem

2167 3195 2380 3249 pergam
2428 3177 2729 3233 Jerusalem
2758 3180 3061 3234 ministrare
3098 3182 3325 3237 salictis.
3356 3178 3539 3235 Placuit
3574 3174 3674 3230 tuin

2166 3271 2493 3327 Macedonia:
2535 3283 2586 3328 et
2614 3274 2828 3328 Achaia:
2873 3278 3297 3331 communionem
3325 3273 3531 3344 aliquant
3550 3272 3676 3340 [actu

2163 3363 2219 3416 in
2254 3379 2507 3433 pauperes
2529 3374 2759 3428 sanctos,
2810 3365 2900 3435 qui
2928 3374 3050 3419 sunt
3106 3367 3168 3420 in
3196 3363 3490 3421 Jerusalem.
3521 3357 3673 3412 Placuit

2162 3451 2299 3505 enim
2323 3449 2452 3516 illis,
2475 3460 2524 3505 et
2550 3452 2807 3506 debitores
2843 3469 3027 3507 eorum
3069 3466 3225 3513 sunt.
3259 3456 3317 3510 Si
3340 3455 3467 3509 cnim
3492 3454 3539 3505 in
3558 3448 3675 3518 spiri-

2163 3542 2355 3598 talibus
2388 3560 2567 3598 eorum
2591 3545 3117 3600 communicaverunt!
3144 3558 3338 3617 gentes,
3358 3545 3520 3599 debent
3537 3552 3575 3594 et
3590 3553 3674 3593 ατο

2164 3634 2369 3691 nalibus
2400 3636 2700 3690 ministrare
2724 3638 2798 3690 eis
2820 3635 2994 3705 (Rom.
3024 3637 3147 3708 xv).

2233 3723 2365 3779 Cum
2400 3734 2576 3779 autem
2605 3727 2823 3780 venisset
2865 3725 3056 3781 Petrus
3088 3728 3441 3789 Anriocltiant,
3465 3728 3511 3777 in
3533 3722 3672 3791 {acuit

2161 3816 2209 3869 ei
2234 3816 2417 3881 restiti,
2445 3816 2570 3886 quia
2597 3815 3010 3885 reprehensibilis
3048 3827 3190 3870 erat.
3220 3814 3376 3871 Prius
3403 3817 3543 3875 enim,
3562 3822 3675 3881 qm

2163 3906 2391 3960 venirent
2416 3906 2630 3977 quidam
2660 3906 2724 3960 ab
2737 3903 2963 3969 Iacobo,
2987 3922 3113 3961 cum
3138 3907 3374 3978 gentibus
3391 3897 3674 3958 edebant?“

2160 4007 2335 4052 autem
2362 3999 2641 4062 venissent,
2683 3997 3020 4053 subtrahebat
3064 4010 3119 4055 et
3147 4000 3445 4072 segregatim
3470 3995 3676 4051 setiam

2160 4104 2265 4152 eos,
2294 4089 2385 4158 qui
2407 4104 2472 4142 ex
2510 4088 2907 4143 circumcisione
2944 4100 3099 4144 erant
3128 4131 3145 4155 ,
3173 4101 3225 4144 et
3266 4084 3563 4145 simulationi
3594 4079 3676 4149 ιλιι

2161 4188 2534 4233 consenserunt
2578 4178 2783 4233 ca'teris
2808 4177 3010 4244 Iudici,
3037 4180 3201 4239 itaut
3233 4177 3496 4235 Barnabas
3514 4172 3676 4227 dum-

2159 4276 2248 4320 tur
2270 4267 2337 4322 ab
2376 4268 2450 4321 eis
2476 4269 2532 4322 in
2572 4266 2719 4322 illam
2756 4267 3173 4322 simulationem.
3205 4269 3398 4323 Petrus
3416 4269 3677 4320 auteme

2162 4360 2400 4415 venisset
2429 4359 2771 4415 Antiochiam
2805 4400 2819 4425 ,
2849 4360 3170 4432 objurgatus
3210 4372 3297 4418 est
3324 4378 3355 4417 a
3396 4357 3561 4421 Paulo,
3599 4362 3676 4406 000

480 4445 637 4497 duxit
658 4444 963 4514 loquentem
991 4466 1003 4501 :
1038 4449 1140 4515 Qui
1167 4452 1363 4515 vicerit,
1395 4454 1589 4522 faciant
1618 4473 1737 4509 eum
1760 4456 2057 4513 columnam

2165 4451 2287 4520 quia
2316 4452 2571 4506 servabat
2595 4453 3044 4509 consuetudinem
3068 4452 3405 4518 ludtcorum,
3435 4456 3483 4507 in
3510 4461 3594 4518 qua
3613 4456 3677 4496 ιη·

478 4537 533 4588 in
557 4535 744 4605 templo
784 4536 880 4591 Dei
909 4539 1007 4592 mei
1028 4540 1211 4609 (.lpoc.
1240 4543 1345 4613 ut),
1375 4545 1576 4601 docens
1604 4562 1796 4602 omnes
1830 4549 2058 4605 creden-

482 4634 580 4687 tes,
614 4626 705 4694 qui
737 4627 1107 4683 adversarium
1128 4632 1358 4688 vicerint
1380 4650 1537 4703 posse
1563 4636 1845 4692 columnas
1874 4639 2058 4693 Eccle-

479 4714 572 4766 sia:
596 4714 732 4768 ﬁeri.
762 4715 843 4769 Ad
875 4717 1217 4773 Timotheum
1246 4736 1373 4776 vero
1416 4722 1616 4778 Paulus
1656 4725 1904 4781 scribens
1933 4727 2012 4781 ait
2038 4745 2051 4780 :

481 4801 547 4856 Ut
576 4807 735 4870 scias,
771 4808 1027 4877 quomodo
1077 4821 1311 4880 oporteat
1364 4822 1413 4866 te
1441 4814 1493 4867 in
1524 4813 1678 4868 domo
1708 4815 1806 4869 Dei
1840 4833 2053 4871 conuer-

475 4898 606 4961 sari,
631 4913 748 4966 qua:
774 4908 847 4951 est
872 4897 1105 4954 Ecclesia
1130 4901 1227 4955 Dei
1257 4905 1376 4969 vivi,
1401 4904 1645 4960 columna
1683 4917 1858 4962 autem
1886 4919 1934 4962 et
1956 4909 2054 4977 [ir-

478 4998 796 5043 ritamentum
839 4992 1073 5047 veritatis
1104 4993 1155 5065 (Ι
1183 4994 1315 5049 Tim.
1346 4997 1449 5066 tu).
1495 4997 1590 5052 His
1634 5007 1689 5054 et
1733 5001 1945 5055 Cameris
1971 5001 2052 5055 in-

476 5079 756 5146 struimur,
797 5089 906 5136 tam
932 5084 1204 5152 apostolos
1229 5100 1527 5156 omnesque
1555 5089 1858 5156 credentes,
1891 5074 2056 5159 quam

478 5168 651 5238 ipsam
676 5186 890 5241 quoque
910 5172 1205 5229 Ecclesiam
1226 5175 1530 5233 columnam
1559 5177 1612 5231 in
1636 5177 1931 5248 Scripturis
1959 5196 2055 5254 ap—

478 5259 662 5327 pellari
694 5303 707 5328 ,
753 5271 808 5318 et
842 5264 972 5321 nihil
1014 5266 1278 5323 interesse
1307 5268 1372 5322 de
1412 5283 1639 5336 contere
1666 5270 1795 5339 quid
1843 5270 2054 5328 dicatur

481 5367 547 5405 an
599 5354 876 5419 tncntbris,
926 5373 1047 5412 cum
1073 5366 1126 5413 et
1154 5374 1351 5429 corpus
1381 5360 1651 5414 dividatur
1680 5361 1735 5414 in
1788 5362 2050 5426 membra,

480 5452 535 5494 et
583 5444 821 5498 membra
868 5446 976 5501 sint
1002 5450 1263 5518 corporis.
1304 5449 1577 5504 Dedcrunt
1623 5451 1802 5519 itaque
1842 5451 2053 5517 Petrus,

480 5528 714 5585 Jacobus
741 5541 795 5586 et
830 5532 1085 5601 Joannes,
1129 5540 1220 5607 qui
1267 5540 1588 5594 videbantur
1626 5540 1885 5594 culumnm
1911 5556 2051 5605 esse,

484 5616 700 5671 dextras
753 5617 914 5675 Paulo
942 5632 993 5676 ct
1033 5624 1288 5681 Barnaba:
1319 5630 1611 5683 societatis.
1644 5630 1749 5682 Sed
1798 5629 1936 5693 Tito,
1963 5630 2055 5699 qui

2165 4548 2250 4594 tus
2294 4548 2455 4610 atque
2478 4542 2713 4596 nutritus
2740 4551 2880 4607 erat,
2901 4558 3215 4613 quanquam
3244 4545 3383 4615 apud
3406 4548 3570 4614 gentes
3589 4543 3677 4586 tam

2164 4646 2269 4685 non
2308 4640 2570 4695 servaret,
2603 4631 2697 4686 sed
2715 4632 3027 4702 objurgatus
3054 4642 3159 4699 est,
3191 4636 3318 4703 quia
3347 4630 3571 4704 gentibus
3590 4632 3677 4677 ωω

2162 4721 2374 4775 volebat
2405 4722 2700 4791 imponere,
2732 4739 2855 4779 cum
2884 4724 3109 4780 vidisset
3136 4726 3405 4797 quosdam
3433 4719 3611 4775 venisse
3630 4709 3678 4763 ab

2162 4810 2389 4876 Jacobo,
2421 4813 2472 4867 id
2500 4823 2604 4880 est,
2634 4829 2662 4866 a
2688 4813 2890 4868 iudica.
2923 4814 3059 4869 Nam
3082 4815 3344 4871 Ecclesia:
3368 4813 3542 4879 Hierqs
3564 4802 3683 4876 ΔΙῖιιιὶ·

2163 4913 2303 4960 tanta:
2330 4903 2565 4961 lacubus
2590 4906 2823 4976 praefuit.
2866 4906 3089 4961 Timens
3129 4922 3266 4978 ergo
3291 4921 3406 4970 eos,
3445 4900 3528 4973 qui
3548 4895 3679 4951 adhuc

2157 4997 2417 5066 putabant
2441 4996 2497 5050 in
2544 4996 2649 5052 illis
2670 4996 3141 5052 observationibus
3170 4996 3404 5051 salutem
3443 5005 3550 5047 csse
3582 4998 3677 5074 φης

2158 5085 2403 5139 stitutam
2427 5124 2441 5147 ,
2476 5084 2790 5156 segregabat
2823 5100 2883 5139 se
2910 5100 2940 5138 a
2978 5085 3233 5154 gentibus
3260 5126 3276 5148 ,
3329 5091 3382 5137 et
3408 5072 3680 5135 simulatio“t

2156 5170 2274 5241 ejus
2298 5181 2695 5228 consenserunt
2731 5173 2910 5227 caeteri
2937 5168 3103 5229 Judaei
3128 5171 3449 5243 apponenda
3483 5161 3683 5237 gentibus

2157 5262 2247 5317 illa
2271 5277 2439 5317 onera
2461 5264 2756 5319 servitutis.
2785 5262 2938 5320 Unde
2956 5273 3010 5318 et
3031 5263 3230 5319 Paulus
3258 5263 3361 5317 bac
3379 5259 3552 5317 eadem
3575 5256 3678 5307 3r“-

2158 5372 2264 5425 qua
2297 5354 2384 5410 ille
2412 5370 2471 5410 se
2500 5356 2830 5422 simulabat,
2880 5356 2931 5410 ei
2983 5356 3182 5411 restitit
3219 5355 3275 5410 in
3324 5352 3505 5408 L‘tcicm
3529 5365 3540 5400 :
3565 5337 3681 5399 cllo-

2158 5447 2341 5516 quitur
2366 5462 2548 5501 coram
2596 5447 2864 5510 onutibus,
2904 5463 3010 5502 non
3037 5457 3139 5500 tam
3170 5453 3230 5496 ut
3278 5444 3485 5497 Petrum
3510 5435 3679 5505 arguat,

2159 5552 2321 5605 quam
2364 5544 2421 5589 ut
2471 5536 2531 5599 ii,
2572 5552 2801 5605 quorum
2830 5553 2992 5591 causa
3024 5536 3218 5591 Petrus
3258 5549 3315 5589 sc
3346 5528 3682 5614 simulat-crat.

2158 5629 2512 5699 corrigantur.
2546 5625 2697 5694 Quod
2729 5627 2782 5682 in
2828 5627 2994 5697 ipsius
3023 5624 3394 5694 objurgatione
3426 5616 3554 5673 verbi
3580 5621 3682 5666 sum
