3924 6170
254 178 349 234 361

1174 183 1432 240 ENARB.
1475 185 1542 241 lN
1584 184 1805 243 EPIST.
1846 187 1910 244 1).
1951 186 2157 245 PAULI
2194 190 2287 244 AD
2325 189 2574 247 GALAT.

3410 196 3514 248 86:3

249 302 494 365 apparet.
522 291 637 347 Non
663 292 810 347 enim
838 293 935 356 ait,
968 292 1023 349 Si
1050 302 1106 348 tu
1134 309 1255 350 cum
1286 293 1504 350 Judmus
1531 310 1630 361 sus,
1658 295 1833 366 genti-
1858 307 1911 369 Α
2007 296 2084 352 De
2110 298 2215 353 hac
2244 299 2441 369 quippe
2490 314 2550 355 re
2591 300 2725 355 satis
2764 310 2847 356 est
2880 299 2996 369 eius
3030 315 3155 359 nota
3197 307 3463 362 sententia
3496 347 3511 371 ,
3556 340 3567 359 .

247 385 394 449 liter,
416 392 473 438 et
498 397 606 437 non
626 381 849 439 Judaice
878 383 1037 449 vivis,
1065 386 1338 454 quomodo
1357 393 1546 456 gentes
1567 386 1718 455 cogis
1737 385 1827 457 ju-

247 475 873 549 daisareﬂndissolubili
897 485 1220 547 argumento
1242 478 1567 548 constringit
1578 477 1825 544 Petrum,

246 569 356 621 imo
382 581 484 637 per
516 565 737 621 Petrum
789 583 887 623 eos
943 570 1044 638 qui.
1087 568 1398 641 pugnabant
1448 570 1592 625 inter
1621 585 1698 625 se.
1746 570 1825 636 Si,

244 648 440 727 inquit,
485 671 520 712 ο
550 657 706 717 Petre
728 697 743 722 ,
790 666 845 712 ιιι
877 667 1072 715 natura
1114 658 1336 716 Judams
1365 700 1381 725 ,
1411 661 1769 719 circumcisus
1795 676 1824 715 a

240 765 406 820 parva
434 758 597 805 aetate
625 791 640 815 ,
666 759 723 805 et
748 751 998 811 universn
1024 752 1159 824 legis
1188 762 1458 824 praecepta
1487 754 1823 820 custodiens,

240 856 385 896 nunc
411 839 484 896 ob
503 841 734 911 gratiam
761 842 962 898 Christi
989 843 1096 898 scis
1123 859 1187 900 ea
1231 844 1367 901 nihil
1405 860 1502 914 per
1535 860 1596 902 se
1624 845 1826 901 habere

237 929 511 993 utilitatis,
527 929 965 999 sedexemplaria
987 947 1108 987 esse
1128 941 1185 987 et
1210 934 1473 1006 imagines
1495 934 1820 999 futurorum,

236 1028 292 1075 et
317 1034 443 1077 cum
470 1019 666 1089 bisqui
696 1035 760 1075 ex
791 1022 1044 1090 gentibus
1068 1032 1197 1078 sunt
1219 1025 1401 1081 cibum
1427 1026 1595 1097 capis,
1624 1041 1826 1095 nequa-

231 1124 402 1179 quam
421 1118 483 1165 at
515 1118 644 1164 ante
687 1112 1085 1180 superstitiose,
1111 1114 1208 1169 sed
1229 1114 1399 1170 libere
1423 1124 1478 1171 et
1511 1115 1823 1171 indill‘eren-

231 1207 319 1254 ter
345 1199 603 1254 victitans
627 1239 642 1263 ,
674 1202 947 1268 quomodo
967 1216 1068 1257 eos
1092 1204 1186 1272 qui
1212 1220 1280 1259 ex
1301 1205 1551 1274 gentibus
1576 1205 1821 1261 credide-

230 1298 380 1355 runt,
407 1305 553 1345 nune
576 1290 836 1345 recedens
855 1291 924 1346 ab
947 1292 1050 1358 eis,
1092 1300 1150 1348 et
1177 1294 1335 1362 quasi
1360 1311 1392 1348 a
1431 1295 1820 1353 contaminatis

230 1390 285 1436 te
331 1395 592 1451 separans
614 1387 673 1435 et
699 1394 993 1437 secernens
1013 1422 1028 1447 ,
1058 1384 1336 1452 compellis
1358 1383 1676 1453 judaizare?
1707 1385 1820 1441 Hoc

228 1481 405 1527 totum
428 1473 632 1528 idcirco
660 1472 756 1537 ait,
785 1488 893 1527 non
928 1481 1036 1528 tam
1064 1482 1123 1528 ut
1163 1474 1384 1530 Petrum
1414 1483 1626 1547 arguat,
1677 1476 1820 1531 sicut

217 1561 338 1633 jam
361 1564 493 1629 dixi,
517 1578 682 1634 quam
720 1573 781 1618 ut
801 1564 862 1623 ii.
893 1579 1124 1633 quorum
1161 1580 1325 1620 causa
1346 1565 1542 1620 Petrus
1563 1582 1625 1621 se
1649 1566 1816 1622 simu-

1929 399 2033 454 qua
2077 384 2256 441 fuerat
2303 389 2658 444 constitutum
2691 429 2707 453 ,
2738 405 2838 444 nec
2867 389 3103 458 Judaeos,
3135 395 3228 463 qui
3279 405 3406 452 tunc
3458 399 3512 453 in

1927 477 2207 532 Christum
2256 479 2552 533 credebant
2583 519 2601 545 ,
2632 482 3000 550 prohibendos
3042 499 3162 540 esse
3194 502 3224 539 a
3269 489 3514 557 paternis

1930 569 2332 635 traditionibus,
2372 586 2475 626 nec
2512 572 2580 626 ad
2609 587 2705 627 eas
2734 573 2966 642 gentiles
2995 615 3011 638 ,
3043 592 3167 631 cum
3215 577 3511 635 Christiani

1927 657 2136 722 tierent,
2162 674 2285 714 esse
2312 663 2617 730 cogendos:
2653 671 2712 716 ut
2734 662 2821 716 illa
2845 677 3209 733 sacramenta,
3241 683 3361 739 quae
3372 671 3509 726 divi-

1926 748 2073 803 nitus
2096 759 2363 820 prmcepta
2391 765 2511 805 esse
2522 759 2815 817 constaret,
2842 769 2948 807 non
2968 763 3224 825 tanquam
3247 758 3508 832 sacrilega

1924 839 2241 911 fugerentur
2264 855 2398 895 :nec
2422 849 2599 896 tamen
2623 850 2945 911 putarentur
2960 846 3039 898 sic
3066 845 3501 914 necessariajam

1924 931 2072 986 Novo
2093 932 2441 987 Testamento
2464 933 2721 998 revelato,
2744 942 3002 1003 tanquam
3024 936 3141 991 sine
3164 937 3271 1002 his,
3287 940 3510 1008 quicun-

1922 1038 2027 1092 que
2049 1034 2497 1079 converterentur
2520 1025 2585 1079 ad
2614 1025 2804 1090 Deum,
2835 1028 2970 1081 salvi
2990 1042 3109 1083 esse
3131 1044 3236 1084 non
3261 1042 3499 1100 possent.

1920 1112 2090 1167 Erant
2118 1120 2297 1167 autem
2323 1114 2414 1182 qui
2442 1113 2544 1168 hoc
2595 1116 2882 1183 putabant,
2910 1124 3072 1185 atque
3109 1118 3496 1187 pnedicabaut,

1918 1202 2285 1275 quamvisjam
2300 1213 2515 1275 recepto
2529 1204 2733 1260 Christi
2748 1204 3063 1278 Evangelia,
3078 1219 3133 1263 et
3145 1209 3226 1264 eis
3248 1210 3501 1267 simulate

1919 1304 2308 1349 consenserant
2338 1293 2530 1349 Petrus
2557 1304 2613 1349 et
2642 1295 2932 1351 Barnabas.
2965 1297 3203 1368 Ideoque
3231 1304 3498 1373 cogebant

1916 1393 2105 1455 gentes
2126 1384 2428 1453 jndaizare.
2456 1384 2513 1440 Id
2550 1395 2671 1441 erat
2700 1387 2844 1440 enim
2876 1402 3087 1459 cogere,
3120 1390 3202 1445 sic
3221 1404 3285 1445 ea
3313 1406 3498 1446 neces-

1916 1475 2059 1529 saria
2086 1474 2404 1544 praedicare,
2430 1483 2684 1544 tanquam
2711 1484 2767 1530 et
2803 1486 3020 1546 recepto
3040 1478 3328 1549 Evangelio
3350 1482 3495 1535 nulla

1915 1564 2035 1619 sine
2062 1563 2170 1619 illis
2199 1564 2344 1618 salus
2371 1572 2518 1618 esset
2556 1564 2608 1617 in
2635 1563 2873 1618 Christo.
2907 1563 3018 1620 Hoc
3058 1581 3212 1621 error
3237 1583 3497 1637 quorum—

222 1655 457 1721 laverat,
479 1655 1079 1728 corrigantur.Sienim
1100 1658 1362 1713 immundi
1389 1669 1532 1727 sunt,
1565 1675 1597 1715 a
1617 1661 1819 1732 quibus
1840 1659 1889 1719 B
1915 1655 2038 1711 dam
2065 1654 2317 1724 putabat,
2349 1656 2453 1710 hoc
2482 1655 2643 1709 timor
2664 1654 2809 1709 Petri
2839 1655 3149 1722 simulabat,
3180 1657 3284 1712 hoc
3321 1657 3486 1713 liber-

222 1749 457 1814 reeedis,
478 1747 678 1804 idcirco
692 1748 916 1812 recedis,
935 1750 1061 1819 quia
1081 1764 1193 1806 non
1215 1750 1420 1806 habent
1444 1751 1788 1808 circumcisio
1803 1781 1817 1793 -

222 1853 353 1894 nem
389 1840 703 1911 :compellis
729 1854 824 1896 eos
845 1855 977 1911 ergo
1000 1841 1332 1907 circumcidi,
1365 1850 1422 1898 et
1436 1841 1650 1899 Judzeos
1672 1841 1809 1907 fieri,

221 1946 350 1986 cum
372 1938 427 1986 tu
453 1930 570 2001 ipse
596 1940 759 1987 natus
798 1930 1038 1999 Judaeus,
1078 1933 1357 2002 gentiliter
1379 1933 1607 1995 vixeris,
1634 1933 1701 1989 Et
1727 1932 1809 1988 la-

223 2028 407 2076 tenter
433 2022 671 2077 ostendit
704 2037 925 2077 causam
963 2037 1132 2093 quare
1157 2023 1448 2079 adversum
1470 2038 1599 2079 eum
1626 2024 1813 2094 dispu-

222 2113 425 2167 taverit
456 2132 470 2168 :
502 2114 631 2184 quia
671 2114 880 2169 scilicet
903 2121 1094 2185 gentes
1121 2114 1467 2169 simulatione
1491 2130 1589 2170 sua
1628 2115 1811 2186 judai—

217 2218 352 2260 nare
381 2205 751 2274 compelleret,
774 2205 901 2260 dum
926 2220 1054 2260 eum
1088 2204 1316 2275 cupiunt
1344 2206 1614 2262 aemulari.
1654 2206 1811 2275 Quod

215 2302 405 2349 autem
440 2295 544 2348 hoc
569 2294 620 2347 ei
656 2307 843 2348 coram
884 2293 1138 2349 omnibus
1173 2291 1332 2359 dixit,
1362 2295 1666 2350 necessitas
1691 2310 1813 2351 coe-

213 2385 320 2455 git,
351 2392 414 2437 ut
441 2398 631 2438 omnes
658 2383 801 2438 illius
852 2383 1231 2453 objurgatione
1290 2393 1637 2439 sanarentur.
1689 2384 1811 2440 Non

213 2474 369 2527 enim
394 2472 527 2527 utile
550 2481 671 2529 erat
690 2488 953 2536 errorem,
999 2473 1093 2544 qui
1134 2473 1315 2543 palam
1343 2482 1586 2540 noceret,
1617 2474 1674 2531 in
1723 2490 1809 2531 se-

213 2571 374 2618 creto
416 2564 708 2620 emendare
740 2581 755 2629 ;
801 2566 908 2621 huc
934 2565 1141 2620 accedit
1171 2605 1188 2629 ,
1220 2566 1365 2635 quod
1415 2564 1705 2620 infirmitas
1753 2576 1810 2625 et

211 2652 460 2710 claritas
482 2652 629 2708 Petri
662 2693 678 2720 ,
709 2654 795 2709 cui
827 2662 911 2709 ter
938 2669 969 2708 a
1000 2652 1230 2710 Domino
1253 2655 1458 2710 dictum
1482 2663 1567 2711 est
1598 2694 1614 2721 ,
1643 2655 1806 2713 Amas

209 2742 340 2797 me?
384 2738 556 2796 Pasce
582 2759 698 2798 oves
728 2760 872 2798 meas
906 2784 922 2808 ,
951 2742 1382 2815 objurgationem
1431 2745 1595 2800 talem
1626 2755 1807 2816 poste-

208 2834 381 2890 rioris
405 2835 643 2904 pastoris
672 2851 773 2906 pro
803 2837 979 2893 salute
1011 2840 1193 2909 gregis
1236 2838 1599 2896 libentissime
1647 2842 1808 2897 susti-

210 2934 328 2981 net.
364 2924 471 2979 Sed
503 2926 649 2980 dicet
673 2927 909 2996 aliquis:
958 2927 1138 2995 Quare
1164 2930 1368 2986 Paulus
1396 2932 1451 2986 in
1482 2930 1623 2987 facie
1649 2935 1806 2990 resti—

1916 1758 2001 1805 tas
2037 1747 2189 1803 Pauli
2218 1749 2591 1819 redarguebat.
2620 1746 2935 1801 Galatarum
2963 1747 3252 1803 inﬁrmitas
3273 1763 3495 1820 compu—

1916 1840 1981 1894 lit
2007 1854 2133 1894 eum
2163 1851 2388 1892 narrare
2418 1877 2434 1903 ,
2464 1835 2608 1906 quod
2634 1850 2734 1891 nec
2772 1836 2871 1904 ipsi
2894 1834 3055 1890 Petro
3077 1837 3319 1907 pepercit
3347 1840 3492 1893 veri-

1913 1938 2080 1986 tatem
2106 1928 2381 2001 Evangelii
2407 1942 2514 1982 non
2537 1926 2706 1981 libere
2729 1926 3058 1993 defendenti,
3091 1928 3233 1984 sicut
3264 1928 3335 1983 ad
3362 1945 3498 2000 pro-

1911 2022 2117 2079 fectum
2142 2021 2547 2077 Corinthiorum
2591 2017 2962 2074 manifestavit
3001 2020 3291 2087 visionem,
3328 2036 3492 2091 quam

1910 2114 2071 2170 annis
2097 2111 2504 2183 quatuordecim
2529 2109 2897 2166 occultaverat
2923 2124 2940 2164 :
2973 2110 3077 2167 hoc
3096 2121 3279 2167 autem
3319 2121 3492 2168 totum

1909 2206 2043 2275 agit,
2067 2214 2128 2259 ut
2160 2204 2431 2268 ostendat,
2464 2218 2524 2257 se
2552 2216 2830 2271 nunquam
2856 2203 3287 2258 circumcisionis
3325 2202 3495 2260 fuisse

1909 2295 2196 2359 fautorem,
2215 2295 2357 2351 sicut
2378 2296 2444 2350 de
2468 2295 2558 2349 illo
2574 2295 3011 2364 pseudoapostoli
3021 2293 3325 2364 iactabant.
3349 2292 3493 2348 Sunt

1907 2401 2040 2443 vero
2067 2385 2327 2451 nonnulli,
2353 2387 2446 2454 qui
2486 2400 2594 2440 non
2617 2384 2841 2440 Petrum
2885 2384 3254 2454 apostolorum
3285 2382 3492 2452 princi-

1906 2492 2055 2548 pem,
2086 2476 2181 2531 sed
2203 2473 2493 2546 quemdam
2539 2474 2701 2528 alium
2748 2487 2815 2529 eo
2838 2474 3055 2527 nomine
3082 2513 3098 2537 ,
3129 2472 3223 2543 qui
3257 2486 3288 2526 s
3318 2470 3488 2525 Paulo

1906 2575 1991 2622 est
2037 2566 2401 2636 reprehensus
2429 2604 2445 2630 ,
2494 2564 2808 2633 accipiunt:
2835 2564 2928 2634 qui
2976 2564 3023 2618 si
3066 2563 3219 2618 Pauli
3257 2563 3488 2633 apostoli

1907 2655 2205 2712 studiosius
2231 2654 2399 2710 verba
2424 2653 2683 2724 legissent
2705 2693 2720 2718 ,
2753 2653 2857 2709 ista
2880 2670 2988 2709 non
3019 2654 3278 2710 dicereut.
3309 2654 3492 2710 Dictu-

1908 2762 2001 2802 rus
2019 2746 2221 2801 etenim
2241 2744 2457 2809 Paulus,
2490 2758 2613 2799 cum
2641 2743 2880 2799 venisset
2898 2741 3093 2798 Petrus
3121 2741 3489 2803 Antiochiam.

1906 2840 1962 2896 in
1992 2839 2188 2894 faciem
2233 2837 2283 2892 ei
2313 2836 2531 2891 restiti:
2565 2842 2625 2890 ut
2666 2836 2732 2891 de
2780 2850 2888 2905 quo
2937 2835 3100 2891 Petro
3150 2835 3483 2907 loqueretur,

1905 2930 2218 2986 ostenderet
2244 2968 2260 2994 ,
2302 2928 2359 2983 in
2400 2927 2521 2998 ipso
2548 2941 2661 2983 sum
2684 2927 3012 2982 narrationis
3043 2927 3198 2983 initio
3223 2928 3489 2998 praemisit

209 3015 346 3071 terit
370 3014 567 3081 Petro,
596 3024 654 3070 et
678 3030 803 3070 eum
837 3019 1320 3087 reprehensibilem
1346 3020 1628 3087 indicavit,
1676 3038 1800 3076 eum
1828 3017 1873 3080 C
1905 3022 2136 3078 dicens:
2183 3017 2459 3075 Creditum
2507 3026 2591 3072 est
2644 3017 2777 3074 mihi
2825 3017 3175 3088 Evangelium
3214 3018 3486 3087 prteputii,

208 3116 267 3163 et
318 3107 438 3177 ipse
487 3106 665 3162 factus
709 3106 780 3162 sit
838 3107 1042 3164 Judmis
1105 3107 1370 3165 Judmus?
1409 3109 1805 3181 Compatiendo

207 3198 361 3254 enim
382 3197 437 3252 id
463 3196 609 3263 fecit,
636 3212 745 3253 non
773 3199 1103 3255 mentiendo.
1132 3199 1223 3254 Fit
1252 3201 1399 3254 enim
1426 3202 1657 3271 quisque
1688 3211 1801 3258 tan-

205 3300 383 3359 quam
403 3288 491 3342 eui
521 3286 632 3342 vult
662 3286 972 3353 subvenire,
1004 3289 1220 3357 quando
1249 3297 1394 3343 tanta
1425 3290 1797 3347 misericordia

206 3377 488 3433 succurrit
510 3376 689 3441 alteri,
720 3386 921 3446 quanta
965 3378 1244 3433 subveniri
1279 3380 1382 3434 sibi
1429 3380 1606 3446 vellet,
1639 3381 1683 3436 si
1713 3396 1800 3436 es-

206 3475 290 3524 set
317 3467 437 3535 ipse
464 3466 518 3519 in
539 3465 729 3520 eadem
758 3466 975 3521 miseria
999 3467 1343 3522 constitutus.
1370 3467 1557 3537 Itaque
1589 3468 1649 3522 fit
1677 3477 1799 3523 tan.

207 3574 377 3628 quam
393 3558 502 3621 ille,
518 3573 624 3611 non
639 3558 763 3626 quia
788 3557 923 3613 fallit
934 3572 1059 3611 eum
1077 3597 1092 3622 ,
1107 3558 1200 3611 sed
1214 3558 1337 3625 quia
1352 3573 1410 3612 se
1435 3558 1641 3629 cogitat
1656 3559 1799 3613 sicut

203 3651 383 3708 illum.
404 3650 556 3706 Unde
584 3650 714 3704 illud
735 3659 820 3705 est
853 3648 1097 3719 Apostoli
1130 3646 1420 3715 :Frutres,
1453 3650 1500 3703 si
1524 3665 1798 3720 prwoccu-

203 3751 367 3812 patus
393 3740 550 3807 fuerit
583 3740 739 3794 homo
764 3739 822 3793 in
841 3737 1019 3809 aliqua
1046 3737 1270 3804 delicta,
1300 3754 1388 3792 vos
1416 3738 1507 3809 qui
1533 3738 1799 3809 spiritales

202 3833 331 3887 essis
360 3870 375 3895 ,
405 3831 648 3885 iustruite
677 3827 983 3899 Imjusmodi
1028 3827 1085 3880 in
1112 3826 1300 3897 spiritu
1351 3825 1795 3891 mansuetudinis,

202 3922 548 3978 considerans
560 3923 802 3993 teipsum,
821 3938 884 3974 ne
895 3929 943 3974 et
956 3930 1012 3973 tu
1025 3918 1259 3974 (emeris.
1276 3913 1414 3971 Nam
1427 3916 1470 3971 si
1483 3926 1794 3987 propterea.

201 4018 332 4085 quia
361 4015 533 4079 dixit,
563 4013 740 4069 factus
786 4027 906 4067 sum
933 4009 1137 4066 Judtris
1163 4018 1420 4079 tanquam
1446 4005 1668 4065 Judants
1694 4047 1710 4073 ,
1738 4015 1797 4062 et

204 4108 285 4170 iis,
341 4106 438 4176 qui
470 4106 571 4160 sub
616 4104 732 4174 lege
758 4111 918 4158 erant
947 4142 962 4166 ,
995 4111 1250 4171 tanquam
1296 4101 1397 4155 sub
1447 4097 1566 4169 lege
1591 4112 1792 4163 essem,

204 4200 324 4253 Lien
368 4197 637 4268 putandus
688 4195 1022 4250 mendaciter
1067 4191 1374 4263 suscepisse
1414 4188 1549 4260 legis
1594 4187 1795 4243 veteris

204 4299 570 4355 sacrantentz,
600 4288 815 4359 quando
853 4295 1013 4357 caput
1042 4284 1276 4340 totondit
1309 4283 1364 4339 in
1394 4279 1659 4337 Cbencris
1690 4319 1706 4346 ,
1738 4287 1793 4335 et

1901 3113 2042 3168 sicut
2090 3112 2253 3164 Petro
2280 3107 2732 3164 circumcisionis.
2777 3107 2879 3173 Qui
2915 3106 3063 3160 enim
3106 3114 3363 3174 operatus
3401 3116 3487 3162 est

1900 3206 2061 3263 Petro
2106 3204 2161 3259 in
2200 3201 2559 3274 apostolatum
2598 3199 3028 3256 circumcisionis
3056 3239 3070 3264 ,
3111 3206 3368 3269 operatus
3398 3205 3488 3253 est

1897 3307 1954 3354 et
1976 3299 2107 3353 mihi
2141 3297 2283 3351 inter
2310 3304 2515 3367 gentes.
2546 3292 2703 3346 Patet
2740 3306 2870 3362 ergo
2914 3292 2979 3346 de
3017 3306 3127 3361 quo
3153 3290 3315 3345 Petro
3342 3289 3486 3344 Paue

1898 3396 1982 3450 lus
2026 3395 2285 3464 loquitur,
2329 3407 2490 3461 quem
2520 3397 2575 3444 et
2599 3386 2901 3458 apostolum
2947 3386 3212 3449 nominat,
3239 3392 3295 3439 et
3341 3398 3485 3454 pra!-

1898 3485 2066 3540 fuisse
2111 3482 2402 3553 Evangelia
2429 3476 2861 3536 circumcisionis
2908 3483 3115 3528 narrat.
3166 3474 3234 3527 Et
3260 3473 3484 3529 fuerunt

1897 3573 2137 3643 quidam,
2160 3572 2253 3642 qui
2281 3570 2574 3625 secuulam
2599 3566 2741 3620 Petri
2770 3563 3090 3634 Epistolam,
3128 3562 3182 3615 in
3208 3576 3316 3631 qua
3347 3560 3475 3631 Epi-

1898 3665 2050 3721 stula:
2079 3664 2225 3717 Pauli
2267 3662 2498 3716 laudata:
2520 3666 2647 3713 sunt
2671 3697 2687 3722 ,
2709 3656 2828 3726 ejus
2860 3656 3104 3711 dicerent
3132 3669 3238 3707 non
3286 3652 3476 3709 fuisse.

1900 3757 2006 3813 Sed
2031 3757 2076 3813 si
2106 3755 2349 3825 ejusdem
2378 3734 2634 3820 Epistolas
2678 3748 2844 3803 verba
2890 3759 3120 3816 pensare
3161 3744 3476 3809 voluissent.

1897 3849 2057 3920 longe
2083 3846 2243 3901 aliter
2262 3843 2469 3899 sentire
2500 3846 2773 3910 poterant.
2805 3836 2864 3892 In
2887 3852 2951 3891 ea
2991 3836 3191 3906 quippe
3213 3835 3477 3907 scripturn

1896 3947 1980 3995 est
2013 3959 2025 3993 :
2071 3935 2203 3990 i'orc
2227 3932 2443 4003 delapsa
2479 3930 2548 3984 ad
2572 3944 2691 3983 eum
2727 3926 3095 3992 huiuscemodi
3139 3943 3172 3980 a
3197 3925 3477 3996 magniﬁca

1894 4031 2065 4102 θρόνὶτι
2096 4047 2113 4083 :
2146 4028 2248 4082 Hie
2272 4037 2346 4081 est
2375 4025 2520 4095 ﬁlius
2540 4038 2685 4076 meus
2705 4019 2948 4085 dilectus,
2978 4019 3035 4074 in
3055 4034 3158 4091 quo
3179 4018 3306 4075 mihi
3335 4034 3477 4074 com-

1893 4123 2090 4194 placui.
2121 4122 2298 4189 Atque
2352 4113 2629 4184 subiungit
2657 4129 2672 4166 :
2704 4109 2774 4165 Et
2830 4110 2966 4164 lianc
3015 4125 3190 4164 vocem
3245 4124 3339 4163 nos
3385 4125 3482 4162 au-

1894 4215 2141 4277 divimus,
2191 4225 2311 4265 cur»:
2357 4220 2587 4262 essemus
2640 4218 2756 4257 cum
2808 4200 2920 4272 ipso
2970 4200 3027 4255 in
3077 4210 3250 4256 monte
3296 4209 3477 4255 sancte

1897 4304 1982 4377 (11
2001 4303 2144 4357 Patr.
2166 4300 2230 4371 ι).

205 4386 349 4437 tacto
400 4380 619 4435 calvitio
652 4379 982 4433 oblitioncm
1013 4375 1210 4432 obtulit
1244 4375 1299 4429 in
1352 4371 1655 4429 Jerusalem
1681 4411 1698 4437 ,
1737 4379 1793 4426 et
1817 4361 1870 4422 D
1903 4361 1915 4377 “
1969 4361 2393 4466 ιθεηηι’ίωίμθ
2421 4385 2788 4457 Εγθηεθιίυηι,
2814 4382 3136 4453 “proauus
3157 4391 3474 4451 ηεηοεαεηι,

204 4475 553 4531 Timotheum
603 4471 985 4533 circumcidit,
1024 4478 1081 4524 et
1136 4466 1479 4537 nudipedalia
1523 4465 1789 4529 exercuit,

202 4582 323 4636 quae
353 4567 540 4635 utique
565 4564 1003 4619 manifestissime
1029 4563 1097 4616 de
1116 4559 1458 4616 cmremouiis
1481 4557 1788 4614 .ludznorum

203 4673 328 4717 sint
367 4680 379 4715 :
435 4662 621 4716 debuit
648 4669 705 4715 et
731 4659 975 4731 gentium
1005 4654 1368 4710 idololatriatn
1409 4652 1600 4707 eodem
1630 4667 1720 4706 mo
1742 4651 1791 4705 to

209 4752 522 4808 mrntiendo
550 4750 847 4821 suscipere,
878 4748 971 4819 qui
1023 4746 1159 4801 dixit
1191 4785 1207 4811 ,
1233 4745 1398 4799 etiam
1445 4744 1530 4798 bis
1552 4742 1644 4812 qui
1673 4741 1791 4797 sine
1831 4770 1835 4774 ι

206 4844 323 4915 lege
366 4852 548 4907 erant,
594 4851 853 4913 tauquam
896 4840 1015 4896 sine
1053 4838 1171 4909 lege
1196 4850 1255 4891 se
1300 4833 1551 4895 factum,
1610 4840 1670 4886 ut
1695 4846 1790 4885 eos

206 4935 576 5002 lucrifaceret,
624 4934 769 5005 quod
806 4933 994 5003 utique
1038 4945 1144 4985 non
1176 4927 1325 4984 fecit.
1372 4923 1489 4979 Non
1518 4922 1662 4978 enim
1693 4921 1794 4974 ali-

206 5030 329 5087 cubi
367 5027 697 5085 sacriﬁcavit
741 5025 921 5091 idolis,
951 5032 1044 5079 aut
1073 5020 1322 5078 adoravit
1369 5017 1459 5072 illa
1505 5015 1789 5086 ﬁgmenta,

209 5140 390 5181 annon
438 5125 618 5199 potius
650 5123 820 5179 libere
846 5164 860 5187 ,
890 5134 1144 5189 tauquam
1176 5125 1387 5185 martyr
1419 5108 1623 5166 Christi
1656 5148 1672 5172 ,
1701 5109 1792 5163 de-

208 5219 456 5274 testanda
486 5227 543 5273 et
567 5215 786 5271 vitanda
812 5210 1165 5268 monstravit?
1191 5206 1247 5261 Id
1275 5215 1478 5266 autem,
1509 5200 1652 5271 quod
1676 5199 1790 5269 ipse

209 5310 409 5367 Paulus
455 5309 731 5381 apostolus
776 5307 924 5371 fecit,
975 5312 1035 5357 ut
1082 5300 1341 5371 quasdam
1380 5293 1792 5350 observationes

209 5403 474 5473 l.~gitimas
495 5401 720 5457 Iudaica
741 5394 1131 5453 consuetudine
1153 5390 1458 5453 retinendo,
1482 5395 1538 5442 et
1558 5383 1784 5456 agendo,

210 5496 259 5548 in
287 5510 365 5561 se,
396 5511 500 5550 non
538 5510 596 5549 se
633 5491 911 5547 inimicum
940 5486 1041 5557 legi
1081 5482 1471 5555 prophetisque
1517 5482 1789 5532 monstra-

208 5600 314 5655 ret,
353 5591 492 5646 absit
522 5598 576 5644 ut
612 5586 940 5644 mendaciter
961 5597 1084 5637 eum
1115 5577 1309 5635 fecisse
1332 5575 1641 5633 credamus.

1896 4488 2020 4558 quia
2052 4499 2178 4541 cum
2203 4499 2306 4537 vox
2337 4483 2439 4537 ista
2468 4480 2535 4535 de
2554 4476 2694 4534 caelo
2713 4476 2882 4539 venit,
2905 4473 3100 4528 Petrus
3123 4471 3400 4541 apostolus
3424 4472 3477 4525 in

1897 4585 2080 4635 nionte
2101 4590 2225 4631 cum
2254 4572 2486 4628 Domino
2507 4570 2679 4625 stetit.
2710 4566 2831 4637 ipse
2852 4578 2984 4635 ergo
3008 4563 3154 4618 hanc
3179 4559 3475 4630 Epistolam

1895 4669 2153 4741 scripsit:
2181 4667 2272 4737 qui
2303 4666 2442 4721 hanc
2470 4676 2661 4718 vocem
2691 4660 2747 4719 in
2772 4665 2956 4715 monte
2979 4670 3106 4710 cum
3129 4652 3359 4709 Domino
3378 4669 3475 4710 au-

1895 4761 2030 4815 divit
2060 4778 2073 4814 :
2112 4755 2224 4812 Nos
2246 4766 2438 4811 natura
2476 4751 2680 4817 Iudici,
2710 4759 2758 4804 et
2784 4765 2889 4803 non
2927 4763 2993 4803 ea:
3026 4744 3265 4816 gentibus
3297 4759 3480 4813 pecea-

1896 4863 2052 4906 tores.
2085 4851 2436 4915 Pccealorum
2471 4855 2652 4900 autem
2691 4855 2886 4897 nomen
2926 4838 3178 4909 gentibus
3209 4835 3476 4905 imposma—

1897 4952 2021 4999 runt
2044 4941 2071 4996 J
2097 4960 2109 4994 ι
2133 4941 2235 5005 Iasi,
2253 4937 2366 5008 jam
2391 4944 2602 4992 vetusta
2638 4934 2871 5004 quartam
2901 4928 3173 4999 superbia,
3211 4936 3467 4995 tumulant

1895 5033 1995 5102 ipsi
2030 5033 2167 5104 justi
2200 5036 2405 5094 essent,
2453 5024 2685 5081 videndo
2723 5020 2978 5092 stipulam
3010 5019 3064 5075 in
3089 5018 3246 5074 oculo
3274 5016 3473 5079 alieno,

1893 5135 1949 5179 et
1984 5140 2092 5179 non
2124 5122 2330 5178 trabem
2357 5120 2411 5174 in
2443 5133 2562 5174 suo.
2597 5115 2908 5171 Secundum
2948 5127 3137 5167 eorum
3167 5124 3370 5165 morem
3401 5108 3474 5162 lo-

1894 5228 2052 5273 eutus
2092 5213 2384 5285 Apostolus
2412 5210 2491 5265 ait
2523 5227 2534 5262 :
2572 5205 2684 5261 Nos
2721 5214 2910 5259 natura
2943 5201 3122 5257 Judcri
3146 5239 3161 5265 ,
3195 5210 3242 5254 ct
3275 5216 3375 5252 non
3412 5215 3470 5252 es

1894 5306 2134 5377 gentibus
2197 5311 2493 5373 pcreulorrs
2524 5315 2540 5361 ;
2597 5295 2651 5349 id
2706 5302 2789 5348 est
2816 5333 2828 5352 .
2862 5306 3001 5361 quos
3041 5287 3312 5360 appellant
3347 5303 3469 5358 per-

1895 5409 2109 5455 αξιοι-εξ
2139 5434 2152 5458 .
2184 5409 2306 5449 cum
2337 5392 2445 5446 sint
2468 5400 2521 5442 ct
2553 5389 2651 5457 ipsi
2684 5393 2997 5458 peccatores
3026 5401 3038 5436 :
3068 5381 3175 5438 Nos
3202 5397 3361 5451 ergo,
3390 5380 3475 5437 iu-

1892 5489 2030 5561 quit,
2060 5494 2252 5542 natura
2277 5482 2466 5544 luctui,
2497 5495 2619 5534 cum
2650 5474 2874 5549 gentiles
2903 5490 3164 5537 essemus,
3206 5489 3313 5529 nou
3340 5471 3467 5545 quia

1893 5580 1992 5654 ipsi
2025 5586 2332 5651 peccatores
2361 5574 2630 5646 appellant
2661 5612 2676 5638 ,
2706 5580 2885 5627 tamen
2911 5580 2961 5625 et
2991 5585 3089 5625 nos
3119 5578 3453 5641 peccatores.
