3922 6180
512 328 617 384 8ϋὸ

1603 316 1877 379 CLAUDH
1911 310 2376 373 TAURINENSIS
2417 306 2725 367 EPISCOPI
2826 330 2835 335 ·
3600 308 3680 365 84ῑῶ

508 450 558 504 in
584 447 802 503 Christo
827 443 951 500 Iesu
972 441 1326 500 creiilimus,
1352 445 1412 492 ut
1434 437 1795 507 justiﬁcemur
1808 450 1906 506 per
1922 431 2081 487 fidem
2110 429 2162 490 Α
2188 430 2294 493 lex,
2322 442 2442 499 qua:
2474 440 2571 497 per
2594 423 2808 494 Moysen
2833 421 2954 475 data
2983 426 3082 486 est,
3113 434 3231 490 quae
3274 425 3468 475 tantum
3507 431 3688 489 peccata

507 537 728 592 Christi.
760 534 876 589 Non
899 541 1079 586 autem
1111 537 1417 599 qumrcrent.
1439 526 1748 596 iustiﬁcari,
1774 526 1876 580 nisi
1901 529 2084 579 essent

508 634 843 698 peccatores.

580 738 813 793 Scieutes
840 744 1035 801 autem,
1063 734 1202 805 quod
1224 751 1326 790 non
1341 733 1670 803 justificatur
1696 731 1850 785 homo
1876 745 1941 783 ex
1967 744 2088 798 ope—

510 830 656 883 ribus
679 827 829 899 legis,
879 828 983 881 nisi
1032 843 1125 897 per
1160 825 1319 895 ﬁdem
1366 824 1494 878 Iesu
1533 821 1774 887 Christi,
1817 829 1865 874 et
1913 835 2007 873 nos
2033 818 2090 871 in

514 917 721 984 ChrisLo
745 917 873 972 .lesu
904 917 1245 980 credidimus,
1262 924 1321 968 ut
1338 913 1696 984 justiﬁremur
1712 929 1781 967 ex
1801 910 1907 980 ﬁde
1932 907 2089 965 Chri-

515 1010 604 1075 sti,
635 1018 683 1064 et
709 1026 812 1063 non
839 1024 903 1063 ea:
936 1006 1176 1077 aperibus
1218 1004 1364 1075 legis.
1396 1004 1676 1059 Credimus
1710 1002 1765 1057 in
1789 1001 2089 1066 Christum,

516 1109 576 1155 ut
604 1100 743 1169 quod
776 1099 860 1153 lex
883 1098 1039 1152 nobis
1056 1112 1160 1150 non
1186 1096 1425 1157 dederat,
1460 1094 1592 1148 ﬁdes
1622 1094 1904 1157 tribueret,
1929 1105 2091 1160 quam

518 1192 782 1247 habemus
816 1190 869 1242 in
915 1187 1153 1242 Christo.
1206 1185 1360 1251 Quod
1396 1185 1441 1238 si
1482 1185 1796 1239 recedentes
1829 1199 1858 1236 a
1895 1182 2009 1251 lege
2036 1179 2089 1234 in

518 1298 624 1353 qua
650 1281 847 1336 salvari
869 1296 973 1334 non
1010 1278 1287 1348 potuimus
1312 1316 1327 1339 ,
1362 1274 1794 1330 transcendimus
1816 1274 1883 1327 ad
1909 1272 2092 1335 ﬁdem,

520 1372 575 1426 in
601 1386 704 1439 qua
731 1385 836 1423 non
860 1368 1040 1422 carnis
1063 1366 1323 1435 qumritur
1362 1364 1729 1429 circumcisio,
1778 1364 1872 1418 sed
1917 1363 2098 1418 cordis

520 1478 655 1532 pura
685 1461 916 1523 devotio,
941 1466 995 1513 et
1025 1473 1165 1512 nunc
1192 1472 1221 1510 a
1244 1456 1494 1527 gentibus
1535 1454 1837 1509 recedendo
1861 1455 1966 1508 hoc
1987 1452 2100 1521 agi-

526 1567 667 1616 mus,
698 1557 758 1603 ut
784 1549 1093 1619 quicunque
1125 1561 1229 1601 non
1256 1554 1339 1599 cst
1363 1543 1718 1599 circumcisus
1746 1583 1761 1606 ,
1792 1538 2099 1596 immundus

528 1640 622 1694 sit.
658 1639 800 1708 Ergo
831 1638 965 1693 ﬁdes
985 1638 1038 1692 in
1061 1636 1357 1699 Christum,
1388 1636 1442 1689 in
1470 1649 1576 1705 qua
1602 1648 1700 1689 nos
1722 1632 1976 1704 putamus
2005 1646 2100 1683 an—

527 1737 581 1784 te
606 1729 801 1783 salvari
835 1767 851 1793 ,
884 1727 1093 1797 peccati
1121 1734 1205 1783 est
1234 1726 1482 1780 ministra
1512 1740 1673 1794 quam
1707 1722 1954 1795 iustitiae,
1980 1736 2099 1789 quin

527 1818 707 1874 aufert
730 1818 1220 1882 circumcisionem,
1258 1831 1420 1886 quam
1459 1815 1549 1884 qui
1577 1830 1683 1869 non
1708 1812 1981 1875 habuerit,
2000 1810 2101 1864 im-

523 1907 757 1965 mundus
777 1916 881 1971 est,
911 1907 1006 1963 sed
1028 1907 1206 1971 absit,
1236 1914 1299 1961 ut
1318 1947 1334 1972 ,
1363 1905 1505 1975 quod
1536 1902 1705 1960 semel
1752 1901 2017 1965 destrinxi,
2049 1910 2104 1955 et

524 2002 651 2057 novi
695 2002 828 2057 mihi
856 2016 963 2056 non
996 2000 1264 2070 profuisse
1299 2040 1314 2065 ,
1342 2014 1556 2054 rursum
1585 1998 1872 2053 vindicem.
1925 1994 2105 2051 Semel

526 2112 557 2151 a
581 2095 700 2165 lege
729 2093 1032 2158 discedens,
1079 2091 1181 2161 legi
1235 2106 1354 2146 sum
1386 2098 1635 2145 mortuus
1654 2112 1678 2154 ,-
1696 2096 1757 2142 ut
1799 2088 1853 2142 in
1883 2085 2103 2141 Christo

525 2191 785 2250 viverem,
817 2187 1083 2255 Crueique
1119 2186 1237 2256 ejus
1277 2183 1492 2250 afﬁxus,
1541 2183 1676 2237 etin
1708 2196 1906 2236 novum
1949 2196 2106 2235 rena-

532 2287 620 2334 tus
649 2278 924 2333 hominem
950 2317 964 2338 ,
996 2275 1100 2329 ﬁde
1130 2274 1303 2342 magis
1328 2289 1490 2343 quam
1542 2287 1704 2328 carne
1731 2269 2103 2334 subsisterem,

527 2376 726 2423 etcum
757 2366 973 2422 Christo
987 2366 1274 2437 egredercr
1294 2379 1325 2418 e
1346 2363 1565 2426 mundo,
1589 2362 1733 2431 quod
1757 2360 1924 2416 semel
1952 2360 2109 2414 ador-

527 2478 623 2518 sus
641 2476 785 2527 sum,
817 2468 972 2516 teneo
993 2501 1010 2525 ,
1041 2475 1147 2516 non
1202 2458 1333 2514 mihi
1365 2457 1534 2527 gratis
1579 2454 1829 2510 Christus
1856 2462 1940 2510 est
1963 2468 2108 2508 mor-

531 2560 680 2617 tuus,
711 2552 766 2606 in
793 2565 954 2620 quem
980 2549 1184 2605 frustra
1213 2548 1421 2605 credidi
1443 2587 1459 2615 ,
1493 2547 1539 2602 si
1566 2546 1717 2618 potui
1759 2548 1965 2616 absque
2003 2544 2109 2599 ﬁde

526 2640 644 2711 ejus
670 2641 726 2697 in
754 2640 926 2696 veteri
953 2638 1071 2712 lege
1106 2639 1326 2701 salvari.

599 2749 825 2819 Propter
857 2748 999 2823 qugd
1032 2764 1098 2802 ea:
1131 2747 1370 2819 operibus
1415 2746 1544 2818 legis
1581 2763 1685 2802 non
1715 2745 2110 2816 justiﬁcabitur

528 2840 697 2893 omuis
718 2854 861 2892 caro.
892 2837 1301 2893 Justiﬁcabatur
1323 2837 1684 2906 quondam‘ex
1709 2835 1827 2906 lege
1856 2849 1961 2888 non
1986 2848 2107 2888 om-

530 2928 618 2982 nis
640 2941 788 2991 euro,
842 2926 938 2981 sed
965 2933 1174 2981 tantum
1204 2926 1240 2980 ii
1274 2925 1522 2981 homines
1547 2965 1563 2989 ,
1592 2925 1682 2994 qui
1700 2925 1767 2977 in
1822 2921 2109 2978 Palaestina

530 3018 810 3087 provincia
861 3026 1038 3072 erant.
1075 3016 1228 3071 Nune
1256 3025 1440 3072 autem
1484 3032 1549 3071 ex
1578 3015 1683 3071 ﬁde
1736 3013 1860 3071 Jesu
1904 3013 2109 3071 Christi

525 3106 858 3176 justiﬁeatur
880 3107 1057 3162 omnis
1085 3122 1211 3162 caro
1241 3146 1256 3173 ,
1296 3107 1424 3162 dum
1450 3106 1706 3162 Ecclesiae
1746 3103 1865 3175 ejus
1910 3105 1965 3159 in
1994 3112 2107 3159 toto
2134 3114 2181 3177 α

532 3198 664 3252 orbe
683 3194 994 3251 fundantur.
1028 3195 1216 3251 Potest
1239 3206 1420 3252 autem
1453 3204 1509 3252 et
1536 3212 1631 3266 per
1657 3211 1821 3264 opera
1839 3195 1971 3266 legis
1994 3210 2103 3249 non

532 3286 979 3341 inconvenienter
1011 3286 1357 3341 circumcisio
1378 3325 1393 3349 ,
1440 3285 1724 3340 sabbatum
1758 3324 1775 3349 ,
1797 3284 1915 3339 dies
1954 3283 2105 3349 festi,

536 3377 864 3445 baptismata
887 3416 903 3441 ,
932 3375 1069 3430 festa
1101 3385 1404 3444 temporum
1437 3415 1451 3439 ,
1478 3390 1664 3444 azyma
1689 3389 1907 3443 panum,
1937 3380 1992 3428 et
2009 3390 2111 3429 cae-

541 3475 676 3532 tera,
704 3481 825 3536 qua:
849 3466 902 3520 in
929 3474 1291 3530 sacramento,
1315 3480 1421 3519 non
1457 3472 1676 3535 propter
1696 3464 1987 3533 justitiam,
2016 3463 2112 3518 sed

536 3557 833 3628 occupandi
859 3556 1038 3627 populi
1069 3557 1245 3628 gratia
1272 3596 1289 3621 ,
1309 3564 1365 3611 et
1406 3556 1475 3611 ad
1503 3556 1826 3612 domandam
1854 3556 2112 3612 duritiam

540 3656 668 3705 sunt
696 3649 837 3711 data,
868 3648 1114 3720 intelligi.

611 3757 765 3824 Quod
791 3759 836 3813 si
854 3768 1141 3829 querentes
1155 3758 1445 3829 justiﬁcari
1465 3759 1519 3812 in
1542 3756 1773 3824 Christo,
1799 3759 1997 3814 inventi
2022 3766 2115 3814 stt-'-

539 3864 658 3904 mus
684 3858 734 3903 et
765 3850 865 3919 ipsi
890 3858 1207 3919 peccatores.
1243 3849 1360 3905 Non
1385 3859 1567 3906 autem
1611 3859 1917 3919 quaererent
1954 3850 2116 3920 justi—

539 3938 716 4003 ﬁcari,
740 3939 841 3993 nisi
871 3947 1054 3994 essent
1071 3947 1403 4008 peccatores.
1430 3940 1514 3994 An
1535 3939 1706 4005 forte;
1729 3940 1855 4009 quia
1885 3940 1939 3995 in
1965 3939 2117 3996 Chri-

540 4039 626 4087 sto
671 4030 955 4086 voluerunt
982 4029 1291 4098 jusdﬁcari,
1331 4033 1726 4101 peccaverunt?
1768 4032 1904 4100 Quia
1933 4032 1983 4086 si
2002 4032 2114 4100 jam

532 4120 668 4190 justi
696 4131 874 4187 erant,
897 4123 1044 4177 aliud
1070 4125 1363 4192 quiaarendo
1389 4124 1573 4193 utique
1599 4133 1982 4192 peccaverunt.
2008 4123 2114 4179 Sed

542 4210 619 4264 ita
660 4218 776 4274 est,
809 4211 1014 4279 inquit,
1045 4227 1167 4281 ergo
1216 4210 1457 4267 Christus
1498 4213 1697 4283 peccati
1748 4215 1985 4268 minister
2018 4224 2113 4270 est.

540 4300 697 4366 Quod
724 4301 911 4369 utique
946 4316 1052 4356 non
1095 4312 1318 4371 possunt
1363 4304 1559 4364 dicere,
1590 4305 1715 4374 quia
1763 4314 1820 4360 et
1871 4305 1971 4374 ipsi
2025 4306 2118 4376 qui

2191 517 2449 582 ostendit,
2481 530 2587 569 non
2619 511 2862 567 abstulit.

2262 607 2323 665 Si
2349 609 2485 663 enim
2506 621 2622 678 qua:
2653 602 2910 665 destruati,
2939 601 3047 656 lucc
3070 600 3255 655 iterum
3294 599 3503 668 a'dilico,
3528 616 3694 670 prm-

2190 700 2464 754 ricatorem
2491 710 2573 751 me
2597 693 2875 749 constituo.
2901 690 3039 758 Quid
3064 689 3229 760 ergo?
3255 687 3382 755 Quia
3411 688 3552 743 ﬁdem
3573 687 3697 744 Chri-

2190 791 2259 846 sti
2284 785 2634 859 oppugnabas
2657 788 2840 849 antea,
2871 794 3031 851 quam
3058 778 3200 835 dune
3223 778 3463 844 :ediﬁcas,
3488 780 3699 849 prevari-

2191 886 2429 932 catorem
2455 883 2508 931 te
2536 870 2857 929 constituis?
2900 868 3009 924 Sed
3039 868 3182 922 illam
3213 881 3315 921 non
3337 865 3581 930 destruxi,
3600 867 3698 936 quia

2192 969 2398 1027 destrui
2419 981 2526 1022 non
2550 971 2749 1036 potest.
2784 962 2935 1017 Hanc
2960 968 3139 1014 autem
3166 956 3459 1027 superbiam
3492 971 3601 1011 vere
3628 957 3699 1013 de-

2192 1066 2489 1123 struxerat,
2534 1062 2954 1123 constanterque
3008 1049 3346 1113 destruebat,
3391 1049 3504 1118 quia
3539 1049 3697 1103 destrui

2195 1156 2424 1222 poterat.
2471 1148 2540 1202 Et
2565 1147 2686 1202 ideo
2716 1161 2822 1199 non
2854 1144 2944 1198 ille
2967 1141 3348 1212 praevaricator
3378 1138 3475 1203 est,
3500 1140 3576 1209 qui
3611 1155 3696 1193 rem

2194 1256 2379 1298 verum
2405 1246 2694 1295 conaretur
2722 1236 3034 1297 destruere,
3070 1239 3128 1286 ει
3178 1238 3509 1300 posteaquam
3552 1242 3693 1282 veram

2195 1347 2338 1393 esse,
2361 1342 2425 1384 ac
2447 1329 2652 1383 destrui
2688 1341 2794 1380 non
2820 1337 2980 1394 posse
3021 1327 3386 1391 cognosceret,
3409 1318 3559 1372 tenuit
3589 1333 3693 1380 eam,

2196 1420 2335 1474 utin
2375 1433 2437 1472 ea
2469 1415 2785 1472 mdiﬁcetur.
2819 1413 2926 1467 Sed
2977 1411 3066 1465 ille
3113 1409 3482 1481 praevaricator
3520 1417 3602 1468 est.
3629 1410 3695 1477 qui

2198 1527 2320 1567 cum
2353 1508 2681 1565 destruxerit
2716 1520 2830 1560 rem
2884 1503 3073 1558 falsam
3095 1542 3110 1567 ,
3142 1501 3268 1570 quia
3319 1498 3505 1554 destrui
3547 1506 3692 1569 potest,

2198 1617 2320 1657 eam
2350 1615 2540 1656 rursus
2556 1597 2806 1653 aediﬁcat.

2271 1689 2385 1761 Ego
2429 1688 2569 1743 enim
2607 1703 2698 1757 per
2726 1685 2888 1756 legem
2915 1682 3018 1753 legi
3044 1690 3286 1736 mortuus
3312 1696 3440 1744 sunt,
3464 1687 3513 1733 ut
3531 1678 3618 1732 Deo
3643 1679 3696 1731 ri-

2202 1798 2339 1838 vam.
2371 1779 2641 1850 Mortuum
2668 1785 2849 1832 autem
2873 1774 3056 1845 selegi
3098 1773 3250 1837 dicit,
3276 1778 3334 1825 ut
3364 1770 3469 1840 jam
3502 1770 3584 1824 sub
3616 1768 3695 1837 lege

2201 1890 2308 1929 non
2338 1879 2483 1928 esset
2509 1911 2523 1934 .
2555 1868 2650 1925 sed
2681 1877 2860 1923 tamen
2910 1880 3011 1937 per
3044 1864 3244 1936 legem,
3267 1862 3378 1917 sive
3405 1860 3517 1930 quia
3539 1858 3697 1914 lum

2201 1973 2339 2032 erat,
2361 1971 2417 2020 et
2454 1971 2708 2032 tanquam
2739 1960 3087 2032 pzedagognm
3118 1956 3295 2026 legem
3319 1952 3696 2024 acceperat,sicnt

2200 2064 2385 2128 postea
2414 2051 2740 2109 manifestat.
2760 2049 2873 2105 Hoc
2894 2057 3075 2104 autem
3098 2047 3277 2117 agitur
3296 2059 3388 2114 per
3406 2042 3693 2114 predegogum,

2202 2154 2264 2202 ut
2288 2161 2396 2200 non
2423 2144 2494 2200 sit
2535 2140 2876 2197 necessarius
2901 2138 3260 2210 paedagogus,
3288 2135 3421 2189 sicut
3460 2147 3544 2203 per
3578 2131 3696 2184 ubera

2202 2234 2446 2291 nutritur
2473 2233 2673 2296 infans,
2703 2238 2765 2283 ut
2796 2228 2905 2297 iam
2951 2225 3219 2281 uberibus
3261 2238 3366 2278 non
3410 2219 3698 2289 indigeatzet

2205 2341 2303 2399 per
2324 2338 2515 2380 navem
2542 2320 2859 2392 pervenitur
2884 2319 2952 2373 ad
2973 2316 3236 2386 patriam,
3255 2321 3315 2368 ut
3337 2313 3439 2382 jam
3459 2308 3587 2364 navis
3602 2319 3698 2399 opus

2205 2396 2314 2476 non
2340 2419 2432 2473 sit.
2474 2415 2603 2470 Sive
2628 2427 2727 2484 per
2762 2413 2934 2482 legem
2960 2406 3284 2479 spiritaliter
3308 2402 3592 2458 intellectam
3627 2396 3697 2466 legi

2207 2521 2455 2568 mortuus
2497 2515 2601 2574 est,
2630 2521 2699 2561 ne
2728 2505 2830 2560 sub
2860 2518 2923 2558 ea
2971 2500 3270 2556 carnaliter
3306 2496 3511 2558 viveret,
3550 2499 3599 2545 ut
3632 2503 3700 2558 per

2207 2603 2452 2661 eamdem
2506 2600 2681 2670 legem
2735 2595 3049 2667 spiritaliter
3109 2591 3426 2647 intellectam
3472 2589 3701 2640 moreretur

2208 2693 2514 2753 carnalibus
2538 2686 3006 2747 observationibus
3028 2683 3186 2755 legis.
3217 2681 3356 2736 Bene
3387 2684 3545 2731 autem
3565 2670 3701 2739 adjun—

2209 2788 2304 2860 git,
2329 2796 2385 2840 ut
2407 2785 2515 2839 Deo
2541 2783 2725 2837 tivam.
2755 2781 2868 2835 Deo
2892 2780 3093 2847 quippe
3118 2774 3273 2837 vivit,
3297 2770 3381 2841 qui
3410 2766 3497 2823 sub
3518 2765 3700 2860 Deo

2207 2850 2312 2949 legi
2343 2885 2546 2939 autem,
2568 2872 2659 2942 qui
2684 2871 2785 2926 sub
2825 2869 2938 2939 lege
2974 2874 3079 2921 est.
3129 2864 3243 2920 Sub
3272 2863 3380 2932 lege
3409 2865 3562 2912 autem
3594 2850 3702 2911 vivit,

2210 2976 2468 3042 quantum
2494 2967 2722 3037 quisque
2745 2968 2996 3033 peccator
3025 2965 3141 3022 est,
3173 2956 3227 3011 id
3250 2962 3361 3019 est,
3392 2952 3442 3005 in
3464 2952 3706 3019 quath

2209 3070 2392 3118 vetere
2422 3060 2640 3116 homine
2664 3071 2772 3112 non
2798 3061 2882 3108 est
2903 3058 3177 3105 mutatus.

2281 3151 2488 3207 Christo
2518 3147 2755 3216 conﬁxus
2801 3160 2917 3198 sum
2951 3141 3114 3196 cruci.
3171 3139 3304 3206 Quia
3332 3135 3611 3192 dixerat,se
3640 3138 3708 3193 pet

2207 3244 2376 3314 legem
2403 3240 2507 3309 legi
2533 3245 2823 3300 mortuum,
2838 3232 3104 3303 quomodo
3126 3236 3380 3285 mortuus
3407 3222 3559 3283 fuerit,
3579 3223 3709 3272 ostcn‘

2207 3312 2305 3389 dit.
2336 3332 2553 3386 Christo
2584 3327 2827 3383 confixus
2856 3339 2975 3379 sum
2999 3322 3179 3387 cruci,
3203 3321 3256 3376 id
3280 3326 3377 3380 est,
3393 3312 3604 3370 omnibus
3622 3318 3711 3374 pcto

2209 3422 2345 3478 catis
2375 3428 2619 3475 mortuus
2651 3433 2792 3481 sum,
2815 3423 3033 3486 propter
3055 3426 3187 3482 quse
3210 3410 3295 3466 lex
3322 3409 3437 3464 data
3457 3410 3549 3467 est,
3566 3395 3709 3454 elidor

2211 3513 2296 3567 lex
2327 3511 2459 3566 mihi
2487 3511 2707 3564 minime
2736 3504 3039 3562 necessaria
3070 3511 3185 3558 est.

2288 3598 2416 3658 Vivo
2441 3613 2615 3656 autem
2627 3603 2745 3672 jam
2770 3616 2870 3653 non
2892 3613 2987 3669 ego
3012 3610 3030 3648 :
3061 3595 3192 3649 civit
3215 3610 3292 3648 re.
3306 3609 3335 3646 ο
3353 3592 3403 3644 in
3422 3605 3493 3642 me
3513 3581 3704 3639 Christus.

2210 3694 2329 3751 Non
2358 3694 2492 3749 vivit
2523 3670 2637 3757 ille,
2667 3691 2758 3761 qui
2790 3687 3059 3760 quondam
3104 3687 3329 3741 vivei-at
3366 3684 3416 3737 in
3470 3679 3582 3747 lege.
3617 3670 3703 3740 ⁴1⁸⁵⁵³

2212 3785 2633 3860 persequebatur
2656 3780 2970 3838 Ecclesiam.
3007 3777 3155 3833 Vivit
3174 3783 3353 3831 autem
3377 3774 3427 3827 in
3445 3764 3705 3822 eoChristtIS.

2215 3879 2497 3951 sapientia,
2514 3874 2792 3937 fortitudo,
2818 3886 3017 3935 sermo,
3033 3883 3166 3939 pax,
3190 3867 3455 3940 gaudium,
3474 3863 3709 3951 mterqu

2214 3945 2473 4032 virtutes;
2518 3979 2653 4035 quas
2681 3963 2773 4033 qui
2821 3977 2927 4016 non
2964 3957 3147 4023 habet,
3203 3971 3312 4012 non
3365 3960 3524 4024 potest
3553 3945 3706 4035 diceet;

2216 4061 2361 4117 Vivit
2387 4059 2439 4113 in
2462 4028 2554 4112 me
2599 4028 2865 4110 Christus.
2889 4050 3022 4119 Quis
3058 4063 3192 4119 ergo
3238 4047 3428 4102 audeat
3449 4038 3628 4097 Christo
3661 4028 3710 4081 lc-

2217 4165 2337 4222 gem
2374 4148 2669 4217 imponere,
2714 4143 2804 4213 qui
2853 4141 2983 4195 vivit
3012 4140 3067 4194 in
3104 4137 3315 4194 Paulo?
3368 4134 3476 4187 Non
3510 4126 3623 4182 enim
3640 4131 3707 4222 tu:

2220 4216 2309 4295 det
2335 4216 2465 4306 quis,
2507 4236 2687 4290 dicere
2745 4232 3020 4288 Christum
3072 4246 3181 4284 non
3235 4237 3381 4283 recte
3406 4225 3579 4280 vivere.
3616 4216 3710 4264 “‘9'

2221 4324 2518 4382 coercendo
2555 4324 2642 4378 lex
2694 4319 3017 4392 imponenda
3065 4320 3157 4375 sit.
3213 4318 3326 4373 Hoc
3384 4323 3545 4369 autem
3588 4310 3710 4392 totum

545 4388 799 4484 uolebant
823 4390 936 4484 nisi
966 4391 1300 4448 circumcisis
1337 4394 1587 4465 gentibus
1617 4395 1831 4450 tradere
1878 4396 2121 4467 Evange—
2143 4461 2195 4484 ﬁ
2221 4417 2323 4471 sub
2369 4430 2466 4470 sua
2518 4427 2747 4484 persona
2770 4388 3079 4465 pacm-sum
3114 4407 3339 4463 parum
3378 4403 3439 4459 de
3483 4388 3710 4454 Pctrodis—

543 4478 698 4578 litim,
732 4479 786 4534 in
812 4478 1089 4578 Christum
1110 4461 1474 4578 crediderant,
1502 4493 1560 4540 et
1607 4485 1727 4542 ideo
1770 4487 1915 4556 quod
1963 4461 2114 4552 dicit,
2143 4461 2196 4523 Ι)
2221 4461 2393 4578 ﬁat",

501 4597 511 4607 -
538 4568 705 4635 absit,
737 4586 843 4625 non
864 4573 1036 4637 solus,
1059 4574 1156 4629 sed
1177 4590 1300 4629 cum
1342 4576 1475 4645 ipsis
1509 4577 1659 4632 dicit.
1707 4576 1986 4632 Destruxit
2019 4592 2115 4631 au-

542 4668 654 4715 tem
679 4662 991 4730 superbiam
1029 4663 1348 4734 gloriantem
1395 4666 1464 4721 de
1504 4667 1760 4736 operibus
1810 4667 1966 4738 legis,
1992 4683 2115 4737 qua:

539 4754 744 4809 destrui
772 4763 830 4809 et
853 4754 1075 4809 deberet
1097 4764 1155 4810 et
1177 4766 1378 4826 posset,
1394 4775 1462 4814 ne
1482 4761 1663 4828 gratia
1689 4759 1812 4814 ﬁdei
1841 4760 2116 4816 videretur

541 4859 648 4899 non
677 4846 1003 4910 necessaria,
1034 4846 1081 4901 si
1105 4862 1268 4917 opera
1299 4848 1454 4919 legis,
1478 4850 1645 4904 etiam
1683 4851 1800 4905 sine
1824 4851 1935 4916 illa,
1957 4850 2117 4920 justi-

541 4937 709 4993 ﬁeare
728 4938 1080 4993 crederentur
1108 4958 1121 4993 :
1150 4950 1205 4994 et
1224 4941 1346 4996 ideo
1380 4942 1759 5019 prmum-lentor
1782 4952 1885 5008 est,
1914 4944 1958 4999 si
1987 4959 2112 4997 rur-

539 5044 633 5084 sus
646 5028 749 5083 illa
772 5028 1025 5095 mdiﬁcat,
1048 5031 1256 5096 dicens,
1285 5032 1428 5102 quod
1454 5049 1619 5103 opera
1640 5034 1774 5105 legis
1800 5036 1965 5089 etiam
1997 5035 2114 5090 sine

539 5121 713 5191 gratia
739 5120 1067 5189 justiﬁeaut,
1090 5130 1150 5176 ut
1182 5122 1428 5180 Christus
1457 5125 1675 5195 peccati
1692 5125 1938 5181 minister
1966 5125 2117 5178 inve-

541 5213 739 5267 niatur.

613 5327 864 5395 Nunquid
909 5325 1148 5382 Christus
1195 5329 1391 5399 peccati
1434 5328 1671 5381 minister
1692 5328 1810 5381 est?
1852 5328 2017 5382 Absit.
2049 5328 2107 5383 Si

538 5417 680 5472 enim
706 5428 891 5489 gentes
920 5421 1025 5475 ﬁde
1048 5419 1159 5475 sola
1188 5439 1291 5474 non
1332 5421 1522 5485 salvat,
1567 5435 1666 5475 nec
1705 5436 1824 5484 nos,
1886 5422 2009 5491 quia
2041 5437 2108 5476 ex

539 5506 790 5573 operibus
836 5509 968 5580 legis
998 5525 1155 5566 nemo
1193 5509 1596 5579 justiticabitur.
1648 5511 1792 5581 Ergo
1839 5511 2014 5567 adhuc
2057 5520 2109 5566 ct

541 5607 640 5647 nos
663 5605 973 5664 peccatores
1000 5614 1207 5664 sumus,
1232 5610 1284 5655 et
1319 5600 1565 5656 Christus
1611 5602 1816 5672 peccati
1861 5602 2110 5656 minister

544 5691 1059 5755 mtatanquamnon
1085 5690 1268 5745 valens
1317 5699 1533 5762 peccata
1582 5691 1783 5745 donare
1816 5708 1828 5742 :
1863 5690 2002 5745 sicut
2053 5700 2108 5745 et

2291 4596 2444 4662 Quod
2464 4605 2637 4649 autem
2664 4611 2798 4648 nunc
2819 4595 2926 4647 rivo
2946 4593 3001 4646 in
3034 4607 3213 4655 carne,
3248 4591 3303 4643 in
3320 4579 3608 4658 ῥάράηφιίι,
3641 4571 3716 4624 νέα

2218 4688 2318 4758 ﬁlii
2337 4687 2448 4740 Dei.
2469 4685 2627 4739 Aliud
2645 4693 2726 4739 est
2760 4684 2812 4738 in
2833 4699 2997 4738 carne
3021 4697 3159 4747 esse,
3177 4679 3322 4734 aliud
3339 4678 3391 4731 in
3409 4685 3554 4729 carne
3569 4665 3713 4758 vim

2227 4779 2332 4845 Qui
2379 4778 2514 4831 enim
2540 4776 2594 4830 in
2633 4792 2791 4829 carne
2839 4783 2978 4839 sunt,
3024 4772 3137 4826 Deo
3177 4770 3383 4842 placere
3431 4779 3522 4818 non

2221 4841 2395 4942 illam;
2420 4868 2719 4941 vm).Unde
2738 4866 2805 4921 ad
2833 4868 2968 4921 bene
2999 4841 3241 4919 viventes
3274 4862 3500 4917 dicitur:
3533 4851 3618 4904 τοι

2223 4971 2310 5013 tur
2333 4961 2388 5013 in
2419 4975 2576 5012 carne
2599 4974 2701 5012 non
2722 4958 2866 5021 estis,
2896 4955 2986 5010 sed
3004 4956 3058 5008 in
3081 4953 3291 5024 spiritu.
3324 4948 3471 5017 Quod
3501 4954 3610 4998 vero
3630 4928 3717 4988 διδ

2224 5052 2379 5115 didit,
2418 5052 2472 5103 in
2494 5050 2600 5118 ﬁde
2628 5049 2736 5103 tiro
2760 5046 2859 5116 ﬁlii
2888 5047 3009 5111 Dei,
3067 5045 3142 5099 ita
3171 5039 3555 5111 intelligendum
3574 5035 3654 5120 δι’

2224 5144 2388 5198 etiam
2411 5144 2488 5197 sic
2514 5141 2763 5195 Christus
2802 5139 2952 5193 vivat
2973 5138 3027 5192 in
3072 5136 3347 5197 credente,
3394 5119 3645 5185 habitando
3678 5119 3716 5164 1⁸

2226 5236 2484 5290 interiore
2513 5235 2730 5288 homine
2754 5248 2852 5303 per
2887 5232 3068 5294 ﬁdem,
3125 5238 3181 5284 ut
3225 5236 3408 5298 ροειεα
3432 5235 3520 5293 Per
3542 5209 3716 5303 δνθέδω

2225 5327 2444 5398 impleat
2471 5339 2618 5390 eum,
2649 5300 2771 5380 eum
2794 5324 3109 5392 absorptum
3144 5319 3305 5374 fuerit
3332 5311 3542 5371 mortale
3561 5321 3587 5358 tt
3608 5300 3714 5398 fil“

2218 5419 2471 5490 quoniam
2502 5416 2681 5469 futura
2706 5415 2815 5469 vita
2862 5413 3125 5485 promissa
3148 5418 3229 5466 est
3259 5399 3577 5463 Christianis.
3608 5390 3718 5482 Ideo:

2216 5487 2321 5580 que
2361 5507 2449 5577 qui
2482 5520 2626 5560 nunc
2683 5506 2735 5560 in
2773 5506 2874 5559 hac
2922 5505 3029 5558 vita
3079 5499 3274 5557 auxilio
3312 5496 3401 5551 Dei
3438 5487 3637 5580 munitus
3668 5489 3719 5526 τι·

2219 5600 2310 5663 vit,
2346 5602 2395 5652 in
2448 5598 2550 5652 tizlc
2589 5597 2712 5651 vitae
2738 5596 3013 5666 promissa:
3060 5592 3207 5650 vivit.
3252 5589 3346 5643 llic
3382 5583 3511 5638 enim
3546 5577 3589 5629 in
3620 5570 3715 5666 inla-

2220 5690 2396 5761 gincm
2464 5690 2606 5744 illius
2652 5686 3065 5763 contemplatur.
3120 5683 3267 5754 quasi
3332 5678 3509 5751 ritilius
3558 5663 3715 5720 tum“
