3922 6180
520 300 629 363 δῦτ

1591 290 1872 349 CLAUDII
1912 281 2374 344 TAURINENSIS
2410 279 2714 337 EPISCOPI
3594 278 3673 333 368

522 360 686 471 biulta
711 413 823 484 jam
872 426 970 483 pro
1013 408 1116 463 ﬁde
1141 406 1526 469 toleraverant,
1583 417 1692 456 non
1740 401 1932 454 timore
1978 407 2096 452 tan-
2123 400 2171 458 Α
2198 395 2291 465 qui
2351 393 2662 457 exsultavit,
2707 399 2768 446 ut
2811 390 3017 445 videret
3040 360 3447 484 Atlieutgliomini,
3490 400 3535 446 et
3558 391 3678 457 vidit,

520 524 680 579 quam
708 481 808 560 sub
850 481 963 571 lege
1003 500 1190 570 positi,
1216 497 1313 553 sed
1351 497 1524 566 magis
1564 495 1623 548 in
1663 494 1793 562 ipsis
1826 489 2095 562 passioni-
2196 496 2253 544 ct
2304 488 2661 579 laetatusﬂest.
2714 483 2955 579 Undeqet
2988 482 3054 579 ad
3090 482 3320 537 inﬁdeles
3357 481 3547 579 indm
3573 484 3677 579 dicit.

523 600 622 651 bus
644 595 909 649 cltaritate
948 590 1201 645 timorem
1249 584 1827 652 vicerattt:Quoniam-
1865 582 2095 635 charitas

524 687 619 739 Dei
641 685 832 753 ili/fusa
854 692 963 737 erat
989 681 1045 734 in
1086 679 1330 733 cordibus
1352 693 1534 732 eorum
1573 692 1668 747 per
1690 674 1947 745 Spiritum
1973 688 2097 726 stm-

529 785 659 827 atum
682 772 862 844 (Rom.
887 770 965 842 v),
995 783 1155 839 quem
1182 774 1506 838 acceperant
1546 784 1559 819 :
1598 765 1728 820 Siue
1761 778 1923 818 causa
1945 777 2094 832 ergo,

2198 588 2286 634 tur
2322 597 2335 634 :
2375 578 2435 634 Si
2489 578 2586 632 ﬁlii
2623 576 2818 632 essetis
2855 576 3145 639 Abraham,
3192 590 3347 645 opera
3391 576 3590 632 Abrab'c
3626 578 3683 632 la-

2195 671 2411 725 ceretis.

2273 760 2557 815 Prouideus
2574 768 2750 814 autem
2799 759 3077 829 scriptura,
3107 758 3226 829 quia
3251 775 3313 813 ea:
3339 758 3435 826 ﬁde
3472 759 3684 828 justiﬁrat

524 864 715 932 inquit,
763 869 913 916 tanta
931 861 1078 930 passi
1113 860 1266 926 estis,
1304 859 1396 929 qui
1446 874 1512 913 ex
1563 857 1854 921 charitate,
1898 870 2019 924 qua:
2044 855 2096 909 in
2197 860 2370 924 gentes
2394 849 2556 916 Deus,
2582 850 2963 920 ’μονα-κατιιὶαώ
2989 848 3232 912 Αὺταιιω,
3269 847 3399 913 Quia
3441 849 3687 903 benedicen-

521 953 676 1008 vobis
724 959 873 1006 tanta
909 950 1188 1015 sustinuit,
1231 949 1299 1003 ad
1320 949 1571 1003 timorem
1602 947 1772 1001 relabi
1809 946 2006 1010 vultis;
2049 944 2096 1000 si

526 1055 704 1098 tanien
745 1043 861 1098 sine
904 1056 1067 1097 causa
1107 1048 1259 1094 tanta
1311 1040 1454 1110 passi
1494 1039 1649 1093 estis.
1692 1037 1793 1092 llic
1838 1038 1884 1091 si
1926 1047 2099 1091 tamen

524 1151 630 1189 non
676 1133 975 1189 dubitantis
1001 1139 1103 1197 est,
1136 1132 1230 1187 sed
1255 1130 1649 1187 conﬁrmantis.
1686 1130 1759 1185 Ut
1798 1137 1882 1185 est
1927 1129 2095 1184 illud:

525 1224 584 1279 Si
606 1234 779 1276 tamen
812 1222 1017 1291 justum
1062 1230 1137 1274 est
1181 1220 1321 1290 apud
1350 1218 1517 1273 Deum
1544 1218 1826 1271 retribuere
1865 1217 1966 1282 his,
2009 1222 2100 1286 qui

528 1334 611 1371 vos
632 1315 907 1380 tribulam,
945 1313 1425 1378 tribulationem,et
1447 1312 1608 1375 vobis,
1629 1311 1720 1382 qui
1750 1306 2097 1370 tribulamiui,

525 1407 751 1477 requiem
794 1406 1057 1459 nobiscum
1118 1403 1167 1476 (1
1176 1402 1201 1455 I
1247 1403 1426 1457 Thess.
1471 1402 1535 1472 ι’).
1592 1399 1745 1468 Quod
1787 1398 1934 1453 enim
1984 1397 2101 1451 siue

523 1513 686 1553 causa
733 1498 933 1552 factum
965 1498 1182 1561 dicitur,
1231 1496 1561 1566 superfluum
1598 1504 1703 1550 est.
1761 1490 2101 1563 Superﬁuum

525 1600 727 1654 autem,
782 1605 882 1644 nec
905 1590 1145 1659 prodest,
1191 1604 1296 1644 nec
1353 1595 1531 1642 nocet.
1577 1586 1691 1641 Hoc
1741 1600 1872 1640 vero
1923 1583 2106 1638 viden-

2204 952 2292 998 tur
2330 944 2386 998 in
2406 955 2455 998 te
2500 959 2679 997 omnes
2712 951 2905 1013 gentes.
2954 940 3128 1011 Igitur
3157 941 3247 1011 qui
3273 940 3449 1009 calide
3482 951 3602 1005 satu,
3624 942 3688 995 be-

2198 1034 2505 1089 nedicentur
2543 1048 2662 1086 cum
2681 1031 2824 1101 ﬁdeli
2861 1031 3147 1086 Abraham.

2272 1124 2389 1179 Non
2434 1138 2542 1194 quo
2593 1124 2710 1194 ipsa
2753 1123 3049 1193 scriptura,
3098 1129 3442 1179 atramentum
3491 1120 3687 1176 videlicet

2201 1227 2257 1273 et
2289 1218 2635 1281 membranae,
2685 1230 2806 1286 qua:
2851 1214 3194 1271 insensibiles
3231 1221 3371 1279 sunt,
3418 1213 3595 1282 possint
3625 1212 3685 1267 tu-

2201 1316 2324 1363 tura
2345 1320 2702 1378 praenoscere,
2749 1305 2844 1360 sed
2883 1319 2992 1374 quo
3025 1303 3261 1374 Spiritus
3283 1312 3503 1368 sanctus,
3539 1310 3687 1378 etsen-

2202 1316 2324 1363 tura
2345 1320 2702 1378 praenoscere,
2749 1316 2844 1360 seu
2883 1319 2992 1374 quo
3025 1316 3261 1374 Spiritus
3283 1316 3503 1368 sanctus,
3539 1316 3684 1447 elﬁc-

2202 1415 2297 1457 sus
2323 1400 2415 1470 qui
2445 1400 2498 1455 in
2529 1399 2723 1454 litteris
2749 1398 2899 1461 latet,
2949 1396 3135 1452 multis
3157 1406 3279 1466 post
3302 1395 3498 1451 sarculis
3520 1409 3600 1448 ven
3647 1407 3684 1446 ra

2205 1491 2572 1562 prtedixcriut.
2599 1490 2771 1546 Porro
2791 1489 3121 1560 exemplum,
3146 1487 3289 1558 quod
3310 1487 3376 1543 de
3390 1485 3559 1542 Genesi
3581 1501 3685 1541 sum-

2205 1589 2358 1651 ptum
2394 1588 2496 1645 est,
2542 1581 2617 1635 ita
2646 1581 2702 1635 in
2769 1581 2991 1651 proprio
3035 1578 3309 1634 volumine
3339 1578 3614 1633 continetur.
3642 1577 3686 1630 Et

526 1683 651 1734 dum
692 1688 797 1743 est,
843 1694 910 1733 ne
937 1679 1003 1732 ad
1058 1679 1355 1748 perniciem
1399 1676 1598 1731 valeat.
1642 1674 1759 1729 Non
1808 1672 1954 1728 enim
2002 1672 2141 1748 hoc,
2209 1671 2649 1726 benedicenturiu
2674 1673 2869 1726 semine
2891 1681 2984 1727 tuo
3011 1682 3191 1726 om
3222 1679 3390 1741 gentes
3409 1669 3685 1736 terrmouod

526 1783 610 1829 cst
644 1789 749 1827 non
778 1787 1020 1842 surgere,
1047 1747 1197 1841 quod
1216 1780 1298 1826 est
1322 1772 1517 1826 cadere
1546 1769 1831 1839 :quamvis
1853 1767 1943 1821 isti
1963 1782 2102 1820 non-
2132 1747 2179 1806 Β
2204 1762 2493 1832 Apostolus
2539 1777 2703 1833 super
2744 1762 2964 1818 Christo
3000 1762 3362 1832 interpretans
3394 1761 3462 1815 ait
3489 1779 3501 1814 :
3529 1758 3685 1813 Nones:

527 1866 652 1920 dum
679 1865 1020 1928 cecidissent,
1043 1864 1137 1919 sed
1159 1865 1271 1934 jam
1294 1864 1708 1923 inclinarentur,
1739 1868 1801 1913 ut
1822 1859 2099 1914 caderent.

530 1954 663 2008 Nam
706 1955 893 2023 utique
930 1954 1106 2009 adhuc
1132 1955 1185 2008 in
1212 1954 1292 2008 eis
1321 1952 1555 2022 Spiritus
1581 1958 1801 2006 sanctus
1844 1947 2106 2018 operaba-

516 2036 639 2110 tur,
685 2045 827 2099 sicut
861 2052 1257 2112 consequenter
1289 2044 1421 2097 dicit
1453 2060 1466 2095 :

604 2135 710 2200 Qui
734 2150 856 2205 ergo
882 2134 1063 2187 tribuit
1087 2134 1228 2188 vobis
1249 2133 1513 2203 spiritum,
1533 2140 1581 2186 et
1611 2139 1859 2201 operatur
1895 2128 2106 2181 virtutes

528 2228 582 2280 in
626 2224 785 2289 vobis,
813 2240 879 2278 ea:
898 2224 1137 2295 operibus
1160 2224 1309 2294 legis,
1364 2240 1436 2277 an
1475 2239 1540 2277 ea:
1580 2222 1765 2276 auditu
1788 2218 1954 2288 fidei?
1981 2217 2103 2272 Tri-

528 2314 665 2377 buit,
713 2314 813 2367 hoc
853 2319 957 2376 est,
1009 2312 1372 2377 administrat,
1411 2310 1694 2381 praesentis
1724 2304 1985 2376 temporis
2024 2314 2108 2359 est

529 2404 832 2474 legendum,
865 2413 923 2458 ut
951 2403 1272 2459 ostendatur
1316 2419 1411 2473 per
1467 2403 1705 2475 singulas
1739 2402 1904 2457 horas
1945 2410 2110 2471 atque

531 2505 805 2551 momenta
863 2512 1078 2568 semper
1138 2497 1313 2567 dignis
1361 2495 1623 2566 Spiritum
1663 2503 1911 2551 sanctum
1956 2495 2111 2549 mini-

527 2588 708 2641 strari.
762 2588 827 2640 Et
851 2596 1055 2657 quanto
1106 2587 1228 2656 quis
1252 2587 1306 2640 in
1338 2585 1433 2640 Dei
1482 2600 1647 2654 opere
1681 2593 1736 2639 et
1765 2598 1950 2640 amore
1980 2600 2107 2654 pro-

530 2678 734 2743 fecerit,
781 2687 931 2733 tanto
988 2680 1159 2749 magis
1203 2678 1379 2733 sancti
1419 2676 1653 2747 Spiritus
1694 2678 1749 2731 in
1800 2691 1861 2733 se
1904 2678 2110 2733 habere

530 2767 776 2830 virtutes,
827 2783 964 2836 quas
1025 2769 1246 2823 auditus
1293 2767 1437 2833 ﬁdei,
1489 2775 1547 2822 et
1597 2782 1703 2821 non
1761 2767 1895 2837 legis
1942 2782 2107 2838 opera

526 2866 924 2911 consummant.
981 2856 1097 2911 Non
1149 2872 1257 2927 quo
1312 2857 1449 2927 legis
1500 2871 1664 2927 opera
1716 2858 2108 2912 contemnenda

527 2946 654 3011 sint,
705 2956 761 3001 et
807 2948 1012 3017 absque
1063 2949 1143 3002 eis
1179 2946 1408 3017 simplex
1454 2946 1588 3002 ﬁdes
1644 2948 1964 3017 appetenda,
2015 2948 2111 3003 sed

528 3036 645 3104 ipsa
673 3051 838 3106 opera
884 3037 988 3090 ﬁde
1026 3038 1227 3091 Christi
1277 3037 1626 3091 adornentur.
1673 3036 1823 3091 Scita
1845 3046 1930 3092 est
1962 3039 2107 3092 enim

2202 1857 2452 1926 scriptum
2488 1855 2544 1908 in
2567 1855 2869 1919 seminibus,
2916 1855 3072 1926 quasi
3097 1854 3152 1908 iu
3188 1852 3385 1916 multis,
3425 1850 3684 1922 sedqaasiia

2204 1962 2331 2010 uno,
2371 1954 2419 2000 et
2441 1945 2623 2000 semini
2648 1954 2761 2010 tuo,
2800 1944 2890 2016 qui
2912 1952 2988 1999 est
3013 1943 3275 1999 Christus.
3309 1943 3479 2013 itaque
3509 1957 3687 1996 nonnus-

2204 2052 2365 2107 quam
2409 2037 2495 2092 vel
2531 2038 2881 2093 detraxerunt
2904 2037 3090 2100 verba,
3146 2036 3230 2092 vel
3270 2034 3570 2091 addiderunt.
3594 2031 3686 2086 Nulli

2203 2141 2332 2182 vero
2368 2128 2609 2193 dubium,
2649 2127 2794 2198 quod
2822 2128 2877 2182 in
2933 2126 3109 2193 Isaae,
3153 2134 3211 2182 et
3262 2128 3317 2181 in
3354 2123 3521 2188 Iacob,
3551 2122 3686 2178 siveitt

2205 2216 2485 2273 duodecim
2521 2218 2863 2287 patriarchis,
2908 2225 2968 2273 et
3007 2218 3227 2274 caeteris
3272 2218 3361 2287 qui
3403 2215 3680 2271 deAbraham

2205 2307 2375 2378 stirpe
2392 2308 2744 2373 descendunt,
2782 2322 2893 2364 non
2935 2308 3144 2364 fuerint
3185 2308 3467 2365 benedictae
3491 2305 3685 2360 universe

2206 2399 2451 2454 nationes
2480 2416 2493 2452 :
2519 2398 2613 2454 sed
2635 2399 2689 2453 in
2712 2397 2930 2455 Christo
2952 2398 3089 2455 Jesu
3110 2414 3211 2470 per
3231 2413 3415 2455 omnes
3428 2404 3584 2467 gentes
3613 2393 3688 2446 lau-

2206 2490 2409 2545 dabant
2453 2488 2640 2556 Deum,
2689 2499 2748 2545 et
2790 2490 3135 2547 benedicitur
3161 2505 3353 2547 novum
3388 2502 3555 2545 nomen
3580 2498 3690 2555 super

2210 2589 2402 2635 terras.

2276 2667 2584 2741 Quicunque
2608 2685 2747 2725 enim
2768 2686 2836 2725 ea:
2865 2671 3114 2742 operibus
3143 2670 3270 2744 legis
3312 2682 3443 2737 sunt,
3481 2669 3559 2724 sub
3578 2666 3689 2720 utali-

2206 2760 2346 2814 dicto
2387 2770 2532 2826 sunt,
2578 2763 2829 2833 scriptum
2877 2771 2952 2817 est
3008 2764 3153 2818 enim
3179 2778 3198 2815 :
3250 2762 3531 2817 Maledicta
3572 2757 3692 2811 omnis

2205 2852 2292 2922 qui
2335 2867 2442 2905 non
2486 2854 2828 2923 permanserit
2864 2854 2920 2909 iu
2958 2856 3205 2910 omnibus
3254 2870 3367 2926 qua
3412 2852 3576 2922 scripta
3609 2857 3691 2903 sunt

2205 2942 2260 2996 iu
2312 2941 2445 3021 libro
2489 2942 2617 3014 legis
2638 2944 2818 3014 hujus,
2860 2954 2916 2999 ut
2939 2945 3110 3015 faciat
3134 2963 3218 3001 ea.

2282 3031 2395 3088 Sub
2420 3035 2616 3091 timore
2635 3036 2749 3091 vult
2769 3036 3018 3107 intelligi,
3060 3053 3173 3093 non
3212 3038 3265 3092 in
3297 3037 3603 3097 libertatc,ut
3623 3029 3693 3085 sri-

527 3100 789 3194 sapientis
816 3126 919 3179 viri
958 3125 1047 3180 illa
1078 3126 1367 3188 sententia,
1406 3141 1511 3180 non
1560 3125 1772 3181 ﬁdelem
1817 3127 1999 3183 vivere
2039 3142 2107 3182 ex
2135 3100 2181 3162 Ο
2212 3122 2337 3178 licet
2368 3125 2635 3194 corporali
2680 3100 3041 3197 prementique
3072 3128 3311 3184 vindicta
3338 3120 3690 3181 vindicanturin

523 3214 749 3282 iustitia,
779 3217 872 3270 sed
910 3216 1118 3286 justum
1164 3232 1230 3271 ex
1277 3217 1382 3271 ﬁde
1416 3216 1646 3288 (Habac.
1678 3217 1761 3289 ιι).
1804 3216 1980 3272 Simul
2018 3232 2108 3273 os-

532 3303 773 3358 tenditur
801 3304 1042 3370 Galatas,
1075 3315 1299 3375 acccpto
1326 3315 1449 3376 post
1474 3306 1633 3362 ﬁdem
1664 3315 1855 3362 sancto
1876 3306 2107 3378 Spiritu,

533 3393 677 3446 dona
718 3392 805 3447 hat
825 3394 970 3449 uisse
996 3395 1278 3460 virtutum,
1301 3396 1355 3450 id
1382 3403 1488 3461 est,
1535 3398 1895 3466 prophetiam,
1912 3413 2111 3469 genera

531 3483 859 3553 linguarum,
898 3485 1208 3540 morborum
1259 3487 1590 3551 curationes,
1626 3497 1682 3544 et
1720 3497 1938 3556 ctetera,
1991 3504 2112 3560 quae

533 3573 602 3627 ad
636 3572 942 3631 Corinthios
975 3577 1028 3630 in
1062 3576 1219 3631 donis
1235 3577 1567 3647 spiritalibus
1608 3590 2031 3637 enumerantur:
2056 3591 2114 3638 et

531 3675 712 3717 tamen
736 3674 859 3735 post
879 3673 1047 3728 tanta,
1070 3666 1195 3735 quia
1227 3665 1453 3721 forsitan
1477 3668 1707 3738 gratiam
1727 3669 2114 3728 discernendo—

530 3769 651 3808 rum
678 3754 965 3825 spirituum
995 3771 1100 3811 non
1149 3756 1402 3821 habeant,
1436 3773 1469 3811 a
1502 3757 1652 3814 falsis
1680 3760 1999 3817 doctoribus
2039 3762 2113 3817 ir-

532 3845 677 3899 rctiti
731 3852 878 3899 sunt.

599 3932 749 3988 Sicut
791 3933 1058 3987 Abraham
1095 3934 1317 3988 credidit
1340 3935 1469 4002 Deo,
1496 3946 1544 3990 et
1579 3946 1881 4007 reputemus
1916 3949 1994 3995 est
2031 3940 2113 3995 illi

529 4022 600 4076 ad
628 4022 914 4092 justitiam.
946 4024 1060 4079 Hoc
1083 4026 1229 4079 enim
1261 4027 1497 4082 maxime
1536 4027 1591 4083 in
1640 4043 1708 4083 eo
1761 4019 2111 4089 victoriosum

528 4120 634 4174 est,
669 4111 813 4179 quod
866 4120 1154 4182 antequam
1183 4113 1690 4180 circumcideretur,
1728 4117 1986 4187 deputata
2022 4128 2115 4176 est

530 4201 667 4255 lldes
714 4202 952 4271 gentium
991 4204 1058 4256 ad
1102 4202 1392 4271 justitiam.
1443 4205 1510 4260 Et
1533 4207 1604 4261 ob
1630 4207 1734 4262 hoc
1761 4207 2002 4265 refertur
2021 4227 2112 4268 re-

530 4291 795 4354 ctissime,
851 4292 993 4360 quod
1020 4293 1069 4347 ei
1095 4294 1298 4348 dictum
1322 4305 1443 4351 est:
1476 4296 1615 4363 Quia
1645 4298 2020 4355 benedicentur
2055 4305 2115 4358 in

2214 3230 2308 3271 eos
2334 3217 2428 3287 qui
2477 3232 2585 3273 non
2626 3227 3006 3288 permanerent
3039 3219 3092 3275 in
3135 3221 3379 3275 omnibus
3417 3232 3519 3289 qua
3553 3214 3697 3282 scripta
3812 3248 3813 3303 ξ

2213 3317 2341 3366 situt
2393 3311 2451 3367 in
2494 3310 2634 3366 libro
2681 3311 2837 3382 legis,
2883 3321 2942 3366 ut
2980 3311 3232 3368 facerent
3277 3328 3359 3368 ea.
3404 3311 3506 3365 Huc
3541 3318 3698 3377 qvoqve
3812 3360 3813 3383 ἰ

2214 3399 2516 3466 accederet,
2558 3409 2617 3455 ut
2651 3401 2709 3455 in
2752 3401 2868 3470 ipsa
2913 3416 3210 3472 corporum
3255 3416 3407 3473 pana
3433 3400 3569 3454 etiam
3585 3392 3698 3448 male
3812 3400 3813 3403 ‘

2214 3491 2343 3546 dicti
2391 3491 2743 3561 ignominiam
2776 3490 3167 3549 formidarent.
3200 3492 3293 3547 ille
3326 3499 3487 3546 autem
3508 3484 3697 3558 instita-

2213 3589 2303 3637 tur
2345 3582 2488 3653 apud
2539 3580 2731 3646 Deum,
2777 3582 2870 3651 qui
2896 3596 3022 3636 eum
3061 3584 3241 3653 gratis
3281 3582 3406 3638 colit
3442 3594 3534 3635 non
3551 3574 3697 3632 scilicet

2213 3674 2509 3746 cupiditate
2541 3674 2829 3744 appetendi
2869 3674 3075 3742 aliquid
3110 3677 3186 3730 ab
3216 3676 3331 3745 ipso
3383 3680 3554 3745 praeter
3573 3668 3693 3736 ipsum

2214 3772 2311 3819 aut
2330 3764 2525 3820 timore
2542 3763 2846 3820 amittendi.
2900 3764 2958 3819 In
2980 3765 3105 3835 ipso
3123 3767 3268 3822 enim
3300 3766 3410 3822 solo
3432 3776 3536 3819 vera
3566 3764 3692 3814 noun

2214 3857 2489 3913 beatitudo
2513 3865 2676 3927 atque
2698 3855 2956 3927 perfectio
2979 3865 3082 3911 est.
3131 3858 3200 3915 Et
3226 3859 3467 3930 quoniam
3491 3847 3695 3911 invisibilis

2212 3956 2300 4001 est
2349 3946 2522 4002 oculis
2564 3947 2800 4012 carneis,
2851 3947 2956 4002 ﬁde
3010 3948 3241 4015 colitur,
3296 3949 3512 4019 quandiu
3549 3945 3590 3998 in
3628 3941 3692 3995 hac

2213 4051 2377 4093 carne
2401 4037 2654 4102 vivimus,
2681 4037 2822 4091 sicut
2846 4053 3011 4108 supra
3034 4038 3177 4093 dixit
3209 4058 3221 4095 :
3255 4040 3403 4106 Quod
3436 4046 3582 4092 cetera
3602 4043 3692 4085 arat

2213 4131 2325 4185 viro
2350 4130 2406 4183 in
2461 4144 2638 4196 came,
2690 4129 2747 4183 in
2786 4128 2892 4198 ﬁde
2924 4130 3034 4185 rivo
3088 4131 3224 4188 Filii
3261 4131 3375 4197 Dei,
3423 4136 3476 4184 et
3515 4128 3605 4195 ipsa
3638 4127 3693 4173 εει

2206 4218 2442 4289 justitia,
2467 4230 2576 4289 quo
2615 4219 2854 4289 pertinet
2885 4220 3028 4289 quod
3069 4221 3277 4276 dictum
3305 4230 3403 4285 est,
3452 4218 3557 4287 quia
3572 4212 3696 4281 justus

2215 4327 2282 4367 ex
2332 4312 2436 4367 ﬁde
2472 4311 2621 4365 vivit.
2667 4309 2804 4365 Hinc
2825 4311 3026 4365 etenim
3054 4313 3343 4367 ostendere
3393 4308 3557 4369 voluit,
3598 4295 3695 4369 quod

531 4393 583 4473 te
626 4397 802 4437 omnes
823 4394 997 4473 gentes
1035 4383 1189 4455 (Cen.
1218 4387 1376 4460 χχιι).
1407 4388 1709 4447 imitatione
1755 4393 1943 4463 utique
1985 4394 2111 4451 ﬁdei
2137 4446 2189 4473 η
2217 4403 2271 4458 in
2293 4402 2410 4472 lege
2452 4417 2614 4456 nemo
2628 4399 2982 4469 justiﬁeatur,
3011 4403 3141 4472 quia
3172 4403 3425 4473 scriptum
3451 4394 3692 4463 est,juslt|ﬂl

529 4472 666 4540 ejus,
711 4489 816 4544 qua
834 4472 1167 4542 justiﬁestus
1185 4489 1269 4532 est
1313 4479 1479 4533 etiam
1537 4489 1665 4536 ante
1703 4492 2112 4540 sacramentum

530 4565 980 4633 circumeisionis,
1032 4570 1177 4638 quod
1216 4571 1283 4625 ad
1314 4572 1437 4626 ﬁdei
1489 4571 1828 4642 signaculum
1875 4577 2109 4646 accepit,

529 4667 586 4710 rt
629 4665 756 4712 ante
803 4658 1120 4714 servitutem
1156 4660 1311 4731 legis,
1334 4676 1455 4731 quae
1492 4663 1665 4718 multo
1701 4673 1826 4733 post
1850 4664 1977 4720 data
2025 4675 2112 4722 est

531 4757 791 4815 tempore.
841 4747 1007 4803 Recte
1054 4736 1180 4805 talis
1230 4761 1512 4821 reputatur
1539 4753 1673 4809 ﬁdes
1700 4755 1775 4810 ad
1817 4756 2106 4826 justitiam,

527 4837 620 4904 qui
645 4837 776 4906 legis
811 4853 975 4908 opera
1001 4854 1408 4911 supergressus,
1452 4842 1623 4899 Deum
1653 4860 1760 4900 non
1796 4854 1968 4912 metu,
2013 4848 2108 4904 sed

528 4928 817 4982 dilectione
848 4931 1170 4996 promeruit.

598 5034 922 5106 Cognoscitis
957 5053 1100 5107 ergo,
1139 5040 1263 5110 quia
1305 5058 1394 5111 qut
1445 5059 1510 5097 ea:
1549 5044 1653 5113 [ide
1691 5057 1834 5111 sunt,
1885 5048 1940 5101 hi
1983 5060 2104 5103 sunt

528 5123 629 5191 ﬁlii
666 5125 954 5180 Abraham.
1005 5127 1206 5182 Verum
1238 5138 1322 5183 est
1374 5131 1502 5200 quia
1534 5134 1819 5189 credentes
1854 5135 1950 5190 ﬁlii
1979 5144 2106 5191 sunt

526 5217 777 5286 Abrahae,
826 5219 964 5287 Quia
1009 5221 1054 5277 si
1083 5220 1361 5278 Abraham
1416 5238 1484 5280 ex
1534 5224 1637 5279 ﬁde
1666 5225 1995 5296 justiﬁcatus
2023 5237 2106 5284 est

526 5308 755 5376 primus,
789 5319 1054 5380 quotquot
1090 5322 1212 5382 post
1240 5313 1384 5369 hunc
1411 5314 1659 5370 credunt.
1685 5315 1777 5371 ﬁlii
1809 5315 1926 5385 ejus
1953 5327 2101 5384 sunt,

525 5399 639 5454 sive
689 5416 753 5455 ex
784 5399 1004 5467 Iudaeis,
1050 5405 1165 5460 sive
1204 5418 1273 5460 ex
1318 5407 1588 5476 gentibus.
1637 5406 1851 5464 Plenius
1883 5411 1952 5465 de
1999 5412 2102 5467 hoc

526 5489 581 5542 in
623 5490 847 5558 epistola
879 5493 947 5546 ad
995 5492 1270 5550 Romanos
1292 5495 1626 5566 disputabat,
1669 5500 1812 5568 quod
1840 5500 1975 5556 ﬁdes
2016 5515 2101 5565 re:

528 5587 710 5645 putata
747 5580 820 5633 sit
839 5581 1090 5644 Abrahae,
1116 5592 1172 5638 et
1202 5586 1437 5648 ueteris,
1459 5587 1766 5656 quicunque
1788 5590 1889 5644 hac
1918 5600 2101 5646 mente

528 5666 872 5728 crediderint,
931 5671 1057 5737 quia
1088 5673 1498 5729 incircumcisus
1528 5678 1758 5732 credidit
1800 5679 2096 5745 Abraham,

2137 4446 2189 4506 D

2211 4510 2277 4550 ex
2324 4494 2429 4550 ﬁde
2472 4495 2674 4549 vivere.
2710 4493 2828 4560 Qua
2858 4494 2912 4547 iu
2945 4509 3005 4563 re
3029 4488 3578 4566 intelligendumestin
3600 4484 3691 4549 ιθῧθο

2208 4586 2352 4656 quod
2402 4599 2545 4640 nunc
2589 4585 2686 4649 ait,
2722 4585 2775 4640 in
2822 4585 3078 4655 operibus
3110 4585 3248 4655 legis
3277 4585 3469 4639 dictum
3512 4573 3696 4632 esuttl

2209 4679 2314 4733 hoc
2360 4676 2495 4739 istis,
2555 4676 2649 4746 qui
2706 4675 2762 4730 in
2790 4676 3212 4732 circuntcisione
3239 4676 3436 4738 carnis,
3479 4678 3528 4723 et
3557 4661 3694 4719 talibus

2207 4766 2674 4823 observationibus
2720 4767 3084 4831 continentur,
3144 4768 3201 4821 in
3240 4764 3430 4837 quibus
3479 4758 3557 4829 qui
3585 4750 3692 4807 vivit.

2209 4860 2285 4914 ita
2326 4860 2381 4915 in
2425 4859 2542 4928 lege
2584 4868 2690 4924 est,
2742 4867 2803 4913 ut
2851 4860 2952 4915 sub
2991 4859 3108 4930 lege
3144 4859 3310 4922 vivat,
3345 4854 3433 4911 scd
3468 4853 3623 4920 legem.
3656 4848 3695 4892 ιιι

2209 4952 2409 5007 dictum
2440 4959 2547 5014 est,
2592 4964 2691 5019 pro
2736 4950 2869 5020 ipsis
2911 4950 3168 5020 operibus
3196 4948 3331 5019 legis
3376 4956 3504 5000 nunc
3535 4933 3693 5011 ρωιιίιο

2207 5043 2352 5113 quod
2377 5044 2443 5097 de
2467 5042 2859 5112 posterioribus
2901 5039 3297 5095 manifestatur.
3320 5037 3412 5091 Ait
3443 5033 3567 5089 etaim
3590 5044 3602 5079 :
3623 5021 3695 5121 11f

2206 5144 2381 5188 autem
2424 5149 2530 5187 non
2565 5141 2643 5186 est
2690 5148 2756 5186 ea:
2804 5131 2933 5200 ﬁde,
2986 5131 3079 5185 sed
3116 5132 3206 5201 qui
3240 5129 3412 5199 fecerit
3431 5142 3504 5185 ea.
3546 5122 3692 5174 rium

2204 5225 2331 5280 illis.
2383 5224 2498 5279 Non
2542 5226 2640 5291 ait,
2680 5224 2772 5292 qui
2798 5222 2990 5278 fecerit
3032 5237 3175 5287 eam,
3218 5221 3431 5275 vivs-tiu
3473 5230 3546 5274 ea.
3583 5205 3694 5298 "if

2206 5315 2418 5385 telligas
2454 5313 2626 5384 legem
2656 5313 2709 5366 in
2748 5312 2851 5366 hoc
2878 5312 2998 5366 loco
3043 5326 3141 5380 pro
3170 5309 3305 5380 ipsis
3349 5303 3694 5385 operibuspoﬂf

2203 5384 2342 5470 tam,
2376 5403 2467 5477 qui
2494 5413 2672 5458 autem
2717 5401 2978 5457 vivebant
2995 5403 3050 5457 in
3081 5401 3162 5456 liis
3185 5398 3448 5470 operibus,

2201 5470 2410 5569 utique,
2463 5512 2531 5553 ne
2573 5499 2618 5553 si
2660 5513 2769 5554 non
2815 5512 2878 5553 ea
2923 5496 3196 5560 fecissent,
3240 5470 3692 5569 lapidationem."el

2202 5566 2439 5647 crucem,
2490 5585 2574 5640 vel
2611 5585 2813 5654 aliquid
2851 5584 3011 5653 hujus
3063 5584 3202 5641 modi
3239 5587 3546 5653 paterenltﬂ'o

2202 5679 2291 5747 qui
2335 5675 2521 5730 fecerit
2550 5689 2635 5738 ea,
2662 5675 2854 5744 inquit,
2911 5676 3055 5731 vivet
3078 5677 3130 5730 in
3158 5675 3282 5737 illis,
3332 5671 3381 5725 id
3406 5674 3497 5730 est.
3520 5655 3689 5718 ωεωι
