3924 6170
268 302 372 361 869

1187 306 1445 362 ENARR.
1487 307 1558 364 ΙΝ
1596 306 1818 364 EPIST.
1859 304 1923 362 Ι).
1963 303 2172 361 PAULI
2204 304 2299 360 ΔΙ)
2336 302 2589 365 GALAT.

3425 300 3530 355 873

265 415 567 491 praemium,
594 432 662 473 ne
695 418 749 473 in
775 420 874 474 ista
895 427 1071 475 morte
1093 423 1370 491 puniatur.
1393 420 1511 477 Non
1542 434 1673 493 ergo
1699 422 1844 492 apud
1872 427 1921 485 Α
1946 428 2248 488 peccatum,
2277 425 2339 471 ut
2365 432 2465 473 nos
2493 416 2849 479 liberaremur
2876 433 2889 468 :
2921 428 2989 469 ne
3025 418 3286 483 regnante
3308 424 3531 482 peccato

266 510 462 575 Demn,
511 509 661 578 cujus
698 524 765 565 ex
814 510 940 576 ﬁde,
978 513 1023 567 si
1062 514 1184 581 quis
1213 512 1265 568 in
1311 514 1413 569 hac
1468 515 1579 568 vita
1626 513 1840 577 vixerit,

266 619 390 658 cum
436 602 558 657 hinc
585 602 902 668 excesserit,
930 612 1057 658 tunc
1085 620 1209 659 enm
1245 605 1418 674 magis
1462 605 1843 675 babebitprre-

266 693 633 749 sentissimun.
686 694 985 763 praemium.
1043 695 1157 750 Non
1202 697 1388 767 utique
1416 712 1484 751 ex
1530 696 1637 752 ﬁde
1687 697 1841 761 vivit,

265 785 510 855 quisquis
553 785 862 855 praesentia,
933 801 1052 856 quae
1101 786 1376 853 videntur,
1417 785 1504 841 vel
1548 787 1718 856 cupit,
1757 787 1843 842 vel

265 877 420 930 timet
449 891 464 927 :
493 874 620 945 quia
672 874 806 932 ﬁdes
844 876 937 931 Dei
981 876 1048 931 ad
1085 875 1376 931 invisibilia
1420 877 1678 947 pertinet,
1726 891 1846 947 quae

264 975 388 1036 post
427 964 717 1023 dabuntur.
768 964 904 1019 Nam
945 973 1031 1020 est
1069 966 1173 1021 ista
1203 966 1451 1036 quaedam
1490 966 1543 1021 in
1588 967 1845 1037 operibus

264 1055 402 1127 legis
422 1056 652 1126 iustitia,
700 1056 916 1126 quando
964 1057 1083 1114 sine
1126 1073 1225 1113 suo
1249 1059 1474 1128 praemio
1521 1059 1710 1114 relicta
1735 1074 1845 1113 non

266 1157 373 1214 est,
422 1157 482 1202 ut
507 1148 597 1217 qui
640 1147 852 1213 fecerit,
880 1147 1027 1202 vivat
1055 1149 1111 1203 in
1151 1149 1249 1204 eis.
1285 1148 1441 1205 Unde
1469 1150 1537 1204 ad
1570 1149 1847 1205 Romanos

262 1241 434 1297 dicit:
465 1240 526 1296 Si
551 1241 689 1294 enim
719 1239 982 1294 Abraham
1013 1254 1078 1294 ea:
1111 1240 1352 1311 operibus
1391 1239 1720 1310 justiﬁcatus
1748 1250 1842 1304 est,

261 1329 419 1384 habet
446 1328 691 1400 gloriam,
722 1329 812 1383 sed
841 1329 983 1400 apud
1020 1329 1185 1384 Deum
1219 1329 1393 1401 (Rom.
1419 1329 1519 1402 tv).
1572 1330 1733 1385 Aliud
1761 1339 1846 1386 est

260 1434 395 1490 ergo
444 1435 551 1475 non
595 1417 912 1488 iustiﬁcari,
977 1420 1124 1475 aliud
1180 1436 1288 1476 non
1344 1419 1634 1490 iustiﬁcari
1700 1420 1845 1490 apud

262 1500 454 1564 Deum.
486 1508 590 1577 Qui
612 1511 833 1565 omnino
859 1526 965 1566 non
999 1510 1349 1582 iustiﬁcetur,
1383 1527 1484 1568 nec
1512 1511 1601 1567 illa
1636 1519 1842 1575 servat,

257 1616 384 1671 qua:
440 1601 733 1671 temporale
787 1600 988 1658 habent
1035 1604 1339 1672 praemium,
1390 1618 1492 1659 nec
1556 1603 1646 1659 illa
1723 1618 1844 1674 quae

258 1701 545 1747 aeternum.
596 1692 695 1759 Qui
724 1701 903 1747 autem
930 1693 984 1747 in
1019 1693 1274 1763 operibus
1309 1692 1442 1765 legis
1480 1691 1835 1762 iustiﬁcatur,

1947 524 2046 565 nos
2071 509 2309 563 damnati
2348 522 2769 562 remaneremus.
2800 506 2937 573 Quid
2967 519 3098 573 ergo
3128 506 3359 560 miratur
3390 506 3534 561 Fau—

1944 608 2080 663 stus,
2124 598 2469 653 maledictnm
2513 612 2634 653 esse
2676 605 2977 665 peccatum,
3030 594 3375 650 maledictam
3412 613 3536 654 esse

1944 696 2195 751 mortem,
2242 688 2599 742 maledictum
2616 702 2738 765 esse
2775 686 3163 740 mortalitatem
3198 686 3381 741 carnis
3417 687 3536 744 sine

1943 786 2167 850 peccato
2193 777 2434 833 Christi?
2459 777 2538 831 Ex
2564 784 2789 846 peccato
2815 783 2995 830 tamen
3023 775 3259 830 hominis
3284 775 3450 830 etiam
3480 776 3535 830 in

1944 869 2164 925 Christo
2205 868 2427 924 factum.
2458 867 2537 921 Ex
2566 866 2739 921 Adam
2770 866 2967 936 quippe
2992 881 3192 935 corpus
3218 866 3535 936 assumpsit,

1944 959 2071 1028 quia
2109 972 2177 1013 ex
2216 956 2390 1011 Adam
2429 955 2714 1011 descendit
2754 955 2898 1023 virgo
2939 953 3132 1017 Maria,
3172 970 3295 1023 quis
3330 956 3536 1023 peperit

1944 1047 2243 1104 Christum.
2287 1048 2509 1102 Dixerat
2547 1054 2728 1100 autem
2771 1045 2915 1101 Deus
2955 1044 3008 1099 in
3053 1045 3305 1114 paradiso
3347 1063 3362 1099 :
3416 1044 3535 1110 Qua

1944 1142 2029 1197 die
2075 1141 2367 1212 tetigeritis,
2409 1149 2575 1194 morte
2617 1140 2911 1193 moriemini
2959 1138 3114 1211 (Gen.
3160 1139 3243 1211 ιι).
3293 1139 3406 1195 Hoc
3448 1148 3535 1194 est

1944 1233 2313 1297 maledictum,
2351 1233 2493 1301 quod
2526 1232 2783 1301 pependit
2823 1231 2875 1284 in
2916 1230 3080 1299 ligno.
3120 1232 3213 1292 ille
3252 1241 3411 1303 neget
3446 1231 3534 1287 Je-

1943 1338 2063 1377 sum
2108 1323 2474 1387 maledictum,
2517 1324 2610 1391 qui
2651 1330 2814 1393 negat
2851 1330 2907 1376 et
2951 1332 3255 1389 mortuum;
3304 1322 3396 1392 qui
3437 1338 3533 1377 an-

1945 1420 2051 1466 tem
2094 1411 2388 1466 conﬁtetur
2424 1420 2481 1467 et
2527 1420 2832 1477 mortuum,
2870 1420 2926 1465 et
2974 1426 3172 1480 negare
3210 1426 3315 1466 non
3352 1420 3536 1481 potest

1943 1512 2175 1559 mortem
2215 1505 2281 1559 de
2321 1513 2544 1573 peccato
2596 1518 2741 1568 esse,
2782 1511 2837 1557 et
2886 1502 2957 1557 ob
3008 1502 3111 1558 hoc
3150 1503 3313 1558 etiam
3355 1503 3531 1573 ipsum

1943 1606 2222 1666 peccatum
2277 1596 2489 1650 vocavit
2535 1613 2550 1649 :
2602 1595 2785 1649 audiat
2834 1594 3150 1665 Apostolum
3196 1595 3462 1650 dicentem
3516 1614 3532 1649 :

1942 1684 2208 1750 Quoniam
2248 1692 2402 1739 vetus
2446 1694 2631 1739 noster
2669 1685 2832 1739 homo
2869 1684 3028 1738 simul
3066 1699 3191 1739 cum
3226 1684 3319 1738 illo
3352 1685 3531 1740 cruci-

257 1798 369 1839 non
423 1783 565 1854 apud
593 1783 758 1837 Deum
782 1782 1131 1850 iustiﬁcari",
1183 1785 1308 1853 quia
1331 1784 1684 1854 temporalem
1717 1784 1839 1839 inde
1866 1768 1913 1828 B
1942 1775 2081 1831 ﬁxus
2112 1786 2216 1842 est,
2246 1785 2302 1830 et
2336 1775 2597 1845 intelligat
2631 1790 2793 1845 quem
2826 1775 3172 1829 maledictum
3205 1774 3420 1844 Moyses
3449 1774 3535 1829 di-

254 1879 564 1941 exspectat,
618 1872 994 1941 vlsibilemque
1044 1872 1369 1928 mercedem.
1411 1871 1519 1927 Sed
1543 1880 1722 1926 tamen
1754 1880 1840 1926 est

254 1961 425 2016 etiam
450 1961 574 2023 ista,
604 1968 664 2013 ut
719 1960 850 2025 dixi,
898 1960 1167 2030 quaedam,
1203 1968 1261 2014 ut
1289 1960 1369 2014 sic
1391 1960 1591 2025 dicam,
1622 1968 1839 2013 terrena

253 2036 601 2120 carnalisque
651 2049 885 2118 iustitia.
933 2048 1067 2105 Nam
1116 2059 1172 2105 et
1225 2050 1341 2120 ipse
1388 2049 1676 2120 Apostolus
1716 2064 1838 2104 eam

249 2140 519 2210 iustitiam
559 2147 741 2205 vocat,
785 2155 908 2194 cum
957 2141 1083 2195 alibi
1121 2141 1301 2195 dicit:
1338 2140 1642 2196 Secundum
1677 2140 1841 2210 justi-

252 2232 408 2295 tiam,
456 2247 577 2302 ante
624 2232 679 2285 in
714 2230 823 2302 lege
852 2242 927 2285 est
975 2240 1311 2285 conuersatus
1357 2231 1448 2299 qui
1482 2230 1677 2285 luerim
1729 2231 1841 2284 sine

250 2321 470 2391 querela
519 2319 690 2392 (Phil.
740 2321 843 2390 ιιι).
875 2322 1167 2391 Propterea
1217 2322 1475 2376 Dominus
1517 2328 1705 2375 noster
1744 2318 1839 2375 Je-

248 2425 354 2465 sus
383 2409 635 2465 Christus
672 2409 778 2477 iam
828 2410 1131 2465 libertatem
1186 2411 1412 2464 daturus
1464 2409 1837 2473 credentibus,

250 2500 525 2569 quaedam
564 2514 750 2554 earum
787 2500 1230 2555 observationum
1259 2513 1365 2553 non
1397 2498 1639 2554 servavit
1659 2498 1727 2552 ad
1760 2497 1844 2551 lit-

254 2598 458 2643 teram.
492 2588 645 2643 Unde
674 2588 840 2643 etiam
867 2604 990 2643 cum
1019 2587 1245 2643 sabbato
1266 2588 1568 2644 esurientes
1594 2586 1840 2656 discipuli

253 2678 442 2748 spicas
478 2678 820 2742 evnlsiSsent,
875 2679 1152 2749 respondit
1184 2678 1610 2747 indignantibus,
1657 2677 1843 2731 Domi-

252 2783 385 2823 num
422 2783 533 2823 esse
553 2767 723 2835 (ilium
752 2768 980 2822 hominis
1023 2769 1181 2822 etiam
1208 2767 1411 2821 sabbati
1459 2765 1676 2837 (Matth.
1715 2764 1837 2835 xu).

246 2856 449 2925 Itaque
470 2856 560 2910 illa
588 2858 879 2912 carnaliter
906 2873 1013 2912 non
1046 2858 1386 2912 observando
1414 2856 1615 2911 carnali
1643 2857 1842 2911 conﬁa-

250 2947 436 3019 gravit
462 2946 685 3013 invidia,
730 2956 785 3003 et
812 2948 1050 3018 suscepit
1091 2947 1308 3017 quidem
1335 2961 1552 3016 [omnium
1599 2947 1841 3018 proposi-

249 3046 370 3093 tam
393 3036 517 3103 illis,
539 3038 630 3106 qui
647 3052 767 3092 eam
795 3053 902 3093 non
926 3040 1331 3103 observassent,
1355 3038 1451 3092 sed
1471 3044 1532 3092 ut
1552 3038 1840 3093 credentes

1944 1870 2119 1933 xerit,
2168 1869 2395 1939 ideoque
2441 1884 2665 1924 securus
2707 1868 2995 1939 Apostolus
3029 1868 3108 1923 ait
3153 1868 3220 1922 de
3259 1866 3477 1923 Christo
3515 1887 3531 1923 :

1944 1961 2146 2017 Factus
2178 1972 2254 2016 est
2296 1978 2391 2033 pro
2422 1962 2571 2015 nobis
2615 1960 2980 2025 maledictum,
3015 1960 3153 2015 sicut
3199 1974 3305 2016 non
3354 1959 3534 2015 timuit

1941 2054 2143 2120 dicere,
2190 2069 2291 2124 pro
2336 2064 2588 2107 omnibus
2635 2059 2882 2106 mortuus
2923 2060 3028 2107 est.
3079 2049 3194 2106 Hoc
3238 2060 3321 2106 est
3362 2051 3529 2115 enim,

1942 2154 2187 2202 mortuus
2221 2155 2326 2211 est,
2354 2144 2498 2215 quod
2540 2143 2857 2200 maledictus
2890 2161 2903 2197 :
2936 2143 3194 2213 quoniam
3223 2158 3375 2199 mors
3412 2143 3530 2212 ipsa

1941 2251 2007 2291 ex
2039 2237 2322 2292 maledicto
2346 2244 2452 2301 est,
2475 2243 2530 2289 et
2555 2234 2899 2289 maledictum
2926 2241 3009 2288 est
3038 2249 3198 2289 omne
3226 2241 3529 2304 peccatum.

1942 2328 2056 2382 sive
2080 2327 2280 2397 ipsum,
2319 2326 2466 2395 quod
2507 2324 2589 2389 ﬁt,
2633 2331 2692 2378 ut
2729 2331 2993 2392 sequatur
3035 2324 3376 2393 supplicium,
3418 2322 3535 2378 sive

1944 2413 2120 2483 ipsum
2164 2413 2506 2484 supplicium,
2546 2413 2691 2481 quod
2733 2411 2839 2466 alio
2878 2411 3040 2465 modo
3079 2418 3303 2466 vocatur
3340 2426 3534 2480 pecca-

1944 2515 2079 2571 tum,
2125 2506 2253 2576 quia
2296 2505 2356 2558 ﬁt
2396 2519 2461 2559 ex
2492 2510 2737 2574 peccato.
2776 2501 3026 2570 Suscepit
3065 2508 3243 2555 autem
3283 2499 3536 2555 Christus

1942 2597 2061 2652 sine
2110 2603 2265 2651 reatu
2319 2594 2637 2665 supplicium
2687 2599 2932 2645 nostrum
2957 2630 2973 2655 ,
3021 2597 3080 2644 ut
3130 2590 3252 2644 inde
3300 2589 3532 2645 solveret

1944 2696 2153 2744 reatum
2206 2697 2474 2749 nostrum,
2522 2694 2581 2740 et
2625 2685 2808 2740 ﬁniret
2850 2686 3014 2740 etiam
3062 2682 3383 2754 supplicium
3436 2697 3532 2736 no—

1942 2786 2135 2833 strum.
2168 2777 2243 2831 Ex
2282 2775 2497 2848 ingenio
2522 2789 2644 2830 meo
2671 2775 2774 2828 ista
2799 2771 3052 2836 dixerim,
3082 2775 3127 2826 si
3154 2785 3263 2826 non
3301 2771 3534 2841 Aposto-

1942 2865 2025 2921 lus
2053 2865 2215 2921 toties
2253 2866 2359 2919 hoc
2391 2861 2644 2926 inculcat,
2688 2869 2749 2915 ut
2784 2868 2843 2916 et
2868 2859 3202 2915 dormientes
3227 2860 3446 2923 excitet,
3477 2867 3534 2913 et

1940 2956 2333 3011 calumniantes
2369 2951 2683 3008 confundat.
2717 2950 2886 3016 Misit,
2917 2949 3111 3019 inquit,
3156 2948 3297 3003 Deus
3330 2945 3530 3003 Filium

1939 3063 2093 3103 suum
2135 3047 2191 3100 in
2233 3042 2628 3100 similitudinem
2673 3041 2847 3095 carnis
2888 3039 3087 3110 peccati
3139 3037 3329 3108 (Rom.
3377 3035 3529 3109 vin),

253 3127 315 3182 δι’
386 3141 447 3181 ⁸ο
503 3126 630 3181 ῑθιίδ
680 3141 858 3198 im?"in
918 3127 1117 3181 “more
1165 3126 1393 3181 οωηίηο
1441 3124 1718 3192 liberaret,
1767 3126 1837 3181 ad
1863 3138 1908 3201 C
1939 3137 2065 3207 quia
2107 3151 2214 3190 non
2245 3135 2312 3190 de
2344 3132 2569 3188 traduce
2606 3130 2955 3186 mortalitatis
2989 3131 3045 3184 in
3085 3128 3252 3183 Maria
3282 3143 3382 3198 per
3416 3142 3533 3183 ma-

250 3217 409 3286 qnod
457 3214 709 3282 refertur,
764 3219 908 3286 quod
944 3231 1091 3272 nunc
1129 3224 1522 3285 consequenter
1555 3212 1837 3283 adiunxit:

328 3304 566 3360 Christus
590 3322 683 3360 nos
710 3306 924 3363 redemit
956 3306 1021 3360 de
1059 3305 1335 3360 maledicto
1362 3305 1509 3377 legis,
1541 3306 1715 3376 factus
1743 3323 1839 3376 pro

248 3398 408 3453 nobis
429 3398 765 3453 maledictum
786 3418 804 3453 :
825 3401 950 3470 quia
972 3401 1229 3470 scriptum
1248 3410 1326 3455 est
1346 3416 1366 3455 :
1391 3400 1706 3455 Maledicta“
1731 3417 1842 3454 om-

249 3491 342 3543 nis
368 3490 460 3559 qui
485 3489 670 3554 pendet
698 3491 756 3544 in
783 3490 946 3561 ligno.
980 3490 1125 3546 Mors
1160 3491 1396 3546 hominis
1418 3506 1486 3547 ex
1523 3506 1681 3560 pmna
1715 3506 1843 3561 pec-

248 3578 367 3634 cati
405 3584 508 3643 est,
540 3578 683 3634 unde
718 3587 774 3635 et
813 3579 925 3648 ipsa
970 3589 1252 3650 peccatum
1292 3580 1513 3635 dicitur.
1557 3579 1675 3635 Non
1715 3581 1841 3650 quia

238 3677 453 3740 peccat
487 3669 653 3724 hom
674 3670 800 3724 dum
827 3670 1091 3735 moritur;
1135 3670 1231 3725 sed
1259 3670 1388 3739 quia
1415 3684 1482 3724 ex
1511 3679 1734 3740 peccato
1761 3671 1842 3725 fa—

249 3765 409 3811 ctum
430 3764 534 3820 est,
556 3765 615 3812 ut
636 3757 898 3813 moriatur
925 3775 938 3811 :
967 3758 1108 3813 sicut
1133 3757 1240 3812 alio
1261 3758 1420 3813 modo
1444 3758 1643 3813 dicitur
1668 3775 1682 3812 :
1717 3758 1843 3813 Lin-

244 3864 365 3921 grta
394 3851 611 3921 proprie
634 3866 782 3918 caro,
811 3865 934 3921 qum
961 3852 1106 3905 intra
1128 3851 1316 3906 dentes
1338 3851 1439 3905 sub
1461 3850 1642 3920 palato
1662 3865 1843 3905 move-

250 3956 384 4006 tur;
428 3949 487 3995 et
527 3940 633 3996 alio
662 3942 823 3996 modo
846 3941 1045 3996 dicitur
1074 3940 1277 4012 lingua,
1308 3942 1451 4010 quod
1478 3954 1576 4009 per
1600 3939 1841 4010 linguam

249 4031 365 4089 ﬁt:
402 4031 695 4087 secundum
724 4045 885 4100 quem
923 4030 1143 4085 modum
1168 4029 1372 4084 dicitur
1409 4028 1594 4100 lingua
1629 4028 1839 4095 Graeca,

250 4121 364 4177 alia
392 4119 605 4175 Latina.
646 4120 715 4175 Et
739 4135 932 4175 manus
965 4119 1073 4174 alio
1100 4118 1262 4175 modo
1290 4118 1488 4174 dicitur
1515 4118 1690 4188 ipsum
1717 4132 1843 4187 pro-

250 4209 379 4281 prie
404 4209 650 4279 corporis
674 4208 977 4265 membrum
992 4246 1009 4274 ,
1034 4207 1177 4278 quod
1215 4220 1495 4262 movemus
1519 4205 1588 4261 ad
1613 4220 1841 4276 operan-

248 4304 420 4369 dum;
452 4311 511 4357 et
537 4302 644 4357 alio
672 4302 834 4357 modo
861 4316 1058 4357 manus
1089 4301 1290 4356 dicitur
1316 4301 1603 4370 scriptura,
1632 4316 1755 4370 qua:
1781 4300 1842 4356 ﬁt

249 4400 359 4462 per
382 4402 623 4447 manum.
647 4391 886 4447 Dicimus
910 4391 1055 4447 enim
1079 4408 1093 4444 :
1123 4389 1340 4445 Prolata
1366 4399 1451 4446 est
1476 4405 1669 4446 mantus
1688 4390 1836 4460 eius;

1941 3225 2148 3282 sculum
2174 3232 2420 3288 venerat,
2448 3222 2544 3277 sed
2568 3230 2749 3275 tamen
2770 3220 2897 3289 quia
2919 3219 2987 3274 de
3009 3225 3235 3287 peccato
3254 3224 3340 3271 est
3362 3231 3530 3271 mers.

1939 3317 2031 3371 llla
2066 3324 2245 3370 autem
2283 3329 2434 3378 caro,
2464 3311 2712 3383 quamvis
2746 3327 2814 3366 ex
2852 3309 3076 3381 virgine,
3114 3318 3294 3367 tamen
3322 3315 3533 3363 morta-

1939 3407 2006 3462 lis
2032 3406 2132 3460 lnit
2159 3424 2171 3459 :
2202 3416 2257 3460 et
2284 3419 2353 3459 eo
2375 3404 2512 3473 ipso,
2542 3416 2650 3471 quo
2676 3400 2924 3456 mortalis
2946 3406 3087 3464 erat,
3120 3398 3532 3455 similitudinem

1941 3496 2173 3551 habebat
2209 3494 2394 3548 carnis
2436 3492 2662 3563 peccati.
2702 3491 2818 3545 Hoc
2863 3488 3095 3560 appellat
3134 3489 3302 3544 etiam
3343 3504 3535 3558 peccac

1940 3595 2052 3641 tum
2072 3627 2087 3651 ,
2115 3591 2511 3653 consequenter
2539 3582 2729 3637 dicens
2759 3598 2771 3633 :
2819 3577 2884 3633 Ut
2924 3578 2988 3633 de
3017 3588 3229 3647 peccato
3254 3577 3531 3631 damnaret

1938 3686 2206 3747 peccatum
2243 3676 2298 3729 in
2321 3690 2498 3728 carae.
2530 3673 2663 3728 Item
2690 3672 2799 3737 alio
2823 3671 2962 3726 loco.
3004 3669 3172 3733 Eum,
3204 3669 3417 3737 inquit,
3441 3672 3531 3740 qui

1941 3781 2046 3820 non
2085 3773 2295 3819 novena
2335 3772 2628 3832 peccatum,
2669 3768 2939 3830 peccatum
2968 3774 3065 3828 pro
3107 3758 3256 3813 nobis
3287 3757 3440 3826 fecit,
3470 3768 3531 3813 ut

1941 3868 2034 3907 nos
2061 3854 2226 3907 simus
2245 3848 2600 3921 justitia'Dei
2642 3850 2699 3902 in
2737 3849 2851 3917 ipso
2877 3845 2963 3919 (11
2988 3845 3114 3901 Cor.
3147 3846 3230 3920 ιι).
3262 3844 3372 3901 Cur
3399 3862 3533 3919 ergo

1941 3945 2156 3999 timeret
2183 3942 2394 4013 Moyses
2416 3941 2596 3995 dicere
2619 3936 2987 4002 maledictum,
3019 3935 3163 4006 quod
3191 3935 3390 3991 Paulus
3418 3950 3527 3993 non

1941 4036 2121 4091 timuit
2143 4035 2323 4090 dicere
2349 4031 2672 4105 peccatum?
2698 4029 2866 4086 Plane
2893 4030 3000 4085 hoc
3027 4030 3292 4102 propheta
3316 4030 3367 4086 ei
3393 4044 3529 4101 pra)-

1937 4122 2125 4179 videre
2141 4123 2344 4189 debuit,
2364 4130 2423 4177 et
2448 4121 2741 4191 praedicere
2764 4127 2988 4190 paratus
3012 4120 3083 4176 ab
3106 4119 3379 4176 bzereticis
3399 4135 3524 4176 eum

1938 4211 2195 4284 Apostolo
2236 4210 2580 4283 reprehendi.
2622 4209 2879 4279 Quisquis
2926 4210 3070 4270 enim
3120 4208 3529 4279 reprehenderit

1938 4302 2259 4373 prophetam
2280 4302 2479 4359 dixisse
2502 4300 2870 4367 maledictum,
2896 4300 3109 4372 cogitur
3130 4301 3527 4370 reprehendere

1939 4393 2256 4465 Apostolum
2273 4393 2474 4448 dixisse
2496 4399 2795 4462 peccatum.
2819 4390 2956 4445 Nam
2975 4392 3160 4461 utique
3178 4391 3525 4448 maledictum

249 4483 400 4538 lecta
428 4492 514 4539 est
549 4484 809 4539 adversus
832 4497 959 4538 eum
1001 4496 1194 4538 manus
1237 4481 1388 4551 eius;
1422 4480 1594 4537 habeo
1621 4497 1838 4537 manum
1864 4462 1917 4522 Ῑ)
1941 4462 2125 4542 comes
2146 4485 2354 4555 peccati
2379 4491 2482 4540 est.
2511 4483 2619 4539 Nec
2648 4483 2768 4538 ideo
2794 4482 2969 4552 maior
3001 4482 3199 4537 invidia
3233 4489 3317 4536 est
3336 4522 3351 4546 ,
3381 4482 3526 4552 quod

253 4581 411 4628 tuam
439 4590 454 4626 :
481 4587 674 4629 annus
700 4573 885 4642 utique
906 4572 1123 4643 preprle
1145 4572 1447 4631 membrum
1471 4580 1559 4629 est
1581 4571 1836 4627 hominis.

251 4663 380 4719 Non
420 4672 602 4719 autem
628 4665 821 4733 opinor
848 4664 993 4719 illam
1026 4664 1351 4734 scripturam
1389 4666 1689 4720 membrum
1720 4679 1840 4722 esse

252 4755 518 4819 hominis,
545 4764 598 4810 et
628 4762 810 4810 tamen
839 4754 1037 4811 dicitur
1059 4768 1274 4819 manus,
1303 4768 1370 4812 eo
1393 4757 1536 4824 quod
1562 4771 1725 4811 manu
1753 4756 1836 4811 la-

251 4854 351 4901 eta
378 4846 466 4902 sit.
498 4844 591 4902 Sic
613 4854 669 4903 et
687 4854 968 4916 peccatum
991 4861 1100 4903 non
1128 4854 1336 4902 tantum
1366 4848 1540 4917 ipsum
1561 4864 1697 4918 opus
1719 4866 1835 4905 ma-

252 4936 393 4999 lum.
425 4937 569 5006 quod
592 4951 753 5007 ptem
778 4937 999 5008 dignum
1031 4945 1141 5004 est,
1185 4938 1279 4993 sed
1320 4940 1483 4993 etiam
1515 4940 1627 5007 ipsa
1668 4956 1837 5006 mors,

250 5041 384 5098 qua:
422 5036 644 5099 propter
675 5039 897 5099 peccata
938 5037 1043 5097 est,
1072 5039 1352 5100 peccatum
1382 5030 1708 5100 appellatum
1732 5041 1836 5089 est.

253 5116 393 5174 Illud
431 5118 615 5188 itaque
654 5127 956 5189 peceatum,
985 5136 1095 5190 quo
1131 5137 1259 5177 reus
1293 5131 1439 5178 esset
1473 5124 1684 5188 mortis,
1729 5140 1837 5179 non

252 5208 532 5263 commisit
554 5208 822 5265 Christus.
847 5208 979 5266 Illud
1000 5218 1179 5267 autem
1202 5212 1453 5281 alterum,
1478 5214 1533 5270 id
1557 5224 1665 5281 est,
1694 5231 1838 5271 mor-

256 5303 408 5362 tem,
435 5311 556 5365 quae
589 5306 812 5367 peccato
836 5298 1039 5355 inﬂicta
1067 5308 1152 5355 est
1181 5300 1428 5358 humana:
1457 5313 1689 5371 natur-.12,
1717 5321 1834 5362 susv

255 5383 409 5453 eepit
428 5400 527 5455 pro
553 5387 733 5443 nobis.
773 5387 887 5443 lloc
913 5388 1194 5457 suspendit
1236 5390 1293 5444 in
1326 5390 1493 5461 ligno,
1535 5391 1639 5447 hoc
1668 5393 1835 5448 male—

240 5473 466 5532 dictum
503 5487 590 5534 est
618 5494 714 5549 per
755 5479 994 5552 loysen.
1025 5481 1099 5537 lbi
1147 5496 1295 5552 mors
1330 5483 1585 5539 damnata
1625 5493 1727 5552 est,
1768 5499 1837 5541 ne

261 5578 534 5637 aequaret,
575 5580 632 5627 et
670 5571 950 5629 maledicta
990 5580 1093 5637 est,
1135 5581 1196 5627 ut
1233 5575 1453 5642 periret.
1496 5575 1839 5644 Quapropter

258 5669 357 5723 per
381 5657 584 5715 Christi
612 5661 717 5716 tale
747 5671 1029 5734 peccatum
1065 5662 1375 5720 damnatum
1396 5675 1483 5721 est
1508 5674 1563 5719 et
1593 5674 1835 5721 nostrum

1939 4578 2209 4634 addiderit
2233 4577 2364 4643 Deo,
2391 4585 2451 4631 ut
2474 4576 2712 4640 diceret,
2741 4573 3058 4629 Maledicta:
3086 4572 3194 4627 Deo
3216 4575 3406 4637 omnis,
3432 4575 3527 4644 qui

1937 4668 2234 4739 pependerit
2252 4669 2309 4722 in
2333 4666 2497 4737 ligno.
2518 4664 2630 4720 Nisi
2652 4664 2797 4720 enim
2823 4664 2968 4719 Deus
2988 4665 3193 4721 odisset
3216 4672 3520 4733 peccatum,

1938 4768 1995 4814 et
2017 4766 2247 4814 mortem
2273 4767 2535 4819 nostram,
2562 4771 2671 4809 non
2701 4754 2769 4809 ad
2793 4770 2913 4809 eam
2940 4753 3338 4823 suscipiendam
3360 4761 3525 4821 atque

1937 4848 2220 4904 delendam
2254 4847 2449 4902 Filium
2481 4861 2637 4902 suum
2673 4845 2932 4900 mitteret.
2968 4843 3105 4911 Quid
3130 4856 3259 4912 ergo
3300 4842 3521 4907 mirum,

1936 4937 1981 4991 si
2012 4936 2360 4992 maledictum
2386 4944 2467 4991 est
2496 4935 2626 4999 Deo,
2656 4934 2799 5004 quod
2830 4934 2944 4988 odit
2971 4932 3148 4987 Deus?
3173 4931 3348 4987 Tanto
3374 4931 3523 4987 enim

1935 5028 2190 5083 libentius
2210 5027 2368 5083 nobis
2393 5027 2558 5083 donat
2581 5025 3065 5088 immortalitatem,
3086 5037 3207 5093 quae
3234 5021 3413 5076 futura
3437 5028 3523 5077 est

1936 5120 2153 5176 Christo
2178 5119 2446 5183 veniente,
2478 5125 2681 5187 quanto
2710 5114 3113 5172 misericordius
3139 5112 3254 5169 odit
3291 5118 3522 5169 mortem

1937 5218 2200 5274 nostram,
2236 5224 2357 5278 quae
2401 5210 2456 5263 in
2501 5207 2646 5279 ligno
2681 5207 2937 5278 pependit
2976 5204 3192 5262 Christo
3230 5202 3518 5259 moriente.

1939 5300 2093 5369 Quod
2122 5310 2305 5356 autem
2345 5300 2586 5355 additum
2621 5307 2740 5362 est,
2769 5297 2964 5362 omnis,
2996 5303 3055 5350 ut
3081 5295 3372 5359 diceretur,
3402 5292 3523 5348 Ha—

1936 5389 2156 5447 ledictus
2178 5389 2346 5444 omm's
2371 5391 2460 5459 qui
2485 5388 2725 5458 pependit
2750 5389 2806 5440 in
2827 5386 2991 5456 ligno,
3021 5402 3126 5442 non
3155 5400 3289 5441 sane
3311 5384 3523 5456 Moyses

1938 5484 2119 5540 minus
2160 5483 2403 5553 praevidit
2442 5484 2608 5539 etiam
2648 5481 2830 5549 iustos
2857 5483 2909 5536 in
2952 5495 3116 5538 cruce
3160 5481 3394 5548 futuros,
3425 5482 3521 5538 sed

1938 5575 2075 5628 bene
2106 5572 2355 5644 prmvidit
2382 5573 2666 5627 haereticos
2698 5587 2885 5626 veram
2911 5582 3139 5628 mortem
3170 5573 3382 5630 Domini
3425 5586 3520 5628 ne-

1938 5675 2178 5737 gaturos,
2211 5671 2266 5717 ct
2291 5662 2410 5717 ideo
2436 5661 2679 5716 volentes
2704 5661 2771 5716 ab
2800 5663 2901 5717 hoc
2934 5663 3216 5719 maledicto
3244 5664 3518 5721 Christum
