3922 6180
531 281 627 338 871

1595 273 1876 331 CLAle
1916 273 2382 333 TAUBINENSIS
2416 273 2728 335 EPISCOPI
3627 293 3707 349 ιτς

533 393 840 467 seiungere,
860 398 973 446 uta
1002 389 1193 444 mortis
1217 388 1382 443 etiam
1410 388 1638 443 veritate
1663 398 2028 459 sejungerent.
2052 386 2110 443 Si
2146 399 2185 452 Α
2214 388 2582 450 con/innatum
2627 401 2993 449 testamentum
3031 410 3178 450 nemo
3223 400 3403 467 spernit
3447 413 3530 458 aut
3565 421 3711 477 super.

531 488 676 543 enim
719 499 846 540 vera
886 481 974 536 illa
1007 495 1156 535 mors
1185 495 1293 536 non
1333 488 1473 542 erat,
1519 477 1722 533 nullum
1767 478 2115 533 maledictum

531 577 748 631 Christo
788 571 1050 627 crnciﬁxo
1089 570 1345 641 pependit
1374 570 1430 624 in
1470 568 1617 640 ligno
1651 588 1665 623 :
1696 569 1825 639 quia
1858 583 1959 625 nec
1990 584 2115 624 vere

529 669 817 724 cruciﬁxus
856 673 967 731 est,
1013 667 1110 720 sed
1151 672 1343 720 contra
1382 664 1544 735 longe
1577 662 1789 718 futuros
1828 663 2114 719 hmreticos

527 776 691 830 quam
719 759 786 814 de
808 759 967 828 longe
997 756 1200 811 clamat
1226 755 1435 826 Moyses
1466 773 1479 808 :
1515 754 1644 810 Sine
1668 768 1832 811 causa
1859 754 2117 824 tergiver-

528 851 745 915 santini,
790 866 824 904 ο
870 850 1066 919 quibus
1113 847 1361 918 displicet
1406 847 1611 901 veritas
1654 846 1848 903 mortis
1889 845 2114 912 Christi,

527 944 848 999 maledictus
869 942 1049 998 omnis
1074 942 1165 1012 qui
1190 941 1451 1011 pependit
1472 940 1524 994 in
1554 940 1717 1009 ligno.
1743 938 1860 993 Non
1889 937 2000 1001 ille,
2019 946 2116 992 aut

527 1034 640 1100 illc,
670 1034 765 1089 sed
792 1033 971 1089 omnis
999 1032 1241 1096 omnino,
1274 1031 1439 1085 etiam
1476 1038 1537 1084 et
1578 1029 1747 1084 Filius
1782 1028 1905 1089 Dei,
1948 1026 2115 1082 etiam

526 1138 770 1196 prorsus.
801 1124 936 1179 Nam
961 1125 1065 1179 hoc
1094 1132 1197 1189 est,
1234 1123 1378 1192 quod
1405 1139 1511 1177 non
1549 1121 1734 1186 vultis,
1763 1121 1887 1177 infe
1915 1120 2115 1191 satagi-

525 1216 619 1280 tis,
655 1215 779 1270 inde
818 1214 1095 1269 scducitis.
1138 1213 1401 1283 Displicet
1426 1212 1571 1267 enim
1613 1211 1767 1267 vobis
1795 1212 2116 1267 maledictus

524 1320 625 1376 pro
657 1304 840 1371 nobis,
871 1304 1001 1374 quia
1046 1303 1297 1375 displicet
1338 1314 1582 1358 mortuus
1601 1318 1707 1373 pro
1735 1303 1912 1359 nobis.
1961 1303 2113 1358 Tunc

523 1396 667 1450 enim
694 1404 851 1450 extra
894 1394 1246 1449 maledictum
1268 1393 1418 1449 illius
1463 1394 1635 1450 Adam
1656 1433 1671 1459 ,
1711 1395 1758 1449 si
1787 1402 1940 1448 extra
1972 1392 2113 1448 illius

524 1498 772 1544 mor-tem.
801 1488 936 1544 Cum
964 1501 1094 1543 vero
1115 1501 1190 1543 ex
1229 1488 1451 1542 homine
1488 1494 1546 1543 et
1580 1502 1679 1558 pro
1708 1486 1929 1541 homine
1969 1500 2114 1540 mor-

525 1588 632 1635 tem
659 1581 922 1650 suscepit,
941 1595 1007 1635 es
1034 1580 1129 1634 illo
1153 1587 1211 1635 et
1234 1594 1335 1649 pro
1363 1579 1455 1634 illo
1497 1586 1552 1633 et
1580 1578 1947 1642 maledictum,
1970 1577 2113 1647 quod

525 1679 753 1727 mortem
796 1671 1106 1735 comitatur,
1158 1670 1436 1740 suscipere
1477 1684 1582 1723 non
1628 1668 1947 1739 dedignatus
1992 1675 2110 1733 est,

2218 480 2449 536 ordinat.
2476 480 2612 537 Cum
2639 483 2784 537 enim
2813 492 3039 538 testator
3060 494 3231 542 mutet
3254 497 3612 560 testamentum,
3632 513 3714 556 non

2216 570 2596 626 conﬁzmatum
2638 580 2831 627 mutat.
2871 573 3165 631 Tcstatoris
3201 578 3339 632 enim
3376 591 3534 636 morte
3562 586 3717 642 conﬁr-

2215 670 2416 716 matur.
2454 660 2610 728 Quod
2639 670 2819 717 autem
2854 678 3000 721 mors
3030 668 3299 722 testatoris
3329 669 3461 724 valet
3481 672 3541 726 ad
3562 676 3719 730 conﬁr-

2215 753 2472 809 mandum
2499 761 2884 810 testamentum
2912 754 3049 824 ejus,
3077 756 3204 827 quia
3229 759 3493 815 consilium
3508 761 3605 830 jam
3628 782 3716 822 mn-

2216 852 2332 899 tare
2362 860 2468 899 non
2508 852 2710 915 potest,
2750 844 2857 900 hoc
2883 845 3389 904 incommutabilitas
3411 853 3718 920 promissionis

2214 933 2311 989 Dei
2360 933 2503 989 valet
2546 934 2616 989 ad
2660 934 3088 991 conﬁrmandam
3132 937 3483 1005 [nereditatem
3516 941 3716 1011 Abrahae,

2212 1023 2368 1094 cujus
2391 1024 2526 1081 ﬁdes
2553 1025 2807 1096 deputata
2835 1034 2922 1083 est
2944 1027 3012 1083 ad
3026 1027 3318 1097 justitiam.

2280 1118 2510 1174 Abrahae
2551 1119 2706 1174 dictat
2742 1128 2864 1174 sunt
2903 1121 3297 1191 promissiones,
3329 1131 3377 1177 et
3412 1124 3592 1179 semini.
3628 1125 3717 1183 Non

2211 1212 2362 1277 dicit,
2393 1220 2442 1266 et
2467 1210 2776 1277 seminibus,
2804 1212 2957 1283 quasi
2985 1211 3042 1267 in
3067 1212 3269 1279 multis,
3296 1214 3384 1269 sed
3406 1216 3541 1286 quasi
3558 1216 3607 1269 in
3623 1234 3715 1280 suo.

2211 1314 2258 1358 et
2287 1303 2475 1357 semini
2504 1310 2616 1367 tuo,
2644 1304 2733 1374 qui
2755 1312 2830 1358 est
2859 1300 3122 1361 Christus.
3155 1304 3349 1359 Semen
3373 1303 3635 1373 Abraham,
3655 1309 3717 1363 cui

2211 1394 2372 1449 dictae
2399 1401 2528 1449 sunt
2555 1394 2970 1464 promissioncs,
3006 1395 3286 1452 Christum
3321 1397 3448 1453 dicit
3475 1398 3714 1468 Apostolus,

2212 1488 2318 1544 hoc
2344 1496 2447 1555 est,
2475 1502 2666 1542 omnes
2691 1487 3030 1543 Christianos
3057 1487 3220 1545 ﬁdem
3247 1488 3507 1546 imitantes
3527 1490 3715 1548 Abrahs.

2211 1576 2358 1644 Quos
2380 1578 2448 1633 ad
2489 1577 2922 1649 singularitatem
2953 1578 3153 1650 redigit
3185 1581 3596 1647 commendando,
3617 1584 3715 1649 quod

2214 1684 2320 1724 non
2349 1669 2552 1725 dictum
2588 1677 2668 1725 est
2699 1678 2755 1725 et
2782 1669 3103 1736 seminibus,
3137 1671 3233 1726 sed
3269 1672 3455 1727 semini
3495 1681 3588 1727 tuo.
3621 1672 3716 1741 Quia

523 1768 689 1822 etiam
712 1766 803 1821 ille
822 1764 1243 1836 prorsus,etiam
1270 1739 1358 1819 ille
1378 1764 1548 1818 Filius
1575 1763 1690 1827 Dei,
1712 1775 1929 1831 semper
1955 1762 2111 1817 vivus
2137 1739 2184 1800 Β
2212 1775 2321 1813 una
2349 1767 2435 1814 est
2479 1759 2635 1825 ﬁdes,
2680 1768 2737 1815 et
2776 1775 2883 1814 non
2913 1769 3146 1830 possunt
3171 1761 3334 1816 simul
3352 1758 3623 1829 iustiﬁcari,
3641 1739 3716 1831 uni

525 1858 578 1912 in
610 1872 706 1912 sua
743 1855 976 1926 iustitia,
1008 1862 1257 1910 mortuus
1303 1863 1484 1907 autem
1528 1860 1752 1923 propter
1792 1851 1988 1907 delicta
2013 1865 2114 1906 no-

521 1958 657 2016 stra,
683 1954 739 2005 in
773 1960 940 2005 carne
965 1953 1217 2016 suscepta
1240 1960 1304 2001 ex
1339 1958 1501 2016 poena
1524 1952 1737 2010 nostra,
1768 1958 1835 1998 ac
1877 1958 1977 2013 per
2008 1942 2114 1999 hoc

521 2044 762 2099 additum
791 2048 895 2107 est,
934 2040 1133 2105 omnis,
1169 2052 1238 2092 ne
1270 2036 1519 2092 Christus
1557 2035 1627 2090 ad
1666 2049 1850 2089 veram
1882 2040 2112 2089 mortem

411 2128 415 2139 ’
523 2149 630 2189 non
660 2132 934 2202 pertinere
961 2129 1255 2193 diceretur,
1286 2127 1333 2182 si
1363 2143 1394 2181 a
1424 2125 1733 2189 maledicto,
1768 2124 1913 2194 quod
1949 2122 2113 2179 morti

520 2224 867 2295 coniunctum
901 2230 1014 2284 est,
1054 2219 1329 2289 insipienti
1365 2217 1776 2274 honoriﬁcentia
1807 2223 2110 2287 separetur.

520 2314 623 2380 Qui
655 2322 835 2368 autem
864 2326 931 2366 ex
962 2310 1197 2364 veritate
1224 2307 1539 2379 evangelica
1567 2305 1740 2361 ﬁdelis
1763 2314 1879 2371 est,
1911 2303 2111 2360 intelli-

518 2404 596 2473 git
628 2403 741 2473 jam
774 2415 881 2456 non
906 2414 1029 2454 esse
1055 2397 1439 2453 contumeliam
1466 2394 1667 2452 Christi
1693 2410 1763 2450 ex
1794 2410 1892 2451 ore
1918 2393 2110 2465 Moysi.

519 2493 655 2548 Cum
683 2475 808 2547 eum
834 2491 974 2546 dixit
1012 2489 1391 2555 maledictum,
1431 2503 1540 2543 non
1580 2503 1649 2543 ex
1677 2488 1957 2544 divinitate
1998 2501 2114 2543 ma-

514 2585 730 2655 iestatis
750 2600 880 2649 suae,
910 2583 1005 2639 sed
1033 2598 1101 2639 ex
1126 2580 1437 2638 conditione
1461 2594 1638 2651 pinna:
1661 2590 1884 2645 nostrai,
1915 2594 1981 2634 ex
2005 2593 2114 2648 quo

519 2681 573 2735 in
602 2678 747 2748 ligno
774 2690 1070 2747 suspensus
1088 2681 1197 2730 est.
1225 2672 1406 2740 Quare
1432 2686 1540 2727 non
1563 2679 1650 2726 εει
1676 2670 1795 2725 laus
1815 2668 2017 2726 Christi
2044 2681 2112 2722 ex

516 2782 615 2823 ore
662 2767 1083 2822 Manichaeorum
1104 2804 1120 2832 ,
1168 2780 1294 2820 cum
1331 2777 1457 2818 eum
1503 2767 1704 2832 negant
1740 2774 1964 2815 carnem
2014 2761 2114 2815 ha-

518 2858 699 2913 buisse
731 2856 1046 2922 mortalem,
1078 2855 1134 2910 in
1171 2860 1281 2924 qua
1319 2864 1508 2907 veram
1544 2859 1776 2907 mortem
1814 2857 2109 2920 pateretur.

518 2946 654 3013 Quia
697 2960 761 3001 ex
806 2946 898 3000 illo
943 2944 1260 3015 prophetico
1309 2941 1599 2997 maledicto
1635 2939 1755 2996 laus
1796 2939 2114 3012 intelligitur

518 3035 883 3092 humilitatis:
920 3048 987 3090 ex
1034 3032 1139 3088 isto
1168 3031 1428 3088 heretico
1469 3030 1627 3101 quasi
1668 3030 1876 3084 honore
1903 3029 2110 3086 crimen

2212 1848 2402 1903 vivunt
2441 1863 2511 1903 ex
2549 1850 2807 1919 operibus
2844 1850 3163 1916 carnaliter,
3208 1865 3329 1906 cum
3366 1851 3447 1906 his
3477 1852 3555 1921 qui
3584 1852 3719 1907 vivunt

2212 1954 2280 1996 ex
2310 1927 2416 1995 ﬁde
2452 1940 2790 2009 spiritaliter.
2823 1940 3170 1997 Vincibiliter
3205 1950 3382 1998 autem
3416 1943 3548 2012 quod
3575 1942 3717 2007 infert.

2212 2030 2300 2087 lex
2325 2046 2432 2086 non
2460 2038 2588 2086 nata
2613 2040 2756 2095 erat,
2789 2046 2890 2086 nec
2906 2041 3099 2101 posset
3116 2040 3243 2102 post
3269 2041 3347 2087 tot
3368 2048 3524 2095 annos
3542 2033 3604 2088 ita
3620 2033 3715 2097 dari.

2212 2130 2275 2177 ut
2309 2122 2566 2191 antiquas
2592 2120 2826 2176 Abrahae
2854 2121 3250 2191 promissioncs
3276 2123 3451 2178 irritas
3473 2121 3654 2178 laceret
3678 2120 3716 2175 Si

2213 2212 2357 2267 enim
2382 2212 2467 2268 lex
2490 2210 2780 2280 justiﬁeat,
2804 2229 2912 2269 non
2934 2224 3019 2269 est
3034 2213 3368 2284 justilicatus
3387 2215 3637 2277 Abraham,
3655 2214 3717 2282 qui

2212 2303 2440 2359 multum
2472 2312 2600 2359 ante
2623 2303 2799 2375 legem
2827 2304 2951 2360 fuit.
2982 2306 3143 2373 Quod
3170 2307 3299 2378 quia
3326 2307 3494 2363 dicere
3514 2322 3603 2362 non
3628 2320 3716 2375 pos-

2213 2402 2373 2459 sunt,
2408 2402 2677 2464 coguntur
2714 2393 2874 2449 fateri
2914 2410 3023 2450 non
3062 2394 3202 2466 legis
3227 2396 3472 2466 operibus
3497 2392 3716 2463 iustiﬁcari

2213 2486 2512 2551 hominem,
2535 2487 2633 2542 sed
2658 2486 2783 2545 ﬁde.
2807 2485 2981 2543 Simul
3003 2489 3175 2544 etiam
3194 2503 3294 2544 nos
3314 2488 3450 2560 cogit
3467 2486 3717 2555 intelligere.

2212 2593 2404 2634 omnes
2430 2579 2687 2649 antiquos
2707 2589 2894 2648 patres
2914 2620 2931 2646 ,
2959 2581 3053 2650 qui
3075 2580 3361 2651 iustiﬁcati
3389 2586 3530 2645 sunt,
3554 2593 3610 2633 es
3635 2576 3716 2643 ipsa

2215 2670 2319 2725 ﬁde
2353 2664 2703 2737 jnstiﬁcatos.
2751 2670 2905 2738 Quod
2943 2671 3095 2728 enim
3125 2688 3227 2729 nos
3254 2688 3321 2728 cx
3356 2678 3498 2743 parte
3527 2666 3714 2741 pmteti.

2215 2770 2351 2825 tum,
2381 2758 2436 2814 id
2458 2769 2567 2826 est,
2594 2762 2831 2830 primum
2853 2762 3149 2818 adventum
3176 2763 3411 2827 Domini,
3434 2777 3496 2817 ex
3517 2768 3641 2831 parte
3656 2756 3714 2810 ll-

2215 2861 2418 2917 turum,
2443 2851 2495 2905 id
2515 2859 2619 2916 est,
2644 2852 2940 2908 secundum
2963 2853 3261 2909 adventum
3282 2852 3499 2917 Domini,
3515 2846 3718 2906 credulo

2213 2942 2350 2999 salvi
2380 2941 2702 3010 olliciemur,
2752 2943 2856 2998 hoc
2881 2950 3059 2998 totum
3090 2944 3227 2999 illud
3254 2951 3356 3009 est,
3387 2951 3635 3010 utrumque
3652 2938 3718 2992 si

2211 3040 2436 3089 ventum
2484 3030 2728 3087 futurum
2775 3032 3073 3088 credebant
3125 3033 3394 3091 revelante
3439 3032 3531 3088 sibi
3569 3028 3719 3100 Spirill

517 3123 771 3191 obiicitur
800 3122 1070 3179 falsitatis.
1116 3121 1176 3178 Si
1197 3137 1328 3193 ergo
1353 3137 1518 3194 negas
1541 3121 1913 3187 maledictum,
1945 3136 2111 3193 negas
2137 3103 2182 3166 Ο
2213 3130 2425 3189 sancto,
2452 3128 2513 3177 ut
2532 3120 2668 3177 salvi
2692 3120 2906 3177 ﬁerent.
2942 3120 3211 3178 Unde'est
3236 3124 3394 3179 etiam
3420 3121 3569 3177 illud:
3595 3117 3720 3171 Alm-

515 3225 574 3270 et
613 3224 906 3269 mortuum.
957 3214 1015 3269 Si
1063 3229 1232 3283 negas
1276 3222 1572 3278 mortuum,
1612 3227 1719 3269 non
1761 3211 1874 3282 jam
1916 3221 2110 3269 contra

520 3304 774 3376 Moysen,
819 3304 915 3359 sed
961 3312 1152 3359 contra
1202 3303 1475 3373 apostolos
1520 3302 1767 3358 dimicas.
1820 3302 1885 3358 Si
1932 3311 2112 3359 autem

518 3395 799 3452 conﬁteris
852 3403 1168 3459 mortuum,
1224 3391 1487 3448 conﬁtere
1535 3392 1844 3462 suscepisse
1894 3406 2112 3463 pinnam

521 3486 730 3557 peccati
756 3484 928 3539 nostri
955 3483 1074 3539 sine
1095 3490 1321 3553 peccato
1353 3489 1563 3536 nostro.
1589 3478 1711 3535 iam
1739 3494 1869 3536 vero
1896 3482 1991 3537 ubi
2017 3496 2113 3537 au-

520 3578 605 3632 dis
644 3590 864 3648 poenam
904 3573 1136 3646 peccati,
1177 3580 1275 3627 aut
1307 3585 1374 3625 ex
1412 3570 1790 3627 benedictione
1825 3570 1986 3626 crede
2022 3586 2116 3627 ve-

521 3670 757 3725 nientem
777 3709 794 3733 ,
836 3675 930 3722 aut
964 3682 1032 3722 ex
1076 3664 1480 3720 maledictione.
1532 3662 1594 3719 Si
1629 3679 1698 3720 ex
1736 3662 2114 3719 benedictione

519 3760 670 3815 venit
713 3772 877 3830 prona
922 3757 1174 3827 peccati,
1218 3766 1346 3825 opta
1402 3769 1526 3810 esse
1576 3768 1796 3824 semper
1847 3754 1903 3809 in
1951 3769 2113 3824 pinna

521 3850 747 3921 peccati.
801 3848 859 3904 Si
902 3855 1083 3903 autem
1127 3855 1287 3916 optas
1334 3845 1461 3899 inde
1506 3844 1761 3910 liberari,
1808 3844 1972 3900 crede
2015 3859 2114 3914 per

521 3941 718 3996 divina:
749 3938 1032 3996 sententia
1060 3936 1330 4007 justitiam
1358 3951 1427 3992 ex
1461 3935 1847 3992 maledictionc
1876 3936 2110 3991 venisse.

520 4030 794 4087 Conﬁtere
841 4044 973 4100 ergo
1025 4027 1371 4083 maledictum
1419 4026 1724 4096 suscepisse
1772 4041 1875 4096 pro
1917 4026 2110 4090 bonis,

521 4134 682 4192 quem
709 4120 988 4177 conﬁteris
1022 4128 1299 4173 mortuum
1333 4132 1456 4174 esse
1492 4133 1595 4188 pro
1620 4118 1797 4174 nobis.
1829 4117 1941 4175 Nec
1967 4119 2116 4176 aliud

522 4211 832 4284 signiﬁcare
872 4211 1115 4266 voluisse
1158 4210 1407 4280 Moysen,
1452 4225 1577 4265 cum
1620 4210 1827 4267 diceret
1877 4229 1891 4264 :
1946 4211 2113 4266 Hale-

522 4305 696 4357 ilictus
745 4303 953 4367 omnis,
1003 4303 1093 4373 qui
1139 4302 1196 4355 in
1241 4302 1383 4371 ligno
1422 4302 1759 4373 pependerit,
1814 4303 1919 4358 nisi
1971 4319 2117 4359 mor-

525 4396 652 4450 talis
698 4395 896 4460 omnis,
943 4401 1002 4449 et
1049 4393 1287 4449 moriens
1327 4394 1543 4459 omnis,
1589 4394 1682 4465 qui
1727 4395 1781 4450 in
1830 4394 1974 4467 ligno
2020 4412 2113 4467 pe-

523 4485 791 4557 penderit.
848 4485 1066 4540 Poterat
1115 4484 1261 4539 enim
1312 4483 1494 4540 dicere
1517 4524 1533 4550 ,
1582 4486 1901 4542 maledictus
1930 4489 2110 4544 omnis

522 4578 615 4650 qui
661 4577 927 4643 mortalis,
974 4585 1069 4632 aut
1116 4576 1435 4631 maledictus
1473 4577 1653 4632 omnis
1693 4578 1954 4634 moriens.
2000 4579 2109 4636 Sed

524 4668 630 4723 hoc
657 4674 742 4722 est
768 4666 913 4736 quod
941 4666 1139 4721 asserit
1170 4667 1472 4736 prophetia.
1510 4666 1645 4734 Quia
1673 4669 1879 4724 sciebat
1907 4671 2109 4727 Christi

525 4767 757 4813 mortem
804 4758 861 4812 in
899 4771 1062 4812 cruce
1100 4770 1413 4826 pensuram,
1455 4765 1513 4811 et
1552 4758 1764 4812 futuros
1804 4760 2107 4827 hmreticos,

523 4851 617 4921 qui
650 4850 932 4905 dicerent:
964 4848 1226 4918 Pependit
1260 4847 1478 4917 quidem
1518 4849 1570 4903 in
1601 4848 1768 4919 ligno,
1800 4851 1892 4905 serl
1928 4853 2110 4922 specie

523 4940 781 5011 quadam,
804 4955 911 4994 non
933 4946 993 4993 ut
1010 4953 1136 4993 vere
1162 4946 1486 4994 moreretur.
1513 4937 1809 4995 Clamando
1836 4956 1967 5013 ergo
1995 4958 2110 4997 ma-

526 5031 777 5097 ledictus,
821 5030 955 5085 nihil
996 5030 1140 5087 aliud
1178 5030 1455 5097 clamavit,
1500 5032 1609 5086 nisi
1640 5033 1766 5103 quia
1796 5049 1922 5089 vere
1964 5050 2111 5089 mor-

525 5133 670 5189 tuus,
701 5123 881 5178 sciens
910 5133 1137 5177 mortem
1169 5123 1406 5178 hominis
1439 5127 1762 5194 peccatoris,
1788 5140 1953 5196 quam
1993 5127 2110 5182 sine

524 5221 747 5286 peccato
790 5213 906 5285 ipse
934 5214 1200 5285 suscepit,
1233 5215 1302 5270 de
1332 5214 1424 5271 illo
1454 5215 1741 5271 maledicto
1778 5218 2105 5283 venientem,

522 5320 633 5378 quo
656 5306 857 5361 dictum
886 5315 972 5361 est
1004 5324 1018 5360 :
1051 5304 1110 5361 Si
1134 5306 1423 5377 tetigeritis,
1456 5316 1622 5361 morte
1647 5307 1963 5362 moriemini.

597 5393 666 5449 Ut
696 5395 1026 5466 adoptionem
1067 5396 1284 5466 spiritus
1325 5398 1648 5467 accipiamus
1690 5413 1785 5468 per
1822 5398 2001 5467 ﬁdem.
2051 5399 2110 5455 Id

522 5492 628 5547 est,
655 5494 716 5541 ut
742 5486 885 5555 quod
916 5502 1021 5541 non
1052 5488 1277 5543 timetur
1305 5488 1359 5542 in
1388 5503 1572 5551 carne,
1604 5488 1699 5544 sed
1729 5490 1873 5559 quod
1912 5490 2107 5560 spiritu

527 5575 786 5643 diligitur,
818 5576 1107 5630 credituris
1134 5578 1507 5633 annuntietur.

603 5660 839 5726 Fratres,
871 5666 1153 5717 secundum
1192 5666 1453 5720 hominem
1492 5669 1630 5733 dico,
1670 5678 1843 5725 tamen
1881 5668 2105 5723 hominis

2212 3216 2336 3269 ham
2362 3212 2656 3283 concupiuit
2672 3212 2823 3269 diem
2848 3228 3021 3267 meum
3046 3213 3257 3280 videre,
3283 3222 3330 3269 et
3351 3212 3486 3278 vidit,
3509 3220 3551 3265 ct
3572 3208 3723 3280 gavisa

2212 3312 2288 3357 est
2317 3301 2498 3371 (lacn.
2531 3301 2672 3373 VIII).
3140 3348 3153 3353 ε

2287 3392 2403 3448 Hoc
2431 3403 2609 3448 autent
2633 3394 2754 3448 dico
2788 3401 3168 3450 testamentum
3208 3395 3551 3466 conﬁrmatum
3581 3407 3609 3443 ιι
3628 3387 3719 3447 Du.

2212 3502 2330 3558 qtae
2376 3494 2491 3557 post
2537 3485 2945 3556 quadringentos
2974 3494 3031 3540 et
3075 3488 3301 3558 triginta
3344 3502 3498 3540 annos
3532 3483 3646 3552 facts
3670 3485 3722 3531 est

2212 3576 2316 3641 lem,
2350 3594 2457 3631 non
2482 3576 2693 3630 initum
2723 3576 2871 3646 facit,
2898 3576 2970 3631 ad
2995 3578 3363 3633 cunctandum
3385 3572 3718 3648 promissioni.

2213 3667 2456 3725 Primum
2501 3677 2726 3740 propter
2764 3669 3050 3738 imperitos
3092 3668 3246 3739 ipsos
3289 3684 3455 3725 annos
3491 3660 3720 3721 minutatim

2213 3771 2378 3833 atque
2420 3763 2695 3819 subtiliter
2730 3762 3106 3818 discutiamus.
3163 3764 3239 3818 Et
3279 3771 3399 3834 post
3433 3758 3548 3831 quid
3582 3752 3720 3810 exinde

2212 3854 2557 3912 sentiendum
2588 3856 2691 3919 sit,
2734 3870 3086 3926 exponemus.
3123 3854 3304 3928 Igitur
3338 3853 3609 3913 Abraham,
3636 3856 3719 3900 cli

2213 3945 2553 4016 septuaginta
2576 3945 2817 4013 quinque
2844 3952 2992 3999 esset
3018 3960 3313 4012 annorum,
3332 3944 3556 4000 divitum
3574 3932 3719 4004 θωφίί

2212 4034 2515 4100 oraculum,
2556 4042 2617 4089 ut
2666 4035 3018 4104 egrederetur
3061 4035 3132 4090 de
3174 4043 3320 4092 terra
3364 4049 3501 4091 sua:
3536 4028 3611 4100 qui
3639 4029 3721 4096 ροσε

2212 4129 2404 4200 viginti
2439 4126 2682 4198 quinque
2722 4125 2884 4181 annis
2912 4124 3101 4196 genuit
3130 4125 3309 4191 Isaac,
3349 4124 3439 4195 qui
3465 4128 3570 4177 erat
3596 4125 3719 4170 suum

2213 4219 2340 4275 vitae
2362 4233 2476 4275 suae
2501 4217 2851 4273 centesimus.
2883 4215 2985 4283 Qui
3012 4215 3165 4272 Isaac
3194 4231 3347 4271 anno
3361 4216 3483 4270 vita:
3499 4224 3594 4268 sua:
3613 4216 3721 4261 εειιο

2212 4308 2423 4380 gesimo
2461 4306 2648 4377 genuit
2674 4305 2862 4371 Jacob,
2887 4314 2944 4360 et
2972 4304 3138 4360 Esau.
3173 4305 3241 4361 Hi
3269 4313 3393 4371 sunt
3415 4302 3530 4359 anni
3550 4315 3576 4353 s
3596 4296 3718 4367 prima

2136 4443 2190 4504 Β
2214 4401 2447 4456 Abrahm
2467 4399 2830 4504 promissione
2850 4399 3127 4504 octogipta
3159 4400 3415 4471 quinique.
3655 4384 3717 4504 Ιῖν

2214 4493 2317 4548 cob
2339 4505 2483 4547 anno
2502 4491 2629 4546 vitae
2653 4505 2766 4546 sua
2791 4490 3144 4561 nonagesimo
3168 4492 3348 4561 primo
3372 4487 3541 4561 genuit
3557 4477 3716 4546 ιοσηιι

2213 4591 2271 4639 ει
2297 4597 2442 4638 anno
2467 4581 2594 4639 vitae
2630 4596 2743 4638 suae
2768 4581 3068 4638 centesimo
3106 4581 3401 4645 tricesimo,
3425 4577 3510 4649 qui
3530 4579 3628 4633 erat
3648 4582 3719 4622 ιιι·

2213 4688 2319 4728 nus
2362 4673 2489 4728 vita:
2535 4672 2737 4744 loseph
2760 4684 2765 4691 '
2788 4674 3101 4729 tricesimus
3156 4689 3364 4737 nonus,
3415 4663 3648 4727 descendit
3681 4657 3719 4710 in

2216 4763 2530 4835 Egyptian.
2554 4764 2621 4819 lli
2644 4774 2771 4820 sunt
2789 4765 2919 4819 anni
2934 4781 2970 4819 a
2994 4765 3170 4835 prima
3190 4762 3534 4835 promissione
3551 4748 3721 4811 Ahnllt

2214 4854 2434 4908 ducenti
2490 4854 2855 4923 quindecim;
2885 4853 3306 4924 Hauseruntque
3363 4853 3451 4907 ﬁlii
3504 4843 3639 4904 Israel
3682 4838 3719 4890 il

2210 4942 2473 5014 Egypto,
2503 4953 2629 5012 post
2655 4944 2937 4999 introitum
2960 4942 3146 5007 Iacob,
3175 4944 3336 4999 annis
3357 4938 3583 4999 ducentis
3606 4928 3720 5002 φῖ*

2215 5033 2411 5088 decim.
2467 5033 2598 5088 Post
2648 5042 2879 5088 mortem
2928 5049 3061 5089 vero
3098 5033 3309 5104 Ioseph
3358 5042 3515 5086 annos
3558 5028 3719 5080 orm

2211 5124 2572 5194 quadraginta
2609 5136 2862 5193 quatuor.
2894 5125 3041 5181 inter
3072 5134 3301 5181 mortem
3333 5120 3517 5190 Joseph
3546 5123 3593 5172 ot
3622 5104 3719 5165 καῖ’

2215 5213 2440 5268 vitatem
2485 5214 2655 5286 Moysi
2698 5215 2919 5271 fuerunt
2961 5216 3091 5271 anni
3131 5215 3428 5285 sexaginta,
3468 5208 3579 5279 (μήθ

2215 5304 2364 5374 ginta
2412 5320 2677 5359 annorum
2723 5315 2846 5360 erat
2896 5305 3140 5376 Moyses,
3186 5303 3399 5376 quando
3440 5290 3648 5369 apparuit
3679 5295 3716 5336 et

2216 5393 2379 5455 Deus.
2405 5402 2462 5448 et
2488 5394 2638 5449 misit
2671 5409 2799 5449 eum
2830 5393 2898 5449 ad
2928 5394 3286 5451 Pharaonem.
3316 5393 3371 5448 Si
3405 5390 3519 5460 quis
3549 5376 3715 5439 istadu-

2214 5488 2381 5554 bitat,
2413 5488 2499 5542 vel
2526 5488 2829 5544 calculandi
2877 5498 2935 5545 et
2984 5487 3284 5546 inveniendi
3324 5493 3567 5542 sentinam
3590 5482 3716 5527 ινα)-

2214 5594 2335 5635 rum
2374 5595 2483 5635 non
2512 5579 2679 5636 habet
2702 5581 3011 5648 scientiam,
3064 5589 3243 5637 sumat
3275 5591 3439 5635 annos
3460 5574 3522 5628 ab
3543 5560 3712 5624 introitu

2210 5667 2380 5725 Jacob
2419 5672 2472 5724 in
2521 5669 2845 5741 Egyptnm,
2887 5682 2942 5726 et
2984 5673 3217 5728 inveniet
3250 5680 3413 5739 usque
3439 5664 3499 5720 sd
3534 5657 3711 5714 lim"
