  <div class='ocr_page' id='page_1' title='image "/cluster/home/n/w/nwhite01/storage/ocr_20150623/104/hvd.32044052819794/442.png"; bbox 0 0 1962 3085; ppageno 0'>
   <div class='ocr_carea' id='block_1_1' title="bbox 159 153 213 181">
    <p class='ocr_par' dir='ltr' id='par_1_1' title="bbox 159 153 213 181">
     <span class='ocr_line' id='line_1_1' title="bbox 159 153 213 181; baseline -0.019 0"><span class='ocrx_word' id='word_1_1' title='bbox 159 153 213 181; x_wconf 72' lang='lat'><strong>875</strong></span> 
     </span>
    </p>
   </div>
   <div class='ocr_carea' id='block_1_2' title="bbox 159 255 956 292">
    <p class='ocr_par' dir='ltr' id='par_1_2' title="bbox 159 255 956 292">
     <span class='ocr_line' id='line_1_2' title="bbox 159 255 956 292; baseline -0.001 -9"><span class='ocrx_word' id='word_1_2' title='bbox 159 260 287 291; x_wconf 84' lang='lat' dir='ltr'><strong>quatuor,</strong></span> <span class='ocrx_word' id='word_1_3' title='bbox 308 255 372 282; x_wconf 82' lang='lat' dir='ltr'><strong>ﬁunt</strong></span> <span class='ocrx_word' id='word_1_4' title='bbox 390 260 498 283; x_wconf 92' lang='lat' dir='ltr'><strong>centum</strong></span> <span class='ocrx_word' id='word_1_5' title='bbox 515 256 626 292; x_wconf 75' lang='lat' dir='ltr'><strong>triginta</strong></span> <span class='ocrx_word' id='word_1_6' title='bbox 644 256 777 292; x_wconf 77' lang='lat' dir='ltr'><strong>quinque,</strong></span> <span class='ocrx_word' id='word_1_7' title='bbox 795 256 858 290; x_wconf 85' lang='lat' dir='ltr'><strong>quia</strong></span> <span class='ocrx_word' id='word_1_8' title='bbox 876 263 956 282; x_wconf 82' lang='lat' dir='ltr'><strong>sexa-</strong></span> 
     </span>
    </p>
   </div>
   <div class='ocr_carea' id='block_1_3' title="bbox 159 300 958 337">
    <p class='ocr_par' dir='ltr' id='par_1_3' title="bbox 159 300 958 337">
     <span class='ocr_line' id='line_1_3' title="bbox 159 300 958 337; baseline -0.001 -9"><span class='ocrx_word' id='word_1_9' title='bbox 159 301 263 337; x_wconf 82' lang='lat' dir='ltr'><strong>gesimo</strong></span> <span class='ocrx_word' id='word_1_10' title='bbox 281 305 379 336; x_wconf 89' lang='lat' dir='ltr'><strong>quarto</strong></span> <span class='ocrx_word' id='word_1_11' title='bbox 393 309 465 328; x_wconf 90' lang='lat' dir='ltr'><strong>anno</strong></span> <span class='ocrx_word' id='word_1_12' title='bbox 484 305 545 336; x_wconf 92' lang='lat' dir='ltr'><strong>post</strong></span> <span class='ocrx_word' id='word_1_13' title='bbox 566 305 681 328; x_wconf 87' lang='lat' dir='ltr'><strong>mortem</strong></span> <span class='ocrx_word' id='word_1_14' title='bbox 700 300 799 336; x_wconf 88' lang='lat' dir='ltr'><strong>Joseph</strong></span> <span class='ocrx_word' id='word_1_15' title='bbox 820 301 958 328; x_wconf 93' lang='lat' dir='ltr'><strong>invenitur</strong></span> 
     </span>
    </p>
   </div>
   <div class='ocr_carea' id='block_1_4' title="bbox 160 346 957 381">
    <p class='ocr_par' dir='ltr' id='par_1_4' title="bbox 160 346 957 381">
     <span class='ocr_line' id='line_1_4' title="bbox 160 346 957 381; baseline -0.001 -8"><span class='ocrx_word' id='word_1_16' title='bbox 160 351 241 374; x_wconf 88' lang='lat' dir='ltr'><strong>natus</strong></span> <span class='ocrx_word' id='word_1_17' title='bbox 262 354 322 374; x_wconf 89' lang='lat' dir='ltr'><strong>esse</strong></span> <span class='ocrx_word' id='word_1_18' title='bbox 344 346 459 381; x_wconf 84' lang='lat' dir='ltr'><strong>Moyses.</strong></span> <span class='ocrx_word' id='word_1_19' title='bbox 482 346 529 373; x_wconf 87' lang='lat' dir='ltr'><strong>llis</strong></span> <span class='ocrx_word' id='word_1_20' title='bbox 548 346 616 373; x_wconf 89' lang='lat' dir='ltr'><strong>adde</strong></span> <span class='ocrx_word' id='word_1_21' title='bbox 634 346 771 380; x_wconf 89' lang='lat' dir='ltr'><strong>octoginta</strong></span> <span class='ocrx_word' id='word_1_22' title='bbox 790 353 876 373; x_wconf 88' lang='lat' dir='ltr'><strong>annos</strong></span> <span class='ocrx_word' id='word_1_23' title='bbox 895 346 957 372; x_wconf 71' lang='lat' dir='ltr'><strong>vitae</strong></span> 
     </span>
    </p>
   </div>
   <div class='ocr_carea' id='block_1_5' title="bbox 160 391 956 427">
    <p class='ocr_par' dir='ltr' id='par_1_5' title="bbox 160 391 956 427">
     <span class='ocr_line' id='line_1_5' title="bbox 160 391 956 427; baseline 0 -9"><span class='ocrx_word' id='word_1_24' title='bbox 160 391 255 427; x_wconf 80' lang='lat' dir='ltr'><strong>Moysi,</strong></span> <span class='ocrx_word' id='word_1_25' title='bbox 270 391 334 426; x_wconf 89' lang='lat' dir='ltr'><strong>quia</strong></span> <span class='ocrx_word' id='word_1_26' title='bbox 353 395 392 418; x_wconf 90' lang='lat' dir='ltr'><strong>tot</strong></span> <span class='ocrx_word' id='word_1_27' title='bbox 408 399 540 418; x_wconf 91' lang='lat' dir='ltr'><strong>annorum</strong></span> <span class='ocrx_word' id='word_1_28' title='bbox 557 396 625 423; x_wconf 90' lang='lat' dir='ltr'><strong>erat,</strong></span> <span class='ocrx_word' id='word_1_29' title='bbox 638 392 747 427; x_wconf 85' lang='lat' dir='ltr'><strong>quando</strong></span> <span class='ocrx_word' id='word_1_30' title='bbox 759 391 859 418; x_wconf 91' lang='lat' dir='ltr'><strong>missus</strong></span> <span class='ocrx_word' id='word_1_31' title='bbox 870 395 911 419; x_wconf 90' lang='lat' dir='ltr'><strong>est</strong></span> <span class='ocrx_word' id='word_1_32' title='bbox 922 391 956 418; x_wconf 91' lang='lat' dir='ltr'><strong>ad</strong></span> 
     </span>
    </p>
   </div>
   <div class='ocr_carea' id='block_1_6' title="bbox 161 437 956 472">
    <p class='ocr_par' dir='ltr' id='par_1_6' title="bbox 161 437 956 472">
     <span class='ocr_line' id='line_1_6' title="bbox 161 437 956 472; baseline 0 -7"><span class='ocrx_word' id='word_1_33' title='bbox 161 438 339 465; x_wconf 85' lang='lat' dir='ltr'><strong>Pharaonem.</strong></span> <span class='ocrx_word' id='word_1_34' title='bbox 362 437 417 465; x_wconf 87' lang='lat' dir='ltr'><strong>Hos</strong></span> <span class='ocrx_word' id='word_1_35' title='bbox 438 437 506 464; x_wconf 87' lang='lat' dir='ltr'><strong>adde</strong></span> <span class='ocrx_word' id='word_1_36' title='bbox 526 437 559 464; x_wconf 90' lang='lat' dir='ltr'><strong>ad</strong></span> <span class='ocrx_word' id='word_1_37' title='bbox 580 441 688 464; x_wconf 90' lang='lat' dir='ltr'><strong>centum</strong></span> <span class='ocrx_word' id='word_1_38' title='bbox 708 437 818 472; x_wconf 88' lang='lat' dir='ltr'><strong>triginta</strong></span> <span class='ocrx_word' id='word_1_39' title='bbox 838 438 956 472; x_wconf 91' lang='lat' dir='ltr'><strong>quinque</strong></span> 
     </span>
    </p>
   </div>
   <div class='ocr_carea' id='block_1_7' title="bbox 159 482 956 517">
    <p class='ocr_par' dir='ltr' id='par_1_7' title="bbox 159 482 956 517">
     <span class='ocr_line' id='line_1_7' title="bbox 159 482 956 517; baseline 0.001 -8"><span class='ocrx_word' id='word_1_40' title='bbox 159 483 317 517; x_wconf 85' lang='lat' dir='ltr'><strong>superiores</strong></span> <span class='ocrx_word' id='word_1_41' title='bbox 342 490 445 515; x_wconf 90' lang='lat' dir='ltr'><strong>annos,</strong></span> <span class='ocrx_word' id='word_1_42' title='bbox 472 486 499 509; x_wconf 89' lang='lat' dir='ltr'><strong>et</strong></span> <span class='ocrx_word' id='word_1_43' title='bbox 521 482 588 509; x_wconf 86' lang='lat' dir='ltr'><strong>fiunt</strong></span> <span class='ocrx_word' id='word_1_44' title='bbox 615 482 722 510; x_wconf 91' lang='lat' dir='ltr'><strong>ducenti</strong></span> <span class='ocrx_word' id='word_1_45' title='bbox 744 483 907 517; x_wconf 81' lang='lat' dir='ltr'><strong>quindecim.</strong></span> <span class='ocrx_word' id='word_1_46' title='bbox 934 483 956 510; x_wconf 91' lang='lat' dir='ltr'><strong>A</strong></span> 
     </span>
    </p>
   </div>
   <div class='ocr_carea' id='block_1_8' title="bbox 159 528 956 563">
    <p class='ocr_par' dir='ltr' id='par_1_8' title="bbox 159 528 956 563">
     <span class='ocr_line' id='line_1_8' title="bbox 159 528 956 563; baseline 0.004 -9"><span class='ocrx_word' id='word_1_47' title='bbox 159 529 247 563; x_wconf 91' lang='lat' dir='ltr'><strong>prima</strong></span> <span class='ocrx_word' id='word_1_48' title='bbox 259 528 342 562; x_wconf 78' lang='lat' dir='ltr'><strong>igitur</strong></span> <span class='ocrx_word' id='word_1_49' title='bbox 358 528 538 562; x_wconf 86' lang='lat' dir='ltr'><strong>promissione</strong></span> <span class='ocrx_word' id='word_1_50' title='bbox 548 528 663 555; x_wconf 67' lang='lat' dir='ltr'><strong>Abrahte</strong></span> <span class='ocrx_word' id='word_1_51' title='bbox 674 536 758 563; x_wconf 88' lang='lat' dir='ltr'><strong>usque</strong></span> <span class='ocrx_word' id='word_1_52' title='bbox 769 529 802 556; x_wconf 89' lang='lat' dir='ltr'><strong>ad</strong></span> <span class='ocrx_word' id='word_1_53' title='bbox 814 529 956 557; x_wconf 72' lang='lat' dir='ltr'><strong>introitum</strong></span> 
     </span>
    </p>
   </div>
   <div class='ocr_carea' id='block_1_9' title="bbox 161 573 954 609">
    <p class='ocr_par' dir='ltr' id='par_1_9' title="bbox 161 573 954 609">
     <span class='ocr_line' id='line_1_9' title="bbox 161 573 954 609; baseline 0.003 -9"><span class='ocrx_word' id='word_1_54' title='bbox 161 573 244 601; x_wconf 82' lang='lat' dir='ltr'><strong>Jacob</strong></span> <span class='ocrx_word' id='word_1_55' title='bbox 262 574 288 600; x_wconf 90' lang='lat' dir='ltr'><strong>in</strong></span> <span class='ocrx_word' id='word_1_56' title='bbox 304 573 449 608; x_wconf 61' lang='lat' dir='ltr'><strong>Egyptum</strong></span> <span class='ocrx_word' id='word_1_57' title='bbox 463 574 570 601; x_wconf 86' lang='lat' dir='ltr'><strong>fuerunt</strong></span> <span class='ocrx_word' id='word_1_58' title='bbox 587 574 652 601; x_wconf 87' lang='lat' dir='ltr'><strong>anni</strong></span> <span class='ocrx_word' id='word_1_59' title='bbox 668 574 778 601; x_wconf 85' lang='lat' dir='ltr'><strong>ducenti</strong></span> <span class='ocrx_word' id='word_1_60' title='bbox 790 575 954 609; x_wconf 85' lang='lat' dir='ltr'><strong>quindecim.</strong></span> 
     </span>
    </p>
   </div>
   <div class='ocr_carea' id='block_1_10' title="bbox 162 619 956 653">
    <p class='ocr_par' dir='ltr' id='par_1_10' title="bbox 162 619 956 653">
     <span class='ocr_line' id='line_1_10' title="bbox 162 619 956 653; baseline 0 -7"><span class='ocrx_word' id='word_1_61' title='bbox 162 619 196 646; x_wconf 77' lang='lat' dir='ltr'><strong>Et</strong></span> <span class='ocrx_word' id='word_1_62' title='bbox 207 619 269 646; x_wconf 86' lang='lat' dir='ltr'><strong>inde</strong></span> <span class='ocrx_word' id='word_1_63' title='bbox 280 626 364 653; x_wconf 87' lang='lat' dir='ltr'><strong>usque</strong></span> <span class='ocrx_word' id='word_1_64' title='bbox 376 619 409 645; x_wconf 92' lang='lat' dir='ltr'><strong>ad</strong></span> <span class='ocrx_word' id='word_1_65' title='bbox 421 619 563 646; x_wconf 73' lang='lat' dir='ltr'><strong>transitum</strong></span> <span class='ocrx_word' id='word_1_66' title='bbox 576 619 659 646; x_wconf 90' lang='lat' dir='ltr'><strong>maris</strong></span> <span class='ocrx_word' id='word_1_67' title='bbox 670 619 766 651; x_wconf 83' lang='lat' dir='ltr'><strong>Rubri,</strong></span> <span class='ocrx_word' id='word_1_68' title='bbox 774 619 837 646; x_wconf 93' lang='lat' dir='ltr'><strong>anni</strong></span> <span class='ocrx_word' id='word_1_69' title='bbox 849 619 956 647; x_wconf 86' lang='lat' dir='ltr'><strong>ducenti</strong></span> 
     </span>
    </p>
   </div>
   <div class='ocr_carea' id='block_1_11' title="bbox 162 662 957 699">
    <p class='ocr_par' dir='ltr' id='par_1_11' title="bbox 162 662 957 699">
     <span class='ocr_line' id='line_1_11' title="bbox 162 662 957 699; baseline 0.003 -10"><span class='ocrx_word' id='word_1_70' title='bbox 162 663 326 698; x_wconf 82' lang='lat' dir='ltr'><strong>quindecim.</strong></span> <span class='ocrx_word' id='word_1_71' title='bbox 344 662 424 690; x_wconf 84' lang='lat' dir='ltr'><strong>Fiunt</strong></span> <span class='ocrx_word' id='word_1_72' title='bbox 436 663 462 690; x_wconf 93' lang='lat' dir='ltr'><strong>in</strong></span> <span class='ocrx_word' id='word_1_73' title='bbox 473 671 578 691; x_wconf 88' lang='lat' dir='ltr'><strong>summa</strong></span> <span class='ocrx_word' id='word_1_74' title='bbox 591 662 780 698; x_wconf 82' lang='lat' dir='ltr'><strong>quadringenti</strong></span> <span class='ocrx_word' id='word_1_75' title='bbox 793 664 911 699; x_wconf 82' lang='lat' dir='ltr'><strong>triginta.</strong></span> <span class='ocrx_word' id='word_1_76' title='bbox 924 664 957 691; x_wconf 85' lang='lat' dir='ltr'><strong>Et</strong></span> 
     </span>
    </p>
   </div>
   <div class='ocr_carea' id='block_1_12' title="bbox 164 700 956 743">
    <p class='ocr_par' dir='ltr' id='par_1_12' title="bbox 164 700 956 743">
     <span class='ocr_line' id='line_1_12' title="bbox 164 700 956 743; baseline -0.001 -7"><span class='ocrx_word' id='word_1_77' title='bbox 164 710 215 736; x_wconf 92' lang='lat' dir='ltr'><strong>hoc</strong></span> <span class='ocrx_word' id='word_1_78' title='bbox 234 712 285 740; x_wconf 88' lang='lat' dir='ltr'><strong>est,</strong></span> <span class='ocrx_word' id='word_1_79' title='bbox 308 709 379 743; x_wconf 89' lang='lat' dir='ltr'><strong>quod</strong></span> <span class='ocrx_word' id='word_1_80' title='bbox 394 709 432 735; x_wconf 85' lang='lat' dir='ltr'><strong>ait</strong></span> <span class='ocrx_word' id='word_1_81' title='bbox 448 700 592 743; x_wconf 87' lang='lat' dir='ltr'><strong>Apostolus</strong></span> <span class='ocrx_word' id='word_1_82' title='bbox 615 709 667 736; x_wconf 90' lang='lat' dir='ltr'><strong>hoc</strong></span> <span class='ocrx_word' id='word_1_83' title='bbox 690 709 758 736; x_wconf 88' lang='lat' dir='ltr'><strong>loco.</strong></span> <span class='ocrx_word' id='word_1_84' title='bbox 785 709 843 736; x_wconf 86' lang='lat' dir='ltr'><strong>Non</strong></span> <span class='ocrx_word' id='word_1_85' title='bbox 866 714 956 736; x_wconf 90' lang='lat' dir='ltr'><strong>autem</strong></span> 
     </span>
    </p>
   </div>
   <div class='ocr_carea' id='block_1_13' title="bbox 164 754 959 789">
    <p class='ocr_par' dir='ltr' id='par_1_13' title="bbox 164 754 959 789">
     <span class='ocr_line' id='line_1_13' title="bbox 164 754 959 789; baseline 0.001 -8"><span class='ocrx_word' id='word_1_86' title='bbox 164 755 224 782; x_wconf 85' lang='lat' dir='ltr'><strong>dico</strong></span> <span class='ocrx_word' id='word_1_87' title='bbox 242 758 433 781; x_wconf 88' lang='lat' dir='ltr'><strong>testamentum</strong></span> <span class='ocrx_word' id='word_1_88' title='bbox 448 754 637 782; x_wconf 84' lang='lat' dir='ltr'><strong>confirmatum</strong></span> <span class='ocrx_word' id='word_1_89' title='bbox 650 762 665 781; x_wconf 90' lang='lat' dir='ltr'><strong>a</strong></span> <span class='ocrx_word' id='word_1_90' title='bbox 681 754 747 787; x_wconf 91' lang='lat' dir='ltr'><strong>Deo,</strong></span> <span class='ocrx_word' id='word_1_91' title='bbox 760 763 821 789; x_wconf 78' lang='lat' dir='ltr'><strong>qua:</strong></span> <span class='ocrx_word' id='word_1_92' title='bbox 833 754 904 782; x_wconf 87' lang='lat' dir='ltr'><strong>facta</strong></span> <span class='ocrx_word' id='word_1_93' title='bbox 916 759 959 782; x_wconf 89' lang='lat' dir='ltr'><strong>est</strong></span> 
     </span>
    </p>
   </div>
   <div class='ocr_carea' id='block_1_14' title="bbox 163 800 959 836">
    <p class='ocr_par' dir='ltr' id='par_1_14' title="bbox 163 800 959 836">
     <span class='ocr_line' id='line_1_14' title="bbox 163 800 959 836; baseline 0 -9"><span class='ocrx_word' id='word_1_94' title='bbox 163 805 225 836; x_wconf 88' lang='lat' dir='ltr'><strong>post</strong></span> <span class='ocrx_word' id='word_1_95' title='bbox 238 800 450 835; x_wconf 80' lang='lat' dir='ltr'><strong>quadringentos</strong></span> <span class='ocrx_word' id='word_1_96' title='bbox 467 804 495 827; x_wconf 90' lang='lat' dir='ltr'><strong>et</strong></span> <span class='ocrx_word' id='word_1_97' title='bbox 511 800 620 835; x_wconf 82' lang='lat' dir='ltr'><strong>triginta</strong></span> <span class='ocrx_word' id='word_1_98' title='bbox 639 808 734 827; x_wconf 91' lang='lat' dir='ltr'><strong>annos.</strong></span> <span class='ocrx_word' id='word_1_99' title='bbox 753 800 805 827; x_wconf 88' lang='lat' dir='ltr'><strong>Sed</strong></span> <span class='ocrx_word' id='word_1_100' title='bbox 825 800 894 828; x_wconf 88' lang='lat' dir='ltr'><strong>dicet</strong></span> <span class='ocrx_word' id='word_1_101' title='bbox 909 800 959 827; x_wconf 91' lang='lat' dir='ltr'><strong>ali-</strong></span> 
     </span>
    </p>
   </div>
   <div class='ocr_carea' id='block_1_15' title="bbox 164 844 958 880">
    <p class='ocr_par' dir='ltr' id='par_1_15' title="bbox 164 844 958 880">
     <span class='ocr_line' id='line_1_15' title="bbox 164 844 958 880; baseline 0.001 -9"><span class='ocrx_word' id='word_1_102' title='bbox 164 845 225 880; x_wconf 90' lang='lat' dir='ltr'><strong>quis</strong></span> <span class='ocrx_word' id='word_1_103' title='bbox 237 854 243 871; x_wconf 89' lang='lat'>:</span> <span class='ocrx_word' id='word_1_104' title='bbox 257 844 396 878; x_wconf 85' lang='lat' dir='ltr'><strong>Quomodo</strong></span> <span class='ocrx_word' id='word_1_105' title='bbox 410 849 498 880; x_wconf 80' lang='lat' dir='ltr'><strong>potest</strong></span> <span class='ocrx_word' id='word_1_106' title='bbox 511 845 579 878; x_wconf 86' lang='lat' dir='ltr'><strong>ﬁeri,</strong></span> <span class='ocrx_word' id='word_1_107' title='bbox 592 849 622 871; x_wconf 92' lang='lat' dir='ltr'><strong>ut</strong></span> <span class='ocrx_word' id='word_1_108' title='bbox 637 849 690 872; x_wconf 90' lang='lat' dir='ltr'><strong>tam</strong></span> <span class='ocrx_word' id='word_1_109' title='bbox 701 852 802 880; x_wconf 88' lang='lat' dir='ltr'><strong>paucos</strong></span> <span class='ocrx_word' id='word_1_110' title='bbox 815 845 861 873; x_wconf 82' lang='lat' dir='ltr'><strong>filii</strong></span> <span class='ocrx_word' id='word_1_111' title='bbox 876 845 958 873; x_wconf 91' lang='lat' dir='ltr'><strong>Israel</strong></span> 
     </span>
    </p>
   </div>
   <div class='ocr_carea' id='block_1_16' title="bbox 627 151 1330 182">
    <p class='ocr_par' dir='ltr' id='par_1_16' title="bbox 627 151 1330 182">
     <span class='ocr_line' id='line_1_16' title="bbox 627 151 1330 182; baseline 0.001 -2"><span class='ocrx_word' id='word_1_112' title='bbox 627 153 756 181; x_wconf 78' lang='lat' dir='ltr'><strong>ENARR.</strong></span> <span class='ocrx_word' id='word_1_113' title='bbox 777 152 812 180; x_wconf 74' lang='lat' dir='ltr'><strong>1N</strong></span> <span class='ocrx_word' id='word_1_114' title='bbox 832 151 941 180; x_wconf 83' lang='lat' dir='ltr'><strong>EPIST.</strong></span> <span class='ocrx_word' id='word_1_115' title='bbox 961 153 994 180; x_wconf 88' lang='lat' dir='ltr'><strong>D.</strong></span> <span class='ocrx_word' id='word_1_116' title='bbox 1015 152 1119 181; x_wconf 81' lang='lat' dir='ltr'><strong>PAULI</strong></span> <span class='ocrx_word' id='word_1_117' title='bbox 1139 153 1185 181; x_wconf 87' lang='lat' dir='ltr'><strong>AD</strong></span> <span class='ocrx_word' id='word_1_118' title='bbox 1204 153 1330 182; x_wconf 86' lang='lat' dir='ltr'><strong>GALAT.</strong></span> 
     </span>
    </p>
   </div>
   <div class='ocr_carea' id='block_1_17' title="bbox 158 209 1502 246">
    <p class='ocr_par' dir='ltr' id='par_1_17' title="bbox 158 209 1502 246">
     <span class='ocr_line' id='line_1_17' title="bbox 158 209 1502 246; baseline 0 -8"><span class='ocrx_word' id='word_1_119' title='bbox 158 210 259 245; x_wconf 72' lang='lat' dir='ltr'><strong>Ioseph</strong></span> <span class='ocrx_word' id='word_1_120' title='bbox 273 217 358 244; x_wconf 81' lang='lat' dir='ltr'><strong>annos</strong></span> <span class='ocrx_word' id='word_1_121' title='bbox 372 210 541 246; x_wconf 72' lang='lat' dir='ltr'><strong>septuaginta</strong></span> <span class='ocrx_word' id='word_1_122' title='bbox 559 218 652 238; x_wconf 92' lang='lat' dir='ltr'><strong>unum.</strong></span> <span class='ocrx_word' id='word_1_123' title='bbox 669 210 717 238; x_wconf 85' lang='lat' dir='ltr'><strong>llis</strong></span> <span class='ocrx_word' id='word_1_124' title='bbox 729 210 798 238; x_wconf 83' lang='lat' dir='ltr'><strong>adde</strong></span> <span class='ocrx_word' id='word_1_125' title='bbox 811 209 949 245; x_wconf 74' lang='lat' dir='ltr'><strong>sexaginta</strong></span> <span class='ocrx_word' id='word_1_126' title='bbox 964 212 988 241; x_wconf 81' lang='grc' dir='ltr'>Α</span> <span class='ocrx_word' id='word_1_127' title='bbox 1001 217 1049 245; x_wconf 87' lang='lat' dir='ltr'><strong>per</strong></span> <span class='ocrx_word' id='word_1_128' title='bbox 1070 210 1177 245; x_wconf 78' lang='lat' dir='ltr'><strong>angelos</strong></span> <span class='ocrx_word' id='word_1_129' title='bbox 1198 211 1225 237; x_wconf 80' lang='lat' dir='ltr'><strong>in</strong></span> <span class='ocrx_word' id='word_1_130' title='bbox 1250 219 1328 238; x_wconf 88' lang='lat' dir='ltr'><strong>manu</strong></span> <span class='ocrx_word' id='word_1_131' title='bbox 1352 211 1502 239; x_wconf 80' lang='lat' dir='ltr'><strong>mediatoris</strong></span> 
     </span>
    </p>
   </div>
   <div class='ocr_carea' id='block_1_18' title="bbox 1741 160 1793 187">
    <p class='ocr_par' dir='ltr' id='par_1_18' title="bbox 1741 160 1793 187">
     <span class='ocr_line' id='line_1_18' title="bbox 1741 160 1793 187; baseline 0 -1"><span class='ocrx_word' id='word_1_132' title='bbox 1741 160 1773 187; x_wconf 60' lang='lat'><strong>81&#39;</strong></span> <span class='ocrx_word' id='word_1_133' title='bbox 1778 160 1793 186; x_wconf 63' lang='grc'><em>5</em></span> 
     </span>
    </p>
   </div>
   <div class='ocr_carea' id='block_1_19' title="bbox 1526 214 1795 245">
    <p class='ocr_par' dir='ltr' id='par_1_19' title="bbox 1526 214 1795 245">
     <span class='ocr_line' id='line_1_19' title="bbox 1526 214 1795 245; baseline 0.022 -6"><span class='ocrx_word' id='word_1_134' title='bbox 1526 220 1534 238; x_wconf 93' lang='lat'><strong><em>:</em></strong></span> <span class='ocrx_word' id='word_1_135' title='bbox 1560 214 1685 242; x_wconf 78' lang='lat' dir='ltr'><strong>mediator</strong></span> <span class='ocrx_word' id='word_1_136' title='bbox 1707 223 1795 245; x_wconf 83' lang='lat' dir='ltr'><strong>autem</strong></span> 
     </span>
    </p>
   </div>
   <div class='ocr_carea' id='block_1_20' title="bbox 1009 255 1797 293">
    <p class='ocr_par' dir='ltr' id='par_1_20' title="bbox 1009 255 1797 293">
     <span class='ocr_line' id='line_1_20' title="bbox 1009 255 1797 293; baseline 0.013 -13"><span class='ocrx_word' id='word_1_137' title='bbox 1009 255 1086 281; x_wconf 87' lang='lat' dir='ltr'><strong>unius</strong></span> <span class='ocrx_word' id='word_1_138' title='bbox 1107 263 1158 281; x_wconf 80' lang='lat' dir='ltr'><strong>non</strong></span> <span class='ocrx_word' id='word_1_139' title='bbox 1178 259 1225 287; x_wconf 80' lang='lat' dir='ltr'><strong>est,</strong></span> <span class='ocrx_word' id='word_1_140' title='bbox 1243 255 1312 282; x_wconf 88' lang='lat' dir='ltr'><strong>Deus</strong></span> <span class='ocrx_word' id='word_1_141' title='bbox 1327 260 1413 282; x_wconf 86' lang='lat' dir='ltr'><strong>autem</strong></span> <span class='ocrx_word' id='word_1_142' title='bbox 1434 265 1500 284; x_wconf 78' lang='lat' dir='ltr'><strong>unus</strong></span> <span class='ocrx_word' id='word_1_143' title='bbox 1515 263 1561 285; x_wconf 87' lang='lat' dir='ltr'><strong>est.</strong></span> <span class='ocrx_word' id='word_1_144' title='bbox 1584 260 1651 293; x_wconf 79' lang='lat' dir='ltr'><strong>Quia</strong></span> <span class='ocrx_word' id='word_1_145' title='bbox 1671 268 1797 290; x_wconf 79' lang='lat' dir='ltr'><strong>manente</strong></span> 
     </span>
    </p>
   </div>
   <div class='ocr_carea' id='block_1_21' title="bbox 1008 300 1796 341">
    <p class='ocr_par' dir='ltr' id='par_1_21' title="bbox 1008 300 1796 341">
     <span class='ocr_line' id='line_1_21' title="bbox 1008 300 1796 341; baseline 0.013 -15"><span class='ocrx_word' id='word_1_146' title='bbox 1008 300 1217 335; x_wconf 86' lang='lat' dir='ltr'><strong>repromissione</strong></span> <span class='ocrx_word' id='word_1_147' title='bbox 1242 308 1301 335; x_wconf 69' lang='lat' dir='ltr'><strong>qua:</strong></span> <span class='ocrx_word' id='word_1_148' title='bbox 1324 301 1394 329; x_wconf 85' lang='lat' dir='ltr'><strong>facta</strong></span> <span class='ocrx_word' id='word_1_149' title='bbox 1419 302 1506 330; x_wconf 85' lang='lat' dir='ltr'><strong>fuerat</strong></span> <span class='ocrx_word' id='word_1_150' title='bbox 1526 305 1559 331; x_wconf 90' lang='lat' dir='ltr'><strong>ad</strong></span> <span class='ocrx_word' id='word_1_151' title='bbox 1581 305 1729 341; x_wconf 80' lang='lat' dir='ltr'><strong>Abraham,</strong></span> <span class='ocrx_word' id='word_1_152' title='bbox 1756 309 1796 336; x_wconf 78' lang='lat' dir='ltr'><strong>lex</strong></span> 
     </span>
    </p>
   </div>
   <div class='ocr_carea' id='block_1_22' title="bbox 1007 346 1798 385">
    <p class='ocr_par' dir='ltr' id='par_1_22' title="bbox 1007 346 1798 385">
     <span class='ocr_line' id='line_1_22' title="bbox 1007 346 1798 385; baseline 0.013 -14"><span class='ocrx_word' id='word_1_153' title='bbox 1007 349 1099 379; x_wconf 87' lang='lat' dir='ltr'><strong>postea</strong></span> <span class='ocrx_word' id='word_1_154' title='bbox 1113 346 1175 372; x_wconf 92' lang='lat' dir='ltr'><strong>data</strong></span> <span class='ocrx_word' id='word_1_155' title='bbox 1195 354 1244 381; x_wconf 88' lang='lat' dir='ltr'><strong>per</strong></span> <span class='ocrx_word' id='word_1_156' title='bbox 1259 346 1366 382; x_wconf 85' lang='lat' dir='ltr'><strong>Moysen</strong></span> <span class='ocrx_word' id='word_1_157' title='bbox 1382 347 1481 375; x_wconf 78' lang='lat' dir='ltr'><strong>frustra</strong></span> <span class='ocrx_word' id='word_1_158' title='bbox 1497 350 1639 378; x_wconf 86' lang='lat' dir='ltr'><strong>videbatur</strong></span> <span class='ocrx_word' id='word_1_159' title='bbox 1652 352 1736 385; x_wconf 89' lang='lat' dir='ltr'><strong>illata,</strong></span> <span class='ocrx_word' id='word_1_160' title='bbox 1749 362 1798 381; x_wconf 88' lang='lat' dir='ltr'><strong>cur</strong></span> 
     </span>
    </p>
   </div>
   <div class='ocr_carea' id='block_1_23' title="bbox 1008 391 1797 434">
    <p class='ocr_par' dir='ltr' id='par_1_23' title="bbox 1008 391 1797 434">
     <span class='ocr_line' id='line_1_23' title="bbox 1008 391 1797 434; baseline 0.011 -17"><span class='ocrx_word' id='word_1_161' title='bbox 1008 391 1069 418; x_wconf 89' lang='lat' dir='ltr'><strong>data</strong></span> <span class='ocrx_word' id='word_1_162' title='bbox 1092 391 1136 423; x_wconf 90' lang='lat' dir='ltr'><strong>sit,</strong></span> <span class='ocrx_word' id='word_1_163' title='bbox 1151 391 1267 426; x_wconf 84' lang='lat' dir='ltr'><strong>explicat</strong></span> <span class='ocrx_word' id='word_1_164' title='bbox 1282 402 1288 419; x_wconf 89' lang='lat'><strong>:</strong></span> <span class='ocrx_word' id='word_1_165' title='bbox 1304 397 1415 428; x_wconf 87' lang='lat' dir='ltr'><strong>propter</strong></span> <span class='ocrx_word' id='word_1_166' title='bbox 1437 396 1675 430; x_wconf 80' lang='lat' dir='ltr'><strong>transgressiones,</strong></span> <span class='ocrx_word' id='word_1_167' title='bbox 1700 399 1797 434; x_wconf 85' lang='lat' dir='ltr'><strong>inquit.</strong></span> 
     </span>
    </p>
   </div>
   <div class='ocr_carea' id='block_1_24' title="bbox 1007 436 1798 477">
    <p class='ocr_par' dir='ltr' id='par_1_24' title="bbox 1007 436 1798 477">
     <span class='ocr_line' id='line_1_24' title="bbox 1007 436 1798 477; baseline 0.014 -15"><span class='ocrx_word' id='word_1_168' title='bbox 1007 436 1072 463; x_wconf 87' lang='lat' dir='ltr'><strong>Post</strong></span> <span class='ocrx_word' id='word_1_169' title='bbox 1086 436 1216 464; x_wconf 82' lang='lat' dir='ltr'><strong>oii‘ensam</strong></span> <span class='ocrx_word' id='word_1_170' title='bbox 1228 438 1300 465; x_wconf 93' lang='lat' dir='ltr'><strong>enim</strong></span> <span class='ocrx_word' id='word_1_171' title='bbox 1314 439 1341 465; x_wconf 93' lang='lat' dir='ltr'><strong>in</strong></span> <span class='ocrx_word' id='word_1_172' title='bbox 1352 447 1445 467; x_wconf 87' lang='lat' dir='ltr'><strong>eremo</strong></span> <span class='ocrx_word' id='word_1_173' title='bbox 1464 441 1564 475; x_wconf 84' lang='lat' dir='ltr'><strong>populi,</strong></span> <span class='ocrx_word' id='word_1_174' title='bbox 1581 447 1642 477; x_wconf 88' lang='lat' dir='ltr'><strong>post</strong></span> <span class='ocrx_word' id='word_1_175' title='bbox 1658 443 1798 474; x_wconf 87' lang='lat' dir='ltr'><strong>adoratum</strong></span> 
     </span>
    </p>
   </div>
   <div class='ocr_carea' id='block_1_25' title="bbox 1007 483 1800 525">
    <p class='ocr_par' dir='ltr' id='par_1_25' title="bbox 1007 483 1800 525">
     <span class='ocr_line' id='line_1_25' title="bbox 1007 483 1800 525; baseline 0.013 -16"><span class='ocrx_word' id='word_1_176' title='bbox 1007 483 1130 515; x_wconf 89' lang='lat' dir='ltr'><strong>vitulum,</strong></span> <span class='ocrx_word' id='word_1_177' title='bbox 1143 488 1169 510; x_wconf 89' lang='lat' dir='ltr'><strong>et</strong></span> <span class='ocrx_word' id='word_1_178' title='bbox 1181 492 1303 512; x_wconf 91' lang='lat' dir='ltr'><strong>murmur</strong></span> <span class='ocrx_word' id='word_1_179' title='bbox 1312 486 1339 512; x_wconf 89' lang='lat' dir='ltr'><strong>in</strong></span> <span class='ocrx_word' id='word_1_180' title='bbox 1350 485 1505 520; x_wconf 76' lang='lat' dir='ltr'><strong>Dominum,</strong></span> <span class='ocrx_word' id='word_1_181' title='bbox 1518 487 1560 515; x_wconf 83' lang='lat' dir='ltr'><strong>lex</strong></span> <span class='ocrx_word' id='word_1_182' title='bbox 1572 490 1800 525; x_wconf 79' lang='lat' dir='ltr'><strong>transgressiones</strong></span> 
     </span>
    </p>
   </div>
   <div class='ocr_carea' id='block_1_26' title="bbox 1007 529 1799 570">
    <p class='ocr_par' dir='ltr' id='par_1_26' title="bbox 1007 529 1799 570">
     <span class='ocr_line' id='line_1_26' title="bbox 1007 529 1799 570; baseline 0.01 -14"><span class='ocrx_word' id='word_1_183' title='bbox 1007 529 1177 564; x_wconf 86' lang='lat' dir='ltr'><strong>prohibitura</strong></span> <span class='ocrx_word' id='word_1_184' title='bbox 1198 531 1340 558; x_wconf 86' lang='lat' dir='ltr'><strong>successit.</strong></span> <span class='ocrx_word' id='word_1_185' title='bbox 1363 531 1534 567; x_wconf 86' lang='lat' dir='ltr'><strong>Superbienti</strong></span> <span class='ocrx_word' id='word_1_186' title='bbox 1555 541 1620 569; x_wconf 88' lang='lat' dir='ltr'><strong>ergo</strong></span> <span class='ocrx_word' id='word_1_187' title='bbox 1639 536 1736 570; x_wconf 91' lang='lat' dir='ltr'><strong>populo</strong></span> <span class='ocrx_word' id='word_1_188' title='bbox 1757 537 1799 564; x_wconf 80' lang='lat' dir='ltr'><strong>lex</strong></span> 
     </span>
    </p>
   </div>
   <div class='ocr_carea' id='block_1_27' title="bbox 1007 575 1800 612">
    <p class='ocr_par' dir='ltr' id='par_1_27' title="bbox 1007 575 1800 612">
     <span class='ocr_line' id='line_1_27' title="bbox 1007 575 1800 612; baseline 0.01 -11"><span class='ocrx_word' id='word_1_189' title='bbox 1007 575 1094 609; x_wconf 89' lang='lat' dir='ltr'><strong>posita</strong></span> <span class='ocrx_word' id='word_1_190' title='bbox 1115 580 1166 607; x_wconf 92' lang='lat' dir='ltr'><strong>est,</strong></span> <span class='ocrx_word' id='word_1_191' title='bbox 1189 579 1218 602; x_wconf 93' lang='lat' dir='ltr'><strong>ut</strong></span> <span class='ocrx_word' id='word_1_192' title='bbox 1238 577 1365 610; x_wconf 88' lang='lat' dir='ltr'><strong>quoniam</strong></span> <span class='ocrx_word' id='word_1_193' title='bbox 1386 578 1501 612; x_wconf 84' lang='lat' dir='ltr'><strong>gratiam</strong></span> <span class='ocrx_word' id='word_1_194' title='bbox 1521 578 1662 608; x_wconf 86' lang='lat' dir='ltr'><strong>charitalis</strong></span> <span class='ocrx_word' id='word_1_195' title='bbox 1679 581 1730 608; x_wconf 90' lang='lat' dir='ltr'><strong>nisi</strong></span> <span class='ocrx_word' id='word_1_196' title='bbox 1750 582 1800 608; x_wconf 91' lang='lat' dir='ltr'><strong>hu-</strong></span> 
     </span>
    </p>
   </div>
   <div class='ocr_carea' id='block_1_28' title="bbox 1009 619 1801 661">
    <p class='ocr_par' dir='ltr' id='par_1_28' title="bbox 1009 619 1801 661">
     <span class='ocr_line' id='line_1_28' title="bbox 1009 619 1801 661; baseline 0.01 -15"><span class='ocrx_word' id='word_1_197' title='bbox 1009 619 1127 647; x_wconf 88' lang='lat' dir='ltr'><strong>miliatus</strong></span> <span class='ocrx_word' id='word_1_198' title='bbox 1138 621 1261 656; x_wconf 89' lang='lat' dir='ltr'><strong>accipere</strong></span> <span class='ocrx_word' id='word_1_199' title='bbox 1276 629 1328 648; x_wconf 92' lang='lat' dir='ltr'><strong>non</strong></span> <span class='ocrx_word' id='word_1_200' title='bbox 1340 627 1430 656; x_wconf 85' lang='lat' dir='ltr'><strong>posset</strong></span> <span class='ocrx_word' id='word_1_201' title='bbox 1444 632 1450 649; x_wconf 89' lang='lat'>:</span> <span class='ocrx_word' id='word_1_202' title='bbox 1463 627 1491 650; x_wconf 90' lang='lat' dir='ltr'><strong>et</strong></span> <span class='ocrx_word' id='word_1_203' title='bbox 1501 624 1559 651; x_wconf 86' lang='lat' dir='ltr'><strong>sine</strong></span> <span class='ocrx_word' id='word_1_204' title='bbox 1570 625 1620 652; x_wconf 89' lang='lat' dir='ltr'><strong>hac</strong></span> <span class='ocrx_word' id='word_1_205' title='bbox 1631 627 1717 661; x_wconf 81' lang='lat' dir='ltr'><strong>gratia</strong></span> <span class='ocrx_word' id='word_1_206' title='bbox 1729 627 1801 654; x_wconf 91' lang='lat' dir='ltr'><strong>nullo</strong></span> 
     </span>
    </p>
   </div>
   <div class='ocr_carea' id='block_1_29' title="bbox 1008 665 1800 707">
    <p class='ocr_par' dir='ltr' id='par_1_29' title="bbox 1008 665 1800 707">
     <span class='ocr_line' id='line_1_29' title="bbox 1008 665 1800 707; baseline 0.011 -15"><span class='ocrx_word' id='word_1_207' title='bbox 1008 665 1088 693; x_wconf 92' lang='lat' dir='ltr'><strong>modo</strong></span> <span class='ocrx_word' id='word_1_208' title='bbox 1107 671 1242 702; x_wconf 73' lang='lat' dir='ltr'><strong>przccepla</strong></span> <span class='ocrx_word' id='word_1_209' title='bbox 1264 668 1330 703; x_wconf 84' lang='lat' dir='ltr'><strong>legis</strong></span> <span class='ocrx_word' id='word_1_210' title='bbox 1351 669 1490 704; x_wconf 81' lang='lat' dir='ltr'><strong>impleret,</strong></span> <span class='ocrx_word' id='word_1_211' title='bbox 1515 673 1727 707; x_wconf 80' lang='lat' dir='ltr'><strong>transgressione</strong></span> <span class='ocrx_word' id='word_1_212' title='bbox 1748 674 1800 701; x_wconf 82' lang='lat' dir='ltr'><strong>hu-</strong></span> 
     </span>
    </p>
   </div>
   <div class='ocr_carea' id='block_1_30' title="bbox 1008 710 1802 748">
    <p class='ocr_par' dir='ltr' id='par_1_30' title="bbox 1008 710 1802 748">
     <span class='ocr_line' id='line_1_30' title="bbox 1008 710 1802 748; baseline 0.011 -11"><span class='ocrx_word' id='word_1_213' title='bbox 1008 710 1167 743; x_wconf 89' lang='lat' dir='ltr'><strong>miliaretur,</strong></span> <span class='ocrx_word' id='word_1_214' title='bbox 1185 716 1214 738; x_wconf 92' lang='lat' dir='ltr'><strong>ut</strong></span> <span class='ocrx_word' id='word_1_215' title='bbox 1225 717 1357 746; x_wconf 67' lang='lat' dir='ltr'><strong>quazreret</strong></span> <span class='ocrx_word' id='word_1_216' title='bbox 1368 714 1495 748; x_wconf 85' lang='lat' dir='ltr'><strong>gratiam,</strong></span> <span class='ocrx_word' id='word_1_217' title='bbox 1512 722 1561 742; x_wconf 90' lang='lat' dir='ltr'><strong>nec</strong></span> <span class='ocrx_word' id='word_1_218' title='bbox 1579 723 1608 743; x_wconf 92' lang='lat' dir='ltr'><strong>se</strong></span> <span class='ocrx_word' id='word_1_219' title='bbox 1626 717 1681 744; x_wconf 90' lang='lat' dir='ltr'><strong>suis</strong></span> <span class='ocrx_word' id='word_1_220' title='bbox 1698 718 1802 746; x_wconf 79' lang='lat' dir='ltr'><strong>meritis</strong></span> 
     </span>
    </p>
   </div>
   <div class='ocr_carea' id='block_1_31' title="bbox 1008 755 1802 795">
    <p class='ocr_par' dir='ltr' id='par_1_31' title="bbox 1008 755 1802 795">
     <span class='ocr_line' id='line_1_31' title="bbox 1008 755 1802 795; baseline 0.014 -14"><span class='ocrx_word' id='word_1_221' title='bbox 1008 755 1112 782; x_wconf 89' lang='lat' dir='ltr'><strong>salvum</strong></span> <span class='ocrx_word' id='word_1_222' title='bbox 1125 755 1193 789; x_wconf 89' lang='lat' dir='ltr'><strong>fieri,</strong></span> <span class='ocrx_word' id='word_1_223' title='bbox 1208 758 1280 792; x_wconf 90' lang='lat' dir='ltr'><strong>quod</strong></span> <span class='ocrx_word' id='word_1_224' title='bbox 1291 760 1435 792; x_wconf 83' lang='lat' dir='ltr'><strong>superbum</strong></span> <span class='ocrx_word' id='word_1_225' title='bbox 1448 764 1500 792; x_wconf 89' lang='lat' dir='ltr'><strong>est,</strong></span> <span class='ocrx_word' id='word_1_226' title='bbox 1511 762 1679 795; x_wconf 81' lang='lat' dir='ltr'><strong>opinaretur,</strong></span> <span class='ocrx_word' id='word_1_227' title='bbox 1690 767 1720 790; x_wconf 94' lang='lat' dir='ltr'><strong>ut</strong></span> <span class='ocrx_word' id='word_1_228' title='bbox 1730 769 1802 792; x_wconf 88' lang='lat' dir='ltr'><strong>esset</strong></span> 
     </span>
    </p>
   </div>
   <div class='ocr_carea' id='block_1_32' title="bbox 1009 804 1803 839">
    <p class='ocr_par' dir='ltr' id='par_1_32' title="bbox 1009 804 1803 839">
     <span class='ocr_line' id='line_1_32' title="bbox 1009 804 1803 839; baseline 0.011 -12"><span class='ocrx_word' id='word_1_229' title='bbox 1009 808 1062 827; x_wconf 91' lang='lat' dir='ltr'><strong>non</strong></span> <span class='ocrx_word' id='word_1_230' title='bbox 1074 809 1121 828; x_wconf 87' lang='lat' dir='ltr'><strong>sua</strong></span> <span class='ocrx_word' id='word_1_231' title='bbox 1139 806 1272 836; x_wconf 85' lang='lat' dir='ltr'><strong>potestate</strong></span> <span class='ocrx_word' id='word_1_232' title='bbox 1283 807 1310 830; x_wconf 89' lang='lat' dir='ltr'><strong>et</strong></span> <span class='ocrx_word' id='word_1_233' title='bbox 1322 804 1425 831; x_wconf 89' lang='lat' dir='ltr'><strong>viribus</strong></span> <span class='ocrx_word' id='word_1_234' title='bbox 1435 804 1534 839; x_wconf 85' lang='lat' dir='ltr'><strong>justus,</strong></span> <span class='ocrx_word' id='word_1_235' title='bbox 1548 807 1595 833; x_wconf 91' lang='lat' dir='ltr'><strong>sed</strong></span> <span class='ocrx_word' id='word_1_236' title='bbox 1610 807 1635 833; x_wconf 94' lang='lat' dir='ltr'><strong>in</strong></span> <span class='ocrx_word' id='word_1_237' title='bbox 1650 815 1730 834; x_wconf 90' lang='lat' dir='ltr'><strong>manu</strong></span> <span class='ocrx_word' id='word_1_238' title='bbox 1746 817 1803 836; x_wconf 89' lang='lat' dir='ltr'><strong>mc-</strong></span> 
     </span>
    </p>
   </div>
   <div class='ocr_carea' id='block_1_33' title="bbox 1009 846 1803 885">
    <p class='ocr_par' dir='ltr' id='par_1_33' title="bbox 1009 846 1803 885">
     <span class='ocr_line' id='line_1_33' title="bbox 1009 846 1803 885; baseline 0.011 -13"><span class='ocrx_word' id='word_1_239' title='bbox 1009 846 1122 873; x_wconf 89' lang='lat' dir='ltr'><strong>diatoris</strong></span> <span class='ocrx_word' id='word_1_240' title='bbox 1133 847 1308 880; x_wconf 82' lang='lat' dir='ltr'><strong>justificantis</strong></span> <span class='ocrx_word' id='word_1_241' title='bbox 1320 849 1442 884; x_wconf 88' lang='lat' dir='ltr'><strong>impium.</strong></span> <span class='ocrx_word' id='word_1_242' title='bbox 1460 850 1511 877; x_wconf 84' lang='lat' dir='ltr'><strong>Per</strong></span> <span class='ocrx_word' id='word_1_243' title='bbox 1524 851 1634 885; x_wconf 86' lang='lat' dir='ltr'><strong>angelos</strong></span> <span class='ocrx_word' id='word_1_244' title='bbox 1650 857 1739 880; x_wconf 89' lang='lat' dir='ltr'><strong>autem</strong></span> <span class='ocrx_word' id='word_1_245' title='bbox 1752 855 1803 881; x_wconf 87' lang='lat' dir='ltr'><strong>mi-</strong></span> 
     </span>
    </p>
   </div>
   <div class='ocr_carea' id='block_1_34' title="bbox 164 890 1801 932">
    <p class='ocr_par' dir='ltr' id='par_1_34' title="bbox 164 890 1801 932">
     <span class='ocr_line' id='line_1_34' title="bbox 164 890 1801 932; baseline 0.005 -14"><span class='ocrx_word' id='word_1_246' title='bbox 164 900 191 918; x_wconf 90' lang='lat' dir='ltr'><strong>-n</strong></span> <span class='ocrx_word' id='word_1_247' title='bbox 207 895 278 918; x_wconf 83' lang='lat' dir='ltr'><strong>terra</strong></span> <span class='ocrx_word' id='word_1_248' title='bbox 297 890 408 928; x_wconf 71' lang='lat' dir='ltr'><strong>Aigypti</strong></span> <span class='ocrx_word' id='word_1_249' title='bbox 422 892 548 918; x_wconf 89' lang='lat' dir='ltr'><strong>steterint</strong></span> <span class='ocrx_word' id='word_1_250' title='bbox 566 899 669 924; x_wconf 89' lang='lat' dir='ltr'><strong>annos,</strong></span> <span class='ocrx_word' id='word_1_251' title='bbox 691 899 752 918; x_wconf 90' lang='lat' dir='ltr'><strong>cum</strong></span> <span class='ocrx_word' id='word_1_252' title='bbox 772 890 911 926; x_wconf 86' lang='lat' dir='ltr'><strong>Scriptura</strong></span> <span class='ocrx_word' id='word_1_253' title='bbox 926 891 958 917; x_wconf 91' lang='lat' dir='ltr'><strong>li-</strong></span> <span class='ocrx_word' id='word_1_254' title='bbox 972 894 995 923; x_wconf 82' lang='grc' dir='ltr'><strong>Β</strong></span> <span class='ocrx_word' id='word_1_255' title='bbox 1009 891 1123 918; x_wconf 90' lang='lat' dir='ltr'><strong>nistrata</strong></span> <span class='ocrx_word' id='word_1_256' title='bbox 1145 897 1186 920; x_wconf 72' lang='grc' dir='ltr'><strong>ρει</strong></span> <span class='ocrx_word' id='word_1_257' title='bbox 1208 894 1296 921; x_wconf 87' lang='lat' dir='ltr'><strong>omnis</strong></span> <span class='ocrx_word' id='word_1_258' title='bbox 1316 895 1482 929; x_wconf 86' lang='lat' dir='ltr'><strong>dispensatio</strong></span> <span class='ocrx_word' id='word_1_259' title='bbox 1497 896 1603 923; x_wconf 86' lang='lat' dir='ltr'><strong>Veteris</strong></span> <span class='ocrx_word' id='word_1_260' title='bbox 1624 897 1801 932; x_wconf 86' lang='lat' dir='ltr'><strong>Tcstamenti,</strong></span> 
     </span>
    </p>
   </div>
   <div class='ocr_carea' id='block_1_35' title="bbox 164 935 954 972">
    <p class='ocr_par' dir='ltr' id='par_1_35' title="bbox 164 935 954 972">
     <span class='ocr_line' id='line_1_35' title="bbox 164 935 954 972; baseline 0 -9"><span class='ocrx_word' id='word_1_261' title='bbox 164 936 204 963; x_wconf 88' lang='lat' dir='ltr'><strong>hri</strong></span> <span class='ocrx_word' id='word_1_262' title='bbox 218 936 353 964; x_wconf 86' lang='lat' dir='ltr'><strong>Gencseos</strong></span> <span class='ocrx_word' id='word_1_263' title='bbox 365 942 467 969; x_wconf 84' lang='lat' dir='ltr'><strong>narret,</strong></span> <span class='ocrx_word' id='word_1_264' title='bbox 481 937 552 972; x_wconf 91' lang='lat' dir='ltr'><strong>quod</strong></span> <span class='ocrx_word' id='word_1_265' title='bbox 564 936 663 964; x_wconf 78' lang='lat' dir='ltr'><strong>dixerit</strong></span> <span class='ocrx_word' id='word_1_266' title='bbox 676 936 745 963; x_wconf 86' lang='lat' dir='ltr'><strong>Deus</strong></span> <span class='ocrx_word' id='word_1_267' title='bbox 756 936 789 962; x_wconf 90' lang='lat' dir='ltr'><strong>ad</strong></span> <span class='ocrx_word' id='word_1_268' title='bbox 800 935 954 963; x_wconf 89' lang='lat' dir='ltr'><strong>Abraham:</strong></span> 
     </span>
    </p>
   </div>
   <div class='ocr_carea' id='block_1_36' title="bbox 165 981 957 1018">
    <p class='ocr_par' dir='ltr' id='par_1_36' title="bbox 165 981 957 1018">
     <span class='ocr_line' id='line_1_36' title="bbox 165 981 957 1018; baseline 0.001 -10"><span class='ocrx_word' id='word_1_269' title='bbox 165 981 235 1009; x_wconf 65' lang='lat' dir='ltr'><strong>Scito</strong></span> <span class='ocrx_word' id='word_1_270' title='bbox 254 991 427 1018; x_wconf 69' lang='lat' dir='ltr'><strong>prirnosrens,</strong></span> <span class='ocrx_word' id='word_1_271' title='bbox 443 984 504 1018; x_wconf 83' lang='lat' dir='ltr'><strong>quia</strong></span> <span class='ocrx_word' id='word_1_272' title='bbox 522 983 688 1018; x_wconf 81' lang='lat' dir='ltr'><strong>peregrinum</strong></span> <span class='ocrx_word' id='word_1_273' title='bbox 703 983 751 1010; x_wconf 89' lang='lat' dir='ltr'><strong>erit</strong></span> <span class='ocrx_word' id='word_1_274' title='bbox 774 991 862 1010; x_wconf 81' lang='lat' dir='ltr'><strong>semen</strong></span> <span class='ocrx_word' id='word_1_275' title='bbox 883 987 957 1009; x_wconf 83' lang='lat' dir='ltr'><strong>tuum</strong></span> 
     </span>
    </p>
   </div>
   <div class='ocr_carea' id='block_1_37' title="bbox 165 1028 957 1063">
    <p class='ocr_par' dir='ltr' id='par_1_37' title="bbox 165 1028 957 1063">
     <span class='ocr_line' id='line_1_37' title="bbox 165 1028 957 1063; baseline 0.001 -9"><span class='ocrx_word' id='word_1_276' title='bbox 165 1028 191 1054; x_wconf 80' lang='lat' dir='ltr'><strong>in</strong></span> <span class='ocrx_word' id='word_1_277' title='bbox 204 1033 273 1055; x_wconf 83' lang='lat' dir='ltr'><strong>terra</strong></span> <span class='ocrx_word' id='word_1_278' title='bbox 288 1037 338 1055; x_wconf 82' lang='lat' dir='ltr'><strong>non</strong></span> <span class='ocrx_word' id='word_1_279' title='bbox 352 1037 410 1061; x_wconf 85' lang='lat' dir='ltr'><strong>sua,</strong></span> <span class='ocrx_word' id='word_1_280' title='bbox 423 1033 446 1055; x_wconf 84' lang='lat' dir='ltr'><strong>et</strong></span> <span class='ocrx_word' id='word_1_281' title='bbox 460 1029 597 1063; x_wconf 83' lang='lat' dir='ltr'><strong>subjicient</strong></span> <span class='ocrx_word' id='word_1_282' title='bbox 612 1037 655 1055; x_wconf 89' lang='lat' dir='ltr'><strong>eos</strong></span> <span class='ocrx_word' id='word_1_283' title='bbox 668 1029 796 1061; x_wconf 78' lang='lat' dir='ltr'><strong>servituti,</strong></span> <span class='ocrx_word' id='word_1_284' title='bbox 813 1033 836 1055; x_wconf 85' lang='lat' dir='ltr'><strong>et</strong></span> <span class='ocrx_word' id='word_1_285' title='bbox 849 1029 957 1063; x_wconf 74' lang='lat' dir='ltr'><strong>efﬁcient</strong></span> 
     </span>
    </p>
   </div>
   <div class='ocr_carea' id='block_1_38' title="bbox 164 1073 957 1109">
    <p class='ocr_par' dir='ltr' id='par_1_38' title="bbox 164 1073 957 1109">
     <span class='ocr_line' id='line_1_38' title="bbox 164 1073 957 1109; baseline 0.001 -9"><span class='ocrx_word' id='word_1_286' title='bbox 164 1074 241 1100; x_wconf 78' lang='lat' dir='ltr'><strong>annis</strong></span> <span class='ocrx_word' id='word_1_287' title='bbox 254 1075 450 1109; x_wconf 75' lang='lat' dir='ltr'><strong>quadringentis</strong></span> <span class='ocrx_word' id='word_1_288' title='bbox 467 1073 542 1109; x_wconf 81' lang='lat' dir='ltr'><strong>(Cen.</strong></span> <span class='ocrx_word' id='word_1_289' title='bbox 558 1074 621 1109; x_wconf 84' lang='lat' dir='ltr'><strong>xv)?</strong></span> <span class='ocrx_word' id='word_1_290' title='bbox 636 1074 694 1101; x_wconf 85' lang='lat' dir='ltr'><strong>Non</strong></span> <span class='ocrx_word' id='word_1_291' title='bbox 707 1074 808 1109; x_wconf 86' lang='lat' dir='ltr'><strong>itaque,</strong></span> <span class='ocrx_word' id='word_1_292' title='bbox 823 1074 895 1109; x_wconf 86' lang='lat' dir='ltr'><strong>quod</strong></span> <span class='ocrx_word' id='word_1_293' title='bbox 908 1074 957 1107; x_wconf 84' lang='lat' dir='ltr'><strong>ait,</strong></span> 
     </span>
    </p>
   </div>
   <div class='ocr_carea' id='block_1_39' title="bbox 166 1120 959 1155">
    <p class='ocr_par' dir='ltr' id='par_1_39' title="bbox 166 1120 959 1155">
     <span class='ocr_line' id='line_1_39' title="bbox 166 1120 959 1155; baseline 0.001 -9"><span class='ocrx_word' id='word_1_294' title='bbox 166 1120 191 1146; x_wconf 90' lang='lat' dir='ltr'><strong>in</strong></span> <span class='ocrx_word' id='word_1_295' title='bbox 207 1120 363 1147; x_wconf 82' lang='lat' dir='ltr'><strong>servitutem</strong></span> <span class='ocrx_word' id='word_1_296' title='bbox 382 1120 506 1155; x_wconf 81' lang='lat' dir='ltr'><strong>redigens</strong></span> <span class='ocrx_word' id='word_1_297' title='bbox 525 1126 583 1151; x_wconf 86' lang='lat' dir='ltr'><strong>eos,</strong></span> <span class='ocrx_word' id='word_1_298' title='bbox 599 1121 631 1147; x_wconf 87' lang='lat' dir='ltr'><strong>ad</strong></span> <span class='ocrx_word' id='word_1_299' title='bbox 648 1120 860 1155; x_wconf 81' lang='lat' dir='ltr'><strong>quadringentos</strong></span> <span class='ocrx_word' id='word_1_300' title='bbox 874 1127 959 1147; x_wconf 87' lang='lat' dir='ltr'><strong>annos</strong></span> 
     </span>
    </p>
   </div>
   <div class='ocr_carea' id='block_1_40' title="bbox 165 1166 959 1200">
    <p class='ocr_par' dir='ltr' id='par_1_40' title="bbox 165 1166 959 1200">
     <span class='ocr_line' id='line_1_40' title="bbox 165 1166 959 1200; baseline 0 -8"><span class='ocrx_word' id='word_1_301' title='bbox 165 1166 337 1193; x_wconf 84' lang='lat' dir='ltr'><strong>referendum</strong></span> <span class='ocrx_word' id='word_1_302' title='bbox 351 1170 402 1197; x_wconf 91' lang='lat' dir='ltr'><strong>est,</strong></span> <span class='ocrx_word' id='word_1_303' title='bbox 418 1170 547 1200; x_wconf 85' lang='lat' dir='ltr'><strong>tanquam</strong></span> <span class='ocrx_word' id='word_1_304' title='bbox 561 1173 610 1200; x_wconf 85' lang='lat' dir='ltr'><strong>per</strong></span> <span class='ocrx_word' id='word_1_305' title='bbox 622 1170 661 1193; x_wconf 91' lang='lat' dir='ltr'><strong>tot</strong></span> <span class='ocrx_word' id='word_1_306' title='bbox 674 1173 759 1192; x_wconf 90' lang='lat' dir='ltr'><strong>annos</strong></span> <span class='ocrx_word' id='word_1_307' title='bbox 772 1166 916 1192; x_wconf 88' lang='lat' dir='ltr'><strong>habuerint</strong></span> <span class='ocrx_word' id='word_1_308' title='bbox 931 1166 959 1192; x_wconf 90' lang='lat' dir='ltr'><strong>in</strong></span> 
     </span>
    </p>
   </div>
   <div class='ocr_carea' id='block_1_41' title="bbox 165 1211 960 1246">
    <p class='ocr_par' dir='ltr' id='par_1_41' title="bbox 165 1211 960 1246">
     <span class='ocr_line' id='line_1_41' title="bbox 165 1211 960 1246; baseline -0.001 -8"><span class='ocrx_word' id='word_1_309' title='bbox 165 1211 313 1243; x_wconf 82' lang='lat' dir='ltr'><strong>servitute,</strong></span> <span class='ocrx_word' id='word_1_310' title='bbox 330 1211 376 1237; x_wconf 89' lang='lat' dir='ltr'><strong>sed</strong></span> <span class='ocrx_word' id='word_1_311' title='bbox 397 1211 533 1238; x_wconf 77' lang='lat' dir='ltr'><strong>referendi</strong></span> <span class='ocrx_word' id='word_1_312' title='bbox 553 1215 615 1238; x_wconf 90' lang='lat' dir='ltr'><strong>sunt</strong></span> <span class='ocrx_word' id='word_1_313' title='bbox 635 1211 823 1246; x_wconf 85' lang='lat' dir='ltr'><strong>quadringenti</strong></span> <span class='ocrx_word' id='word_1_314' title='bbox 845 1211 907 1237; x_wconf 88' lang='lat' dir='ltr'><strong>anni</strong></span> <span class='ocrx_word' id='word_1_315' title='bbox 926 1211 960 1237; x_wconf 85' lang='lat' dir='ltr'><strong>ad</strong></span> 
     </span>
    </p>
   </div>
   <div class='ocr_carea' id='block_1_42' title="bbox 166 1255 960 1291">
    <p class='ocr_par' dir='ltr' id='par_1_42' title="bbox 166 1255 960 1291">
     <span class='ocr_line' id='line_1_42' title="bbox 166 1255 960 1291; baseline 0.001 -9"><span class='ocrx_word' id='word_1_316' title='bbox 166 1256 208 1288; x_wconf 89' lang='lat' dir='ltr'><strong>id,</strong></span> <span class='ocrx_word' id='word_1_317' title='bbox 231 1255 303 1290; x_wconf 89' lang='lat' dir='ltr'><strong>quod</strong></span> <span class='ocrx_word' id='word_1_318' title='bbox 321 1256 422 1283; x_wconf 91' lang='lat' dir='ltr'><strong>dictum</strong></span> <span class='ocrx_word' id='word_1_319' title='bbox 438 1261 494 1288; x_wconf 87' lang='lat' dir='ltr'><strong>est,</strong></span> <span class='ocrx_word' id='word_1_320' title='bbox 514 1256 686 1291; x_wconf 85' lang='lat' dir='ltr'><strong>peregrinum</strong></span> <span class='ocrx_word' id='word_1_321' title='bbox 701 1257 754 1283; x_wconf 89' lang='lat' dir='ltr'><strong>erit</strong></span> <span class='ocrx_word' id='word_1_322' title='bbox 772 1263 863 1283; x_wconf 88' lang='lat' dir='ltr'><strong>semen</strong></span> <span class='ocrx_word' id='word_1_323' title='bbox 884 1260 960 1283; x_wconf 89' lang='lat' dir='ltr'><strong>tuum</strong></span> 
     </span>
    </p>
   </div>
   <div class='ocr_carea' id='block_1_43' title="bbox 167 1301 961 1335">
    <p class='ocr_par' dir='ltr' id='par_1_43' title="bbox 167 1301 961 1335">
     <span class='ocr_line' id='line_1_43' title="bbox 167 1301 961 1335; baseline 0.003 -8"><span class='ocrx_word' id='word_1_324' title='bbox 167 1301 194 1327; x_wconf 93' lang='lat' dir='ltr'><strong>in</strong></span> <span class='ocrx_word' id='word_1_325' title='bbox 216 1306 287 1328; x_wconf 88' lang='lat' dir='ltr'><strong>terra</strong></span> <span class='ocrx_word' id='word_1_326' title='bbox 304 1310 356 1329; x_wconf 95' lang='lat' dir='ltr'><strong>non</strong></span> <span class='ocrx_word' id='word_1_327' title='bbox 372 1310 431 1329; x_wconf 86' lang='lat' dir='ltr'><strong>sua.</strong></span> <span class='ocrx_word' id='word_1_328' title='bbox 451 1302 519 1335; x_wconf 87' lang='lat' dir='ltr'><strong>Quia</strong></span> <span class='ocrx_word' id='word_1_329' title='bbox 538 1302 594 1329; x_wconf 83' lang='lat' dir='ltr'><strong>sive</strong></span> <span class='ocrx_word' id='word_1_330' title='bbox 609 1302 635 1329; x_wconf 93' lang='lat' dir='ltr'><strong>in</strong></span> <span class='ocrx_word' id='word_1_331' title='bbox 653 1306 724 1329; x_wconf 87' lang='lat' dir='ltr'><strong>terra</strong></span> <span class='ocrx_word' id='word_1_332' title='bbox 738 1302 882 1334; x_wconf 86' lang='lat' dir='ltr'><strong>Chanaan,</strong></span> <span class='ocrx_word' id='word_1_333' title='bbox 904 1302 961 1329; x_wconf 85' lang='lat' dir='ltr'><strong>sive</strong></span> 
     </span>
    </p>
   </div>
   <div class='ocr_carea' id='block_1_44' title="bbox 167 1345 961 1382">
    <p class='ocr_par' dir='ltr' id='par_1_44' title="bbox 167 1345 961 1382">
     <span class='ocr_line' id='line_1_44' title="bbox 167 1345 961 1382; baseline 0.003 -10"><span class='ocrx_word' id='word_1_334' title='bbox 167 1346 193 1372; x_wconf 91' lang='lat' dir='ltr'><strong>in</strong></span> <span class='ocrx_word' id='word_1_335' title='bbox 214 1345 331 1381; x_wconf 63' lang='lat' dir='ltr'><strong>.tEgypto</strong></span> <span class='ocrx_word' id='word_1_336' title='bbox 351 1347 524 1381; x_wconf 83' lang='lat' dir='ltr'><strong>peregrinum</strong></span> <span class='ocrx_word' id='word_1_337' title='bbox 541 1352 601 1375; x_wconf 88' lang='lat' dir='ltr'><strong>erat</strong></span> <span class='ocrx_word' id='word_1_338' title='bbox 615 1347 679 1374; x_wconf 92' lang='lat' dir='ltr'><strong>illud</strong></span> <span class='ocrx_word' id='word_1_339' title='bbox 694 1355 796 1379; x_wconf 90' lang='lat' dir='ltr'><strong>semen,</strong></span> <span class='ocrx_word' id='word_1_340' title='bbox 816 1352 961 1382; x_wconf 88' lang='lat' dir='ltr'><strong>antequam</strong></span> 
     </span>
    </p>
   </div>
   <div class='ocr_carea' id='block_1_45' title="bbox 169 1391 961 1427">
    <p class='ocr_par' dir='ltr' id='par_1_45' title="bbox 169 1391 961 1427">
     <span class='ocr_line' id='line_1_45' title="bbox 169 1391 961 1427; baseline 0.004 -11"><span class='ocrx_word' id='word_1_341' title='bbox 169 1391 353 1418; x_wconf 71' lang='lat' dir='ltr'><strong>harrcditatcm</strong></span> <span class='ocrx_word' id='word_1_342' title='bbox 367 1397 506 1419; x_wconf 85' lang='lat' dir='ltr'><strong>sumerent</strong></span> <span class='ocrx_word' id='word_1_343' title='bbox 521 1393 547 1419; x_wconf 92' lang='lat' dir='ltr'><strong>in</strong></span> <span class='ocrx_word' id='word_1_344' title='bbox 563 1397 646 1424; x_wconf 87' lang='lat' dir='ltr'><strong>terra,</strong></span> <span class='ocrx_word' id='word_1_345' title='bbox 662 1399 695 1419; x_wconf 84' lang='lat' dir='ltr'><strong>ex</strong></span> <span class='ocrx_word' id='word_1_346' title='bbox 709 1392 887 1427; x_wconf 83' lang='lat' dir='ltr'><strong>promissione</strong></span> <span class='ocrx_word' id='word_1_347' title='bbox 902 1392 961 1424; x_wconf 87' lang='lat' dir='ltr'><strong>Dei,</strong></span> 
     </span>
    </p>
   </div>
   <div class='ocr_carea' id='block_1_46' title="bbox 166 1435 962 1472">
    <p class='ocr_par' dir='ltr' id='par_1_46' title="bbox 166 1435 962 1472">
     <span class='ocr_line' id='line_1_46' title="bbox 166 1435 962 1472; baseline 0.004 -11"><span class='ocrx_word' id='word_1_348' title='bbox 166 1436 237 1469; x_wconf 68' lang='lat' dir='ltr'><strong>quod</strong></span> <span class='ocrx_word' id='word_1_349' title='bbox 259 1435 360 1463; x_wconf 86' lang='lat' dir='ltr'><strong>factum</strong></span> <span class='ocrx_word' id='word_1_350' title='bbox 383 1441 434 1468; x_wconf 88' lang='lat' dir='ltr'><strong>est,</strong></span> <span class='ocrx_word' id='word_1_351' title='bbox 456 1442 632 1472; x_wconf 85' lang='lat' dir='ltr'><strong>posteaquam</strong></span> <span class='ocrx_word' id='word_1_352' title='bbox 657 1445 690 1464; x_wconf 84' lang='lat' dir='ltr'><strong>ex</strong></span> <span class='ocrx_word' id='word_1_353' title='bbox 712 1437 830 1472; x_wconf 68' lang='lat' dir='ltr'><strong>Egypto</strong></span> <span class='ocrx_word' id='word_1_354' title='bbox 855 1437 962 1464; x_wconf 89' lang='lat' dir='ltr'><strong>liberati</strong></span> 
     </span>
    </p>
   </div>
   <div class='ocr_carea' id='block_1_47' title="bbox 166 1483 962 1518">
    <p class='ocr_par' dir='ltr' id='par_1_47' title="bbox 166 1483 962 1518">
     <span class='ocr_line' id='line_1_47' title="bbox 166 1483 962 1518; baseline 0.003 -10"><span class='ocrx_word' id='word_1_355' title='bbox 166 1486 245 1512; x_wconf 89' lang='lat' dir='ltr'><strong>sunt,</strong></span> <span class='ocrx_word' id='word_1_356' title='bbox 268 1486 296 1508; x_wconf 90' lang='lat' dir='ltr'><strong>ut</strong></span> <span class='ocrx_word' id='word_1_357' title='bbox 312 1489 360 1516; x_wconf 85' lang='lat' dir='ltr'><strong>per</strong></span> <span class='ocrx_word' id='word_1_358' title='bbox 381 1483 497 1517; x_wconf 87' lang='lat' dir='ltr'><strong>speciem</strong></span> <span class='ocrx_word' id='word_1_359' title='bbox 520 1483 679 1515; x_wconf 91' lang='lat' dir='ltr'><strong>locutionis,</strong></span> <span class='ocrx_word' id='word_1_360' title='bbox 696 1490 777 1516; x_wconf 90' lang='lat' dir='ltr'><strong>quam</strong></span> <span class='ocrx_word' id='word_1_361' title='bbox 792 1483 962 1518; x_wconf 87' lang='lat' dir='ltr'><strong>grammatici</strong></span> 
     </span>
    </p>
   </div>
   <div class='ocr_carea' id='block_1_48' title="bbox 167 1527 964 1562">
    <p class='ocr_par' dir='ltr' id='par_1_48' title="bbox 167 1527 964 1562">
     <span class='ocr_line' id='line_1_48' title="bbox 167 1527 964 1562; baseline 0.003 -9"><span class='ocrx_word' id='word_1_362' title='bbox 167 1527 334 1561; x_wconf 74' lang='lat' dir='ltr'><strong>hyperbaton</strong></span> <span class='ocrx_word' id='word_1_363' title='bbox 350 1532 464 1560; x_wconf 85' lang='lat' dir='ltr'><strong>vocant,</strong></span> <span class='ocrx_word' id='word_1_364' title='bbox 480 1527 581 1555; x_wconf 91' lang='lat' dir='ltr'><strong>dictum</strong></span> <span class='ocrx_word' id='word_1_365' title='bbox 597 1535 657 1555; x_wconf 90' lang='lat' dir='ltr'><strong>esse</strong></span> <span class='ocrx_word' id='word_1_366' title='bbox 678 1528 853 1562; x_wconf 86' lang='lat' dir='ltr'><strong>intelligatur.</strong></span> <span class='ocrx_word' id='word_1_367' title='bbox 874 1528 908 1555; x_wconf 88' lang='lat' dir='ltr'><strong>Et</strong></span> <span class='ocrx_word' id='word_1_368' title='bbox 921 1532 964 1556; x_wconf 86' lang='lat' dir='ltr'><strong>est</strong></span> 
     </span>
    </p>
   </div>
   <div class='ocr_carea' id='block_1_49' title="bbox 1010 938 1802 976">
    <p class='ocr_par' dir='ltr' id='par_1_49' title="bbox 1010 938 1802 976">
     <span class='ocr_line' id='line_1_49' title="bbox 1010 938 1802 976; baseline 0.01 -13"><span class='ocrx_word' id='word_1_369' title='bbox 1010 942 1106 972; x_wconf 85' lang='lat' dir='ltr'><strong>agente</strong></span> <span class='ocrx_word' id='word_1_370' title='bbox 1123 938 1148 964; x_wconf 94' lang='lat' dir='ltr'><strong>in</strong></span> <span class='ocrx_word' id='word_1_371' title='bbox 1164 938 1204 965; x_wconf 88' lang='lat' dir='ltr'><strong>eis</strong></span> <span class='ocrx_word' id='word_1_372' title='bbox 1222 939 1324 974; x_wconf 90' lang='lat' dir='ltr'><strong>Spiritu</strong></span> <span class='ocrx_word' id='word_1_373' title='bbox 1344 945 1447 972; x_wconf 90' lang='lat' dir='ltr'><strong>sancto,</strong></span> <span class='ocrx_word' id='word_1_374' title='bbox 1464 945 1491 967; x_wconf 90' lang='lat' dir='ltr'><strong>et</strong></span> <span class='ocrx_word' id='word_1_375' title='bbox 1506 941 1563 976; x_wconf 89' lang='lat' dir='ltr'><strong>ipso</strong></span> <span class='ocrx_word' id='word_1_376' title='bbox 1579 941 1665 970; x_wconf 88' lang='lat' dir='ltr'><strong>Verbo</strong></span> <span class='ocrx_word' id='word_1_377' title='bbox 1679 943 1802 971; x_wconf 82' lang='lat' dir='ltr'><strong>veritatis</strong></span> 
     </span>
    </p>
   </div>
   <div class='ocr_carea' id='block_1_50' title="bbox 1009 982 1802 1021">
    <p class='ocr_par' dir='ltr' id='par_1_50' title="bbox 1009 982 1802 1021">
     <span class='ocr_line' id='line_1_50' title="bbox 1009 982 1802 1021; baseline 0.01 -13"><span class='ocrx_word' id='word_1_378' title='bbox 1009 982 1128 1009; x_wconf 90' lang='lat' dir='ltr'><strong>nondum</strong></span> <span class='ocrx_word' id='word_1_379' title='bbox 1144 982 1293 1016; x_wconf 87' lang='lat' dir='ltr'><strong>incarnato,</strong></span> <span class='ocrx_word' id='word_1_380' title='bbox 1312 984 1357 1011; x_wconf 87' lang='lat' dir='ltr'><strong>sed</strong></span> <span class='ocrx_word' id='word_1_381' title='bbox 1373 993 1510 1019; x_wconf 92' lang='lat' dir='ltr'><strong>nunquam</strong></span> <span class='ocrx_word' id='word_1_382' title='bbox 1532 986 1566 1013; x_wconf 90' lang='lat' dir='ltr'><strong>ab</strong></span> <span class='ocrx_word' id='word_1_383' title='bbox 1580 986 1668 1021; x_wconf 90' lang='lat' dir='ltr'><strong>aliqua</strong></span> <span class='ocrx_word' id='word_1_384' title='bbox 1683 989 1802 1017; x_wconf 84' lang='lat' dir='ltr'><strong>veridica</strong></span> 
     </span>
    </p>
   </div>
   <div class='ocr_carea' id='block_1_51' title="bbox 1009 1026 1802 1069">
    <p class='ocr_par' dir='ltr' id='par_1_51' title="bbox 1009 1026 1802 1069">
     <span class='ocr_line' id='line_1_51' title="bbox 1009 1026 1802 1069; baseline 0.011 -17"><span class='ocrx_word' id='word_1_385' title='bbox 1009 1026 1244 1054; x_wconf 88' lang='lat' dir='ltr'><strong>administratione</strong></span> <span class='ocrx_word' id='word_1_386' title='bbox 1258 1029 1400 1057; x_wconf 89' lang='lat' dir='ltr'><strong>recedente</strong></span> <span class='ocrx_word' id='word_1_387' title='bbox 1416 1039 1422 1056; x_wconf 89' lang='lat'><strong>:</strong></span> <span class='ocrx_word' id='word_1_388' title='bbox 1443 1031 1505 1064; x_wconf 89' lang='lat' dir='ltr'><strong>quia</strong></span> <span class='ocrx_word' id='word_1_389' title='bbox 1519 1038 1567 1065; x_wconf 90' lang='lat' dir='ltr'><strong>per</strong></span> <span class='ocrx_word' id='word_1_390' title='bbox 1584 1032 1694 1067; x_wconf 84' lang='lat' dir='ltr'><strong>angelos</strong></span> <span class='ocrx_word' id='word_1_391' title='bbox 1710 1033 1802 1069; x_wconf 83' lang='lat' dir='ltr'><strong>dispe-</strong></span> 
     </span>
    </p>
   </div>
   <div class='ocr_carea' id='block_1_52' title="bbox 1010 1071 1801 1111">
    <p class='ocr_par' dir='ltr' id='par_1_52' title="bbox 1010 1071 1801 1111">
     <span class='ocr_line' id='line_1_52' title="bbox 1010 1071 1801 1111; baseline 0.009 -13"><span class='ocrx_word' id='word_1_392' title='bbox 1010 1071 1061 1098; x_wconf 88' lang='lat' dir='ltr'><strong>sita</strong></span> <span class='ocrx_word' id='word_1_393' title='bbox 1075 1078 1117 1099; x_wconf 88' lang='lat' dir='ltr'><strong>est</strong></span> <span class='ocrx_word' id='word_1_394' title='bbox 1131 1072 1176 1099; x_wconf 88' lang='lat' dir='ltr'><strong>illa</strong></span> <span class='ocrx_word' id='word_1_395' title='bbox 1192 1073 1356 1107; x_wconf 79' lang='lat' dir='ltr'><strong>dispensatio</strong></span> <span class='ocrx_word' id='word_1_396' title='bbox 1377 1075 1454 1110; x_wconf 84' lang='lat' dir='ltr'><strong>legis,</strong></span> <span class='ocrx_word' id='word_1_397' title='bbox 1472 1083 1533 1102; x_wconf 90' lang='lat' dir='ltr'><strong>cum</strong></span> <span class='ocrx_word' id='word_1_398' title='bbox 1552 1076 1697 1111; x_wconf 89' lang='lat' dir='ltr'><strong>aliquando</strong></span> <span class='ocrx_word' id='word_1_399' title='bbox 1714 1086 1801 1111; x_wconf 87' lang='lat' dir='ltr'><strong>suam,</strong></span> 
     </span>
    </p>
   </div>
   <div class='ocr_carea' id='block_1_53' title="bbox 1009 1117 1803 1155">
    <p class='ocr_par' dir='ltr' id='par_1_53' title="bbox 1009 1117 1803 1155">
     <span class='ocr_line' id='line_1_53' title="bbox 1009 1117 1803 1155; baseline 0.009 -12"><span class='ocrx_word' id='word_1_400' title='bbox 1009 1117 1155 1151; x_wconf 86' lang='lat' dir='ltr'><strong>aliquando</strong></span> <span class='ocrx_word' id='word_1_401' title='bbox 1175 1118 1223 1145; x_wconf 91' lang='lat' dir='ltr'><strong>Dei</strong></span> <span class='ocrx_word' id='word_1_402' title='bbox 1243 1126 1398 1153; x_wconf 88' lang='lat' dir='ltr'><strong>personam,</strong></span> <span class='ocrx_word' id='word_1_403' title='bbox 1420 1120 1490 1148; x_wconf 90' lang='lat' dir='ltr'><strong>sicut</strong></span> <span class='ocrx_word' id='word_1_404' title='bbox 1508 1121 1703 1155; x_wconf 89' lang='lat' dir='ltr'><strong>prophetarum</strong></span> <span class='ocrx_word' id='word_1_405' title='bbox 1722 1124 1803 1150; x_wconf 82' lang='lat' dir='ltr'><strong>etiam</strong></span> 
     </span>
    </p>
   </div>
   <div class='ocr_carea' id='block_1_54' title="bbox 1010 1164 1805 1200">
    <p class='ocr_par' dir='ltr' id='par_1_54' title="bbox 1010 1164 1805 1200">
     <span class='ocr_line' id='line_1_54' title="bbox 1010 1164 1805 1200; baseline 0.009 -12"><span class='ocrx_word' id='word_1_406' title='bbox 1010 1169 1070 1189; x_wconf 80' lang='lat' dir='ltr'><strong>mos</strong></span> <span class='ocrx_word' id='word_1_407' title='bbox 1082 1166 1134 1195; x_wconf 91' lang='lat' dir='ltr'><strong>est,</strong></span> <span class='ocrx_word' id='word_1_408' title='bbox 1150 1168 1270 1198; x_wconf 85' lang='lat' dir='ltr'><strong>agerent.</strong></span> <span class='ocrx_word' id='word_1_409' title='bbox 1286 1164 1390 1199; x_wconf 86' lang='lat' dir='ltr'><strong>Perque</strong></span> <span class='ocrx_word' id='word_1_410' title='bbox 1405 1165 1478 1192; x_wconf 85' lang='lat' dir='ltr'><strong>illam</strong></span> <span class='ocrx_word' id='word_1_411' title='bbox 1492 1166 1579 1200; x_wconf 80' lang='lat' dir='ltr'><strong>legem</strong></span> <span class='ocrx_word' id='word_1_412' title='bbox 1593 1167 1701 1194; x_wconf 90' lang='lat' dir='ltr'><strong>morbos</strong></span> <span class='ocrx_word' id='word_1_413' title='bbox 1714 1172 1805 1195; x_wconf 83' lang='lat' dir='ltr'><strong>osten—</strong></span> 
     </span>
    </p>
   </div>
   <div class='ocr_carea' id='block_1_55' title="bbox 1011 1207 1805 1245">
    <p class='ocr_par' dir='ltr' id='par_1_55' title="bbox 1011 1207 1805 1245">
     <span class='ocr_line' id='line_1_55' title="bbox 1011 1207 1805 1245; baseline 0.008 -12"><span class='ocrx_word' id='word_1_414' title='bbox 1011 1207 1136 1239; x_wconf 90' lang='lat' dir='ltr'><strong>dentem,</strong></span> <span class='ocrx_word' id='word_1_415' title='bbox 1155 1215 1208 1234; x_wconf 93' lang='lat' dir='ltr'><strong>non</strong></span> <span class='ocrx_word' id='word_1_416' title='bbox 1227 1208 1393 1236; x_wconf 80' lang='lat' dir='ltr'><strong>auferentem</strong></span> <span class='ocrx_word' id='word_1_417' title='bbox 1411 1210 1491 1237; x_wconf 89' lang='lat' dir='ltr'><strong>etiam</strong></span> <span class='ocrx_word' id='word_1_418' title='bbox 1508 1211 1739 1245; x_wconf 68' lang='lat' dir='ltr'><strong>prmvaricationis</strong></span> <span class='ocrx_word' id='word_1_419' title='bbox 1752 1213 1805 1239; x_wconf 81' lang='lat' dir='ltr'><strong>cri-</strong></span> 
     </span>
    </p>
   </div>
   <div class='ocr_carea' id='block_1_56' title="bbox 1012 1250 1806 1291">
    <p class='ocr_par' dir='ltr' id='par_1_56' title="bbox 1012 1250 1806 1291">
     <span class='ocr_line' id='line_1_56' title="bbox 1012 1250 1806 1291; baseline 0.009 -14"><span class='ocrx_word' id='word_1_420' title='bbox 1012 1250 1086 1277; x_wconf 87' lang='lat' dir='ltr'><strong>mine</strong></span> <span class='ocrx_word' id='word_1_421' title='bbox 1098 1252 1215 1278; x_wconf 88' lang='lat' dir='ltr'><strong>contrita</strong></span> <span class='ocrx_word' id='word_1_422' title='bbox 1238 1253 1364 1286; x_wconf 87' lang='lat' dir='ltr'><strong>superbia</strong></span> <span class='ocrx_word' id='word_1_423' title='bbox 1384 1257 1436 1280; x_wconf 88' lang='lat' dir='ltr'><strong>est.</strong></span> <span class='ocrx_word' id='word_1_424' title='bbox 1453 1254 1587 1289; x_wconf 89' lang='lat' dir='ltr'><strong>Disposita</strong></span> <span class='ocrx_word' id='word_1_425' title='bbox 1602 1260 1643 1282; x_wconf 88' lang='lat' dir='ltr'><strong>est</strong></span> <span class='ocrx_word' id='word_1_426' title='bbox 1663 1263 1712 1289; x_wconf 89' lang='lat' dir='ltr'><strong>per</strong></span> <span class='ocrx_word' id='word_1_427' title='bbox 1725 1264 1806 1291; x_wconf 87' lang='lat' dir='ltr'><strong>ange-</strong></span> 
     </span>
    </p>
   </div>
   <div class='ocr_carea' id='block_1_57' title="bbox 1013 1295 1805 1334">
    <p class='ocr_par' dir='ltr' id='par_1_57' title="bbox 1013 1295 1805 1334">
     <span class='ocr_line' id='line_1_57' title="bbox 1013 1295 1805 1334; baseline 0.009 -12"><span class='ocrx_word' id='word_1_428' title='bbox 1013 1295 1063 1327; x_wconf 91' lang='lat' dir='ltr'><strong>los,</strong></span> <span class='ocrx_word' id='word_1_429' title='bbox 1087 1296 1134 1323; x_wconf 88' lang='lat' dir='ltr'><strong>sed</strong></span> <span class='ocrx_word' id='word_1_430' title='bbox 1148 1296 1174 1323; x_wconf 92' lang='lat' dir='ltr'><strong>in</strong></span> <span class='ocrx_word' id='word_1_431' title='bbox 1193 1302 1326 1331; x_wconf 83' lang='lat' dir='ltr'><strong>potestate</strong></span> <span class='ocrx_word' id='word_1_432' title='bbox 1343 1298 1511 1331; x_wconf 89' lang='lat' dir='ltr'><strong>mediatoris,</strong></span> <span class='ocrx_word' id='word_1_433' title='bbox 1525 1304 1554 1326; x_wconf 90' lang='lat' dir='ltr'><strong>ut</strong></span> <span class='ocrx_word' id='word_1_434' title='bbox 1569 1300 1626 1334; x_wconf 88' lang='lat' dir='ltr'><strong>ipse</strong></span> <span class='ocrx_word' id='word_1_435' title='bbox 1647 1300 1776 1329; x_wconf 75' lang='lat' dir='ltr'><strong>liberaret</strong></span> <span class='ocrx_word' id='word_1_436' title='bbox 1790 1311 1805 1329; x_wconf 91' lang='lat' dir='ltr'><strong>a</strong></span> 
     </span>
    </p>
   </div>
   <div class='ocr_carea' id='block_1_58' title="bbox 1012 1342 1805 1380">
    <p class='ocr_par' dir='ltr' id='par_1_58' title="bbox 1012 1342 1805 1380">
     <span class='ocr_line' id='line_1_58' title="bbox 1012 1342 1805 1380; baseline 0.01 -13"><span class='ocrx_word' id='word_1_437' title='bbox 1012 1342 1131 1376; x_wconf 80' lang='lat' dir='ltr'><strong>peccatis</strong></span> <span class='ocrx_word' id='word_1_438' title='bbox 1144 1350 1193 1377; x_wconf 90' lang='lat' dir='ltr'><strong>per</strong></span> <span class='ocrx_word' id='word_1_439' title='bbox 1208 1344 1451 1378; x_wconf 80' lang='lat' dir='ltr'><strong>transgressionem</strong></span> <span class='ocrx_word' id='word_1_440' title='bbox 1466 1345 1532 1380; x_wconf 82' lang='lat' dir='ltr'><strong>legis</strong></span> <span class='ocrx_word' id='word_1_441' title='bbox 1547 1350 1656 1374; x_wconf 86' lang='lat' dir='ltr'><strong>coactos</strong></span> <span class='ocrx_word' id='word_1_442' title='bbox 1670 1347 1805 1380; x_wconf 84' lang='lat' dir='ltr'><strong>confiteri,</strong></span> 
     </span>
    </p>
   </div>
   <div class='ocr_carea' id='block_1_59' title="bbox 1013 1386 1806 1424">
    <p class='ocr_par' dir='ltr' id='par_1_59' title="bbox 1013 1386 1806 1424">
     <span class='ocr_line' id='line_1_59' title="bbox 1013 1386 1806 1424; baseline 0.01 -12"><span class='ocrx_word' id='word_1_443' title='bbox 1013 1393 1080 1420; x_wconf 90' lang='lat' dir='ltr'><strong>opus</strong></span> <span class='ocrx_word' id='word_1_444' title='bbox 1095 1386 1147 1413; x_wconf 86' lang='lat' dir='ltr'><strong>sibi</strong></span> <span class='ocrx_word' id='word_1_445' title='bbox 1162 1394 1223 1414; x_wconf 87' lang='lat' dir='ltr'><strong>esse</strong></span> <span class='ocrx_word' id='word_1_446' title='bbox 1236 1388 1320 1422; x_wconf 84' lang='lat' dir='ltr'><strong>gratia</strong></span> <span class='ocrx_word' id='word_1_447' title='bbox 1336 1393 1363 1416; x_wconf 90' lang='lat' dir='ltr'><strong>et</strong></span> <span class='ocrx_word' id='word_1_448' title='bbox 1376 1389 1561 1417; x_wconf 87' lang='lat' dir='ltr'><strong>misericordia</strong></span> <span class='ocrx_word' id='word_1_449' title='bbox 1579 1391 1696 1424; x_wconf 87' lang='lat' dir='ltr'><strong>Domini,</strong></span> <span class='ocrx_word' id='word_1_450' title='bbox 1711 1396 1740 1419; x_wconf 91' lang='lat' dir='ltr'><strong>ut</strong></span> <span class='ocrx_word' id='word_1_451' title='bbox 1754 1393 1806 1420; x_wconf 86' lang='lat' dir='ltr'><strong>sibi</strong></span> 
     </span>
    </p>
   </div>
   <div class='ocr_carea' id='block_1_60' title="bbox 1013 1431 1806 1474">
    <p class='ocr_par' dir='ltr' id='par_1_60' title="bbox 1013 1431 1806 1474">
     <span class='ocr_line' id='line_1_60' title="bbox 1013 1431 1806 1474; baseline 0.013 -18"><span class='ocrx_word' id='word_1_452' title='bbox 1013 1435 1124 1465; x_wconf 88' lang='lat' dir='ltr'><strong>peccata</strong></span> <span class='ocrx_word' id='word_1_453' title='bbox 1142 1431 1352 1465; x_wconf 87' lang='lat' dir='ltr'><strong>dimitterentur,</strong></span> <span class='ocrx_word' id='word_1_454' title='bbox 1369 1439 1396 1461; x_wconf 92' lang='lat' dir='ltr'><strong>et</strong></span> <span class='ocrx_word' id='word_1_455' title='bbox 1417 1435 1443 1462; x_wconf 89' lang='lat' dir='ltr'><strong>in</strong></span> <span class='ocrx_word' id='word_1_456' title='bbox 1458 1443 1526 1463; x_wconf 84' lang='lat' dir='ltr'><strong>nova</strong></span> <span class='ocrx_word' id='word_1_457' title='bbox 1539 1437 1593 1463; x_wconf 89' lang='lat' dir='ltr'><strong>vita</strong></span> <span class='ocrx_word' id='word_1_458' title='bbox 1608 1445 1656 1472; x_wconf 88' lang='lat' dir='ltr'><strong>per</strong></span> <span class='ocrx_word' id='word_1_459' title='bbox 1668 1445 1729 1465; x_wconf 93' lang='lat' dir='ltr'><strong>eum</strong></span> <span class='ocrx_word' id='word_1_460' title='bbox 1739 1459 1745 1471; x_wconf 87' lang='lat'><strong>,</strong></span> <span class='ocrx_word' id='word_1_461' title='bbox 1759 1439 1806 1474; x_wconf 90' lang='lat' dir='ltr'><strong>qui</strong></span> 
     </span>
    </p>
   </div>
   <div class='ocr_carea' id='block_1_61' title="bbox 1014 1477 1807 1512">
    <p class='ocr_par' dir='ltr' id='par_1_61' title="bbox 1014 1477 1807 1512">
     <span class='ocr_line' id='line_1_61' title="bbox 1014 1477 1807 1512; baseline 0.014 -11"><span class='ocrx_word' id='word_1_462' title='bbox 1014 1483 1064 1510; x_wconf 89' lang='lat' dir='ltr'><strong>pro</strong></span> <span class='ocrx_word' id='word_1_463' title='bbox 1077 1483 1106 1503; x_wconf 89' lang='lat' dir='ltr'><strong>se</strong></span> <span class='ocrx_word' id='word_1_464' title='bbox 1123 1477 1282 1512; x_wconf 78' lang='lat' dir='ltr'><strong>sanguinem</strong></span> <span class='ocrx_word' id='word_1_465' title='bbox 1301 1478 1429 1512; x_wconf 84' lang='lat' dir='ltr'><strong>fudisset,</strong></span> <span class='ocrx_word' id='word_1_466' title='bbox 1445 1482 1685 1510; x_wconf 81' lang='lat' dir='ltr'><strong>reconciliarentur</strong></span> <span class='ocrx_word' id='word_1_467' title='bbox 1699 1484 1762 1511; x_wconf 80' lang='lat' dir='ltr'><strong>Deo.</strong></span> <span class='ocrx_word' id='word_1_468' title='bbox 1779 1485 1807 1512; x_wconf 86' lang='lat' dir='ltr'><strong>lu</strong></span> 
     </span>
    </p>
   </div>
   <div class='ocr_carea' id='block_1_62' title="bbox 1015 1519 1807 1563">
    <p class='ocr_par' dir='ltr' id='par_1_62' title="bbox 1015 1519 1807 1563">
     <span class='ocr_line' id='line_1_62' title="bbox 1015 1519 1807 1563; baseline 0.014 -17"><span class='ocrx_word' id='word_1_469' title='bbox 1015 1519 1072 1547; x_wconf 87' lang='lat' dir='ltr'><strong>istis</strong></span> <span class='ocrx_word' id='word_1_470' title='bbox 1087 1521 1159 1548; x_wconf 91' lang='lat' dir='ltr'><strong>enim</strong></span> <span class='ocrx_word' id='word_1_471' title='bbox 1182 1527 1242 1549; x_wconf 89' lang='lat' dir='ltr'><strong>erat</strong></span> <span class='ocrx_word' id='word_1_472' title='bbox 1262 1531 1310 1557; x_wconf 90' lang='lat' dir='ltr'><strong>per</strong></span> <span class='ocrx_word' id='word_1_473' title='bbox 1333 1527 1575 1560; x_wconf 89' lang='lat' dir='ltr'><strong>transgressionem</strong></span> <span class='ocrx_word' id='word_1_474' title='bbox 1598 1528 1664 1563; x_wconf 74' lang='lat' dir='ltr'><strong>legis</strong></span> <span class='ocrx_word' id='word_1_475' title='bbox 1687 1530 1807 1557; x_wconf 89' lang='lat' dir='ltr'><strong>confrin-</strong></span> 
     </span>
    </p>
   </div>
   <div class='ocr_carea' id='block_1_63' title="bbox 166 1566 1806 1613">
    <p class='ocr_par' dir='ltr' id='par_1_63' title="bbox 166 1566 1806 1613">
     <span class='ocr_line' id='line_1_63' title="bbox 166 1566 1806 1613; baseline 0.006 -15"><span class='ocrx_word' id='word_1_476' title='bbox 166 1580 263 1599; x_wconf 85' lang='lat' dir='ltr'><strong>sensus</strong></span> <span class='ocrx_word' id='word_1_477' title='bbox 282 1572 323 1598; x_wconf 84' lang='lat' dir='ltr'><strong>vel</strong></span> <span class='ocrx_word' id='word_1_478' title='bbox 343 1572 411 1599; x_wconf 85' lang='lat' dir='ltr'><strong>ordo</strong></span> <span class='ocrx_word' id='word_1_479' title='bbox 429 1573 572 1600; x_wconf 81' lang='lat' dir='ltr'><strong>verborum</strong></span> <span class='ocrx_word' id='word_1_480' title='bbox 588 1581 595 1600; x_wconf 86' lang='lat'><strong>:</strong></span> <span class='ocrx_word' id='word_1_481' title='bbox 613 1572 729 1600; x_wconf 89' lang='lat' dir='ltr'><strong>Sciendo</strong></span> <span class='ocrx_word' id='word_1_482' title='bbox 746 1573 828 1605; x_wconf 82' lang='lat' dir='ltr'><strong>scias,</strong></span> <span class='ocrx_word' id='word_1_483' title='bbox 842 1573 906 1608; x_wconf 84' lang='lat' dir='ltr'><strong>quia</strong></span> <span class='ocrx_word' id='word_1_484' title='bbox 918 1580 964 1608; x_wconf 84' lang='lat' dir='ltr'><strong>pe-</strong></span> <span class='ocrx_word' id='word_1_485' title='bbox 977 1582 1000 1613; x_wconf 80' lang='lat' dir='ltr'>C</span> <span class='ocrx_word' id='word_1_486' title='bbox 1015 1566 1102 1613; x_wconf 64' lang='grc' dir='ltr'><strong>8⁸ηάέ</strong></span> <span class='ocrx_word' id='word_1_487' title='bbox 1123 1568 1259 1601; x_wconf 71' lang='lat' dir='ltr'><strong>superbia!</strong></span> <span class='ocrx_word' id='word_1_488' title='bbox 1283 1569 1328 1603; x_wconf 75' lang='grc' dir='ltr'><strong>(ἰυί</strong></span> <span class='ocrx_word' id='word_1_489' title='bbox 1346 1569 1491 1604; x_wconf 58' lang='lat' dir='ltr'><strong>gloriantes</strong></span> <span class='ocrx_word' id='word_1_490' title='bbox 1509 1572 1542 1598; x_wconf 73' lang='lat' dir='ltr'><strong>de</strong></span> <span class='ocrx_word' id='word_1_491' title='bbox 1561 1577 1638 1606; x_wconf 72' lang='grc' dir='ltr'>Ρειῑιύ</span> <span class='ocrx_word' id='word_1_492' title='bbox 1657 1573 1806 1607; x_wconf 66' lang='grc' dir='ltr'><strong>Λῖπίιὶιίιίιιι</strong></span> 
     </span>
    </p>
   </div>
   <div class='ocr_carea' id='block_1_64' title="bbox 169 1618 963 1653">
    <p class='ocr_par' dir='ltr' id='par_1_64' title="bbox 169 1618 963 1653">
     <span class='ocr_line' id='line_1_64' title="bbox 169 1618 963 1653; baseline 0.001 -9"><span class='ocrx_word' id='word_1_493' title='bbox 169 1618 307 1653; x_wconf 77' lang='lat' dir='ltr'><strong>rcgrinum</strong></span> <span class='ocrx_word' id='word_1_494' title='bbox 319 1618 371 1645; x_wconf 89' lang='lat' dir='ltr'><strong>crit</strong></span> <span class='ocrx_word' id='word_1_495' title='bbox 384 1626 475 1645; x_wconf 84' lang='lat' dir='ltr'><strong>semen</strong></span> <span class='ocrx_word' id='word_1_496' title='bbox 491 1623 565 1645; x_wconf 92' lang='lat' dir='ltr'><strong>tuum</strong></span> <span class='ocrx_word' id='word_1_497' title='bbox 581 1618 607 1645; x_wconf 89' lang='lat' dir='ltr'><strong>in</strong></span> <span class='ocrx_word' id='word_1_498' title='bbox 621 1622 695 1645; x_wconf 84' lang='lat' dir='ltr'><strong>terra</strong></span> <span class='ocrx_word' id='word_1_499' title='bbox 708 1626 761 1645; x_wconf 94' lang='lat' dir='ltr'><strong>non</strong></span> <span class='ocrx_word' id='word_1_500' title='bbox 774 1626 823 1645; x_wconf 86' lang='lat' dir='ltr'><strong>sua</strong></span> <span class='ocrx_word' id='word_1_501' title='bbox 837 1618 963 1652; x_wconf 90' lang='lat' dir='ltr'><strong>quadrin-</strong></span> 
     </span>
    </p>
   </div>
   <div class='ocr_carea' id='block_1_65' title="bbox 166 1663 961 1699">
    <p class='ocr_par' dir='ltr' id='par_1_65' title="bbox 166 1663 961 1699">
     <span class='ocr_line' id='line_1_65' title="bbox 166 1663 961 1699; baseline 0.005 -12"><span class='ocrx_word' id='word_1_502' title='bbox 166 1663 255 1697; x_wconf 67' lang='lat' dir='ltr'><strong>gentis</strong></span> <span class='ocrx_word' id='word_1_503' title='bbox 273 1664 360 1691; x_wconf 90' lang='lat' dir='ltr'><strong>annis.</strong></span> <span class='ocrx_word' id='word_1_504' title='bbox 379 1663 444 1690; x_wconf 90' lang='lat' dir='ltr'><strong>lllud</strong></span> <span class='ocrx_word' id='word_1_505' title='bbox 463 1667 554 1691; x_wconf 91' lang='lat' dir='ltr'><strong>autem</strong></span> <span class='ocrx_word' id='word_1_506' title='bbox 573 1663 762 1698; x_wconf 79' lang='lat' dir='ltr'><strong>interpositum</strong></span> <span class='ocrx_word' id='word_1_507' title='bbox 783 1664 961 1699; x_wconf 88' lang='lat' dir='ltr'><strong>intelligatur,</strong></span> 
     </span>
    </p>
   </div>
   <div class='ocr_carea' id='block_1_66' title="bbox 167 1709 963 1743">
    <p class='ocr_par' dir='ltr' id='par_1_66' title="bbox 167 1709 963 1743">
     <span class='ocr_line' id='line_1_66' title="bbox 167 1709 963 1743; baseline 0.003 -8"><span class='ocrx_word' id='word_1_508' title='bbox 167 1712 196 1735; x_wconf 89' lang='lat' dir='ltr'><strong>ct</strong></span> <span class='ocrx_word' id='word_1_509' title='bbox 211 1709 237 1735; x_wconf 89' lang='lat' dir='ltr'><strong>in</strong></span> <span class='ocrx_word' id='word_1_510' title='bbox 258 1709 415 1736; x_wconf 84' lang='lat' dir='ltr'><strong>servitutem</strong></span> <span class='ocrx_word' id='word_1_511' title='bbox 433 1709 556 1743; x_wconf 88' lang='lat' dir='ltr'><strong>redigent</strong></span> <span class='ocrx_word' id='word_1_512' title='bbox 570 1716 627 1742; x_wconf 88' lang='lat' dir='ltr'><strong>eos,</strong></span> <span class='ocrx_word' id='word_1_513' title='bbox 647 1714 673 1737; x_wconf 90' lang='lat' dir='ltr'><strong>et</strong></span> <span class='ocrx_word' id='word_1_514' title='bbox 686 1710 823 1737; x_wconf 87' lang='lat' dir='ltr'><strong>nocebunt</strong></span> <span class='ocrx_word' id='word_1_515' title='bbox 840 1710 902 1743; x_wconf 87' lang='lat' dir='ltr'><strong>illis,</strong></span> <span class='ocrx_word' id='word_1_516' title='bbox 925 1710 963 1737; x_wconf 89' lang='lat' dir='ltr'><strong>ita</strong></span> 
     </span>
    </p>
   </div>
   <div class='ocr_carea' id='block_1_67' title="bbox 168 1755 964 1790">
    <p class='ocr_par' dir='ltr' id='par_1_67' title="bbox 168 1755 964 1790">
     <span class='ocr_line' id='line_1_67' title="bbox 168 1755 964 1790; baseline 0.004 -10"><span class='ocrx_word' id='word_1_517' title='bbox 168 1759 198 1780; x_wconf 84' lang='lat' dir='ltr'><strong>ut</strong></span> <span class='ocrx_word' id='word_1_518' title='bbox 213 1755 246 1781; x_wconf 85' lang='lat' dir='ltr'><strong>ad</strong></span> <span class='ocrx_word' id='word_1_519' title='bbox 260 1755 472 1790; x_wconf 79' lang='lat' dir='ltr'><strong>quadringentos</strong></span> <span class='ocrx_word' id='word_1_520' title='bbox 484 1762 570 1782; x_wconf 88' lang='lat' dir='ltr'><strong>annos</strong></span> <span class='ocrx_word' id='word_1_521' title='bbox 584 1755 636 1783; x_wconf 90' lang='lat' dir='ltr'><strong>ista</strong></span> <span class='ocrx_word' id='word_1_522' title='bbox 650 1755 820 1790; x_wconf 87' lang='lat' dir='ltr'><strong>interpositio</strong></span> <span class='ocrx_word' id='word_1_523' title='bbox 835 1763 888 1783; x_wconf 90' lang='lat' dir='ltr'><strong>non</strong></span> <span class='ocrx_word' id='word_1_524' title='bbox 902 1763 964 1790; x_wconf 90' lang='lat' dir='ltr'><strong>per-</strong></span> 
     </span>
    </p>
   </div>
   <div class='ocr_carea' id='block_1_68' title="bbox 169 1800 964 1835">
    <p class='ocr_par' dir='ltr' id='par_1_68' title="bbox 169 1800 964 1835">
     <span class='ocr_line' id='line_1_68' title="bbox 169 1800 964 1835; baseline 0.003 -8"><span class='ocrx_word' id='word_1_525' title='bbox 169 1800 263 1828; x_wconf 88' lang='lat' dir='ltr'><strong>tineat.</strong></span> <span class='ocrx_word' id='word_1_526' title='bbox 280 1800 308 1828; x_wconf 93' lang='lat' dir='ltr'><strong>ln</strong></span> <span class='ocrx_word' id='word_1_527' title='bbox 327 1805 448 1828; x_wconf 86' lang='lat' dir='ltr'><strong>extrema</strong></span> <span class='ocrx_word' id='word_1_528' title='bbox 461 1801 534 1828; x_wconf 88' lang='lat' dir='ltr'><strong>enim</strong></span> <span class='ocrx_word' id='word_1_529' title='bbox 550 1805 628 1835; x_wconf 87' lang='lat' dir='ltr'><strong>parte</strong></span> <span class='ocrx_word' id='word_1_530' title='bbox 641 1808 772 1828; x_wconf 90' lang='lat' dir='ltr'><strong>annorum</strong></span> <span class='ocrx_word' id='word_1_531' title='bbox 785 1809 898 1829; x_wconf 68' lang='lat' dir='ltr'><strong>summm</strong></span> <span class='ocrx_word' id='word_1_532' title='bbox 914 1803 964 1829; x_wconf 91' lang='lat' dir='ltr'><strong>hu-</strong></span> 
     </span>
    </p>
   </div>
   <div class='ocr_carea' id='block_1_69' title="bbox 166 1845 963 1881">
    <p class='ocr_par' dir='ltr' id='par_1_69' title="bbox 166 1845 963 1881">
     <span class='ocr_line' id='line_1_69' title="bbox 166 1845 963 1881; baseline 0.001 -9"><span class='ocrx_word' id='word_1_533' title='bbox 166 1845 223 1879; x_wconf 86' lang='lat' dir='ltr'><strong>jus,</strong></span> <span class='ocrx_word' id='word_1_534' title='bbox 239 1846 289 1874; x_wconf 90' lang='lat' dir='ltr'><strong>hoc</strong></span> <span class='ocrx_word' id='word_1_535' title='bbox 302 1851 358 1879; x_wconf 88' lang='lat' dir='ltr'><strong>est,</strong></span> <span class='ocrx_word' id='word_1_536' title='bbox 377 1850 438 1881; x_wconf 86' lang='lat' dir='ltr'><strong>post</strong></span> <span class='ocrx_word' id='word_1_537' title='bbox 457 1850 574 1873; x_wconf 86' lang='lat' dir='ltr'><strong>mortem</strong></span> <span class='ocrx_word' id='word_1_538' title='bbox 587 1845 687 1880; x_wconf 75' lang='lat' dir='ltr'><strong>Ioseph</strong></span> <span class='ocrx_word' id='word_1_539' title='bbox 703 1846 804 1873; x_wconf 89' lang='lat' dir='ltr'><strong>factum</strong></span> <span class='ocrx_word' id='word_1_540' title='bbox 818 1850 877 1878; x_wconf 90' lang='lat' dir='ltr'><strong>est,</strong></span> <span class='ocrx_word' id='word_1_541' title='bbox 892 1850 922 1873; x_wconf 91' lang='lat' dir='ltr'><strong>ut</strong></span> <span class='ocrx_word' id='word_1_542' title='bbox 936 1847 963 1873; x_wconf 94' lang='lat' dir='ltr'><strong>in</strong></span> 
     </span>
    </p>
   </div>
   <div class='ocr_carea' id='block_1_70' title="bbox 169 1893 962 1928">
    <p class='ocr_par' dir='ltr' id='par_1_70' title="bbox 169 1893 962 1928">
     <span class='ocr_line' id='line_1_70' title="bbox 169 1893 962 1928; baseline 0.001 -9"><span class='ocrx_word' id='word_1_543' title='bbox 169 1893 288 1928; x_wconf 50' lang='grc' dir='ltr'><strong>[Ἑωριο</strong></span> <span class='ocrx_word' id='word_1_544' title='bbox 307 1893 421 1928; x_wconf 87' lang='lat' dir='ltr'><strong>populus</strong></span> <span class='ocrx_word' id='word_1_545' title='bbox 443 1893 491 1920; x_wconf 87' lang='lat' dir='ltr'><strong>Dei</strong></span> <span class='ocrx_word' id='word_1_546' title='bbox 512 1893 608 1920; x_wconf 88' lang='lat' dir='ltr'><strong>duram</strong></span> <span class='ocrx_word' id='word_1_547' title='bbox 629 1896 773 1927; x_wconf 84' lang='lat' dir='ltr'><strong>perageret</strong></span> <span class='ocrx_word' id='word_1_548' title='bbox 794 1893 962 1920; x_wconf 86' lang='lat' dir='ltr'><strong>servitutem.</strong></span> 
     </span>
    </p>
   </div>
   <div class='ocr_carea' id='block_1_71' title="bbox 169 1938 966 1976">
    <p class='ocr_par' dir='ltr' id='par_1_71' title="bbox 169 1938 966 1976">
     <span class='ocr_line' id='line_1_71' title="bbox 169 1938 966 1976; baseline 0.001 -11"><span class='ocrx_word' id='word_1_549' title='bbox 169 1938 300 1976; x_wconf 86' lang='lat' dir='ltr'><strong>Sequitur</strong></span> <span class='ocrx_word' id='word_1_550' title='bbox 312 1938 426 1973; x_wconf 70' lang='lat' dir='ltr'><strong>quaestio</strong></span> <span class='ocrx_word' id='word_1_551' title='bbox 438 1939 504 1966; x_wconf 88' lang='lat' dir='ltr'><strong>satis</strong></span> <span class='ocrx_word' id='word_1_552' title='bbox 517 1938 681 1965; x_wconf 85' lang='lat' dir='ltr'><strong>necessaria.</strong></span> <span class='ocrx_word' id='word_1_553' title='bbox 697 1938 726 1965; x_wconf 85' lang='lat' dir='ltr'><strong>Si</strong></span> <span class='ocrx_word' id='word_1_554' title='bbox 741 1939 813 1965; x_wconf 89' lang='lat' dir='ltr'><strong>enim</strong></span> <span class='ocrx_word' id='word_1_555' title='bbox 829 1939 896 1966; x_wconf 80' lang='lat' dir='ltr'><strong>tides</strong></span> <span class='ocrx_word' id='word_1_556' title='bbox 908 1939 966 1972; x_wconf 78' lang='lat' dir='ltr'><strong>ius:</strong></span> 
     </span>
    </p>
   </div>
   <div class='ocr_carea' id='block_1_72' title="bbox 169 1984 965 2019">
    <p class='ocr_par' dir='ltr' id='par_1_72' title="bbox 169 1984 965 2019">
     <span class='ocr_line' id='line_1_72' title="bbox 169 1984 965 2019; baseline 0.001 -8"><span class='ocrx_word' id='word_1_557' title='bbox 169 1985 265 2016; x_wconf 81' lang='lat' dir='ltr'><strong>titieat,</strong></span> <span class='ocrx_word' id='word_1_558' title='bbox 279 1989 307 2011; x_wconf 88' lang='lat' dir='ltr'><strong>et</strong></span> <span class='ocrx_word' id='word_1_559' title='bbox 321 1985 426 2019; x_wconf 87' lang='lat' dir='ltr'><strong>priores</strong></span> <span class='ocrx_word' id='word_1_560' title='bbox 443 1984 543 2017; x_wconf 88' lang='lat' dir='ltr'><strong>sancti,</strong></span> <span class='ocrx_word' id='word_1_561' title='bbox 562 1984 609 2018; x_wconf 90' lang='lat' dir='ltr'><strong>qui</strong></span> <span class='ocrx_word' id='word_1_562' title='bbox 628 1984 698 2019; x_wconf 91' lang='lat' dir='ltr'><strong>apud</strong></span> <span class='ocrx_word' id='word_1_563' title='bbox 716 1985 801 2012; x_wconf 88' lang='lat' dir='ltr'><strong>Deum</strong></span> <span class='ocrx_word' id='word_1_564' title='bbox 819 1984 965 2018; x_wconf 84' lang='lat' dir='ltr'><strong>justiticati</strong></span> 
     </span>
    </p>
   </div>
   <div class='ocr_carea' id='block_1_73' title="bbox 168 2028 964 2066">
    <p class='ocr_par' dir='ltr' id='par_1_73' title="bbox 168 2028 964 2066">
     <span class='ocr_line' id='line_1_73' title="bbox 168 2028 964 2066; baseline 0.003 -11"><span class='ocrx_word' id='word_1_565' title='bbox 168 2032 249 2060; x_wconf 84' lang='lat' dir='ltr'><strong>sunt,</strong></span> <span class='ocrx_word' id='word_1_566' title='bbox 261 2037 308 2063; x_wconf 90' lang='lat' dir='ltr'><strong>per</strong></span> <span class='ocrx_word' id='word_1_567' title='bbox 317 2028 550 2063; x_wconf 86' lang='lat' dir='ltr'><strong>ipsamjustilicati</strong></span> <span class='ocrx_word' id='word_1_568' title='bbox 563 2033 640 2061; x_wconf 90' lang='lat' dir='ltr'><strong>sunt,</strong></span> <span class='ocrx_word' id='word_1_569' title='bbox 653 2029 717 2064; x_wconf 89' lang='lat' dir='ltr'><strong>quid</strong></span> <span class='ocrx_word' id='word_1_570' title='bbox 732 2037 800 2064; x_wconf 84' lang='lat' dir='ltr'><strong>opus</strong></span> <span class='ocrx_word' id='word_1_571' title='bbox 809 2034 869 2057; x_wconf 87' lang='lat' dir='ltr'><strong>erat</strong></span> <span class='ocrx_word' id='word_1_572' title='bbox 879 2030 964 2066; x_wconf 75' lang='lat' dir='ltr'><strong>legem</strong></span> 
     </span>
    </p>
   </div>
   <div class='ocr_carea' id='block_1_74' title="bbox 169 2074 965 2110">
    <p class='ocr_par' dir='ltr' id='par_1_74' title="bbox 169 2074 965 2110">
     <span class='ocr_line' id='line_1_74' title="bbox 169 2074 965 2110; baseline 0.003 -9"><span class='ocrx_word' id='word_1_573' title='bbox 169 2074 249 2101; x_wconf 86' lang='lat' dir='ltr'><strong>dari?</strong></span> <span class='ocrx_word' id='word_1_574' title='bbox 269 2074 387 2109; x_wconf 82' lang='lat' dir='ltr'><strong>Simplex</strong></span> <span class='ocrx_word' id='word_1_575' title='bbox 408 2079 497 2102; x_wconf 88' lang='lat' dir='ltr'><strong>autem</strong></span> <span class='ocrx_word' id='word_1_576' title='bbox 517 2083 624 2107; x_wconf 84' lang='lat' dir='ltr'><strong>sensus,</strong></span> <span class='ocrx_word' id='word_1_577' title='bbox 637 2075 684 2110; x_wconf 93' lang='lat' dir='ltr'><strong>qui</strong></span> <span class='ocrx_word' id='word_1_578' title='bbox 705 2076 757 2103; x_wconf 81' lang='lat' dir='ltr'><strong>hoc</strong></span> <span class='ocrx_word' id='word_1_579' title='bbox 776 2076 836 2103; x_wconf 88' lang='lat' dir='ltr'><strong>loco</strong></span> <span class='ocrx_word' id='word_1_580' title='bbox 854 2077 965 2109; x_wconf 84' lang='lat' dir='ltr'><strong>texitur,</strong></span> 
     </span>
    </p>
   </div>
   <div class='ocr_carea' id='block_1_75' title="bbox 172 2120 968 2157">
    <p class='ocr_par' dir='ltr' id='par_1_75' title="bbox 172 2120 968 2157">
     <span class='ocr_line' id='line_1_75' title="bbox 172 2120 968 2157; baseline 0.004 -10"><span class='ocrx_word' id='word_1_581' title='bbox 172 2121 243 2148; x_wconf 87' lang='lat' dir='ltr'><strong>hanc</strong></span> <span class='ocrx_word' id='word_1_582' title='bbox 258 2120 312 2147; x_wconf 91' lang='lat' dir='ltr'><strong>vim</strong></span> <span class='ocrx_word' id='word_1_583' title='bbox 329 2121 420 2153; x_wconf 89' lang='lat' dir='ltr'><strong>habet,</strong></span> <span class='ocrx_word' id='word_1_584' title='bbox 432 2125 462 2148; x_wconf 92' lang='lat' dir='ltr'><strong>ut</strong></span> <span class='ocrx_word' id='word_1_585' title='bbox 473 2121 582 2149; x_wconf 89' lang='lat' dir='ltr'><strong>doceret</strong></span> <span class='ocrx_word' id='word_1_586' title='bbox 596 2121 750 2156; x_wconf 83' lang='lat' dir='ltr'><strong>Apostolus,</strong></span> <span class='ocrx_word' id='word_1_587' title='bbox 763 2129 817 2149; x_wconf 92' lang='lat' dir='ltr'><strong>non</strong></span> <span class='ocrx_word' id='word_1_588' title='bbox 828 2130 908 2156; x_wconf 88' lang='lat' dir='ltr'><strong>posse</strong></span> <span class='ocrx_word' id='word_1_589' title='bbox 920 2129 968 2157; x_wconf 81' lang='lat' dir='ltr'><strong>per</strong></span> 
     </span>
    </p>
   </div>
   <div class='ocr_carea' id='block_1_76' title="bbox 171 2167 969 2203">
    <p class='ocr_par' dir='ltr' id='par_1_76' title="bbox 171 2167 969 2203">
     <span class='ocr_line' id='line_1_76' title="bbox 171 2167 969 2203; baseline 0.003 -10"><span class='ocrx_word' id='word_1_590' title='bbox 171 2167 272 2202; x_wconf 84' lang='lat' dir='ltr'><strong>legem,</strong></span> <span class='ocrx_word' id='word_1_591' title='bbox 294 2175 353 2201; x_wconf 73' lang='lat' dir='ltr'><strong>qua:</strong></span> <span class='ocrx_word' id='word_1_592' title='bbox 373 2171 466 2201; x_wconf 81' lang='lat' dir='ltr'><strong>postea</strong></span> <span class='ocrx_word' id='word_1_593' title='bbox 488 2167 550 2194; x_wconf 85' lang='lat' dir='ltr'><strong>data</strong></span> <span class='ocrx_word' id='word_1_594' title='bbox 571 2171 627 2199; x_wconf 86' lang='lat' dir='ltr'><strong>est,</strong></span> <span class='ocrx_word' id='word_1_595' title='bbox 650 2168 886 2202; x_wconf 87' lang='lat' dir='ltr'><strong>repromissiones,</strong></span> <span class='ocrx_word' id='word_1_596' title='bbox 908 2176 969 2203; x_wconf 71' lang='lat' dir='ltr'><strong>qua:</strong></span> 
     </span>
    </p>
   </div>
   <div class='ocr_carea' id='block_1_77' title="bbox 170 2213 967 2249">
    <p class='ocr_par' dir='ltr' id='par_1_77' title="bbox 170 2213 967 2249">
     <span class='ocr_line' id='line_1_77' title="bbox 170 2213 967 2249; baseline 0.001 -8"><span class='ocrx_word' id='word_1_597' title='bbox 170 2219 235 2241; x_wconf 84' lang='lat' dir='ltr'><strong>ante</strong></span> <span class='ocrx_word' id='word_1_598' title='bbox 250 2214 327 2241; x_wconf 74' lang='lat' dir='ltr'><strong>factae</strong></span> <span class='ocrx_word' id='word_1_599' title='bbox 346 2218 408 2241; x_wconf 91' lang='lat' dir='ltr'><strong>sunt</strong></span> <span class='ocrx_word' id='word_1_600' title='bbox 427 2214 461 2241; x_wconf 89' lang='lat' dir='ltr'><strong>ad</strong></span> <span class='ocrx_word' id='word_1_601' title='bbox 474 2213 626 2246; x_wconf 85' lang='lat' dir='ltr'><strong>Abraham,</strong></span> <span class='ocrx_word' id='word_1_602' title='bbox 642 2214 762 2247; x_wconf 85' lang='lat' dir='ltr'><strong>destrui,</strong></span> <span class='ocrx_word' id='word_1_603' title='bbox 776 2219 805 2242; x_wconf 90' lang='lat' dir='ltr'><strong>et</strong></span> <span class='ocrx_word' id='word_1_604' title='bbox 817 2215 967 2249; x_wconf 88' lang='lat' dir='ltr'><strong>posteriora</strong></span> 
     </span>
    </p>
   </div>
   <div class='ocr_carea' id='block_1_78' title="bbox 171 2259 1007 2294">
    <p class='ocr_par' dir='ltr' id='par_1_78' title="bbox 171 2259 1007 2294">
     <span class='ocr_line' id='line_1_78' title="bbox 171 2259 1007 2294; baseline 0.002 -9"><span class='ocrx_word' id='word_1_605' title='bbox 171 2259 309 2294; x_wconf 87' lang='lat' dir='ltr'><strong>prioribus</strong></span> <span class='ocrx_word' id='word_1_606' title='bbox 321 2259 508 2294; x_wconf 60' lang='lat' dir='ltr'><strong>praejudicare.</strong></span> <span class='ocrx_word' id='word_1_607' title='bbox 521 2259 588 2286; x_wconf 90' lang='lat' dir='ltr'><strong>Cum</strong></span> <span class='ocrx_word' id='word_1_608' title='bbox 604 2259 828 2294; x_wconf 88' lang='lat' dir='ltr'><strong>repromissiones</strong></span> <span class='ocrx_word' id='word_1_609' title='bbox 841 2260 874 2286; x_wconf 93' lang='lat' dir='ltr'><strong>ad</strong></span> <span class='ocrx_word' id='word_1_610' title='bbox 884 2260 969 2287; x_wconf 88' lang='lat' dir='ltr'><strong>Abra—</strong></span> <span class='ocrx_word' id='word_1_611' title='bbox 981 2262 1007 2291; x_wconf 89' lang='lat' dir='ltr'><strong>D</strong></span> 
     </span>
    </p>
   </div>
   <div class='ocr_carea' id='block_1_79' title="bbox 173 2305 967 2340">
    <p class='ocr_par' dir='ltr' id='par_1_79' title="bbox 173 2305 967 2340">
     <span class='ocr_line' id='line_1_79' title="bbox 173 2305 967 2340; baseline 0.001 -9"><span class='ocrx_word' id='word_1_612' title='bbox 173 2305 239 2332; x_wconf 80' lang='lat' dir='ltr'><strong>liam</strong></span> <span class='ocrx_word' id='word_1_613' title='bbox 252 2310 315 2332; x_wconf 90' lang='lat' dir='ltr'><strong>ante</strong></span> <span class='ocrx_word' id='word_1_614' title='bbox 328 2305 539 2340; x_wconf 86' lang='lat' dir='ltr'><strong>quadringentos</strong></span> <span class='ocrx_word' id='word_1_615' title='bbox 550 2309 577 2332; x_wconf 94' lang='lat' dir='ltr'><strong>et</strong></span> <span class='ocrx_word' id='word_1_616' title='bbox 592 2305 701 2340; x_wconf 87' lang='lat' dir='ltr'><strong>triginta</strong></span> <span class='ocrx_word' id='word_1_617' title='bbox 716 2313 803 2333; x_wconf 85' lang='lat' dir='ltr'><strong>annos</strong></span> <span class='ocrx_word' id='word_1_618' title='bbox 817 2305 886 2332; x_wconf 69' lang='lat' dir='ltr'><strong>datm</strong></span> <span class='ocrx_word' id='word_1_619' title='bbox 903 2305 967 2337; x_wconf 89' lang='lat' dir='ltr'><strong>sint,</strong></span> 
     </span>
    </p>
   </div>
   <div class='ocr_carea' id='block_1_80' title="bbox 172 2350 970 2385">
    <p class='ocr_par' dir='ltr' id='par_1_80' title="bbox 172 2350 970 2385">
     <span class='ocr_line' id='line_1_80' title="bbox 172 2350 970 2385; baseline 0 -8"><span class='ocrx_word' id='word_1_620' title='bbox 172 2351 247 2385; x_wconf 91' lang='lat' dir='ltr'><strong>quod</strong></span> <span class='ocrx_word' id='word_1_621' title='bbox 261 2350 484 2378; x_wconf 87' lang='lat' dir='ltr'><strong>benedicerentur</strong></span> <span class='ocrx_word' id='word_1_622' title='bbox 498 2350 525 2376; x_wconf 91' lang='lat' dir='ltr'><strong>in</strong></span> <span class='ocrx_word' id='word_1_623' title='bbox 542 2350 586 2376; x_wconf 93' lang='lat' dir='ltr'><strong>illo</strong></span> <span class='ocrx_word' id='word_1_624' title='bbox 601 2350 735 2377; x_wconf 70' lang='lat' dir='ltr'><strong>universa:</strong></span> <span class='ocrx_word' id='word_1_625' title='bbox 746 2350 870 2377; x_wconf 73' lang='lat' dir='ltr'><strong>nationes</strong></span> <span class='ocrx_word' id='word_1_626' title='bbox 882 2359 889 2375; x_wconf 73' lang='grc' dir='ltr'><strong>ι</strong></span> <span class='ocrx_word' id='word_1_627' title='bbox 903 2350 970 2385; x_wconf 85' lang='lat' dir='ltr'><strong>legis</strong></span> 
     </span>
    </p>
   </div>
   <div class='ocr_carea' id='block_1_81' title="bbox 172 2394 969 2429">
    <p class='ocr_par' dir='ltr' id='par_1_81' title="bbox 172 2394 969 2429">
     <span class='ocr_line' id='line_1_81' title="bbox 172 2394 969 2429; baseline 0 -7"><span class='ocrx_word' id='word_1_628' title='bbox 172 2400 266 2422; x_wconf 87' lang='lat' dir='ltr'><strong>autem</strong></span> <span class='ocrx_word' id='word_1_629' title='bbox 287 2396 450 2427; x_wconf 88' lang='lat' dir='ltr'><strong>observatio,</strong></span> <span class='ocrx_word' id='word_1_630' title='bbox 468 2395 539 2429; x_wconf 90' lang='lat' dir='ltr'><strong>quod</strong></span> <span class='ocrx_word' id='word_1_631' title='bbox 551 2395 596 2429; x_wconf 92' lang='lat' dir='ltr'><strong>qui</strong></span> <span class='ocrx_word' id='word_1_632' title='bbox 613 2394 722 2422; x_wconf 86' lang='lat' dir='ltr'><strong>fecisset</strong></span> <span class='ocrx_word' id='word_1_633' title='bbox 735 2403 804 2427; x_wconf 88' lang='lat' dir='ltr'><strong>eam,</strong></span> <span class='ocrx_word' id='word_1_634' title='bbox 822 2396 924 2422; x_wconf 81' lang='lat' dir='ltr'><strong>viveret</strong></span> <span class='ocrx_word' id='word_1_635' title='bbox 941 2396 969 2422; x_wconf 91' lang='lat' dir='ltr'><strong>in</strong></span> 
     </span>
    </p>
   </div>
   <div class='ocr_carea' id='block_1_82' title="bbox 174 2441 970 2476">
    <p class='ocr_par' dir='ltr' id='par_1_82' title="bbox 174 2441 970 2476">
     <span class='ocr_line' id='line_1_82' title="bbox 174 2441 970 2476; baseline -0.001 -8"><span class='ocrx_word' id='word_1_636' title='bbox 174 2449 224 2473; x_wconf 84' lang='lat' dir='ltr'><strong>ca,</strong></span> <span class='ocrx_word' id='word_1_637' title='bbox 244 2445 305 2476; x_wconf 89' lang='lat' dir='ltr'><strong>post</strong></span> <span class='ocrx_word' id='word_1_638' title='bbox 317 2442 527 2476; x_wconf 88' lang='lat' dir='ltr'><strong>quadringentos</strong></span> <span class='ocrx_word' id='word_1_639' title='bbox 540 2446 568 2468; x_wconf 91' lang='lat' dir='ltr'><strong>et</strong></span> <span class='ocrx_word' id='word_1_640' title='bbox 584 2441 692 2475; x_wconf 86' lang='lat' dir='ltr'><strong>triginta</strong></span> <span class='ocrx_word' id='word_1_641' title='bbox 706 2449 791 2468; x_wconf 86' lang='lat' dir='ltr'><strong>annos</strong></span> <span class='ocrx_word' id='word_1_642' title='bbox 812 2441 894 2476; x_wconf 81' lang='lat' dir='ltr'><strong>Moysi</strong></span> <span class='ocrx_word' id='word_1_643' title='bbox 908 2442 970 2468; x_wconf 87' lang='lat' dir='ltr'><strong>data</strong></span> 
     </span>
    </p>
   </div>
   <div class='ocr_carea' id='block_1_83' title="bbox 175 2485 970 2520">
    <p class='ocr_par' dir='ltr' id='par_1_83' title="bbox 175 2485 970 2520">
     <span class='ocr_line' id='line_1_83' title="bbox 175 2485 970 2520; baseline 0 -8"><span class='ocrx_word' id='word_1_644' title='bbox 175 2486 213 2513; x_wconf 89' lang='lat' dir='ltr'><strong>sit</strong></span> <span class='ocrx_word' id='word_1_645' title='bbox 233 2486 258 2512; x_wconf 91' lang='lat' dir='ltr'><strong>in</strong></span> <span class='ocrx_word' id='word_1_646' title='bbox 283 2490 375 2513; x_wconf 88' lang='lat' dir='ltr'><strong>monte</strong></span> <span class='ocrx_word' id='word_1_647' title='bbox 396 2485 480 2512; x_wconf 85' lang='lat' dir='ltr'><strong>Sinai.</strong></span> <span class='ocrx_word' id='word_1_648' title='bbox 505 2486 525 2512; x_wconf 87' lang='lat' dir='ltr'><strong>E</strong></span> <span class='ocrx_word' id='word_1_649' title='bbox 541 2486 680 2512; x_wconf 89' lang='lat' dir='ltr'><strong>contrario</strong></span> <span class='ocrx_word' id='word_1_650' title='bbox 701 2486 747 2512; x_wconf 89' lang='lat' dir='ltr'><strong>hic</strong></span> <span class='ocrx_word' id='word_1_651' title='bbox 766 2486 818 2513; x_wconf 92' lang='lat' dir='ltr'><strong>dici</strong></span> <span class='ocrx_word' id='word_1_652' title='bbox 841 2490 970 2520; x_wconf 86' lang='lat' dir='ltr'><strong>poterat:</strong></span> 
     </span>
    </p>
   </div>
   <div class='ocr_carea' id='block_1_84' title="bbox 176 2530 971 2566">
    <p class='ocr_par' dir='ltr' id='par_1_84' title="bbox 176 2530 971 2566">
     <span class='ocr_line' id='line_1_84' title="bbox 176 2530 971 2566; baseline 0 -9"><span class='ocrx_word' id='word_1_653' title='bbox 176 2530 248 2564; x_wconf 85' lang='lat' dir='ltr'><strong>Quid</strong></span> <span class='ocrx_word' id='word_1_654' title='bbox 261 2538 325 2565; x_wconf 87' lang='lat' dir='ltr'><strong>ergo</strong></span> <span class='ocrx_word' id='word_1_655' title='bbox 340 2538 450 2558; x_wconf 87' lang='lat' dir='ltr'><strong>necesse</strong></span> <span class='ocrx_word' id='word_1_656' title='bbox 467 2530 558 2563; x_wconf 86' lang='lat' dir='ltr'><strong>fuerit,</strong></span> <span class='ocrx_word' id='word_1_657' title='bbox 571 2530 658 2566; x_wconf 88' lang='lat' dir='ltr'><strong>legem</strong></span> <span class='ocrx_word' id='word_1_658' title='bbox 670 2535 731 2565; x_wconf 91' lang='lat' dir='ltr'><strong>post</strong></span> <span class='ocrx_word' id='word_1_659' title='bbox 746 2534 851 2557; x_wconf 91' lang='lat' dir='ltr'><strong>tantum</strong></span> <span class='ocrx_word' id='word_1_660' title='bbox 867 2535 971 2565; x_wconf 83' lang='lat' dir='ltr'><strong>tempus</strong></span> 
     </span>
    </p>
   </div>
   <div class='ocr_carea' id='block_1_85' title="bbox 176 2575 973 2610">
    <p class='ocr_par' dir='ltr' id='par_1_85' title="bbox 176 2575 973 2610">
     <span class='ocr_line' id='line_1_85' title="bbox 176 2575 973 2610; baseline 0 -8"><span class='ocrx_word' id='word_1_661' title='bbox 176 2576 397 2610; x_wconf 86' lang='lat' dir='ltr'><strong>repromissionis</strong></span> <span class='ocrx_word' id='word_1_662' title='bbox 412 2575 480 2607; x_wconf 89' lang='lat' dir='ltr'><strong>dari,</strong></span> <span class='ocrx_word' id='word_1_663' title='bbox 497 2583 559 2602; x_wconf 86' lang='lat' dir='ltr'><strong>cum</strong></span> <span class='ocrx_word' id='word_1_664' title='bbox 579 2583 613 2602; x_wconf 77' lang='lat' dir='ltr'><strong>ex</strong></span> <span class='ocrx_word' id='word_1_665' title='bbox 632 2576 695 2602; x_wconf 90' lang='lat' dir='ltr'><strong>data</strong></span> <span class='ocrx_word' id='word_1_666' title='bbox 717 2575 774 2610; x_wconf 86' lang='lat' dir='ltr'><strong>lege</strong></span> <span class='ocrx_word' id='word_1_667' title='bbox 795 2575 912 2610; x_wconf 90' lang='lat' dir='ltr'><strong>suspicio</strong></span> <span class='ocrx_word' id='word_1_668' title='bbox 927 2575 973 2602; x_wconf 87' lang='lat' dir='ltr'><strong>dc-</strong></span> 
     </span>
    </p>
   </div>
   <div class='ocr_carea' id='block_1_86' title="bbox 177 2621 972 2655">
    <p class='ocr_par' dir='ltr' id='par_1_86' title="bbox 177 2621 972 2655">
     <span class='ocr_line' id='line_1_86' title="bbox 177 2621 972 2655; baseline -0.001 -7"><span class='ocrx_word' id='word_1_669' title='bbox 177 2627 289 2649; x_wconf 76' lang='lat' dir='ltr'><strong>strucue</strong></span> <span class='ocrx_word' id='word_1_670' title='bbox 302 2621 454 2655; x_wconf 84' lang='lat' dir='ltr'><strong>sponsionis</strong></span> <span class='ocrx_word' id='word_1_671' title='bbox 476 2621 594 2655; x_wconf 86' lang='lat' dir='ltr'><strong>potuerit</strong></span> <span class='ocrx_word' id='word_1_672' title='bbox 606 2621 707 2648; x_wconf 89' lang='lat' dir='ltr'><strong>oboriri</strong></span> <span class='ocrx_word' id='word_1_673' title='bbox 724 2630 730 2648; x_wconf 92' lang='lat'>:</span> <span class='ocrx_word' id='word_1_674' title='bbox 749 2625 776 2648; x_wconf 91' lang='lat' dir='ltr'><strong>et</strong></span> <span class='ocrx_word' id='word_1_675' title='bbox 790 2624 916 2647; x_wconf 88' lang='lat' dir='ltr'><strong>manente</strong></span> <span class='ocrx_word' id='word_1_676' title='bbox 932 2627 972 2647; x_wconf 87' lang='lat' dir='ltr'><strong>re-</strong></span> 
     </span>
    </p>
   </div>
   <div class='ocr_carea' id='block_1_87' title="bbox 177 2666 974 2703">
    <p class='ocr_par' dir='ltr' id='par_1_87' title="bbox 177 2666 974 2703">
     <span class='ocr_line' id='line_1_87' title="bbox 177 2666 974 2703; baseline -0.001 -10"><span class='ocrx_word' id='word_1_677' title='bbox 177 2667 370 2703; x_wconf 83' lang='lat' dir='ltr'><strong>promissione,</strong></span> <span class='ocrx_word' id='word_1_678' title='bbox 385 2675 437 2693; x_wconf 89' lang='lat' dir='ltr'><strong>nou</strong></span> <span class='ocrx_word' id='word_1_679' title='bbox 451 2666 591 2701; x_wconf 88' lang='lat' dir='ltr'><strong>profutura</strong></span> <span class='ocrx_word' id='word_1_680' title='bbox 608 2666 650 2693; x_wconf 88' lang='lat' dir='ltr'><strong>lex</strong></span> <span class='ocrx_word' id='word_1_681' title='bbox 665 2667 727 2693; x_wconf 84' lang='lat' dir='ltr'><strong>data</strong></span> <span class='ocrx_word' id='word_1_682' title='bbox 741 2666 793 2698; x_wconf 84' lang='lat' dir='ltr'><strong>sit;</strong></span> <span class='ocrx_word' id='word_1_683' title='bbox 808 2673 890 2700; x_wconf 89' lang='lat' dir='ltr'><strong>quam</strong></span> <span class='ocrx_word' id='word_1_684' title='bbox 906 2673 974 2700; x_wconf 72' lang='lat' dir='ltr'><strong>prm-</strong></span> 
     </span>
    </p>
   </div>
   <div class='ocr_carea' id='block_1_88' title="bbox 178 2711 974 2747">
    <p class='ocr_par' dir='ltr' id='par_1_88' title="bbox 178 2711 974 2747">
     <span class='ocr_line' id='line_1_88' title="bbox 178 2711 974 2747; baseline -0.003 -8"><span class='ocrx_word' id='word_1_685' title='bbox 178 2712 275 2739; x_wconf 59' lang='lat' dir='ltr'><strong>vilens</strong></span> <span class='ocrx_word' id='word_1_686' title='bbox 297 2712 441 2747; x_wconf 82' lang='lat' dir='ltr'><strong>Apostolus</strong></span> <span class='ocrx_word' id='word_1_687' title='bbox 461 2712 654 2746; x_wconf 65' lang='lat' dir='ltr'><strong>quaestionem,</strong></span> <span class='ocrx_word' id='word_1_688' title='bbox 678 2712 704 2739; x_wconf 93' lang='lat' dir='ltr'><strong>in</strong></span> <span class='ocrx_word' id='word_1_689' title='bbox 723 2712 896 2747; x_wconf 86' lang='lat' dir='ltr'><strong>sequentibus</strong></span> <span class='ocrx_word' id='word_1_690' title='bbox 918 2711 974 2746; x_wconf 89' lang='lat' dir='ltr'><strong>ipse</strong></span> 
     </span>
    </p>
   </div>
   <div class='ocr_carea' id='block_1_89' title="bbox 179 2757 692 2792">
    <p class='ocr_par' dir='ltr' id='par_1_89' title="bbox 179 2757 692 2792">
     <span class='ocr_line' id='line_1_89' title="bbox 179 2757 692 2792; baseline 0.002 -9"><span class='ocrx_word' id='word_1_691' title='bbox 179 2757 233 2787; x_wconf 78' lang='lat' dir='ltr'><strong>sibi</strong></span> <span class='ocrx_word' id='word_1_692' title='bbox 246 2757 382 2792; x_wconf 78' lang='lat' dir='ltr'><strong>proponit,</strong></span> <span class='ocrx_word' id='word_1_693' title='bbox 399 2762 424 2784; x_wconf 88' lang='lat' dir='ltr'><strong>et</strong></span> <span class='ocrx_word' id='word_1_694' title='bbox 438 2757 564 2792; x_wconf 80' lang='lat' dir='ltr'><strong>explicat,</strong></span> <span class='ocrx_word' id='word_1_695' title='bbox 581 2757 692 2784; x_wconf 78' lang='lat' dir='ltr'><strong>dicens:</strong></span> 
     </span>
    </p>
   </div>
   <div class='ocr_carea' id='block_1_90' title="bbox 202 2802 974 2837">
    <p class='ocr_par' dir='ltr' id='par_1_90' title="bbox 202 2802 974 2837">
     <span class='ocr_line' id='line_1_90' title="bbox 202 2802 974 2837; baseline 0 -9"><span class='ocrx_word' id='word_1_696' title='bbox 202 2803 208 2807; x_wconf 86' lang='lat'>&#39;</span> <span class='ocrx_word' id='word_1_697' title='bbox 219 2802 289 2834; x_wconf 78' lang='lat' dir='ltr'><strong>Quid</strong></span> <span class='ocrx_word' id='word_1_698' title='bbox 307 2802 387 2837; x_wconf 78' lang='lat' dir='ltr'><strong>igitur</strong></span> <span class='ocrx_word' id='word_1_699' title='bbox 404 2802 467 2829; x_wconf 75' lang='lat' dir='ltr'><strong>lex?</strong></span> <span class='ocrx_word' id='word_1_700' title='bbox 479 2808 583 2837; x_wconf 81' lang='lat' dir='ltr'><strong>propter</strong></span> <span class='ocrx_word' id='word_1_701' title='bbox 597 2803 814 2837; x_wconf 75' lang='lat' dir='ltr'><strong>transgressiones</strong></span> <span class='ocrx_word' id='word_1_702' title='bbox 828 2803 912 2837; x_wconf 80' lang='lat' dir='ltr'><strong>posita</strong></span> <span class='ocrx_word' id='word_1_703' title='bbox 926 2807 974 2834; x_wconf 86' lang='lat' dir='ltr'><strong>est,</strong></span> 
     </span>
    </p>
   </div>
   <div class='ocr_carea' id='block_1_91' title="bbox 181 2849 974 2883">
    <p class='ocr_par' dir='ltr' id='par_1_91' title="bbox 181 2849 974 2883">
     <span class='ocr_line' id='line_1_91' title="bbox 181 2849 974 2883; baseline 0.001 -10"><span class='ocrx_word' id='word_1_704' title='bbox 181 2849 265 2876; x_wconf 73' lang='lat' dir='ltr'><strong>(torreo</strong></span> <span class='ocrx_word' id='word_1_705' title='bbox 286 2849 381 2876; x_wconf 72' lang='lat' dir='ltr'><strong>ueniret</strong></span> <span class='ocrx_word' id='word_1_706' title='bbox 401 2857 498 2881; x_wconf 73' lang='lat' dir='ltr'><strong>semen,</strong></span> <span class='ocrx_word' id='word_1_707' title='bbox 518 2849 560 2874; x_wconf 85' lang='lat' dir='ltr'><strong>cui</strong></span> <span class='ocrx_word' id='word_1_708' title='bbox 581 2849 736 2883; x_wconf 79' lang='lat' dir='ltr'><strong>promissum</strong></span> <span class='ocrx_word' id='word_1_709' title='bbox 757 2854 812 2876; x_wconf 74' lang='lat' dir='ltr'><strong>erat</strong></span> <span class='ocrx_word' id='word_1_710' title='bbox 829 2856 836 2874; x_wconf 91' lang='lat'><strong>.&#39;</strong></span> <span class='ocrx_word' id='word_1_711' title='bbox 854 2849 974 2875; x_wconf 81' lang='lat' dir='ltr'><strong>ordinata</strong></span> 
     </span>
    </p>
   </div>
   <div class='ocr_carea' id='block_1_92' title="bbox 386 2905 876 2935">
    <p class='ocr_par' dir='ltr' id='par_1_92' title="bbox 386 2905 876 2935">
     <span class='ocr_line' id='line_1_92' title="bbox 386 2905 876 2935; baseline -0.004 0"><span class='ocrx_word' id='word_1_712' title='bbox 386 2905 521 2935; x_wconf 72' lang='lat' dir='ltr'><strong>PaTnOL.</strong></span> <span class='ocrx_word' id='word_1_713' title='bbox 546 2905 624 2934; x_wconf 80' lang='lat' dir='ltr'><strong>CIV.</strong></span> <span class='ocrx_word' id='word_1_714' title='bbox 859 2921 876 2933; x_wconf 73' lang='grc' dir='ltr'><strong><em>ο</em></strong></span> 
     </span>
    </p>
   </div>
   <div class='ocr_carea' id='block_1_93' title="bbox 1015 1611 1810 1653">
    <p class='ocr_par' dir='ltr' id='par_1_93' title="bbox 1015 1611 1810 1653">
     <span class='ocr_line' id='line_1_93' title="bbox 1015 1611 1810 1653; baseline 0.013 -16"><span class='ocrx_word' id='word_1_715' title='bbox 1015 1611 1093 1646; x_wconf 88' lang='lat' dir='ltr'><strong>quasi</strong></span> <span class='ocrx_word' id='word_1_716' title='bbox 1114 1613 1265 1640; x_wconf 86' lang='lat' dir='ltr'><strong>naturalem</strong></span> <span class='ocrx_word' id='word_1_717' title='bbox 1289 1622 1318 1641; x_wconf 84' lang='lat' dir='ltr'><strong>se</strong></span> <span class='ocrx_word' id='word_1_718' title='bbox 1337 1614 1478 1648; x_wconf 75' lang='lat' dir='ltr'><strong>iactabant</strong></span> <span class='ocrx_word' id='word_1_719' title='bbox 1498 1617 1598 1645; x_wconf 89' lang='lat' dir='ltr'><strong>habere</strong></span> <span class='ocrx_word' id='word_1_720' title='bbox 1616 1618 1761 1653; x_wconf 88' lang='lat' dir='ltr'><strong>justitiam,</strong></span> <span class='ocrx_word' id='word_1_721' title='bbox 1781 1626 1810 1648; x_wconf 81' lang='lat' dir='ltr'><strong>et</strong></span> 
     </span>
    </p>
   </div>
   <div class='ocr_carea' id='block_1_94' title="bbox 1015 1657 1808 1698">
    <p class='ocr_par' dir='ltr' id='par_1_94' title="bbox 1015 1657 1808 1698">
     <span class='ocr_line' id='line_1_94' title="bbox 1015 1657 1808 1698; baseline 0.011 -15"><span class='ocrx_word' id='word_1_722' title='bbox 1015 1657 1112 1684; x_wconf 88' lang='lat' dir='ltr'><strong>merita</strong></span> <span class='ocrx_word' id='word_1_723' title='bbox 1134 1658 1224 1686; x_wconf 89' lang='lat' dir='ltr'><strong>suain</strong></span> <span class='ocrx_word' id='word_1_724' title='bbox 1245 1659 1451 1688; x_wconf 90' lang='lat' dir='ltr'><strong>circumcisione</strong></span> <span class='ocrx_word' id='word_1_725' title='bbox 1465 1662 1571 1689; x_wconf 73' lang='lat' dir='ltr'><strong>czeteris</strong></span> <span class='ocrx_word' id='word_1_726' title='bbox 1589 1664 1713 1698; x_wconf 79' lang='lat' dir='ltr'><strong>gentibus</strong></span> <span class='ocrx_word' id='word_1_727' title='bbox 1734 1669 1808 1692; x_wconf 85' lang='lat' dir='ltr'><strong>tanto</strong></span> 
     </span>
    </p>
   </div>
   <div class='ocr_carea' id='block_1_95' title="bbox 1014 1702 1808 1742">
    <p class='ocr_par' dir='ltr' id='par_1_95' title="bbox 1014 1702 1808 1742">
     <span class='ocr_line' id='line_1_95' title="bbox 1014 1702 1808 1742; baseline 0.011 -14"><span class='ocrx_word' id='word_1_728' title='bbox 1014 1702 1204 1736; x_wconf 86' lang='lat' dir='ltr'><strong>perniciosius,</strong></span> <span class='ocrx_word' id='word_1_729' title='bbox 1223 1708 1325 1739; x_wconf 89' lang='lat' dir='ltr'><strong>quanto</strong></span> <span class='ocrx_word' id='word_1_730' title='bbox 1340 1707 1510 1740; x_wconf 83' lang='lat' dir='ltr'><strong>arrogantius</strong></span> <span class='ocrx_word' id='word_1_731' title='bbox 1525 1708 1714 1742; x_wconf 75' lang='lat' dir='ltr'><strong>pnefercbant.</strong></span> <span class='ocrx_word' id='word_1_732' title='bbox 1738 1710 1808 1737; x_wconf 86' lang='lat' dir='ltr'><strong>Gen-</strong></span> 
     </span>
    </p>
   </div>
   <div class='ocr_carea' id='block_1_96' title="bbox 1014 1749 1809 1791">
    <p class='ocr_par' dir='ltr' id='par_1_96' title="bbox 1014 1749 1809 1791">
     <span class='ocr_line' id='line_1_96' title="bbox 1014 1749 1809 1791; baseline 0.013 -17"><span class='ocrx_word' id='word_1_733' title='bbox 1014 1751 1055 1775; x_wconf 88' lang='lat' dir='ltr'><strong>tes</strong></span> <span class='ocrx_word' id='word_1_734' title='bbox 1068 1753 1157 1776; x_wconf 91' lang='lat' dir='ltr'><strong>autem</strong></span> <span class='ocrx_word' id='word_1_735' title='bbox 1170 1749 1297 1778; x_wconf 83' lang='lat' dir='ltr'><strong>facillime</strong></span> <span class='ocrx_word' id='word_1_736' title='bbox 1311 1752 1393 1779; x_wconf 87' lang='lat' dir='ltr'><strong>etiam</strong></span> <span class='ocrx_word' id='word_1_737' title='bbox 1406 1753 1464 1780; x_wconf 89' lang='lat' dir='ltr'><strong>sine</strong></span> <span class='ocrx_word' id='word_1_738' title='bbox 1475 1753 1627 1787; x_wconf 81' lang='lat' dir='ltr'><strong>huiusmodi</strong></span> <span class='ocrx_word' id='word_1_739' title='bbox 1639 1755 1705 1791; x_wconf 88' lang='lat' dir='ltr'><strong>legis</strong></span> <span class='ocrx_word' id='word_1_740' title='bbox 1720 1760 1809 1785; x_wconf 89' lang='lat' dir='ltr'><strong>trans-</strong></span> 
     </span>
    </p>
   </div>
   <div class='ocr_carea' id='block_1_97' title="bbox 1014 1794 1809 1830">
    <p class='ocr_par' dir='ltr' id='par_1_97' title="bbox 1014 1794 1809 1830">
     <span class='ocr_line' id='line_1_97' title="bbox 1014 1794 1809 1830; baseline 0.011 -10"><span class='ocrx_word' id='word_1_741' title='bbox 1014 1794 1154 1828; x_wconf 87' lang='lat' dir='ltr'><strong>gressione</strong></span> <span class='ocrx_word' id='word_1_742' title='bbox 1173 1795 1391 1824; x_wconf 88' lang='lat' dir='ltr'><strong>humiliarentur.</strong></span> <span class='ocrx_word' id='word_1_743' title='bbox 1415 1798 1544 1826; x_wconf 85' lang='lat' dir='ltr'><strong>Homines</strong></span> <span class='ocrx_word' id='word_1_744' title='bbox 1564 1800 1635 1826; x_wconf 90' lang='lat' dir='ltr'><strong>enim</strong></span> <span class='ocrx_word' id='word_1_745' title='bbox 1656 1801 1756 1828; x_wconf 83' lang='lat' dir='ltr'><strong>nullam</strong></span> <span class='ocrx_word' id='word_1_746' title='bbox 1775 1811 1809 1830; x_wconf 79' lang='lat' dir='ltr'><strong>ex</strong></span> 
     </span>
    </p>
   </div>
   <div class='ocr_carea' id='block_1_98' title="bbox 1015 1840 1807 1879">
    <p class='ocr_par' dir='ltr' id='par_1_98' title="bbox 1015 1840 1807 1879">
     <span class='ocr_line' id='line_1_98' title="bbox 1015 1840 1807 1879; baseline 0.01 -14"><span class='ocrx_word' id='word_1_747' title='bbox 1015 1840 1172 1873; x_wconf 89' lang='lat' dir='ltr'><strong>parentibus</strong></span> <span class='ocrx_word' id='word_1_748' title='bbox 1184 1841 1316 1876; x_wconf 89' lang='lat' dir='ltr'><strong>originem</strong></span> <span class='ocrx_word' id='word_1_749' title='bbox 1326 1841 1440 1876; x_wconf 68' lang='lat' dir='ltr'><strong>iustitiae</strong></span> <span class='ocrx_word' id='word_1_750' title='bbox 1456 1851 1485 1870; x_wconf 90' lang='lat' dir='ltr'><strong>se</strong></span> <span class='ocrx_word' id='word_1_751' title='bbox 1500 1844 1607 1871; x_wconf 85' lang='lat' dir='ltr'><strong>trahere</strong></span> <span class='ocrx_word' id='word_1_752' title='bbox 1618 1846 1807 1879; x_wconf 67' lang='lat' dir='ltr'><strong>prxevidentes,</strong></span> 
     </span>
    </p>
   </div>
   <div class='ocr_carea' id='block_1_99' title="bbox 1015 1884 1810 1926">
    <p class='ocr_par' dir='ltr' id='par_1_99' title="bbox 1015 1884 1810 1926">
     <span class='ocr_line' id='line_1_99' title="bbox 1015 1884 1810 1926; baseline 0.01 -16"><span class='ocrx_word' id='word_1_753' title='bbox 1015 1884 1222 1912; x_wconf 88' lang='lat' dir='ltr'><strong>simulacrorum</strong></span> <span class='ocrx_word' id='word_1_754' title='bbox 1240 1887 1323 1913; x_wconf 89' lang='lat' dir='ltr'><strong>etiam</strong></span> <span class='ocrx_word' id='word_1_755' title='bbox 1341 1895 1435 1914; x_wconf 89' lang='lat' dir='ltr'><strong>servos</strong></span> <span class='ocrx_word' id='word_1_756' title='bbox 1454 1888 1555 1914; x_wconf 87' lang='lat' dir='ltr'><strong>invenit</strong></span> <span class='ocrx_word' id='word_1_757' title='bbox 1575 1890 1729 1924; x_wconf 82' lang='lat' dir='ltr'><strong>evangelica</strong></span> <span class='ocrx_word' id='word_1_758' title='bbox 1750 1899 1810 1926; x_wconf 90' lang='lat' dir='ltr'><strong>gra-</strong></span> 
     </span>
    </p>
   </div>
   <div class='ocr_carea' id='block_1_100' title="bbox 1017 1930 1809 1968">
    <p class='ocr_par' dir='ltr' id='par_1_100' title="bbox 1017 1930 1809 1968">
     <span class='ocr_line' id='line_1_100' title="bbox 1017 1930 1809 1968; baseline 0.01 -12"><span class='ocrx_word' id='word_1_759' title='bbox 1017 1930 1062 1956; x_wconf 90' lang='lat' dir='ltr'><strong>tia.</strong></span> <span class='ocrx_word' id='word_1_760' title='bbox 1080 1930 1138 1958; x_wconf 88' lang='lat' dir='ltr'><strong>Non</strong></span> <span class='ocrx_word' id='word_1_761' title='bbox 1152 1932 1223 1958; x_wconf 90' lang='lat' dir='ltr'><strong>enim</strong></span> <span class='ocrx_word' id='word_1_762' title='bbox 1239 1933 1309 1959; x_wconf 92' lang='lat' dir='ltr'><strong>sicut</strong></span> <span class='ocrx_word' id='word_1_763' title='bbox 1325 1933 1384 1960; x_wconf 86' lang='lat' dir='ltr'><strong>istis</strong></span> <span class='ocrx_word' id='word_1_764' title='bbox 1399 1933 1451 1960; x_wconf 85' lang='lat' dir='ltr'><strong>dici</strong></span> <span class='ocrx_word' id='word_1_765' title='bbox 1471 1939 1593 1968; x_wconf 81' lang='lat' dir='ltr'><strong>poterat,</strong></span> <span class='ocrx_word' id='word_1_766' title='bbox 1608 1943 1661 1962; x_wconf 91' lang='lat' dir='ltr'><strong>non</strong></span> <span class='ocrx_word' id='word_1_767' title='bbox 1681 1935 1763 1963; x_wconf 86' lang='lat' dir='ltr'><strong>fuisse</strong></span> <span class='ocrx_word' id='word_1_768' title='bbox 1779 1938 1809 1964; x_wconf 77' lang='lat' dir='ltr'><strong>il—</strong></span> 
     </span>
    </p>
   </div>
   <div class='ocr_carea' id='block_1_101' title="bbox 1016 1976 1808 2014">
    <p class='ocr_par' dir='ltr' id='par_1_101' title="bbox 1016 1976 1808 2014">
     <span class='ocr_line' id='line_1_101' title="bbox 1016 1976 1808 2014; baseline 0.009 -12"><span class='ocrx_word' id='word_1_769' title='bbox 1016 1976 1068 2003; x_wconf 87' lang='lat' dir='ltr'><strong>lam</strong></span> <span class='ocrx_word' id='word_1_770' title='bbox 1090 1977 1223 2011; x_wconf 88' lang='lat' dir='ltr'><strong>justitiam</strong></span> <span class='ocrx_word' id='word_1_771' title='bbox 1246 1985 1388 2012; x_wconf 87' lang='lat' dir='ltr'><strong>parentum</strong></span> <span class='ocrx_word' id='word_1_772' title='bbox 1411 1986 1503 2006; x_wconf 91' lang='lat' dir='ltr'><strong>eorum</strong></span> <span class='ocrx_word' id='word_1_773' title='bbox 1528 1981 1553 2007; x_wconf 90' lang='lat' dir='ltr'><strong>in</strong></span> <span class='ocrx_word' id='word_1_774' title='bbox 1579 1982 1697 2008; x_wconf 79' lang='lat' dir='ltr'><strong>colendis</strong></span> <span class='ocrx_word' id='word_1_775' title='bbox 1716 1983 1808 2014; x_wconf 79' lang='lat' dir='ltr'><strong>idolis,</strong></span> 
     </span>
    </p>
   </div>
   <div class='ocr_carea' id='block_1_102' title="bbox 1017 2023 1810 2063">
    <p class='ocr_par' dir='ltr' id='par_1_102' title="bbox 1017 2023 1810 2063">
     <span class='ocr_line' id='line_1_102' title="bbox 1017 2023 1810 2063; baseline 0.009 -16"><span class='ocrx_word' id='word_1_776' title='bbox 1017 2029 1097 2056; x_wconf 89' lang='lat' dir='ltr'><strong>quam</strong></span> <span class='ocrx_word' id='word_1_777' title='bbox 1111 2029 1171 2049; x_wconf 86' lang='lat' dir='ltr'><strong>esse</strong></span> <span class='ocrx_word' id='word_1_778' title='bbox 1185 2023 1388 2050; x_wconf 77' lang='lat' dir='ltr'><strong>arbitrabantur</strong></span> <span class='ocrx_word' id='word_1_779' title='bbox 1408 2033 1413 2050; x_wconf 88' lang='lat'><strong><em>:</em></strong></span> <span class='ocrx_word' id='word_1_780' title='bbox 1434 2024 1470 2051; x_wconf 88' lang='lat' dir='ltr'><strong>ita</strong></span> <span class='ocrx_word' id='word_1_781' title='bbox 1486 2026 1567 2052; x_wconf 87' lang='lat' dir='ltr'><strong>etiam</strong></span> <span class='ocrx_word' id='word_1_782' title='bbox 1583 2026 1682 2054; x_wconf 66' lang='lat' dir='ltr'><strong>Judmis</strong></span> <span class='ocrx_word' id='word_1_783' title='bbox 1696 2028 1747 2054; x_wconf 74' lang='grc' dir='ltr'><strong>ὁὶίὶ</strong></span> <span class='ocrx_word' id='word_1_784' title='bbox 1764 2037 1810 2063; x_wconf 82' lang='lat' dir='ltr'><strong>po-</strong></span> 
     </span>
    </p>
   </div>
   <div class='ocr_carea' id='block_1_103' title="bbox 1019 2066 1810 2109">
    <p class='ocr_par' dir='ltr' id='par_1_103' title="bbox 1019 2066 1810 2109">
     <span class='ocr_line' id='line_1_103' title="bbox 1019 2066 1810 2109; baseline 0.01 -16"><span class='ocrx_word' id='word_1_785' title='bbox 1019 2071 1097 2099; x_wconf 86' lang='lat' dir='ltr'><strong>lcrat,</strong></span> <span class='ocrx_word' id='word_1_786' title='bbox 1110 2066 1205 2095; x_wconf 80' lang='lat' dir='ltr'><strong>falsam</strong></span> <span class='ocrx_word' id='word_1_787' title='bbox 1217 2067 1299 2096; x_wconf 87' lang='lat' dir='ltr'><strong>fuisse</strong></span> <span class='ocrx_word' id='word_1_788' title='bbox 1312 2069 1443 2103; x_wconf 79' lang='lat' dir='ltr'><strong>justitiam</strong></span> <span class='ocrx_word' id='word_1_789' title='bbox 1455 2072 1540 2105; x_wconf 87' lang='lat' dir='ltr'><strong>patris</strong></span> <span class='ocrx_word' id='word_1_790' title='bbox 1554 2072 1700 2100; x_wconf 76' lang='lat' dir='ltr'><strong>Abraham.</strong></span> <span class='ocrx_word' id='word_1_791' title='bbox 1718 2074 1810 2109; x_wconf 75' lang='lat' dir='ltr'><strong>Itaque</strong></span> 
     </span>
    </p>
   </div>
   <div class='ocr_carea' id='block_1_104' title="bbox 1018 2113 1808 2154">
    <p class='ocr_par' dir='ltr' id='par_1_104' title="bbox 1018 2113 1808 2154">
     <span class='ocr_line' id='line_1_104' title="bbox 1018 2113 1808 2154; baseline 0.011 -15"><span class='ocrx_word' id='word_1_792' title='bbox 1018 2113 1071 2140; x_wconf 81' lang='lat' dir='ltr'><strong>illis</strong></span> <span class='ocrx_word' id='word_1_793' title='bbox 1084 2114 1199 2141; x_wconf 80' lang='lat' dir='ltr'><strong>dicitur:</strong></span> <span class='ocrx_word' id='word_1_794' title='bbox 1214 2114 1306 2141; x_wconf 78' lang='lat' dir='ltr'><strong>Facite</strong></span> <span class='ocrx_word' id='word_1_795' title='bbox 1318 2124 1379 2150; x_wconf 82' lang='lat' dir='ltr'><strong>ergo</strong></span> <span class='ocrx_word' id='word_1_796' title='bbox 1394 2116 1507 2151; x_wconf 78' lang='lat' dir='ltr'><strong>fructum</strong></span> <span class='ocrx_word' id='word_1_797' title='bbox 1522 2118 1627 2153; x_wconf 79' lang='lat' dir='ltr'><strong>dignum</strong></span> <span class='ocrx_word' id='word_1_798' title='bbox 1643 2121 1808 2154; x_wconf 71' lang='lat' dir='ltr'><strong>paenitentia&#39;,</strong></span> 
     </span>
    </p>
   </div>
   <div class='ocr_carea' id='block_1_105' title="bbox 1018 2158 1811 2195">
    <p class='ocr_par' dir='ltr' id='par_1_105' title="bbox 1018 2158 1811 2195">
     <span class='ocr_line' id='line_1_105' title="bbox 1018 2158 1811 2195; baseline 0.013 -12"><span class='ocrx_word' id='word_1_799' title='bbox 1018 2163 1041 2184; x_wconf 82' lang='lat' dir='ltr'><strong>et</strong></span> <span class='ocrx_word' id='word_1_800' title='bbox 1057 2167 1088 2184; x_wconf 83' lang='lat' dir='ltr'><strong>ne</strong></span> <span class='ocrx_word' id='word_1_801' title='bbox 1101 2158 1220 2185; x_wconf 66' lang='lat' dir='ltr'><strong>dixeritis</strong></span> <span class='ocrx_word' id='word_1_802' title='bbox 1236 2159 1319 2192; x_wconf 76' lang='lat' dir='ltr'><strong>vobis,</strong></span> <span class='ocrx_word' id='word_1_803' title='bbox 1337 2166 1438 2195; x_wconf 83' lang='lat' dir='ltr'><strong>patrem</strong></span> <span class='ocrx_word' id='word_1_804' title='bbox 1459 2163 1583 2190; x_wconf 76' lang='lat' dir='ltr'><strong>habemus</strong></span> <span class='ocrx_word' id='word_1_805' title='bbox 1599 2165 1740 2192; x_wconf 73' lang='lat' dir='ltr'><strong>Abraham.</strong></span> <span class='ocrx_word' id='word_1_806' title='bbox 1759 2167 1811 2193; x_wconf 80' lang='lat' dir='ltr'><strong>Po-</strong></span> 
     </span>
    </p>
   </div>
   <div class='ocr_carea' id='block_1_106' title="bbox 1020 2203 1811 2246">
    <p class='ocr_par' dir='ltr' id='par_1_106' title="bbox 1020 2203 1811 2246">
     <span class='ocr_line' id='line_1_106' title="bbox 1020 2203 1811 2246; baseline 0.014 -18"><span class='ocrx_word' id='word_1_807' title='bbox 1020 2207 1075 2229; x_wconf 84' lang='lat' dir='ltr'><strong>tens</strong></span> <span class='ocrx_word' id='word_1_808' title='bbox 1095 2207 1133 2229; x_wconf 78' lang='lat' dir='ltr'><strong>est</strong></span> <span class='ocrx_word' id='word_1_809' title='bbox 1148 2204 1215 2230; x_wconf 76' lang='grc' dir='ltr'><strong>ωιίηι</strong></span> <span class='ocrx_word' id='word_1_810' title='bbox 1231 2203 1312 2236; x_wconf 83' lang='lat' dir='ltr'><strong>Deus,</strong></span> <span class='ocrx_word' id='word_1_811' title='bbox 1326 2205 1358 2231; x_wconf 76' lang='lat' dir='ltr'><strong>de</strong></span> <span class='ocrx_word' id='word_1_812' title='bbox 1380 2205 1510 2240; x_wconf 82' lang='lat' dir='ltr'><strong>lapidibus</strong></span> <span class='ocrx_word' id='word_1_813' title='bbox 1530 2209 1586 2235; x_wconf 81' lang='lat' dir='ltr'><strong>istis</strong></span> <span class='ocrx_word' id='word_1_814' title='bbox 1602 2212 1728 2238; x_wconf 72' lang='lat' dir='ltr'><strong>suscitare</strong></span> <span class='ocrx_word' id='word_1_815' title='bbox 1743 2213 1811 2246; x_wconf 72' lang='lat' dir='ltr'><strong>ﬁlios</strong></span> 
     </span>
    </p>
   </div>
   <div class='ocr_carea' id='block_1_107' title="bbox 1020 2247 1810 2292">
    <p class='ocr_par' dir='ltr' id='par_1_107' title="bbox 1020 2247 1810 2292">
     <span class='ocr_line' id='line_1_107' title="bbox 1020 2247 1810 2292; baseline 0.013 -19"><span class='ocrx_word' id='word_1_816' title='bbox 1020 2247 1151 2274; x_wconf 81' lang='lat' dir='ltr'><strong>Abraham</strong></span> <span class='ocrx_word' id='word_1_817' title='bbox 1164 2248 1239 2284; x_wconf 78' lang='lat' dir='ltr'><strong>(Luc.</strong></span> <span class='ocrx_word' id='word_1_818' title='bbox 1252 2250 1304 2284; x_wconf 86' lang='lat' dir='ltr'><strong>nl).</strong></span> <span class='ocrx_word' id='word_1_819' title='bbox 1316 2250 1376 2276; x_wconf 89' lang='lat' dir='ltr'><strong>lstis</strong></span> <span class='ocrx_word' id='word_1_820' title='bbox 1387 2255 1476 2278; x_wconf 89' lang='lat' dir='ltr'><strong>autem</strong></span> <span class='ocrx_word' id='word_1_821' title='bbox 1490 2252 1587 2279; x_wconf 83' lang='lat' dir='ltr'><strong>dicitur</strong></span> <span class='ocrx_word' id='word_1_822' title='bbox 1600 2263 1605 2279; x_wconf 88' lang='lat'><strong>:</strong></span> <span class='ocrx_word' id='word_1_823' title='bbox 1621 2255 1731 2290; x_wconf 75' lang='lat' dir='ltr'><strong>Propter</strong></span> <span class='ocrx_word' id='word_1_824' title='bbox 1743 2266 1810 2292; x_wconf 74' lang='lat' dir='ltr'><strong>quod</strong></span> 
     </span>
    </p>
   </div>
   <div class='ocr_carea' id='block_1_108' title="bbox 1020 2297 1809 2334">
    <p class='ocr_par' dir='ltr' id='par_1_108' title="bbox 1020 2297 1809 2334">
     <span class='ocr_line' id='line_1_108' title="bbox 1020 2297 1809 2334; baseline 0.01 -12"><span class='ocrx_word' id='word_1_825' title='bbox 1020 2303 1146 2323; x_wconf 88' lang='lat' dir='ltr'><strong>memores</strong></span> <span class='ocrx_word' id='word_1_826' title='bbox 1161 2298 1232 2329; x_wconf 83' lang='lat' dir='ltr'><strong>estis,</strong></span> <span class='ocrx_word' id='word_1_827' title='bbox 1252 2297 1322 2332; x_wconf 87' lang='lat' dir='ltr'><strong>quod</strong></span> <span class='ocrx_word' id='word_1_828' title='bbox 1342 2306 1387 2325; x_wconf 75' lang='lat' dir='ltr'><strong>vos</strong></span> <span class='ocrx_word' id='word_1_829' title='bbox 1407 2298 1549 2333; x_wconf 82' lang='lat' dir='ltr'><strong>aliquando</strong></span> <span class='ocrx_word' id='word_1_830' title='bbox 1570 2307 1657 2334; x_wconf 71' lang='lat' dir='ltr'><strong>gi‘ittrs</strong></span> <span class='ocrx_word' id='word_1_831' title='bbox 1677 2304 1702 2329; x_wconf 83' lang='lat' dir='ltr'><strong>in</strong></span> <span class='ocrx_word' id='word_1_832' title='bbox 1723 2312 1809 2334; x_wconf 63' lang='grc' dir='ltr'><strong>ται-ηρ,</strong></span> 
     </span>
    </p>
   </div>
   <div class='ocr_carea' id='block_1_109' title="bbox 1019 2341 1812 2380">
    <p class='ocr_par' dir='ltr' id='par_1_109' title="bbox 1019 2341 1812 2380">
     <span class='ocr_line' id='line_1_109' title="bbox 1019 2341 1812 2380; baseline 0.009 -13"><span class='ocrx_word' id='word_1_833' title='bbox 1019 2341 1064 2377; x_wconf 90' lang='lat' dir='ltr'><strong>qui</strong></span> <span class='ocrx_word' id='word_1_834' title='bbox 1078 2342 1196 2369; x_wconf 82' lang='lat' dir='ltr'><strong>dicimini</strong></span> <span class='ocrx_word' id='word_1_835' title='bbox 1214 2344 1370 2378; x_wconf 64' lang='lat' dir='ltr'><strong>praeputium</strong></span> <span class='ocrx_word' id='word_1_836' title='bbox 1386 2345 1417 2370; x_wconf 84' lang='lat' dir='ltr'><strong>ab</strong></span> <span class='ocrx_word' id='word_1_837' title='bbox 1432 2353 1478 2376; x_wconf 83' lang='lat' dir='ltr'><strong>ea,</strong></span> <span class='ocrx_word' id='word_1_838' title='bbox 1492 2354 1550 2380; x_wconf 67' lang='lat' dir='ltr'><strong>qua:</strong></span> <span class='ocrx_word' id='word_1_839' title='bbox 1564 2346 1661 2372; x_wconf 83' lang='lat' dir='ltr'><strong>dicitur</strong></span> <span class='ocrx_word' id='word_1_840' title='bbox 1676 2347 1812 2374; x_wconf 76' lang='lat' dir='ltr'><strong>circumci-</strong></span> 
     </span>
    </p>
   </div>
   <div class='ocr_carea' id='block_1_110' title="bbox 1020 2389 1813 2428">
    <p class='ocr_par' dir='ltr' id='par_1_110' title="bbox 1020 2389 1813 2428">
     <span class='ocr_line' id='line_1_110' title="bbox 1020 2389 1813 2428; baseline 0.008 -14"><span class='ocrx_word' id='word_1_841' title='bbox 1020 2389 1059 2415; x_wconf 84' lang='lat' dir='ltr'><strong>sio</strong></span> <span class='ocrx_word' id='word_1_842' title='bbox 1080 2389 1107 2415; x_wconf 84' lang='lat' dir='ltr'><strong>in</strong></span> <span class='ocrx_word' id='word_1_843' title='bbox 1129 2397 1208 2416; x_wconf 85' lang='lat' dir='ltr'><strong>carne</strong></span> <span class='ocrx_word' id='word_1_844' title='bbox 1229 2390 1391 2425; x_wconf 78' lang='lat' dir='ltr'><strong>ntanufacta,</strong></span> <span class='ocrx_word' id='word_1_845' title='bbox 1408 2392 1452 2426; x_wconf 86' lang='lat' dir='ltr'><strong>qui</strong></span> <span class='ocrx_word' id='word_1_846' title='bbox 1473 2392 1553 2419; x_wconf 79' lang='lat' dir='ltr'><strong>eratis</strong></span> <span class='ocrx_word' id='word_1_847' title='bbox 1566 2391 1612 2418; x_wconf 86' lang='lat' dir='ltr'><strong>illo</strong></span> <span class='ocrx_word' id='word_1_848' title='bbox 1630 2397 1744 2428; x_wconf 81' lang='lat' dir='ltr'><strong>tempore</strong></span> <span class='ocrx_word' id='word_1_849' title='bbox 1757 2394 1813 2421; x_wconf 74' lang='lat' dir='ltr'><strong>sine</strong></span> 
     </span>
    </p>
   </div>
   <div class='ocr_carea' id='block_1_111' title="bbox 1022 2433 1813 2473">
    <p class='ocr_par' dir='ltr' id='par_1_111' title="bbox 1022 2433 1813 2473">
     <span class='ocr_line' id='line_1_111' title="bbox 1022 2433 1813 2473; baseline 0.006 -13"><span class='ocrx_word' id='word_1_850' title='bbox 1022 2433 1136 2467; x_wconf 81' lang='lat' dir='ltr'><strong>Christo,</strong></span> <span class='ocrx_word' id='word_1_851' title='bbox 1150 2435 1257 2462; x_wconf 81' lang='lat' dir='ltr'><strong>alienati</strong></span> <span class='ocrx_word' id='word_1_852' title='bbox 1272 2444 1287 2462; x_wconf 87' lang='lat' dir='ltr'><strong>a</strong></span> <span class='ocrx_word' id='word_1_853' title='bbox 1301 2436 1423 2463; x_wconf 83' lang='lat' dir='ltr'><strong>societate</strong></span> <span class='ocrx_word' id='word_1_854' title='bbox 1439 2437 1533 2470; x_wconf 77' lang='lat' dir='ltr'><strong>Israel,</strong></span> <span class='ocrx_word' id='word_1_855' title='bbox 1548 2442 1572 2464; x_wconf 87' lang='lat' dir='ltr'><strong>et</strong></span> <span class='ocrx_word' id='word_1_856' title='bbox 1584 2438 1713 2473; x_wconf 77' lang='lat' dir='ltr'><strong>peregrini</strong></span> <span class='ocrx_word' id='word_1_857' title='bbox 1734 2443 1813 2466; x_wconf 80' lang='lat' dir='ltr'><strong>testa—</strong></span> 
     </span>
    </p>
   </div>
   <div class='ocr_carea' id='block_1_112' title="bbox 1023 2481 1814 2517">
    <p class='ocr_par' dir='ltr' id='par_1_112' title="bbox 1023 2481 1814 2517">
     <span class='ocr_line' id='line_1_112' title="bbox 1023 2481 1814 2517; baseline 0.008 -12"><span class='ocrx_word' id='word_1_858' title='bbox 1023 2484 1178 2512; x_wconf 86' lang='lat' dir='ltr'><strong>mentorum,</strong></span> <span class='ocrx_word' id='word_1_859' title='bbox 1201 2481 1381 2515; x_wconf 81' lang='lat' dir='ltr'><strong>promissionis</strong></span> <span class='ocrx_word' id='word_1_860' title='bbox 1399 2491 1469 2517; x_wconf 85' lang='lat' dir='ltr'><strong>spem</strong></span> <span class='ocrx_word' id='word_1_861' title='bbox 1484 2491 1535 2509; x_wconf 85' lang='lat' dir='ltr'><strong>non</strong></span> <span class='ocrx_word' id='word_1_862' title='bbox 1558 2483 1692 2515; x_wconf 80' lang='lat' dir='ltr'><strong>habentes,</strong></span> <span class='ocrx_word' id='word_1_863' title='bbox 1714 2489 1738 2510; x_wconf 80' lang='lat' dir='ltr'><strong>et</strong></span> <span class='ocrx_word' id='word_1_864' title='bbox 1758 2485 1814 2511; x_wconf 74' lang='lat' dir='ltr'><strong>sine</strong></span> 
     </span>
    </p>
   </div>
   <div class='ocr_carea' id='block_1_113' title="bbox 1023 2525 1814 2562">
    <p class='ocr_par' dir='ltr' id='par_1_113' title="bbox 1023 2525 1814 2562">
     <span class='ocr_line' id='line_1_113' title="bbox 1023 2525 1814 2562; baseline 0.006 -11"><span class='ocrx_word' id='word_1_865' title='bbox 1023 2525 1078 2552; x_wconf 78' lang='lat' dir='ltr'><strong>Deo</strong></span> <span class='ocrx_word' id='word_1_866' title='bbox 1092 2526 1118 2552; x_wconf 84' lang='lat' dir='ltr'><strong>in</strong></span> <span class='ocrx_word' id='word_1_867' title='bbox 1133 2526 1181 2552; x_wconf 84' lang='lat' dir='ltr'><strong>hoc</strong></span> <span class='ocrx_word' id='word_1_868' title='bbox 1194 2526 1291 2553; x_wconf 83' lang='lat' dir='ltr'><strong>mundo</strong></span> <span class='ocrx_word' id='word_1_869' title='bbox 1306 2526 1412 2562; x_wconf 71' lang='lat' dir='ltr'><strong>(Ep/tes.</strong></span> <span class='ocrx_word' id='word_1_870' title='bbox 1430 2528 1469 2562; x_wconf 84' lang='grc' dir='ltr'><strong>ιι).</strong></span> <span class='ocrx_word' id='word_1_871' title='bbox 1494 2528 1614 2562; x_wconf 86' lang='lat' dir='ltr'><strong>Denique</strong></span> <span class='ocrx_word' id='word_1_872' title='bbox 1626 2528 1681 2555; x_wconf 89' lang='lat' dir='ltr'><strong>illic</strong></span> <span class='ocrx_word' id='word_1_873' title='bbox 1693 2528 1814 2557; x_wconf 81' lang='lat' dir='ltr'><strong>inﬁdeles</strong></span> 
     </span>
    </p>
   </div>
   <div class='ocr_carea' id='block_1_114' title="bbox 1024 2571 1813 2604">
    <p class='ocr_par' dir='ltr' id='par_1_114' title="bbox 1024 2571 1813 2604">
     <span class='ocr_line' id='line_1_114' title="bbox 1024 2571 1813 2604; baseline 0.004 -7"><span class='ocrx_word' id='word_1_874' title='bbox 1024 2571 1056 2598; x_wconf 83' lang='lat' dir='ltr'><strong>de</strong></span> <span class='ocrx_word' id='word_1_875' title='bbox 1068 2571 1138 2598; x_wconf 82' lang='lat' dir='ltr'><strong>oliva</strong></span> <span class='ocrx_word' id='word_1_876' title='bbox 1157 2579 1204 2598; x_wconf 85' lang='lat' dir='ltr'><strong>sua</strong></span> <span class='ocrx_word' id='word_1_877' title='bbox 1224 2571 1318 2604; x_wconf 89' lang='lat' dir='ltr'><strong>fracti,</strong></span> <span class='ocrx_word' id='word_1_878' title='bbox 1333 2572 1376 2599; x_wconf 87' lang='lat' dir='ltr'><strong>hic</strong></span> <span class='ocrx_word' id='word_1_879' title='bbox 1391 2576 1481 2599; x_wconf 87' lang='lat' dir='ltr'><strong>autem</strong></span> <span class='ocrx_word' id='word_1_880' title='bbox 1500 2572 1591 2599; x_wconf 84' lang='lat' dir='ltr'><strong>ﬁdeles</strong></span> <span class='ocrx_word' id='word_1_881' title='bbox 1605 2572 1639 2600; x_wconf 90' lang='lat' dir='ltr'><strong>de</strong></span> <span class='ocrx_word' id='word_1_882' title='bbox 1652 2573 1770 2601; x_wconf 88' lang='lat' dir='ltr'><strong>oleastro</strong></span> <span class='ocrx_word' id='word_1_883' title='bbox 1786 2574 1813 2600; x_wconf 90' lang='lat' dir='ltr'><strong>in</strong></span> 
     </span>
    </p>
   </div>
   <div class='ocr_carea' id='block_1_115' title="bbox 1025 2613 1814 2654">
    <p class='ocr_par' dir='ltr' id='par_1_115' title="bbox 1025 2613 1814 2654">
     <span class='ocr_line' id='line_1_115' title="bbox 1025 2613 1814 2654; baseline 0.003 -10"><span class='ocrx_word' id='word_1_884' title='bbox 1025 2617 1095 2644; x_wconf 73' lang='lat' dir='ltr'><strong>oliva</strong></span> <span class='ocrx_word' id='word_1_885' title='bbox 1109 2617 1215 2644; x_wconf 85' lang='lat' dir='ltr'><strong>illorum</strong></span> <span class='ocrx_word' id='word_1_886' title='bbox 1235 2617 1327 2644; x_wconf 89' lang='lat' dir='ltr'><strong>inserti</strong></span> <span class='ocrx_word' id='word_1_887' title='bbox 1343 2625 1402 2645; x_wconf 86' lang='lat' dir='ltr'><strong>esse</strong></span> <span class='ocrx_word' id='word_1_888' title='bbox 1416 2622 1610 2645; x_wconf 88' lang='lat' dir='ltr'><strong>monstrantur.</strong></span> <span class='ocrx_word' id='word_1_889' title='bbox 1629 2618 1734 2645; x_wconf 90' lang='lat' dir='ltr'><strong>Illorum</strong></span> <span class='ocrx_word' id='word_1_890' title='bbox 1750 2613 1814 2654; x_wconf 61' lang='grc' dir='ltr'><strong>δι’ςὸ</strong></span> 
     </span>
    </p>
   </div>
   <div class='ocr_carea' id='block_1_116' title="bbox 1025 2662 1814 2697">
    <p class='ocr_par' dir='ltr' id='par_1_116' title="bbox 1025 2662 1814 2697">
     <span class='ocr_line' id='line_1_116' title="bbox 1025 2662 1814 2697; baseline 0 -8"><span class='ocrx_word' id='word_1_891' title='bbox 1025 2667 1085 2689; x_wconf 89' lang='lat' dir='ltr'><strong>erat</strong></span> <span class='ocrx_word' id='word_1_892' title='bbox 1111 2662 1143 2689; x_wconf 90' lang='lat' dir='ltr'><strong>de</strong></span> <span class='ocrx_word' id='word_1_893' title='bbox 1172 2662 1239 2696; x_wconf 86' lang='lat' dir='ltr'><strong>legis</strong></span> <span class='ocrx_word' id='word_1_894' title='bbox 1268 2662 1481 2696; x_wconf 73' lang='lat' dir='ltr'><strong>transgressione</strong></span> <span class='ocrx_word' id='word_1_895' title='bbox 1505 2663 1643 2689; x_wconf 77' lang='lat' dir='ltr'><strong>attemnda</strong></span> <span class='ocrx_word' id='word_1_896' title='bbox 1670 2663 1814 2697; x_wconf 85' lang='lat' dir='ltr'><strong>superbia,</strong></span> 
     </span>
    </p>
   </div>
   <div class='ocr_carea' id='block_1_117' title="bbox 1028 2707 1816 2743">
    <p class='ocr_par' dir='ltr' id='par_1_117' title="bbox 1028 2707 1816 2743">
     <span class='ocr_line' id='line_1_117' title="bbox 1028 2707 1816 2743; baseline 0.003 -9"><span class='ocrx_word' id='word_1_897' title='bbox 1028 2708 1098 2735; x_wconf 88' lang='lat' dir='ltr'><strong>sicut</strong></span> <span class='ocrx_word' id='word_1_898' title='bbox 1111 2708 1144 2734; x_wconf 89' lang='lat' dir='ltr'><strong>ad</strong></span> <span class='ocrx_word' id='word_1_899' title='bbox 1158 2708 1303 2739; x_wconf 73' lang='lat' dir='ltr'><strong>ltonianos,</strong></span> <span class='ocrx_word' id='word_1_900' title='bbox 1318 2715 1378 2734; x_wconf 89' lang='lat' dir='ltr'><strong>cum</strong></span> <span class='ocrx_word' id='word_1_901' title='bbox 1391 2707 1592 2742; x_wconf 84' lang='lat' dir='ltr'><strong>Scripturarum</strong></span> <span class='ocrx_word' id='word_1_902' title='bbox 1603 2707 1695 2735; x_wconf 83' lang='lat' dir='ltr'><strong>verbis</strong></span> <span class='ocrx_word' id='word_1_903' title='bbox 1707 2714 1816 2743; x_wconf 85' lang='lat' dir='ltr'><strong>peccata</strong></span> 
     </span>
    </p>
   </div>
   <div class='ocr_carea' id='block_1_118' title="bbox 1029 2753 1817 2791">
    <p class='ocr_par' dir='ltr' id='par_1_118' title="bbox 1029 2753 1817 2791">
     <span class='ocr_line' id='line_1_118' title="bbox 1029 2753 1817 2791; baseline 0.004 -11"><span class='ocrx_word' id='word_1_904' title='bbox 1029 2762 1120 2781; x_wconf 85' lang='lat' dir='ltr'><strong>eorum</strong></span> <span class='ocrx_word' id='word_1_905' title='bbox 1136 2759 1324 2789; x_wconf 83' lang='lat' dir='ltr'><strong>exaggerassct</strong></span> <span class='ocrx_word' id='word_1_906' title='bbox 1340 2764 1345 2780; x_wconf 90' lang='lat'>:</span> <span class='ocrx_word' id='word_1_907' title='bbox 1363 2753 1444 2781; x_wconf 79' lang='lat' dir='ltr'><strong>Scitis</strong></span> <span class='ocrx_word' id='word_1_908' title='bbox 1460 2759 1545 2781; x_wconf 86' lang='lat' dir='ltr'><strong>autem</strong></span> <span class='ocrx_word' id='word_1_909' title='bbox 1555 2774 1562 2785; x_wconf 84' lang='lat'><strong><em>.</em></strong></span> <span class='ocrx_word' id='word_1_910' title='bbox 1577 2754 1677 2790; x_wconf 87' lang='lat' dir='ltr'><strong>inquit,</strong></span> <span class='ocrx_word' id='word_1_911' title='bbox 1693 2756 1817 2791; x_wconf 82' lang='lat' dir='ltr'><strong>quoniam</strong></span> 
     </span>
    </p>
   </div>
   <div class='ocr_carea' id='block_1_119' title="bbox 1028 2798 1816 2836">
    <p class='ocr_par' dir='ltr' id='par_1_119' title="bbox 1028 2798 1816 2836">
     <span class='ocr_line' id='line_1_119' title="bbox 1028 2798 1816 2836; baseline 0 -10"><span class='ocrx_word' id='word_1_912' title='bbox 1028 2807 1187 2835; x_wconf 72' lang='lat' dir='ltr'><strong>quacunque</strong></span> <span class='ocrx_word' id='word_1_913' title='bbox 1208 2798 1250 2825; x_wconf 71' lang='lat' dir='ltr'><strong>lex</strong></span> <span class='ocrx_word' id='word_1_914' title='bbox 1261 2799 1334 2832; x_wconf 76' lang='lat' dir='ltr'><strong>dicit,</strong></span> <span class='ocrx_word' id='word_1_915' title='bbox 1350 2799 1390 2825; x_wconf 83' lang='lat' dir='ltr'><strong>Itis</strong></span> <span class='ocrx_word' id='word_1_916' title='bbox 1404 2799 1448 2834; x_wconf 85' lang='lat' dir='ltr'><strong>qui</strong></span> <span class='ocrx_word' id='word_1_917' title='bbox 1470 2799 1497 2825; x_wconf 84' lang='lat' dir='ltr'><strong>in</strong></span> <span class='ocrx_word' id='word_1_918' title='bbox 1522 2798 1576 2834; x_wconf 78' lang='lat' dir='ltr'><strong>lege</strong></span> <span class='ocrx_word' id='word_1_919' title='bbox 1598 2805 1668 2832; x_wconf 85' lang='lat' dir='ltr'><strong>sunt,</strong></span> <span class='ocrx_word' id='word_1_920' title='bbox 1691 2800 1816 2836; x_wconf 85' lang='lat' dir='ltr'><strong>loquitur,</strong></span> 
     </span>
    </p>
   </div>
   <div class='ocr_carea' id='block_1_120' title="bbox 1028 2845 1817 2882">
    <p class='ocr_par' dir='ltr' id='par_1_120' title="bbox 1028 2845 1817 2882">
     <span class='ocr_line' id='line_1_120' title="bbox 1028 2845 1817 2882; baseline -0.003 -9"><span class='ocrx_word' id='word_1_921' title='bbox 1028 2851 1055 2873; x_wconf 81' lang='lat' dir='ltr'><strong>ut</strong></span> <span class='ocrx_word' id='word_1_922' title='bbox 1080 2853 1155 2872; x_wconf 81' lang='lat' dir='ltr'><strong>omne</strong></span> <span class='ocrx_word' id='word_1_923' title='bbox 1180 2853 1207 2871; x_wconf 74' lang='lat' dir='ltr'><strong>os</strong></span> <span class='ocrx_word' id='word_1_924' title='bbox 1229 2845 1387 2877; x_wconf 86' lang='lat' dir='ltr'><strong>obstruatur,</strong></span> <span class='ocrx_word' id='word_1_925' title='bbox 1409 2850 1433 2872; x_wconf 81' lang='lat' dir='ltr'><strong>ct</strong></span> <span class='ocrx_word' id='word_1_926' title='bbox 1455 2853 1512 2872; x_wconf 78' lang='lat' dir='ltr'><strong>reus</strong></span> <span class='ocrx_word' id='word_1_927' title='bbox 1530 2847 1578 2882; x_wconf 82' lang='lat' dir='ltr'><strong>ﬁat</strong></span> <span class='ocrx_word' id='word_1_928' title='bbox 1601 2846 1684 2873; x_wconf 86' lang='lat' dir='ltr'><strong>omnis</strong></span> <span class='ocrx_word' id='word_1_929' title='bbox 1704 2847 1817 2873; x_wconf 76' lang='lat' dir='ltr'><strong>mundus</strong></span> 
     </span>
    </p>
   </div>
   <div class='ocr_carea' id='block_1_121' title="bbox 1560 2903 1597 2932">
    <p class='ocr_par' dir='ltr' id='par_1_121' title="bbox 1560 2903 1597 2932">
     <span class='ocr_line' id='line_1_121' title="bbox 1560 2903 1597 2932; baseline 0 0"><span class='ocrx_word' id='word_1_930' title='bbox 1560 2903 1597 2932; x_wconf 73' lang='lat' dir='ltr'><strong>S’J&#39;i</strong></span> 
     </span>
    </p>
   </div>
  </div>
