3922 6180
442 311 550 367 875

1521 296 1796 358 CLAUDII
1828 290 2296 353 TAURINENSIS
2335 291 2641 350 EPISCOPI
3546 297 3628 354 876

443 434 553 488 Deo
576 429 754 503 (Rom.
784 406 1072 496 meudaai
1098 421 1304 477 scilicet
1329 419 1396 475 de
1425 414 1852 486 transgressione
1869 390 2026 481 legig,
2058 412 2108 471 Α
2133 416 2266 473 erat,
2300 421 2364 463 ac
2391 407 2438 503 si
2481 412 2667 478 aperte
2706 404 2886 503 dicat:
2916 402 3031 503 Jan)
3067 418 3164 460 nos
3202 414 3371 503 reatus
3399 405 3511 473 legis
3548 426 3633 469 non

440 535 499 581 et
516 531 703 596 gentes
726 521 794 575 de
819 516 1096 587 impietate
1118 513 1234 570 sine
1252 513 1387 583 lege.
1418 510 1572 567 Unde
1596 518 1652 564 et
1678 509 1876 562 iterum
1903 506 1977 560 ait
2009 522 2021 558 :

442 614 707 674 Conclusit
734 612 874 667 enim
900 609 1042 663 Deus
1068 608 1242 663 omnia
1270 609 1324 662 in
1351 603 1681 667 credulitate,
1707 612 1763 656 ut
1789 599 2029 656 omnibus

440 706 749 760 misereatur
778 697 952 771 (Rom.
985 695 1132 770 χιιι).

508 797 621 853 Lex
645 809 767 866 ergo
795 792 1046 848 adversus
1068 791 1329 862 promissa
1357 789 1496 844 Dei?
1535 786 1702 843 Absit.
1758 785 1877 841 Non
1897 800 2029 855 ergo

437 886 525 944 lex
549 885 674 941 data
707 890 814 949 est,
844 890 905 936 ut
928 888 1211 952 peccatum
1246 879 1516 945 auferret,
1556 878 1651 934 sed
1690 885 1750 932 ut
1780 876 1881 933 sub
1905 891 2034 946 pec-

439 987 565 1034 cato
595 977 779 1033 omnia
819 974 1186 1032 concluderet.
1236 972 1347 1028 Lex
1381 972 1527 1027 enim
1553 969 1876 1026 ostendebat
1912 983 2032 1025 esse

437 1074 751 1138 peccatum,
799 1064 944 1135 quod
976 1063 1050 1118 illi
1087 1077 1186 1133 per
1214 1060 1658 1117 consuetudinem
1693 1057 1880 1113 caecati
1906 1071 2034 1128 pos-

440 1166 564 1213 sent
608 1164 804 1227 putare
833 1154 1140 1225 justitiam,
1190 1160 1254 1207 ut
1285 1153 1387 1206 hoc
1436 1150 1598 1206 modo
1638 1148 1907 1205 humiliati
1949 1163 2034 1204 co-

441 1254 766 1320 gnoscerent
792 1259 900 1301 non
931 1245 985 1299 in
1024 1259 1123 1299 sua
1147 1258 1311 1299 manu
1336 1257 1457 1298 esse
1479 1241 1709 1298 salutem
1737 1256 1911 1307 suam,
1938 1241 2034 1297 sed

442 1340 498 1395 in
531 1355 695 1395 manu
748 1336 1083 1393 mediatoris.
1124 1333 1284 1389 Absit
1305 1334 1513 1404 utique,
1542 1332 1668 1404 quia
1698 1346 1807 1387 non
1835 1340 1919 1388 cst
1945 1331 2035 1385 lex

442 1431 663 1488 inimica
706 1427 1105 1500 promissionis,
1149 1425 1348 1495 quippe
1395 1438 1521 1479 cum
1562 1425 1849 1479 confirmet
1888 1437 2030 1478 eam.

444 1521 577 1577 Nam
603 1519 812 1591 primus
839 1517 1052 1589 Moyses
1083 1515 1254 1570 dixit:
1292 1512 1613 1585 Prophetpm
1638 1513 1780 1568 vobis
1809 1512 2036 1567 suscita-

445 1614 515 1668 vit
541 1612 684 1666 Deus
724 1610 789 1665 de
817 1608 1075 1680 fratribus
1102 1606 1284 1662 vestris
1328 1607 1509 1678 (Deut.
1537 1621 1705 1671 xvm;
1739 1606 1855 1659 Act.
1878 1602 2030 1676 ’χιιι).

445 1705 559 1759 Hoc
590 1704 792 1759 dictum
830 1703 895 1757 de
929 1699 1148 1755 Christo
1195 1698 1390 1754 Petrus
1429 1695 1705 1769 apostolus
1745 1696 1944 1768 probat
1980 1696 2034 1751 in

447 1794 670 1848 Actibus
697 1790 1081 1862 apostolorum.

520 1881 581 1938 Si
608 1880 747 1935 enim
771 1879 897 1933 data
924 1886 1057 1933 esset
1074 1875 1176 1941 lex,
1197 1892 1314 1948 qua:
1335 1885 1505 1946 posset
1525 1874 1813 1944 viviﬁcare,
1835 1891 1951 1930 vere
1972 1891 2037 1929 ea:

445 1976 556 2046 lege
577 1981 709 2028 esset
728 1971 959 2042 justitia.
999 1969 1107 2026 Sed
1134 1967 1389 2025 conclusit
1419 1966 1696 2038 Scriptura
1732 1967 1910 2021 omnia
1940 1967 2036 2022 sub

443 2073 679 2136 peccato,
734 2072 790 2116 ut
835 2061 1114 2132 promissio
1160 2076 1224 2113 ea:
1263 2058 1370 2128 [ide
1416 2056 1549 2111 Iesu
1594 2054 1790 2111 Christi
1820 2057 2041 2112 daretur

445 2154 795 2210 credentibus.
829 2149 990 2205 Prius
1020 2160 1195 2205 autem
1221 2165 1379 2220 quam
1408 2149 1603 2203 veniret
1627 2146 1781 2217 ﬁdes,
1804 2147 1902 2201 sub
1928 2146 2038 2218 lege

447 2244 894 2307 custodiebantur,
922 2240 1156 2295 conclusi
1187 2242 1242 2294 in
1262 2255 1379 2295 eam
1399 2239 1583 2309 ﬁdem,
1614 2254 1732 2310 qua:
1759 2237 2038 2293 revelanda

433 2343 579 2398 erat.
623 2330 781 2386 Sicut
811 2330 1078 2385 mediator
1113 2329 1207 2383 Dei
1239 2337 1295 2385 et
1335 2329 1617 2384 hominum
1647 2329 1790 2383 inter
1817 2328 2039 2384 dantem

444 2432 501 2479 et
525 2422 881 2492 accipientem
912 2421 1084 2492 legem
1113 2418 1325 2474 medius
1354 2418 1491 2485 fuit,
1520 2421 1603 2475 sic
1633 2418 1721 2475 lex
1752 2420 1893 2491 ipsa,
1917 2433 2039 2489 qua:

440 2523 567 2588 post
591 2513 1071 2585 repromissionem
1106 2515 1232 2567 data
1258 2519 1362 2577 est,
1390 2512 1533 2566 inter
1559 2510 2039 2581 repromissionem

445 2614 503 2661 et
544 2603 958 2675 completionem
1007 2600 1130 2671 ejus
1181 2601 1360 2656 media
1409 2600 1699 2670 subrepsit.
1754 2598 1885 2667 Quae
1931 2612 2040 2654 non

446 2697 652 2755 idcirco
677 2693 997 2749 arbitranda
1023 2701 1109 2747 est
1132 2691 1546 2763 promissionem
1568 2690 1876 2756 excludere,
1912 2689 2040 2760 quia

444 2796 632 2859 postea
663 2785 954 2841 subsecuta
980 2797 1101 2838 eam
1118 2823 1132 2847 ,
1166 2798 1287 2854 qua:
1310 2782 1464 2854 prius
1491 2781 1594 2836 fuit
1620 2780 1835 2837 videtur
1855 2780 2038 2837 abole-

448 2895 508 2936 re
535 2898 547 2933 :
578 2879 675 2935 sed
702 2893 770 2933 ex
795 2892 883 2942 eo,
916 2873 1058 2945 quod
1110 2891 1218 2931 non
1258 2875 1436 2945 potuit
1483 2873 1765 2929 vivilieare
1787 2916 1802 2940 ,
1845 2888 1947 2930 nec
1985 2874 2040 2929 id

449 2970 715 3034 tribuere,
741 2967 890 3039 quod
931 2965 1284 3036 repromissio
1310 2966 1483 3036 prima
1512 2964 1752 3036 pollicita
1781 2972 1895 3031 est,
1926 2979 2035 3019 ma-

2133 500 2374 571 obligat,
2411 497 2528 567 jam
2558 512 2671 569 ‘per
2705 496 2936 568 gratiam
2965 494 3228 550 liberatos.
3275 493 3494 565 Namque
3514 511 3636 556 ante-

2134 605 2295 660 quam
2329 587 2630 661 spiritalem
2661 587 2891 659 gratiam
2919 584 3183 640 humiliati
3208 584 3551 656 reciperemns,
3573 589 3638 645 ni-

2134 681 2211 737 hil
2242 681 2344 736 nisi
2380 677 2746 736 mortiﬁcahat
2785 691 2887 733 nos
2925 676 3100 731 littera
3121 715 3137 738 ,
3180 673 3365 742 iubens
3403 676 3527 746 quod
3555 694 3639 734 non

2130 777 2446 841 poteramus
2469 768 2713 839 implere.
2761 765 2917 823 Unde
2957 765 3123 821 dicit:
3160 763 3347 819 Littera
3386 767 3506 819 enim
3531 767 3641 822 occi-

2132 862 2254 917 dit:
2297 862 2517 932 spiritus
2559 868 2737 915 autem
2779 857 3002 927 viviﬁcot
3050 855 3103 928 (Ι
3126 854 3243 911 Cor.
3268 858 3366 927 ιιι).
3410 855 3645 913 Conclusio

2134 952 2280 1008 enim
2320 964 2510 1006 eorum
2551 958 2673 1005 erat
2717 956 2930 1004 tantum
2961 946 3123 1002 timor
3141 945 3296 1000 unius
3325 944 3441 1012 Dei,
3466 948 3645 1016 etquod

2132 1043 2583 1114 praevaricatores
2607 1041 2778 1114 ipsius
2806 1040 2940 1111 legis
2967 1038 3168 1095 inventi
3195 1044 3331 1102 sunt,
3355 1052 3450 1093 non
3475 1040 3532 1094 ad
3550 1055 3645 1109 per—

2133 1135 2355 1199 niciem,
2384 1136 2482 1190 sed
2504 1132 2573 1187 ad
2592 1132 2881 1188 utilitatem
2901 1130 3073 1185 valuit
3096 1129 3195 1194 eis,
3231 1128 3319 1199 qui
3339 1127 3644 1184 crediderunt.

2133 1225 2383 1296 Cognitio
2409 1224 2553 1280 enim
2576 1223 2802 1295 majoris
2825 1220 3184 1293 aegritudinis,
3211 1228 3264 1275 et
3285 1219 3545 1275 desiderari
3561 1234 3646 1275 me-

2134 1318 2315 1375 dicum
2365 1317 2744 1374 vehementius
2788 1313 2952 1381 fecit,
3004 1323 3063 1375 et
3101 1313 3244 1386 diligi
3279 1311 3541 1369 ardentius.
3573 1312 3646 1369 Cui

2134 1409 2279 1465 enim
2300 1409 2595 1479 plurimum
2626 1406 2939 1473 dimittitur,
2967 1405 3258 1478 plurimum
3281 1404 3456 1475 diligit.
3540 1390 3541 1393 “

2209 1498 2398 1570 Itaque
2425 1498 2510 1554 lea:
2536 1497 2858 1569 pa'dagogus
2902 1506 3081 1551 noster
3111 1495 3211 1566 fuit
3248 1495 3299 1549 in
3327 1492 3511 1549 Christo
3533 1493 3645 1559 less,

2134 1599 2192 1645 ut
2218 1607 2283 1646 ea:
2308 1590 2416 1660 [ide
2432 1589 2808 1661 justi/icemur.
2871 1587 2937 1641 At
2979 1586 3073 1641 ubi
3106 1586 3239 1641 venit
3268 1584 3390 1654 ﬁdes
3409 1625 3423 1650 ,
3445 1584 3543 1655 jam
3573 1602 3646 1640 non

2136 1680 2234 1734 sub
2258 1680 2542 1751 paedagogo
2567 1695 2770 1734 sumus.
2813 1676 3008 1733 Omnes
3035 1677 3175 1732 enim
3206 1673 3332 1729 Filii
3356 1674 3647 1751 Deiiestisper

2064 1764 2111 1824 B
2139 1772 2317 1843 ﬁdem,
2359 1750 2489 1843 qua?
2502 1780 2582 1825 est
2614 1771 2672 1824 in
2702 1767 3090 1838 Christo‘Jesu.
3132 1750 3648 1836 Peadagogus'Grmcum

2140 1870 2243 1918 est.
2288 1861 2656 1932 Pzedagogus,
2701 1859 3083 1931 pedissequus.
3116 1857 3453 1928 Pazdagogum
3472 1854 3665 1910 erudito.

2143 1966 2280 2018 rem,
2311 1951 2396 2006 vel
2427 1951 2752 2006 nutritorem
2784 1963 3085 2020 puerorum
3108 1948 3348 2004 dicimus.
3390 1945 3650 2016 Padagogus

2140 2044 2343 2101 dicitur
2388 2043 2481 2113 qui
2521 2042 2764 2114 parvulis
2808 2041 3142 2111 assignatur,
3187 2038 3255 2094 ab
3286 2038 3490 2107 eoquod
3508 2050 3651 2107 pueros

2142 2146 2285 2208 agat,
2316 2138 2370 2192 id
2395 2144 2501 2202 est,
2526 2135 2718 2201 ducat,
2759 2142 2815 2189 et
2835 2132 3208 2188 lascivientem
3229 2129 3451 2187 refrenat
3472 2136 3650 2193 autem,

2140 2235 2202 2282 ut
2227 2241 2399 2298 prona
2430 2226 2484 2280 in
2505 2224 2637 2280 vitia
2668 2224 2835 2280 corda
2875 2219 3198 2285 teneantur,
3250 2220 3369 2275 dum
3395 2226 3549 2273 tenera
3568 2224 3650 2270 sua

2141 2317 2247 2372 diis
2268 2316 2515 2372 eruditur
2541 2313 2792 2379 infantia,
2814 2320 2871 2367 et
2899 2312 2967 2368 ad
2997 2310 3235 2381 majores
3262 2306 3586 2381 philosophiae,
3605 2319 3651 2358 ac

2098 2444 2105 2449 ι
2143 2411 2396 2484 regendas
2431 2409 2742 2482 reipublicae
2778 2407 3101 2478 disciplinas
3128 2413 3270 2461 metu
3300 2417 3456 2474 plena:
3476 2399 3652 2456 coercita

2141 2510 2498 2573 pmparetur.
2536 2500 2653 2556 Non
2686 2508 2865 2554 tamen
2902 2498 3230 2569 paedagogus
3261 2494 3496 2564 magister
3517 2499 3561 2547 et
3583 2504 3653 2560 pa-

2143 2603 2229 2651 ter
2251 2603 2357 2660 est,
2389 2609 2491 2650 nec
2532 2591 2906 2648 haereditatem
2955 2597 3009 2645 et
3056 2588 3334 2645 scientiam
3378 2581 3656 2655 paedagogiis

2143 2685 2238 2757 qui
2273 2685 2542 2750 eruditur,
2573 2689 2882 2752 exspectat,
2915 2680 3011 2737 sed
3040 2679 3277 2735 alienum
3302 2675 3510 2733 custodit
3530 2672 3655 2726 ﬁlium

2143 2777 2468 2848 paedagogus
2514 2774 2582 2830 ah
2607 2789 2692 2840 eo,
2744 2784 3035 2845 postquam
3087 2771 3179 2827 ille
3217 2770 3283 2825 ad
3318 2768 3573 2840 legitimum
3593 2777 3656 2817 ca-

2142 2864 2356 2935 pienda:
2395 2863 2734 2919 haereditatis
2773 2873 2988 2934 tempus
3030 2860 3347 2926 advenerit,
3390 2869 3654 2913 recessurus.

2145 2955 2389 3025 Denique
2412 2962 2467 3009 et
2495 2969 2694 3011 nomen
2722 2953 2997 3026 pmdagogi
3021 2954 3127 3009 hoc
3152 2953 3321 3023 ipsum
3347 2957 3517 3014 sonat,
3541 2954 3582 3000 et
3598 2952 3656 3000 est

451 3059 712 3116 nifestum
740 3038 828 3115 est
855 3059 910 3113 in
940 3056 1242 3112 custodiam
1282 3070 1403 3112 eam
1433 3055 1888 3127 repromissionis,
1933 3068 2035 3110 non

2142 3045 2504 3116 compositum
2528 3044 2597 3099 ab
2620 3060 2707 3112 eo,
2735 3046 2880 3116 quod
2903 3060 3110 3116 pueros
3140 3052 3286 3116 agat,
3309 3041 3360 3097 id
3377 3050 3466 3104 est,
3495 3038 3654 3092 doceat.

447 3151 507 3206 in
528 3148 938 3206 subversionem
964 3146 1167 3202 datam.
1222 3145 1279 3202 Si
1310 3147 1454 3201 enim
1481 3146 1607 3202 data
1635 3154 1779 3202 esset
1804 3146 1888 3201 lex
1916 3160 2037 3216 quae
2064 3142 2110 3205 C
2142 3136 2328 3205 Itaque
2349 3145 2405 3190 et
2425 3135 2597 3208 Moysi
2628 3135 2714 3191 lex
2743 3135 2943 3206 popqu
2966 3134 3272 3194 lascivienti
3290 3174 3305 3199 ,
3342 3131 3402 3186 ad
3424 3132 3658 3195 instarpm-

446 3246 633 3309 posset
658 3244 921 3308 praestare
947 3236 1115 3291 vitam
1136 3276 1151 3303 ,
1201 3244 1258 3291 et
1284 3236 1341 3290 id
1365 3237 1508 3307 quod
1537 3238 1886 3307 repromissio
1914 3251 2040 3308 spo-
2144 3225 2336 3297 ἀ³8⁰8ί
2373 3226 2667 3282 severioris
2698 3225 2941 3296 apposm
2969 3234 3056 3280 εει
3110 3232 3172 3280 ιιι
3206 3223 3479 3280 ουδῑοάῖτεί
3505 3233 3596 3282 eos,
3620 3222 3659 3270 ⁸⁸

445 3330 716 3400 ponderat
741 3327 1005 3382 exhibere
1026 3366 1041 3390 ,
1090 3340 1214 3381 vere
1240 3327 1531 3396 promissio
1560 3342 1659 3397 per
1682 3327 1854 3397 legem
1880 3335 2040 3397 puta-

447 3428 600 3476 retur
627 3419 869 3474 exclusa.
905 3416 1061 3472 Nunc
1081 3423 1262 3471 autem
1293 3424 1518 3487 propter
1556 3418 2037 3488 transgressiones,

449 3518 509 3567 ut
532 3525 697 3581 supra
725 3508 984 3572 diximus,
1007 3507 1183 3579 posita
1201 3547 1218 3574 ,
1262 3507 1436 3578 magis
1469 3521 1564 3564 eos
1588 3509 1765 3580 arguit
1791 3518 2041 3580 peccato-

445 3616 537 3657 res
563 3641 580 3668 ,
628 3600 824 3672 quibus
854 3608 980 3670 post
1020 3599 1505 3669 repromissionem
1526 3599 1581 3654 in
1614 3601 1937 3666 custodiam,
1961 3608 2037 3668 et,

445 3701 507 3748 ιιι
531 3691 608 3747 ita
627 3691 805 3747 dicam
824 3730 840 3756 ,
884 3691 939 3746 in
975 3704 1253 3745 carcerem
1278 3689 1403 3770 data
1432 3697 1551 3745 est:
1591 3698 1654 3745 ut
1677 3691 1804 3761 quia
1828 3705 1928 3761 per
1953 3706 2041 3746 ar-

445 3785 599 3841 bitrii
652 3783 963 3840 libertatem
1006 3782 1300 3838 noluerunt
1352 3783 1670 3839 innocentes
1718 3793 2040 3855 exSpectare

442 3874 774 3946 promissum
798 3913 813 3940 ,
864 3872 1131 3943 legalibus
1151 3873 1386 3930 vinculis
1411 3874 1693 3945 przepediti
1718 3917 1733 3942 ,
1763 3884 1819 3931 et
1853 3876 1906 3931 in
1931 3890 2042 3933 ser-

443 3968 675 4024 vitutem
716 3966 1103 4023 mandatorum
1132 3967 1371 4033 redacti,
1420 3968 1827 4025 custodirentur
1860 3969 1915 4024 in
1945 3969 2042 4025 ad-

442 4061 667 4115 ventum
684 4056 881 4114 futura
904 4056 963 4114 in
985 4055 1208 4114 Christo
1228 4058 1373 4125 ﬁdei,
1403 4072 1525 4129 quae
1552 4059 1716 4115 linem
1741 4060 2038 4132 repromis-

443 4151 617 4206 sionis
643 4148 881 4206 afferret.
905 4148 1184 4207 Justitiam
1206 4149 1347 4204 hanc
1370 4150 1523 4216 dicit,
1549 4165 1669 4220 quae
1697 4151 1839 4221 apud
1868 4150 2039 4207 Deum

445 4248 731 4312 reputatur
748 4240 959 4312 iustitia
982 4281 998 4306 ,
1047 4239 1105 4297 id
1132 4248 1252 4305 est,
1300 4240 1447 4307 lldei,
1497 4242 1624 4312 quia
1646 4250 1701 4299 et
1727 4242 1813 4299 lex
1853 4244 2042 4299 habuit

440 4331 734 4399 justitiam,
772 4331 869 4387 sed
898 4331 969 4387 ad
989 4344 1252 4402 praesens,
1278 4347 1387 4388 non
1409 4348 1530 4403 quae
1549 4333 1878 4407 justiﬁearet
1898 4336 2041 4407 apud

2144 3314 2340 3370 futurae
2384 3315 2510 3372 fidei
2540 3324 2877 3388 prtepararet
2898 3357 2914 3383 ,
2950 3331 3076 3387 quae
3131 3325 3405 3388 postquam
3440 3310 3587 3373 venit,
3621 3312 3660 3361 et

2140 3406 2476 3464 credidimus
2505 3408 2559 3463 in
2588 3408 2888 3476 Christum,
2928 3408 3044 3479 jam
3070 3424 3187 3465 non
3216 3422 3394 3464 sumus
3419 3404 3505 3461 sub
3527 3399 3659 3473 peda-

2142 3512 2297 3570 gogo.
2359 3498 2532 3555 Tutor
2558 3514 2589 3555 a
2619 3500 2779 3556 nobis
2807 3508 3146 3570 miratorque
3183 3497 3478 3560 discedunt,
3500 3503 3544 3549 et
3570 3488 3660 3560 legi-

2142 3590 2335 3645 timum
2361 3591 2539 3646 mtatis
2562 3598 2778 3661 tempus
2806 3591 3057 3648 ineuntes
3093 3600 3226 3647 vere
3246 3589 3338 3647 Dei
3362 3587 3447 3642 lilii
3477 3582 3657 3641 nomina-

2143 3696 2304 3736 mur:
2332 3682 2422 3738 cui
2451 3696 2555 3738 nos
2581 3690 2836 3754 generat,
2881 3697 2991 3739 non
3023 3682 3118 3739 lex
3163 3680 3390 3747 abolita,
3429 3676 3511 3733 sed
3535 3678 3659 3729 mater

2141 3770 2312 3838 ﬁdes,
2344 3786 2467 3843 quas
2504 3781 2592 3829 est
2635 3772 2693 3828 in
2735 3772 2956 3829 Christo
2981 3771 3139 3830 Iesu.
3199 3772 3349 3842 Quod
3381 3769 3424 3827 si
3453 3765 3553 3838 quis
3573 3766 3658 3833 post

2142 3871 2580 3919 consummatum
2606 3865 2785 3921 atatis
2810 3880 2925 3922 sum
2960 3873 3181 3937 tempus
3201 3907 3217 3934 ,
3254 3859 3562 3935 quandojam
3580 3854 3656 3911 h2-

2143 3966 2255 4018 res,
2278 3959 2336 4008 et
2362 3952 2535 4019 liber,
2575 3962 2633 4010 et
2679 3954 2823 4012 illius
2864 3954 3194 4027 appellatur,
3225 3953 3444 4011 voluerit
3476 3940 3657 4005 emesnb

2144 4043 2462 4115 paedagogo,
2492 4045 2636 4103 sciat
2664 4060 2725 4102 se
2750 4060 2859 4102 non
2882 4048 3042 4117 posse
3063 4046 3278 4120 legibus
3299 4040 3488 4118 parvuli
3510 4038 3658 4093 vivere.

2145 4132 2249 4190 Ubi
2289 4135 2435 4191 enim
2476 4151 2622 4193 nunc
2649 4137 2911 4208 compleri
2944 4146 3130 4209 potest
3162 4139 3324 4205 illud,
3358 4137 3452 4192 Ter
3480 4135 3528 4189 in
3558 4140 3659 4184 eum

2142 4225 2416 4295 apparebit
2452 4241 2607 4283 omne
2645 4227 2999 4285 masculinum
3029 4239 3183 4285 tuum
3222 4232 3279 4286 in
3316 4235 3558 4299 conspecta
3576 4220 3655 4276 Do-

2141 4312 2271 4367 mini
2296 4313 2396 4369 Dei
2418 4317 2497 4370 tui
2526 4316 2728 4389 (Exod.
2755 4319 2945 4393 xxxiv)
2965 4360 2980 4386 ,
3029 4321 3293 4378 subversa
3317 4317 3599 4376 Jerusalem,
3618 4316 3657 4364 εί

447 4424 620 4479 Deum
644 4463 662 4489 ,
699 4422 979 4479 remittere
1021 4423 1166 4477 enirn
1214 4433 1438 4494 peccata
1486 4406 1591 4481 non
1629 4427 1841 4497 potuit,
1881 4406 1946 4482 ut
1969 4426 2035 4481 de

2145 4406 2345 4476 ίθηψιο
2370 4422 2543 4480 usque
2571 4410 2640 4466 ad
2661 4411 2877 4467 c'meres
2900 4412 3204 4484 dissipato?
3243 4412 3341 4470 Ubi
3380 4408 3657 4497 salutarestl

451 4516 834 4586 peccatoribus
862 4514 1069 4574 faceret
1090 4491 1307 4586 justas;
1335 4518 1432 4575 sed
1457 4519 1526 4575 ad
1554 4491 1659 4576 hoc
1688 4491 1947 4587 data-cst,
1975 4530 2035 4577 ut

2138 4512 2238 4567 pro
2265 4509 2489 4568 peccato
2533 4501 2759 4558 hostiae?
2802 4503 2907 4560 Ubi
2940 4504 3236 4560 similatum
3281 4500 3518 4563 decoctio,

447 4617 659 4688 terrore
686 4615 832 4664 esset
858 4622 1161 4679 provocans
1196 4608 1446 4666 homines
1494 4611 1562 4666 ad
1604 4611 1803 4667 bonam
1844 4612 2031 4679 vitam,

446 4696 813 4753 irreverentes
826 4698 1079 4768 puniens.
1119 4697 1353 4769 Ideoque
1377 4714 1484 4755 non
1515 4707 1600 4756 est
1629 4701 1755 4756 data
1780 4700 1891 4767 lex,
1913 4717 2035 4773 qua

444 4795 631 4857 posset
655 4788 935 4845 vivificare
956 4829 975 4856 ,
1022 4790 1119 4846 sed
1159 4791 1543 4848 condemnare.
1602 4793 1713 4849 Nec
1736 4808 1864 4849 vero
1889 4797 2036 4851 acsti-

447 4881 702 4937 mandum
722 4922 741 4948 ,
796 4881 1137 4952 Scripturam
1167 4890 1443 4940 auctorem
1470 4900 1591 4941 esse
1615 4887 1859 4957 peccati,
1906 4887 2033 4959 quia

444 4973 628 5028 omnia
655 4975 758 5029 sub
783 4983 1009 5044 peccato
1032 4976 1371 5032 conclusisse
1392 4979 1624 5046 dicatur,
1653 4997 1777 5037 cum
1811 4983 2034 5039 manda-

447 5074 581 5131 tum,
607 5066 753 5137 quod
781 5081 849 5122 ex
900 5080 996 5121 ore
1023 5067 1355 5139 praecipitur,
1400 5070 1654 5126 ostendat
1680 5071 1861 5142 potius
1880 5115 1895 5140 ,
1946 5089 2037 5129 ar—

444 5167 683 5229 guatque
701 5166 1011 5229 peccatum,
1024 5173 1189 5230 quam
1217 5159 1291 5215 sit
1310 5175 1476 5216 causa
1497 5162 1726 5232 peccati.
1753 5162 2034 5230 Quomodo

445 5253 503 5302 et
522 5246 687 5319 iudex
731 5263 839 5304 non
883 5256 970 5303 est
1014 5256 1206 5305 auctor
1246 5249 1487 5314 sceleris,
1524 5263 1759 5319 nequam
1783 5252 2032 5309 homines

448 5338 754 5407 vinciendo,
781 5340 876 5396 sed
905 5340 1180 5396 concludit
1208 5355 1334 5407 eos,
1366 5350 1422 5397 et
1455 5350 1717 5397 nocentes
1751 5344 2035 5400 sententia:

446 5443 560 5486 sua:
582 5432 905 5487 auctoritate
925 5432 1241 5502 pronuntiat
1269 5473 1284 5499 ,
1332 5441 1393 5488 ut
1437 5432 1711 5489 debitores
1733 5448 1908 5506 paenae
1959 5436 2036 5489 in-

446 5520 724 5591 dulgentia
745 5563 759 5586 ,
793 5531 981 5592 postea
1006 5564 1022 5589 ,
1053 5525 1099 5580 si
1128 5525 1391 5591 voluerit,
1422 5525 1739 5596 principalis
1768 5526 2031 5582 absolvat.

450 5608 605 5673 Quod
630 5620 809 5667 autem
838 5614 971 5668 dicit
992 5654 1005 5677 ,
1048 5614 1370 5686 Priusquam
1396 5620 1590 5673 veniret
1610 5618 1774 5686 ﬁdes,
1802 5618 1897 5673 sub
1928 5618 2037 5691 lege

451 5698 893 5767 custodiebantur,
922 5703 1150 5771 conclusi
1174 5706 1226 5757 in
1257 5722 1372 5759 eam
1395 5706 1575 5773 ﬁdem,
1605 5724 1722 5777 qua!
1752 5708 2030 5764 ret'elanda

2141 4598 2457 4647 caustorum
2478 4591 2704 4659 oblatio,
2734 4602 2971 4649 aeternus
2998 4594 3165 4666 ignis,
3198 4594 3353 4649 altari
3382 4588 3569 4648 omnino
3591 4579 3656 4636 de-

2138 4690 2348 4738 structo
2375 4682 2524 4756 (Leu.
2558 4699 2635 4750 tv,
2662 4699 2697 4738 ν
2726 4693 2778 4739 et
2800 4685 2916 4757 v1)?
2959 4685 3151 4741 Noxiis
3186 4700 3316 4740 vero
3363 4696 3471 4753 qua:
3505 4672 3655 4748 poteril

2136 4787 2300 4842 pmna
2329 4771 2597 4838 discerni,
2646 4772 2928 4844 Scriptura
2953 4774 3167 4830 dicente
3189 4788 3207 4828 :
3231 4768 3487 4828 Auferetis
3504 4761 3655 4820 malum

2140 4863 2206 4919 de
2235 4864 2415 4921 medio
2441 4871 2683 4921 vestrum
2719 4865 2898 4938 (Deut.
2925 4867 3082 4940 xm),
3117 4864 3462 4923 servientibus
3484 4854 3653 4915 Iudaeis

2135 4963 2191 5010 et
2232 4954 2494 5011 Romanis
2537 4957 2925 5027 regnantibus?
2967 4959 3144 5030 Atque
3191 4959 3264 5013 ita
3295 4958 3370 5022 lit,
3406 4964 3460 5010 ut
3484 4944 3656 5007 necsub

2090 5082 2096 5089 -
2138 5052 2316 5115 Patre,
2348 5061 2450 5103 nec
2478 5047 2581 5103 sub
2605 5048 2898 5121 paedagogo
2923 5050 3103 5105 vivant
3122 5091 3135 5116 ,
3171 5050 3299 5106 dum
3319 5057 3371 5104 et
3395 5046 3470 5101 lex
3493 5035 3652 5110 impleri

2138 5151 2246 5192 non
2284 5144 2467 5208 potest
2509 5147 2635 5210 post
2677 5141 3078 5198 successionem
3112 5141 3257 5206 lidei,
3301 5147 3353 5196 et
3396 5136 3528 5201 lides,
3558 5129 3651 5185 dum

2134 5229 2428 5302 paedagoga
2456 5228 2543 5286 lex
2572 5232 2838 5302 aperitur,
2868 5247 2977 5287 non
3014 5241 3245 5288 tenetur.

2212 5343 2523 5417 Quicunque
2547 5346 2686 5401 enim
2707 5348 2762 5401 in
2789 5346 2998 5403 Christo
3021 5348 3269 5420 baptizati
3291 5346 3426 5409 estis,
3441 5338 3650 5396 Christum

2134 5436 2403 5491 induistis.
2444 5434 2596 5503 Quod
2640 5448 2820 5494 autem
2854 5439 3104 5496 Christus
3143 5440 3214 5494 sit
3245 5438 3576 5494 indumentum
3604 5421 3651 5477 ﬁ-

2139 5527 2339 5583 delium
2365 5570 2380 5593 ,
2422 5544 2530 5584 non
2562 5531 2735 5587 solum
2778 5530 2845 5587 de
2872 5533 3122 5603 prsesenti
3152 5532 3297 5598 loco,
3327 5541 3494 5585 verum
3522 5518 3649 5577 etiam

2139 5619 2207 5673 dc
2241 5619 2348 5674 alio
2375 5622 2782 5691 comprobatur,
2824 5622 2995 5679 Paulo
3027 5624 3212 5679 eodem
3233 5621 3548 5677 cohortante:
3572 5605 3649 5661 ΙΙ·

2138 5711 2280 5765 duite
2303 5728 2392 5765 vos
2412 5711 2695 5767 Dominum
2721 5713 2902 5769 Iesum
2924 5715 3182 5771 Christum
3208 5711 3376 5790 (Rom.
3406 5702 3528 5775 xm),
3548 5699 3646 5754 dum
