3924 6170
260 317 364 374 877

1174 319 1427 374 ENARR.
1471 319 1538 374 IN
1576 320 1792 376 EPIST.
1836 323 1898 375 Ι).
1942 321 2144 378 PAULI
2178 324 2268 376 AD
2307 324 2558 380 GALAT.

3404 339 3508 393 878

255 434 639 496 immutantur,
687 430 962 486 Christum
993 431 1242 495 induunt,
1272 431 1489 500 quando
1520 432 1624 486 hoc
1647 431 1823 500 appel-
1860 438 1907 493 Α
1937 432 2209 504 hominum
2231 475 2244 500 ,
2288 437 2381 489 sed
2410 437 2570 490 etiam
2600 447 2818 507 propter
2843 440 3228 496 conscientiam
3247 483 3260 504 ,
3307 452 3365 498 ut
3401 463 3505 502 non

255 524 455 584 lantur,
479 522 621 590 quod
638 522 883 576 credunt.
936 523 992 576 Si
1018 522 1200 593 igitur,
1226 523 1317 591 qui
1345 523 1398 576 in
1422 521 1636 577 Christo
1657 522 1832 592 bapti-

254 613 360 668 zati
386 621 534 676 sunt,
563 611 835 668 Christum
869 613 1180 677 induerunt,
1213 612 1562 666 manifestum
1589 621 1676 666 est
1711 627 1826 677 eos,

250 703 344 774 qui
383 718 490 756 non
517 711 644 757 sunt
671 703 842 756 induti
864 702 1138 757 Christum
1156 741 1171 767 ,
1199 718 1307 756 non
1338 701 1504 756 fuisse
1529 703 1832 771 baptizatos

248 796 305 851 iu
335 793 572 849 Christo.
634 794 788 859 Quod
815 805 995 849 autem
1023 793 1162 852 ﬁlios
1188 794 1283 848 Dei
1323 794 1454 848 dicit
1493 807 1614 848 esse
1643 808 1831 848 omnes

247 901 348 958 per
391 885 553 940 ﬁdem
578 925 593 949 ,
643 901 749 954 qua
775 884 1065 940 induerunt
1091 883 1366 940 Christum
1387 923 1402 949 ,
1439 883 1747 953 quicunque
1774 883 1826 938 in

246 977 366 1046 ipso
395 973 654 1044 baptizati
701 982 849 1038 sunt,
891 973 960 1028 ad
1002 972 1105 1027 hoc
1153 971 1328 1038 valet,
1372 987 1440 1026 ne
1465 981 1656 1043 gentes
1683 973 1748 1028 de
1772 988 1830 1028 se

245 1066 620 1133 desperarent,
645 1062 772 1130 quia
793 1077 900 1116 non
928 1059 1372 1116 custodiebantur
1394 1063 1496 1116 sub
1515 1061 1826 1133 piedagogo,

244 1163 303 1209 et
327 1154 450 1210 ideo
486 1170 546 1210 se
570 1155 708 1210 ﬁlios
737 1170 842 1210 non
865 1164 1141 1226 putarent,
1174 1156 1268 1211 sed
1295 1171 1394 1226 per
1421 1154 1582 1213 ﬁdem
1605 1156 1830 1212 induen-

242 1245 317 1300 do
363 1244 638 1301 Christum
666 1286 681 1311 ,
726 1261 915 1302 omnes
949 1247 1043 1301 ﬁlii
1085 1247 1256 1312 ﬁunt,
1309 1262 1416 1300 non
1452 1255 1646 1302 natura
1687 1248 1830 1302 sicut

245 1336 439 1390 unicus
471 1335 614 1391 ﬁlius
639 1376 655 1401 ,
705 1338 798 1407 qui
837 1335 1002 1393 etiam
1047 1338 1333 1408 sapienti;
1365 1338 1460 1392 Dei
1501 1346 1586 1393 est
1613 1357 1625 1391 :
1652 1355 1827 1408 neque

241 1425 484 1496 potentia
523 1434 579 1481 et
604 1427 980 1498 singularitate
1004 1426 1384 1498 susceptionis,
1431 1429 1499 1483 ad
1524 1427 1825 1482 habendam

241 1518 592 1585 naturaliter,
639 1528 696 1573 et
739 1518 1004 1588 agendam
1031 1534 1318 1589 personam
1347 1519 1643 1588 sapientiae,
1684 1519 1826 1574 sicut

239 1610 358 1680 ipse
382 1611 647 1665 mediator
671 1626 837 1664 unum
879 1626 1005 1666 cum
1034 1611 1152 1680 ipsa
1193 1609 1519 1679 suscipiente
1557 1610 1824 1679 sapientia

238 1703 361 1756 sine
386 1701 797 1773 interpositione
823 1702 1052 1773 alicujus
1095 1702 1408 1757 mediatoris
1436 1700 1661 1756 eﬁ‘ectus
1679 1741 1693 1767 ,
1727 1701 1821 1756 sed

1936 522 2182 576 simulate
2211 525 2366 592 quasi
2387 525 2453 578 ad
2481 526 2665 580 oculos
2689 527 2962 581 hominum
2996 529 3066 582 ita
3099 529 3378 601 faciamus,
3410 539 3508 592 sed

1934 627 2066 679 pura
2094 613 2395 669 dilectionis
2417 616 2746 670 conscientia
2769 626 2990 688 propter
3001 619 3189 685 Deum,
3207 623 3296 690 qui
3319 639 3506 680 omnes

1934 701 2178 757 homines
2205 704 2318 758 vult
2345 705 2522 761 salvos
2547 705 2662 761 ﬁeri
2678 748 2692 771 ,
2733 715 2788 762 et
2812 710 2878 762 ad
2909 709 3237 779 agnitionem
3260 713 3506 769 veritatis

1933 791 2137 845 venire.
2175 793 2306 847 illud
2329 803 2508 849 autem
2531 797 2673 864 quod
2703 797 2799 862 ait,
2829 797 3022 853 Omnes.
3049 817 3135 854 vos
3172 817 3334 856 unum
3385 805 3508 858 estis

1930 881 1985 935 in
2009 881 2214 938 Christo
2238 884 2389 940 Jesu.
2415 887 2484 940 Et
2506 888 2712 942 addidit
2736 907 2749 943 :
2785 889 2846 944 Si
2885 900 3061 946 autem
3084 910 3172 948 vos
3194 911 3357 949 unum
3383 898 3506 952 estis

1929 971 1984 1023 in
2010 971 2217 1027 Christo
2241 973 2372 1028 Iesu
2396 992 2414 1030 :
2437 993 2558 1046 ergo
2584 978 2807 1032 Abrahae
2827 997 3001 1036 semen
3021 985 3167 1038 estis.
3205 984 3301 1040 Hic
3328 995 3509 1043 osten—

1929 1060 2010 1114 dit
2031 1077 2196 1116 unum
2220 1079 2405 1120 semen
2436 1064 2741 1133 Christum,
2791 1086 2897 1126 non
2922 1081 3130 1128 tantum
3154 1076 3506 1134 mediatorem

1929 1148 2335 1223 intelligendum
2365 1171 2486 1211 esse
2510 1197 2526 1224 ,
2563 1174 2750 1213 verum
2792 1161 2955 1215 etiam
2985 1163 3306 1230 Ecclesiam,
3353 1165 3507 1234 cujus

1929 1242 2018 1297 ille
2050 1247 2293 1316 corporis
2323 1258 2484 1318 caput
2515 1257 2634 1315 est,
2686 1259 2746 1304 ut
2787 1266 2975 1308 omnes
3017 1255 3071 1309 in
3097 1253 3313 1312 Christo
3339 1274 3505 1312 unum

1927 1332 2056 1398 sint,
2102 1343 2157 1387 et
2195 1337 2414 1406 capiant
2453 1340 2748 1393 secundum
2775 1343 3187 1409 promissionem
3215 1347 3504 1401 haeredita-

1926 1435 2034 1481 tem
2060 1442 2158 1496 per
2186 1427 2371 1494 ﬁdem,
2400 1429 2454 1482 in
2478 1444 2587 1498 qua
2613 1428 2853 1486 inclusus
2878 1442 3018 1498 erat,
3043 1435 3095 1488 id
3119 1445 3224 1500 est,
3266 1437 3319 1491 in
3351 1439 3506 1509 cujus

1926 1517 2221 1573 adventum
2292 1527 2551 1589 tanquam
2610 1520 2712 1575 sub
2763 1522 3054 1594 paedagogo
3102 1527 3506 1583 custodiebatur

1923 1609 2152 1678 populus
2186 1625 2356 1679 usque
2398 1611 2468 1665 ad
2494 1611 2692 1666 artatis
2740 1615 3236 1682 opportunitatem,
3294 1633 3401 1686 qua
3450 1619 3503 1672 in

1924 1699 2228 1755 libertatem
2253 1703 2498 1758 'vocandi
2531 1711 2715 1769 erant,
2769 1705 2862 1774 qui
2898 1706 2953 1760 in
2982 1708 3168 1762 eodem
3193 1711 3389 1778 populo
3417 1727 3506 1766 se-

239 1794 338 1848 ﬁlii
368 1793 502 1848 ﬁunt
545 1794 962 1864 participatione
996 1793 1297 1864 sapientiae,
1353 1794 1407 1848 id
1453 1801 1564 1860 est,
1612 1809 1822 1862 prmpa-
1848 1779 1895 1838 Β
1923 1791 2158 1844 cundum
2202 1793 2538 1860 propositum
2589 1792 2767 1847 vocati
2808 1803 2952 1860 sunt,
2996 1795 3048 1850 id
3072 1805 3176 1863 est,
3205 1799 3297 1868 qui
3327 1798 3382 1852 in
3414 1800 3502 1854 illa

236 1893 398 1938 rante
440 1893 602 1955 atque
626 1893 916 1954 praestante
947 1886 1262 1941 mediatoris
1303 1885 1444 1951 ﬁde,
1494 1902 1658 1955 quam
1697 1886 1821 1941 ﬁdei

235 1979 465 2048 gratiam
489 1993 632 2032 nunc
658 1978 1034 2032 indumentum
1060 1986 1236 2041 vocat,
1275 1987 1335 2031 ut
1353 1978 1625 2032 Christum
1647 1979 1820 2032 induti

235 2075 385 2133 sunt,
416 2068 508 2137 qui
549 2067 605 2121 in
643 2082 768 2122 eum
799 2069 1168 2133 crediderunt,
1200 2077 1256 2122 et
1285 2068 1405 2124 ideo
1437 2067 1532 2122 ﬁlii
1556 2068 1674 2133 Dei,
1705 2068 1818 2122 fra-

235 2166 455 2227 tresque
485 2157 601 2226 ejus
627 2157 939 2212 mediatoris
963 2157 1140 2213 eﬂ'ecti
1171 2167 1313 2213 sunt.

310 2250 435 2303 Non
481 2259 556 2303 est
597 2248 843 2313 Judwus,
891 2265 1055 2319 neque
1100 2247 1334 2314 Grrecus,
1383 2267 1484 2303 nou
1524 2261 1599 2304 est
1620 2269 1815 2318 servus,

231 2357 399 2410 neque
424 2339 575 2404 liber,
620 2355 724 2392 non
747 2348 824 2391 est
869 2336 1152 2401 masculus,
1183 2354 1344 2407 neque
1383 2339 1599 2407 femina.
1628 2340 1820 2396 Omnes

230 2432 373 2484 enim
402 2447 487 2483 vos
510 2446 672 2503 unum
697 2429 815 2483 estis
848 2430 902 2482 in
925 2427 1132 2482 Christo
1155 2428 1302 2482 Iesu.
1360 2429 1467 2484 Nec
1489 2429 1707 2486 Judteus
1743 2433 1822 2484 id-

230 2520 386 2573 circo
413 2519 604 2573 melior
642 2529 724 2574 est
750 2561 763 2582 ,
803 2521 926 2589 quia
952 2520 1306 2575 circumcisus
1331 2529 1444 2585 est,
1477 2537 1576 2575 nec
1606 2522 1819 2592 gentilis

231 2605 360 2659 ideo
389 2607 645 2672 deterior,
675 2607 799 2677 quia
827 2608 1146 2678 praeputium
1181 2608 1372 2673 habet,
1412 2609 1506 2663 sed
1526 2625 1624 2678 pro
1648 2610 1818 2679 quali-

228 2704 346 2750 tate
378 2697 520 2763 ﬁdei,
550 2699 634 2752 vel
664 2697 900 2763 Judaeus,
925 2699 1009 2753 vel
1029 2698 1251 2753 Graecus
1278 2699 1489 2765 melior,
1523 2701 1636 2754 sive
1675 2701 1820 2756 dete-

228 2787 364 2842 rior.
405 2787 605 2842 Servus
628 2803 841 2858 quoque
867 2797 922 2844 et
942 2789 1079 2843 liber
1099 2805 1205 2844 non
1229 2790 1534 2844 conditione
1562 2803 1817 2860 separan-

226 2888 342 2942 tur,
375 2879 467 2934 sed
496 2878 633 2944 ﬁde,
662 2881 787 2949 quia
815 2889 991 2949 potest
1023 2889 1078 2934 et
1102 2896 1290 2936 servus
1323 2881 1495 2936 libero
1541 2896 1660 2935 esse
1710 2898 1817 2936 me-

224 2969 357 3034 lior,
398 2978 454 3023 et
496 2969 632 3023 liber
657 2986 873 3024 servum
921 2969 976 3024 in
1009 2970 1134 3025 ﬁdei
1170 2971 1428 3039 qualitate
1467 2980 1810 3040 pneverterc.

222 3058 498 3113 Masculus
521 3059 769 3113 similiter
793 3068 848 3114 et
872 3057 1072 3114 femina
1100 3058 1414 3114 fortitudine
1443 3069 1497 3115 et
1535 3061 1813 3116 imbecilli-

1925 1895 2051 1934 area
2083 1879 2412 1936 frumentum
2443 1883 2648 1938 inventi
2670 1894 2813 1939 sunt.

1995 1967 2056 2022 Si
2081 1978 2256 2023 autem
2278 1985 2364 2024 vos
2390 1967 2607 2037 Christi,
2657 1989 2778 2042 ergo
2816 1971 3042 2026 Abrahae
3077 1991 3247 2028 semen
3270 1977 3391 2030 estis
3417 1994 3500 2032 se-

1923 2063 2153 2116 cundum
2178 2062 2581 2132 promissionem
2607 2065 2858 2119 hazredes.
2910 2065 3090 2133 Quare
3115 2069 3503 2134 promissioues

1921 2155 1990 2208 ad
2009 2153 2283 2208 Abraham
2307 2164 2363 2210 et
2390 2171 2576 2211 semen
2597 2157 2714 2226 ejus
2736 2157 2888 2212 factae
2909 2167 3053 2222 sunt,
3077 2161 3218 2228 quod
3240 2170 3324 2217 est
3347 2162 3503 2218 Chri-

1922 2253 2038 2297 slus
2063 2241 2238 2299 Jesus.
2279 2243 2688 2313 Consequenter
2718 2246 2792 2310 hi,
2825 2247 2917 2316 qui
2942 2245 3142 2302 Christi
3176 2248 3290 2314 ﬁlii,
3324 2251 3500 2317 idest,

1924 2347 2109 2386 semen
2139 2332 2254 2400 ejus
2275 2343 2421 2399 sunt,
2457 2350 2640 2389 semen
2667 2351 2882 2404 quoque
2921 2338 3174 2392 dicuntur
3203 2339 3499 2407 Abraham,

1921 2423 2075 2492 cujus
2100 2433 2225 2478 sunt
2252 2440 2438 2479 semen
2473 2441 2540 2480 ex
2574 2428 2799 2482 semine.
2844 2427 3044 2483 Verum
3075 2433 3502 2502 quotiescunque

1923 2513 2180 2569 Dominus
2235 2524 2420 2570 noster
2473 2516 2632 2572 Jesus
2669 2533 2852 2573 semen
2894 2520 3125 2576 Abrahze
3168 2524 3497 2588 nominatur.

1919 2604 2274 2673 corporaliter
2298 2607 2637 2660 sentiendum
2665 2616 2777 2673 est,
2817 2611 2961 2678 quod
2985 2624 3051 2664 ex
3074 2609 3190 2678 ejus
3218 2613 3384 2682 stirpe
3409 2630 3499 2684 gc-
3555 2683 3564 2688 _

1919 2705 2159 2749 neretur.
2199 2695 2421 2763 Quoties
2449 2706 2629 2752 autem
2660 2714 2778 2766 nos,
2807 2700 2900 2771 qui
2932 2701 3226 2758 Salvatoris
3251 2719 3500 2763 sermone

1917 2775 2169 2858 suscepto
2194 2787 2521 2844 credidimus
2547 2789 2602 2843 in
2639 2805 2762 2844 cum
2781 2829 2800 2857 ,
2839 2799 2894 2846 et
2926 2792 3257 2848 nobilitatem
3285 2798 3499 2864 generis

1916 2876 2171 2942 Abrahae,
2197 2878 2266 2931 ad
2288 2893 2448 2946 quem
2479 2887 2564 2933 est
2604 2880 2892 2948 promissio
2934 2881 3096 2945 facta,
3139 2885 3495 2953 suscepimus,

1914 2967 2231 3037 spiritaliter
2261 2983 2444 3024 semen
2474 2968 2596 3023 ﬁdei
2626 2978 2680 3024 et
2706 2971 3101 3038 praedicationis
3131 2973 3380 3044 accipere
3409 2975 3497 3032 de-

1914 3059 2125 3114 bemus.
2148 3058 2350 3114 Deinde
2372 3060 2536 3114 etiam
2558 3060 2661 3115 hoc
2683 3063 3152 3128 considerandum,
3168 3065 3309 3134 quod
3323 3082 3500 3135 quan-

220 3157 340 3204 tatc
367 3163 654 3219 corporum
690 3159 1032 3219 separantur.
1070 3150 1337 3204 Carterum
1371 3148 1505 3205 ﬁdes
1540 3166 1638 3220 pro
1665 3165 1812 3206 men-
1836 3129 1883 3193 (ἶ
1915 3147 1984 3202 do
2031 3148 2099 3203 de
2142 3149 2370 3205 Domino
2411 3149 2670 3219 loquitur,
2721 3151 2790 3206 ad
2816 3151 3091 3208 Abraham
3123 3129 3305 3210 autem
3340 3129 3497 3213 dicta:

220 3241 300 3294 tis
322 3241 606 3296 devotione
641 3248 894 3297 censetur
921 3258 934 3294 :
971 3249 1027 3295 et
1051 3255 1193 3310 smpe
1214 3241 1394 3307 venit,
1443 3250 1503 3296 ut
1523 3251 1582 3296 et
1618 3243 1814 3298 mulier
1913 3248 2038 3294 sunt
2059 3240 2447 3309 promissiones
2478 3249 2532 3296 et
2556 3242 2747 3296 semini
2773 3241 2918 3309 ejus,
2943 3244 3044 3300 hoc
3069 3255 3176 3312 est,
3204 3247 3257 3300 in
3280 3246 3498 3302 Christo

217 3331 348 3385 viro
390 3346 552 3386 causa
592 3331 784 3386 salutis
825 3330 940 3396 ﬁat,
967 3339 1023 3386 et
1053 3331 1335 3386 mulierem
1367 3332 1448 3386 vir
1470 3333 1523 3387 in
1557 3333 1812 3405 religione
1910 3330 2060 3395 Jesu,
2097 3332 2546 3402 repromissiones
2570 3332 2852 3402 pluraliter
2875 3344 3060 3404 ponat.
3113 3336 3338 3404 Quando
3367 3354 3497 3395 vero

218 3423 516 3492 praecedat.
559 3421 693 3476 Cum
722 3430 901 3476 autem
931 3422 1005 3476 ita
1036 3437 1096 3477 se
1121 3437 1210 3478 res
1246 3423 1471 3490 habeat,
1517 3433 1572 3479 et
1601 3432 1713 3480 tota
1737 3426 1814 3481 di-

217 3516 460 3570 versitas
501 3517 747 3587 generis,
792 3517 1149 3580 conditionis,
1201 3527 1257 3572 et
1293 3533 1580 3587 corporum
1607 3518 1811 3574 Christi

217 3607 552 3678 baptismate
573 3648 589 3674 ,
640 3616 698 3664 et
741 3609 1054 3664 indumento
1093 3609 1236 3665 illius
1275 3613 1574 3665 auferatur.
1609 3607 1810 3666 Omnes

216 3713 396 3753 unum
424 3713 610 3754 sumus
650 3699 706 3754 in
745 3699 966 3755 Christo
996 3698 1124 3754 Jesu
1143 3739 1158 3764 ,
1186 3709 1248 3754 ut
1273 3699 1542 3768 quomodo
1565 3698 1729 3754 Pater
1757 3709 1813 3756 et

217 3788 400 3844 Filius
427 3789 482 3843 in
521 3805 582 3846 se
606 3805 775 3845 unum
811 3800 969 3854 sunt,
997 3790 1071 3843 ita
1101 3798 1157 3844 et
1179 3805 1279 3844 nos
1307 3790 1360 3843 in
1383 3789 1515 3859 ipsis
1545 3805 1711 3844 unum
1738 3790 1812 3846 si-

217 3897 370 3936 mus.
411 3881 524 3936 Etsi
552 3882 655 3937 hoc
678 3880 810 3936 facit
838 3881 994 3946 ﬁdes,
1023 3895 1122 3951 per
1141 3895 1304 3950 quam
1326 3881 1380 3934 in
1409 3880 1511 3935 hac
1540 3880 1649 3934 vita
1669 3879 1812 3948 juste

217 3969 558 4037 ambulatur,
609 3981 813 4040 quanto
838 3970 1160 4041 perfectius,
1211 3980 1372 4039 atque
1401 3971 1729 4026 cumulatius
1757 3969 1809 4026 id

217 4059 438 4129 species
466 4060 581 4128 ipsa
607 4061 814 4116 factura
843 4070 956 4126 est,
988 4077 1111 4115 cum
1143 4061 1445 4117 videbimus
1470 4061 1607 4116 facie
1633 4063 1697 4116 ad
1727 4062 1807 4116 fa-

216 4153 402 4207 ciem?
436 4152 570 4206 Nam
605 4170 748 4210 nunc
773 4155 1023 4224 quamvis
1053 4154 1322 4223 primitias
1347 4156 1571 4224 spiritus
1602 4155 1807 4210 haben-

217 4252 332 4306 tes,
359 4245 450 4313 qui
480 4244 589 4299 vita
613 4253 696 4298 est
722 4255 941 4315 propter
967 4245 1285 4314 injustitiam
1311 4244 1454 4310 ﬁdei,
1481 4252 1659 4299 tamen
1683 4246 1809 4314 quia

218 4332 404 4387 adhuc
438 4343 709 4388 mortuum
736 4344 819 4388 est
850 4349 1046 4402 corpus
1081 4342 1303 4404 propter
1329 4343 1632 4403 peccatum,
1665 4334 1811 4389 diffe-

219 4425 399 4477 rentia
429 4425 552 4490 ista,
584 4425 668 4478 vel
693 4426 964 4496 gentium,
1001 4424 1085 4479 vel
1110 4425 1466 4488 conditionis,
1497 4425 1582 4480 vel
1621 4441 1804 4492 sexus,

1913 3422 1978 3475 de
2005 3421 2108 3486 his,
2138 3421 2229 3492 qui
2253 3436 2352 3492 per
2381 3420 2657 3478 Christum
2681 3438 2866 3478 semen
2890 3433 3015 3480 sunt
3035 3424 3288 3492 Abrahae,
3313 3428 3498 3500 singu-

1911 3513 2099 3569 lariter
2128 3513 2476 3584 repromissio
2506 3521 2864 3584 nuncupetur,
2895 3523 2954 3568 ut
2978 3515 3031 3568 in
3063 3518 3314 3584 praesenti
3341 3517 3490 3572 loco:

1911 3603 2055 3674 Ergo
2091 3604 2317 3658 Abrahre
2370 3620 2542 3658 semen
2601 3605 2723 3658 estis
2765 3605 3051 3658 secundum
3097 3605 3496 3674 promissionem

1911 3694 2178 3759 hwredes,
2235 3694 2435 3750 decens
2483 3694 2678 3764 quippe
2719 3702 2880 3757 erat,
2931 3703 2991 3748 ut
3023 3694 3168 3762 quod
3199 3695 3252 3747 in
3279 3693 3496 3752 Christo

1912 3799 2021 3838 uno
2063 3783 2345 3853 pluraliter
2391 3783 2698 3846 dicebatur,
2754 3783 2807 3835 id
2853 3782 2908 3835 in
2949 3783 3134 3838 multis
3185 3784 3494 3841 hominibus

1913 3875 2262 3945 singulariter
2295 3882 2610 3944 poneretur.

2332 3961 2396 4015 IN
2445 3961 2671 4018 CAPUT
2709 3962 3071 4030 QUARTUM.

1985 4052 2114 4108 Dico
2141 4062 2336 4118 autem,
2361 4062 2558 4124 quanto
2579 4063 2805 4123 tempore
2827 4055 2992 4107 Iueres
3011 4054 3259 4124 parvulus
3287 4067 3382 4121 est,
3409 4060 3492 4110 ni-

1913 4146 1989 4200 hil
2009 4146 2186 4215 differt
2207 4165 2240 4199 a
2264 4163 2430 4208 serra,
2458 4162 2580 4200 cum
2603 4147 2670 4200 sit
2693 4147 2936 4201 dominus
2964 4149 3231 4212 omnium;
3279 4150 3368 4204 sed
3393 4152 3488 4204 sub

1912 4239 2170 4292 tutoribus
2207 4248 2254 4292 et
2278 4237 2544 4291 actoribus
2574 4246 2679 4302 est,
2715 4254 2875 4308 usque
2901 4238 2969 4291 ad
2991 4239 3310 4308 pne/initum
3359 4251 3487 4294 tem-

1909 4347 2007 4400 pus
2052 4339 2273 4400 apatre.
2346 4329 2512 4383 Recte
2556 4329 2610 4383 hi
2655 4329 2755 4384 sub
2815 4329 3084 4383 tutoribus
3123 4337 3176 4382 et
3217 4332 3490 4385 actoribus

1912 4438 2033 4477 esse
2075 4423 2348 4485 dicuntur,
2389 4421 2478 4490 qui
2516 4421 2775 4475 habentes
2809 4420 3059 4488 spiritum
3088 4421 3314 4485 timoris,
3358 4439 3486 4476 nec-

214 4513 332 4582 iarn
353 4515 570 4582 quidem
597 4474 776 4569 ablata
808 4524 890 4569 est
913 4515 981 4568 ab
1008 4516 1212 4568 imitate
1240 4515 1384 4579 ﬁdei,
1413 4516 1508 4570 sed
1536 4525 1719 4570 manet
1751 4517 1803 4569 in
1833 4474 1887 4535 Β
1913 4514 2042 4567 dum
2102 4520 2418 4566 meruerunt
2467 4511 2713 4579 spiritum
2773 4509 3038 4562 libertatis
3088 4517 3141 4562 et
3191 4509 3492 4578 adoptionis

216 4607 638 4660 conversatione
686 4606 944 4671 mortali,
989 4605 1212 4676 ejusque
1258 4608 1500 4663 ordinem
1546 4609 1599 4662 in
1627 4596 1805 4678 hujus

218 4698 350 4749 Viue
374 4695 566 4752 itinere
592 4697 915 4752 servandum
941 4712 1078 4761 esse,
1107 4707 1160 4750 et
1190 4698 1416 4765 apostoli
1467 4698 1802 4768 przccipiunt,

217 4786 317 4856 qui
343 4787 506 4841 etiam
532 4788 746 4858 regulas
771 4787 1156 4842 saluberrimas
1183 4789 1419 4850 tradunt,
1453 4790 1803 4856 quemadmo-

219 4879 352 4934 dum
379 4893 562 4932 secum
605 4880 822 4942 vivant,
861 4887 916 4932 et
942 4893 1042 4948 pro
1067 4877 1368 4931 diﬁ'erentia
1399 4878 1596 4946 gentis,
1634 4879 1804 4934 Judmi

219 4982 280 5025 et
305 4971 512 5036 Gtaeci;
552 4983 607 5026 et
649 4990 746 5043 pro
769 4972 1068 5027 diﬁ'ereutia
1117 4968 1473 5031 conditionis,
1521 4969 1719 5022 domini
1753 4979 1807 5024 et

220 5063 405 5126 servi;
457 5073 511 5117 et
542 5079 640 5132 pro
663 5062 964 5118 dill'erentia
997 5076 1179 5123 sexus,
1204 5058 1303 5111 viri
1329 5066 1383 5111 et
1408 5058 1619 5122 uxoris,
1655 5060 1737 5112 vel
1761 5063 1805 5116 si

221 5167 332 5222 qua
377 5153 504 5206 talia
532 5160 724 5208 caetera
755 5159 1047 5206 occurrunt
1079 5169 1089 5203 :
1119 5158 1174 5204 et
1203 5150 1317 5218 ipse
1344 5148 1494 5216 prior
1523 5147 1803 5214 Dominus,

222 5245 318 5312 qui
344 5245 456 5298 ait:
492 5244 708 5298 Reddite
752 5242 950 5298 C(rsari
995 5261 1111 5313 quin
1158 5241 1384 5295 Cu'saris
1430 5251 1584 5305 sunt,
1621 5253 1666 5295 et
1699 5243 1806 5296 Deo

221 5353 342 5405 qua
366 5335 464 5390 Dei
491 5346 610 5389 sunt
665 5335 879 5407 (Matth.
925 5338 1083 5404 ml).
1131 5334 1247 5387 Alia
1293 5342 1418 5386 sunt
1458 5335 1639 5396 enim,
1684 5350 1804 5402 qua}

225 5442 506 5482 servamus
541 5428 594 5482 in
622 5428 830 5481 unitate
861 5426 982 5480 ﬁdei
1010 5426 1127 5479 sine
1157 5423 1262 5477 ulla
1289 5424 1548 5477 distantia
1568 5464 1580 5487 ,
1618 5433 1675 5478 et
1700 5427 1804 5480 alia

181 5519 204 5536 ⁸
227 5517 286 5570 in
317 5519 504 5575 ordine
525 5520 648 5574 vita:
686 5519 864 5589 hujus,
895 5526 1151 5586 tanquam
1178 5516 1229 5570 in
1260 5514 1368 5580 via,
1396 5529 1461 5568 ne
1490 5529 1685 5572 nomen
1711 5517 1807 5574 Dei

227 5616 285 5660 et
319 5609 564 5664 doctrina
606 5609 903 5665 Salvatoris
950 5607 1120 5662 nostri
1149 5605 1570 5674 blasphemetur,
1619 5617 1673 5662 et
1702 5609 1804 5666 hoc

226 5713 338 5753 non
381 5710 553 5757 solum
581 5712 801 5770 propter
829 5703 994 5765 itam,
1043 5708 1100 5755 ut
1134 5698 1450 5772 eﬁ‘ngiamus
1483 5700 1806 5759 oﬁ'cnsioncs

1913 4604 2178 4673 accipere.
2239 4601 2392 4656 ASta—s
2419 4601 2563 4655 enim
2587 4600 2825 4654 infantia:
2855 4600 2921 4653 ad
2961 4607 3180 4668 peccata
3216 4599 3486 4662 formidat,

1912 4695 2260 4764 pmdagogum
2306 4692 2531 4757 metuit,
2584 4707 2688 4745 non
2732 4692 2955 4746 conlidit
2995 4706 3114 4745 esse
3150 4707 3206 4744 sc
3244 4691 3486 4744 liberant.

1913 4785 2063 4840 Licet
2089 4801 2185 4854 per
2212 4793 2461 4838 naturam
2485 4783 2736 4838 dominus
2757 4784 2844 4847 sit,
2872 4792 2927 4838 et
2961 4784 3253 4837 secundum
3280 4793 3489 4837 utram-

1912 4890 2019 4946 que
2059 4877 2465 4946 intelligentiam
2513 4893 2619 4944 qua
2659 4885 2864 4931 tutores
2909 4884 2965 4931 et
3003 4886 3216 4930 actores
3261 4874 3341 4928 vel
3370 4891 3488 4944 pro-

1909 4971 2098 5039 phetas
2121 4969 2203 5023 vel
2231 4967 2448 5037 angelos
2489 4968 2758 5032 diximus,
2807 4967 3062 5036 parvulus
3107 4967 3208 5021 iste
3249 4976 3354 5020 tam
3397 4968 3487 5020 diu

1909 5061 2009 5115 sub
2055 5059 2328 5113 actoribus
2367 5066 2487 5122 est,
2542 5058 2712 5114 donec
2762 5057 3058 5128 legitimum
3107 5056 3331 5126 perfecti
3384 5057 3484 5112 viri

1909 5161 2122 5221 tempus
2145 5152 2469 5224 impleverit.
2507 5151 2829 5220 Legitimum
2853 5159 3030 5205 autem
3059 5159 3268 5220 tempus
3294 5165 3485 5206 secun-

1908 5247 2036 5301 dum
2074 5248 2441 5301 Romanorum
2491 5245 2660 5314 legem
2703 5243 2890 5312 viginti
2932 5243 3173 5311 quinque
3217 5258 3482 5298 annorum

1909 5337 2086 5404 spatio
2113 5337 2451 5391 terminatur.
2495 5333 2572 5389 Ita
2610 5331 2680 5386 ad
2714 5334 2929 5385 humani
2959 5331 3171 5400 generis
3197 5331 3487 5402 perfectio-

1908 5443 2031 5481 nem
2055 5428 2257 5482 Christi
2287 5427 2637 5497 reputabatur
2664 5425 2941 5478 adventus.
2983 5423 3173 5476 Statim
3208 5432 3263 5475 ut
3288 5423 3373 5478 ille
3396 5439 3484 5478 ve-

1909 5518 2091 5581 nerit,
2137 5525 2192 5568 et
2240 5532 2425 5570 omnes
2474 5516 2528 5568 in
2570 5515 2742 5568 virum
2790 5511 3084 5580 perfectum
3129 5515 3480 5576 creverimus,

1909 5613 2234 5680 paedagogus
2265 5624 2295 5661 a
2324 5605 2480 5661 nobis
2514 5615 2765 5674 tutorque
2787 5603 3069 5658 discedunt
3093 5621 3105 5657 ε
3154 5612 3278 5657 tunc
3303 5613 3485 5658 aucto-

1909 5705 2069 5757 ritate
2114 5698 2326 5752 Domini
2356 5738 2371 5766 ,
2417 5704 2472 5751 et
2508 5695 2837 5750 lucrcditatis
2873 5695 3210 5764 possessione
3237 5694 3479 5765 perfrue-
