3924 6170
341 2691 381 2718 ρ

455 367 560 423 8'19

1523 354 1800 410 CLAUDII
1841 349 2308 408 1AURINENSIS
2345 349 2653 406 EPISCOPI

3607 352 3702 408 880

457 496 608 545 mur,
663 477 717 532 in
766 489 870 544 qua
909 471 1060 543 prius
1094 469 1236 539 nati,
1289 467 1685 539 quodammodo
1706 467 2030 538 putabamur
2056 466 2109 525 Α
2133 475 2290 516 suum
2314 502 2328 526 ,
2368 461 2435 516 ad
2457 458 2795 515 liberandum
2827 472 3053 529 parvum
3092 460 3359 518 heredem
3387 463 3708 523 serviente

455 571 634 626 aheni

524 664 609 717 Ita
635 671 684 715 et
705 675 799 714 ros
824 674 941 712 cum
961 672 1187 712 essemus
1212 655 1416 727 parvuli
1434 697 1449 721 ,
1469 654 1563 708 sub
1583 653 1847 708 elementis
1869 651 2028 720 hujus

451 753 636 812 mundi
680 767 889 806 eramus
939 749 1233 804 servientes.
1311 746 1491 817 Aliqui
1527 745 1794 801 elementa
1843 742 2029 798 mundi

447 847 623 914 legem
653 844 1075 911 interpretantur
1095 837 1284 908 Moysi,
1310 846 1364 891 et
1384 837 1597 905 eloquia
1621 834 2026 906 prophetarum,

453 935 595 1006 quod
620 947 722 1003 per
745 931 864 985 haec
893 927 1044 998 quasi
1077 927 1228 980 initia
1249 935 1305 980 et
1329 926 1552 980 exordia
1581 925 1905 986 litterarum,
1932 921 2030 975 Dei

454 1025 700 1080 timorem
727 1061 742 1084 ,
793 1019 883 1089 qui
922 1016 1198 1086 sapientia:
1229 1015 1555 1084 principium
1594 1021 1716 1076 est,
1766 1008 2031 1078 suscipia-

453 1130 592 1168 mus.
630 1111 871 1178 Denique
891 1108 956 1162 ad
978 1121 1072 1161 eos
1099 1105 1190 1175 qui
1213 1105 1324 1175 jam
1352 1104 1610 1159 deberent
1636 1116 1756 1156 esse
1780 1097 2028 1169 perfecti,

451 1212 508 1258 et
543 1202 774 1257 veritate
821 1196 1065 1266 neglecta
1095 1194 1271 1249 adhuc
1306 1192 1709 1262 disciplinarum
1748 1187 2029 1259 principiis

445 1291 802 1354 inhaerebant,
833 1286 1022 1342 scribit
1051 1285 1104 1339 in
1129 1283 1366 1354 Epistola
1405 1283 1473 1337 ad
1513 1281 1767 1336 Hebraeos
1798 1277 2030 1348 Aposto-

453 1385 534 1438 lus
560 1400 573 1436 :
603 1380 810 1436 Etenim
846 1395 963 1432 cum
989 1377 1240 1431 deberetis
1269 1391 1378 1429 esse
1398 1374 1635 1444 magistri
1662 1381 1873 1441 propter
1905 1380 2030 1423 tem-

443 1491 573 1545 pus,
622 1487 830 1526 rursum
875 1483 1076 1522 necesse
1102 1467 1320 1531 habetis,
1368 1473 1424 1517 ut
1451 1462 1742 1516 doceamini
1775 1476 1893 1531 qum
1924 1460 2030 1512 sint

437 1564 704 1618 ‘elementa
745 1557 989 1631 principii
1030 1570 1326 1610 sermonum
1365 1552 1460 1606 Dei
1508 1550 1693 1623 (Hebr.
1719 1549 1794 1620 v).
1845 1547 2031 1602 Potest

449 1655 640 1721 igitur.
669 1658 730 1704 ut
755 1650 1003 1712 dicimus,
1055 1645 1224 1716 Moysi
1247 1642 1366 1709 lex,
1409 1644 1465 1697 et
1488 1641 1766 1712 prophetm
1795 1655 1894 1709 pro
1919 1637 2030 1692 ele-

459 1744 661 1800 mentis
685 1741 853 1810 accipi
886 1741 1184 1794 li‘tterarum
1209 1775 1225 1802 ,
1253 1735 1398 1804 quod
1435 1749 1533 1803 per
1560 1746 1652 1787 eas
1681 1729 1895 1801 syllabae
1910 1728 2031 1797 jun-

2131 569 2198 609 ex
2245 562 2399 621 parte
2436 552 2569 621 legi,
2623 560 2880 620 tanquam
2919 551 3206 622 paedagogo
3239 571 3254 608 :
3295 568 3365 608 ex
3411 565 3571 623 parte
3614 557 3715 613 ele-

2132 642 2331 696 mentis
2373 639 2534 709 hujus
2577 640 2800 704 mundi,
2866 649 3123 710 tanquam
3167 645 3622 712 procuratoribus
3665 656 3717 702 et

2132 730 2429 788 actoribus.

2202 821 2266 874 At
2289 821 2379 873 ubi
2410 821 2540 874 venit
2569 819 2836 891 plenitudo
2863 823 3128 890 temporis,
3156 823 3296 876 misit
3321 822 3485 887 Deus,
3517 825 3716 894 inquit,

2131 907 2334 963 Filium
2359 926 2515 963 suum
2544 909 2745 978 factum
2784 926 2850 964 ex
2881 910 3118 975 muliere,
3144 912 3343 980 [actum
3369 916 3466 968 sub
3493 915 3628 986 lege,
3666 930 3717 971 ut

2127 1015 2240 1064 eos,
2267 1000 2356 1070 qui
2377 1003 2472 1052 sub
2491 997 2607 1069 lege
2622 1009 2789 1064 erant,
2814 1001 3104 1056 redimeret.
3121 1001 3406 1059 Plenitudo
3431 1009 3715 1076 temporis,

2130 1099 2216 1146 est
2260 1090 2584 1161 completum
2632 1099 2865 1161 tempus,
2911 1095 3054 1162 quod
3105 1095 3432 1164 praeﬁnitum
3479 1097 3717 1156 lucrata

2131 1179 2242 1234 Deo
2268 1179 2445 1245 Patre,
2481 1181 2699 1250 quando
2731 1182 2972 1236 mitteret
3000 1182 3193 1240 Filium
3231 1202 3413 1252 suum,
3435 1201 3497 1242 ut
3519 1204 3589 1244 ex
3610 1192 3715 1246 vir-

2129 1271 2254 1340 gine
2297 1269 2473 1326 factus
2521 1273 2677 1342 quasi
2730 1273 2894 1328 homo
2946 1285 3285 1343 nasceretur,
3323 1278 3626 1346 subiiciens
3663 1298 3716 1337 se

2129 1358 2235 1429 legi
2265 1373 2435 1428 usque
2483 1359 2552 1413 ad
2595 1368 2812 1438 gempus
2854 1363 3131 1431 baptismi,
3169 1374 3228 1418 ut
3276 1369 3510 1422 turmam
3565 1371 3717 1426 daret

2129 1450 2402 1519 quomodo
2433 1457 2749 1518 peccatores
2791 1451 2982 1517 abluti,
3013 1462 3068 1508 et
3103 1469 3134 1508 a
3158 1455 3290 1526 jugo
3337 1457 3478 1529 legis
3521 1461 3712 1530 erepti,

2130 1540 2440 1611 dignatione
2469 1539 2564 1594 Dei
2604 1549 2786 1595 essent
2831 1541 2958 1607 ﬁlii,
2997 1553 3053 1597 et
3102 1545 3525 1615 adoptarentur,
3583 1551 3715 1604 sicut

2130 1631 2477 1701 promiserat,
2505 1630 2770 1700 redempti
2810 1632 3070 1702 sanguine
3115 1633 3235 1688 Filii
3265 1636 3401 1705 ejus.
3435 1637 3712 1692 Mulierem

2131 1739 2228 1794 pro
2251 1721 2452 1777 femina
2486 1723 2682 1791 posuit,
2714 1738 2862 1777 more
2892 1723 3179 1780 locutionis
3203 1725 3582 1783 Hebraeorum.
3605 1729 3714 1785 Non

455 1841 651 1904 gantur
677 1839 733 1886 et
758 1799 972 1884 nomina
991 1869 1004 1892 ,
1046 1835 1100 1881 et
1126 1799 1232 1880 non
1260 1799 1370 1878 tam
1405 1799 1488 1878 sui
1513 1837 1673 1892 quam
1699 1799 1922 1876 alterius
1953 1819 2029 1873 rei
2061 1799 2107 1856 Β
2134 1818 2280 1872 enim
2313 1817 2439 1886 quia
2457 1817 2526 1872 de
2553 1816 2661 1870 Eva
2689 1817 2890 1871 dictum
2922 1827 3026 1883 est,
3057 1817 3330 1874 Formarit
3365 1839 3483 1875 eam
3513 1825 3568 1876 in
3607 1843 3713 1879 mu-

455 1921 686 1974 utilitate
734 1919 1048 1973 discantur:
1094 1921 1155 1968 ut
1207 1913 1473 1984 possimus
1513 1911 1809 1965 orationem
1856 1908 2031 1978 legere

457 2016 786 2074 contextam,
817 2008 873 2061 in
898 2021 1002 2076 qua
1029 2020 1221 2059 sensus
1251 2002 1448 2073 magis,
1486 2009 1540 2055 et
1559 1999 1691 2055 ordo
1719 1999 2028 2064 verborum,

456 2117 620 2172 quam
647 2099 950 2153 litterarum
977 2095 1240 2166 principia
1275 2092 1708 2148 considerantur.
1755 2090 1908 2156 Quod
1936 2105 2031 2142 au-

451 2201 561 2244 tem
585 2190 756 2260 legem
784 2197 838 2242 et
859 2187 1150 2257 prophetas
1180 2185 1444 2240 elementa
1477 2185 1661 2238 mundi
1695 2181 2030 2250 interpretati

453 2295 670 2344 sumus,
717 2277 950 2332 mundus
989 2291 1091 2346 pro
1131 2277 1216 2331 his
1248 2275 1338 2345 qui
1365 2275 1419 2329 in
1451 2273 1650 2328 mundo
1683 2279 1827 2336 sunt,
1859 2270 2030 2340 accipi

451 2369 610 2433 solet,
638 2369 829 2423 eodem
874 2367 1043 2420 Paulo
1087 2366 1338 2421 dicente:
1367 2364 1508 2418 Deus
1552 2372 1664 2416 erat
1705 2363 1759 2415 in
1799 2359 2028 2427 Christo,

453 2458 708 2512 mundum
734 2455 1078 2510 reconcilians
1102 2456 1200 2510 sibi
1223 2455 1308 2525 (ΙΙ
1335 2453 1458 2508 Cor.
1489 2453 1566 2523 v).
1615 2453 1681 2506 Et
1711 2453 1764 2506 in
1787 2452 2032 2521 Evange-

451 2549 565 2604 lio:
601 2547 671 2602 Et
705 2548 934 2601 mundus
958 2563 1049 2617 per
1072 2563 1188 2600 eum
1230 2546 1400 2615 factus
1430 2554 1536 2609 est,
1573 2554 1620 2598 et
1654 2543 1879 2597 mundus
1913 2559 2030 2596 eum

453 2656 557 2693 non
579 2639 768 2708 recepit
797 2636 977 2707 (Joan.
1007 2636 1068 2708 ι).
1103 2634 1280 2702 Quaeri
1311 2642 1510 2706 potest,
1540 2632 1808 2703 quomodo
1833 2646 2028 2686 secun-

451 2729 579 2783 dum
608 2729 747 2783 banc
789 2727 1194 2782 similitudinem
1235 2727 1334 2781 sub
1359 2724 1638 2780 elementis
1666 2723 1824 2793 hujus
1847 2722 2030 2776 mundi

451 2819 656 2874 fuerint
691 2817 894 2884 Judaei,
941 2833 1064 2872 cum
1106 2817 1212 2872 illis
1232 2832 1328 2886 per
1353 2816 1523 2887 legem
1557 2831 1719 2885 quam
1751 2821 2031 2884 acceperat

451 2927 591 2966 unus
610 2910 776 2976 Deus,
806 2911 897 2980 qui
921 2909 1050 2966 fecit
1074 2909 1270 2964 malum
1293 2917 1349 2963 et
1376 2917 1576 2970 terram
1595 2907 1852 2962 colendus
1881 2921 2029 2960 com-

435 3009 819 3062 mendaretur.
889 3007 994 3062 Sed
1039 3013 1219 3075 potest
1253 3019 1375 3059 esse
1417 3003 1553 3057 alius
1597 3002 1776 3057 exitus
1810 2999 2029 3070 capituli

428 3089 644 3166 hujus:
677 3106 738 3152 ut
777 3113 900 3152 cum
943 3098 1191 3166 superius
1219 3096 1391 3167 legem
1426 3095 1775 3165 pzedagogum
1814 3091 2025 3156 fecerit,

426 3189 551 3242 sub
577 3203 684 3257 quo
713 3197 833 3243 erat
861 3188 948 3241 ille
982 3187 1209 3258 populus
1236 3186 1542 3242 Judaaorum
1565 3227 1580 3251 ,
1606 3202 1749 3241 nunc
1773 3199 2031 3254 procura-

450 3289 598 3334 tores
622 3287 694 3334 -et
725 3286 936 3334 actores
978 3279 1124 3333 dicat
1168 3279 1431 3333 elementa
1460 3278 1676 3343 mundi,
1719 3278 1818 3332 sub
1838 3275 2033 3346 quibus

450 3369 760 3424 serviebant
801 3386 814 3420 :
860 3376 922 3422 ut
951 3367 1093 3422 ﬁlius
1139 3369 1228 3422 ille
1269 3367 1555 3436 parvulus,
1602 3368 1655 3422 id
1700 3376 1782 3422 est
1806 3367 2032 3436 populus

449 3468 670 3531 propter
692 3473 857 3514 unam
885 3458 1045 3514 ﬁdem
1074 3460 1140 3514 ad
1168 3459 1405 3514 divinum
1443 3473 1628 3513 semen
1651 3458 1884 3512 Abrahae
1909 3472 2032 3528 per-

451 3553 648 3616 tinens,
675 3551 928 3620 quoniam
955 3558 1012 3606 et
1038 3551 1103 3606 de
1122 3548 1320 3604 Judaeis
1347 3558 1402 3604 et
1429 3550 1495 3603 de.
1529 3549 1777 3621 gentibus
1807 3562 2032 3620 congre-

429 3652 602 3716 gatus
627 3652 729 3710 est,
758 3645 953 3713 partim
981 3641 1143 3698 fuerit
1171 3643 1269 3697 sub
1298 3642 1589 3713 paedagogo
1619 3642 1754 3710 legis
1788 3650 2030 3710 tempore

443 3737 841 3808 pueritiassuze,
867 3737 920 3791 id
940 3744 1042 3800 est,
1061 3750 1126 3790 ex
1150 3750 1212 3790 ea
1243 3743 1419 3805 parte,
1443 3749 1549 3802 qua
1579 3733 1645 3788 de
1675 3732 1876 3788 iudicis
1900 3749 2030 3789 con-

443 3835 696 3897 gregatus
745 3833 860 3893 est,
914 3825 1112 3896 partim
1161 3825 1260 3879 sub
1313 3823 1594 3877 elementis
1632 3821 1791 3890 hujus
1823 3822 2025 3887 mundi,

447 3919 642 3990 quibus
671 3926 925 3988 tanquam
956 3915 1404 3988 procuratoribus
1429 3921 1485 3969 et
1525 3913 1798 3968 actoribus
1826 3913 2030 3968 servie-

447 4009 558 4072 bat,
587 4022 652 4062 ex
679 4022 741 4060 ea
770 4013 924 4075 parte
955 4021 1058 4075 qua
1084 4005 1150 4058 de
1183 4004 1432 4074 gentibus
1453 4010 1811 4074 congregatus
1837 4011 1939 4066 est,
1968 4009 2028 4056 ut

447 4101 591 4170 quod
621 4100 812 4153 miscet
838 4096 1130 4168 Apostolus
1153 4111 1441 4165 personam
1469 4110 1641 4149 suam.
1671 4093 1788 4148 Non
1817 4094 2026 4158 dicens,

447 4193 582 4247 Cum
611 4190 804 4245 essetis
829 4187 1035 4257 parvuli
1063 4186 1162 4241 sub
1188 4186 1468 4240 elementis
1506 4184 1663 4253 hujus
1699 4183 1884 4238 mundi
1907 4198 2026 4238 era-

443 4285 518 4337 tis
543 4322 558 4347 ,
605 4281 698 4334 sed
728 4280 912 4334 dicens
939 4319 952 4344 ,
1001 4277 1131 4331 Cum
1158 4293 1383 4331 essemus
1404 4275 1607 4346 parvuli
1632 4274 1726 4329 sub
1761 4273 2025 4328 elementis

445 4372 629 4426 mundi
671 4371 830 4443 hujus
865 4386 1071 4423 eramus
1095 4370 1405 4434 servientes,
1435 4383 1539 4422 non
1566 4367 1835 4438 pertineat
1864 4366 1931 4420 ad
1954 4365 2026 4420 si-

446 4465 846 4536 gniﬁcationem
880 4461 1185 4520 Judzeorum
1215 4477 1280 4518 ex
1314 4464 1509 4534 quibus
1533 4462 1731 4518 Paulus
1757 4463 2020 4533 originem
2047 4501 2100 4561 Ι)

446 4557 610 4622 ducit,
659 4557 751 4611 sed
791 4555 961 4625 magis
997 4553 1062 4608 ad
1108 4555 1378 4625 gentium,
1426 4555 1529 4609 hoc
1569 4555 1831 4608 duntaxat
1858 4553 2016 4607 loco:

446 4647 700 4716 quoniam
723 4654 776 4701 et
802 4660 988 4700 eorum
1015 4659 1262 4713 persona:
1281 4645 1536 4699 decenter
1563 4657 1622 4696 se
1651 4650 1832 4711 potest
1859 4641 2025 4696 adne-

446 4749 613 4805 ctere,
637 4738 830 4809 quibus
859 4738 924 4791 ad
949 4737 1427 4805 evangelizandum
1457 4735 1654 4789 missus
1683 4743 1786 4788 est.
1842 4733 2028 4788 Potest

445 4840 498 4886 et
525 4832 579 4886 in
614 4829 894 4884 elementis
932 4827 1116 4880 mundi
1141 4825 1452 4880 neomenias
1477 4823 1782 4893 signiﬁcare
1818 4831 1871 4877 et
1905 4823 2027 4877 sab-

446 4921 650 4974 batum.
692 4915 999 4972 Neomeniae
1027 4914 1173 4969 enim
1197 4914 1312 4968 dies
1350 4921 1475 4968 sunt
1496 4913 1713 4967 lunares
1731 4951 1746 4977 ,
1773 4927 1909 4981 quos
1934 4912 2027 4967 ob-

443 5015 666 5064 servant
700 5003 874 5059 -Judaei
921 5020 932 5056 :
989 5002 1270 5056 sabbatum
1315 5016 1446 5056 vero
1491 5001 1610 5056 dies
1652 5001 2022 5071 requietionis.

443 5103 746 5169 Antequam
792 5095 999 5150 veniret
1052 5108 1182 5164 ergo
1227 5093 1535 5163 promissio,
1568 5093 1621 5146 id
1657 5099 1768 5157 est,
1821 5092 2026 5146 donum

444 5195 631 5265 gratiae
658 5192 752 5246 Dei
773 5231 786 5255 ,
809 5196 865 5244 et
887 5185 1182 5258 puriﬁcans
1198 5184 1526 5254 iustiﬁcaret
1547 5183 1845 5248 credentes,
1869 5182 2026 5251 quasi

445 5283 743 5353 imperfecti
773 5290 828 5336 et
859 5277 1068 5350 parvuli
1097 5292 1194 5347 per
1218 5277 1392 5346 legem
1423 5275 1516 5330 Dei
1553 5272 1781 5342 subjecti
1807 5286 2026 5328 eramus

445 5376 750 5439 conservis,
804 5373 957 5443 quasi
991 5369 1314 5442 patdagogis.
1384 5365 1632 5421 Libertas
1659 5365 1803 5420 enim
1838 5372 2023 5419 nostra

445 5466 678 5521 obnoxia
705 5473 818 5519 erat
849 5479 1009 5518 causa
1041 5461 1270 5532 peccati.
1310 5457 1453 5513 Nihil
1490 5465 1667 5511 tamen
1703 5455 1768 5510 de
1795 5455 2026 5510 elemen-

447 5557 520 5608 tis
547 5555 840 5622 sperabaut
865 5552 1057 5617 Judaei,
1087 5553 1228 5608 sicut
1258 5561 1312 5606 et
1338 5549 1530 5621 pagani
1557 5566 1570 5602 :
1603 5547 1697 5603 sed
1725 5555 2024 5601 creatorem

450 5643 620 5697 Deum
645 5645 1046 5697 venerabantur
1079 5644 1132 5697 in
1156 5649 1423 5696 creatura.
1482 5638 1683 5694 Deinde
1703 5636 1818 5707 jam
1845 5637 1976 5692 dicit
2007 5653 2020 5690 :

453 5731 712 5788 Veniente
738 5733 1068 5800 plenitudine
1098 5733 1377 5801 temporis,
1401 5731 1566 5785 Deum
1595 5729 1807 5784 misisse
1828 5727 2025 5784 Filium

2133 1909 2332 1973 tierent,
2361 1907 2475 1975 jam
2513 1922 2672 1977 passa
2705 1915 2824 1961 erat
2867 1909 3212 1962 concubitum
3251 1911 3374 1976 viri,
3414 1913 3564 1981 quod
3613 1930 3713 1968 non

2132 2001 2390 2057 scribitur
2409 2015 2589 2071 passa,
2622 1999 2725 2053 nisi
2751 2015 2874 2054 cum
2904 1999 3113 2054 dimissi
3133 2012 3315 2056 essent
3335 2003 3402 2058 de
3439 2006 3710 2074 paradiso.

2132 2092 2357 2146 Factum
2379 2100 2558 2146 autem
2591 2089 2744 2155 dixit,
2768 2095 2988 2158 propter
3009 2094 3404 2160 susceptionem
3432 2104 3712 2160 creaturas,

2130 2187 2256 2255 quia
2279 2185 2370 2255 qui
2402 2193 2698 2238 nascuntur
2716 2197 2782 2237 ex
2822 2185 3058 2250 feminis,
3078 2200 3186 2239 non
3229 2192 3356 2240 tunc
3381 2201 3447 2240 ex
3479 2187 3590 2241 Deo
3616 2201 3712 2240 na-

2131 2287 2381 2344 scuntur,
2414 2279 2509 2334 sed
2539 2288 2720 2333 tamen
2750 2279 2893 2334 Deus
2921 2277 3209 2342 illosd‘ecit,
3230 2279 3393 2333 utsic
3415 2281 3569 2334 nasci
3594 2295 3716 2348 pos-

2131 2379 2273 2436 sent,
2318 2379 2380 2424 ut
2405 2385 2619 2425 omnem
2646 2378 2974 2424 creaturam.
3001 2367 3226 2423 Factum
3273 2369 3450 2423 autem
3480 2371 3575 2423 sub
3607 2370 3717 2439 lege

2130 2461 2284 2524 dixit,
2316 2461 2442 2530 quia
2469 2468 2524 2515 et
2551 2460 2903 2515 circumcisus
2927 2468 3031 2525 est,
3053 2468 3107 2513 et
3137 2459 3311 2514 hostia
3342 2475 3443 2530 pro
3472 2460 3565 2516 illo
3586 2460 3717 2530 legi-

2134 2552 2261 2606 tima
2299 2551 2476 2606 oblata
2517 2559 2621 2606 est.
2656 2551 2763 2607 Nec
2809 2552 3005 2606 mirum
3060 2552 3105 2606 si
3136 2561 3190 2606 et
3237 2551 3325 2607 ille
3372 2552 3506 2622 legis
3547 2567 3715 2621 opera

2130 2644 2405 2710 sustinuit,
2436 2659 2502 2698 ex
2525 2645 2722 2714 quibus
2748 2659 2842 2699 eos
2875 2643 3147 2709 liberaret,
3179 2647 3270 2715 qui
3313 2647 3396 2700 eis
3441 2646 3718 2701 serviliter

2131 2736 2468 2790 tenebantur.
2508 2735 2611 2802 Qui
2659 2736 2821 2789 etiam
2865 2744 3094 2791 mortem
3140 2736 3416 2801 sustinuit,
3445 2745 3506 2790 ut
3533 2752 3601 2791 ex
3648 2751 3714 2791 ea

2129 2825 2387 2881 liberaret
2413 2842 2526 2890 eos,
2548 2826 2640 2895 qui
2670 2827 2996 2881 mortalitate
3019 2826 3362 2881 tenebantur.

2203 2919 2273 2974 Ut
2313 2921 2663 2992 adoptionem,
2693 2922 2884 2992 inquit,
2925 2921 3159 2989 ﬁliorum
3198 2923 3530 2990 recipiamus.
3566 2922 3710 2975 Ado—

2129 3011 2366 3080 ptionem
2409 3020 2695 3079 propterea
2739 3011 2894 3074 dixit,
2940 3019 3002 3064 ut
3051 3010 3301 3066 distincte
3347 3011 3712 3081 intelligamus

2133 3101 2348 3154 unicum
2379 3100 2474 3155 Dei
2497 3101 2690 3154 Filium
2711 3119 2722 3154 :
2742 3116 2840 3155 nos
2860 3100 3004 3154 enim
3031 3100 3294 3156 beneﬁcio
3318 3110 3378 3156 et
3400 3102 3709 3172 dignatione

2137 3189 2521 3266 misericordiae
2564 3190 2680 3260 ejus
2720 3190 2812 3244 ﬁlii
2860 3191 2954 3245 Dei
2994 3204 3199 3246 sumus.
3244 3191 3337 3246 ille
3385 3201 3581 3247 natura
3625 3201 3712 3247 est

2136 3278 2300 3343 ﬁlius,
2339 3280 2430 3348 qui
2462 3281 2565 3335 hoc
2589 3290 2673 3335 est
2699 3281 2840 3350 quod
2870 3288 3044 3350 pater.
3069 3280 3178 3336 Nec
3202 3283 3332 3337 dicit
3357 3284 3705 3354 accipiamus,

2134 3372 2228 3426 sed
2255 3373 2601 3441 recipiamus,
2635 3381 2695 3426 ut
2729 3373 3060 3446 signiﬁcaret
3090 3373 3193 3428 hoc
3221 3389 3322 3428 nos
3351 3375 3628 3430 admisisse
3651 3376 3705 3428 in

2131 3460 2326 3525 Adam,
2355 3475 2422 3515 ex
2453 3477 2561 3530 quo
2588 3463 2843 3517 mortales
2884 3478 3088 3517 sumus.
3123 3463 3237 3519 Hoc
3279 3477 3412 3535 ergo
3439 3466 3581 3534 quod
3609 3465 3701 3526 ait,

2133 3563 2189 3606 ut
2219 3569 2329 3617 eos,
2364 3553 2455 3623 qui
2485 3554 2580 3606 sub
2609 3553 2717 3620 lege
2744 3563 2914 3619 erant,
2942 3553 3233 3618 redimeret,
3279 3564 3336 3609 et
3365 3556 3434 3610 ad
3476 3555 3702 3609 liberan-

2132 3641 2259 3696 dum
2285 3657 2407 3696 eum
2437 3641 2693 3711 populum
2713 3643 2968 3712 pertinet,
3005 3645 3095 3712 qui
3124 3643 3382 3714 parvulus
3405 3645 3507 3700 sub
3528 3645 3699 3716 paeda-

2132 3747 2267 3804 gogo
2292 3733 2582 3788 serviebat.
2615 3733 2680 3786 Et
2716 3733 2948 3789 refertur
2972 3735 3039 3789 ad
3073 3735 3124 3790 id
3149 3736 3294 3804 quod
3319 3737 3485 3802 dixit,
3512 3736 3697 3804 factum

2129 3823 2225 3875 sub
2271 3821 2398 3890 lege.
2429 3822 2562 3877 Illud
2588 3831 2767 3876 autem
2804 3825 2944 3892 quod
2973 3825 3067 3888 ait,
3099 3833 3155 3878 ut
3202 3825 3534 3895 adoptionem
3569 3824 3696 3891 [ilio-

2130 3929 2246 3964 rum
2270 3912 2598 3982 recipiamus,
2634 3911 2868 3968 refertur
2892 3914 2957 3968 ad
2981 3913 3034 3968 id
3061 3915 3203 3982 quod
3232 3914 3390 3979 dixit,
3414 3915 3611 3983 factum
3636 3928 3696 3967 ei:

2130 4003 2379 4066 muliere;
2428 4005 2556 4059 hinc
2603 4005 2749 4060 enim
2801 4005 3147 4075 adoptionem
3195 4006 3522 4074 recipimus,
3566 4004 3694 4074 quod

2130 4093 2218 4146 ille
2262 4093 2455 4148 unicus
2483 4108 2589 4148 non
2619 4094 2939 4164 dedignatus
2976 4103 3084 4152 est_
3105 4095 3574 4164 participationem
3613 4108 3696 4147 na-

2128 4189 2264 4236 turas
2294 4193 2493 4238 nostra:
2518 4182 2693 4239 factus
2719 4200 2786 4239 ex
2817 4185 3043 4240 muliere
3069 4203 3081 4238 :
3104 4193 3164 4238 ut
3186 4200 3294 4240 non
3317 4185 3494 4240 solum
3521 4186 3696 4255 unige-

2127 4273 2275 4327 nitus
2298 4281 2464 4339 esset,
2486 4274 2576 4328 ubi
2599 4273 2795 4330 fratres
2824 4291 2929 4329 non
2957 4275 3150 4341 habet,
3192 4276 3288 4330 sed
3314 4276 3481 4331 etiam
3508 4273 3698 4346 primo-

2129 4365 2340 4434 genitus
2376 4381 2443 4419 ex
2479 4364 2662 4420 multis
2683 4364 2941 4420 fratribus
2968 4365 3123 4421 ﬁeret
3150 4385 3161 4420 ;
3192 4366 3299 4421 duo
3342 4366 3490 4422 enim
3513 4380 3695 4436 propo-

2129 4457 2256 4520 suit,
2281 4458 2478 4527 factum
2504 4475 2568 4512 ex-
2590 4458 2826 4523 muliere,
2857 4459 3050 4527 factum
3093 4459 3186 4514 sub
3212 4458 3340 4530 lege.
3367 4459 3476 4515 Sed
3500 4467 3693 4514 mutato

2127 4549 2318 4603 ordine
2345 4550 2640 4619 respondit,
2669 4548 2780 4618 jam
2811 4550 2957 4605 illum
2980 4551 3230 4621 populum
3259 4551 3574 4623 adjungens,
3610 4550 3692 4620 qui

2129 4643 2386 4714 parvulus
2421 4643 2522 4697 sub
2549 4643 2991 4712 procuratoribus
3018 4653 3072 4698 et
3106 4643 3382 4698 actoribus
3412 4645 3690 4704 serviebat,

2129 4733 2182 4787 id
2214 4741 2297 4789 est
2333 4733 2613 4788 elementis
2637 4733 2796 4804 hujus
2835 4733 3041 4797 mundi,
3076 4748 3143 4788 ne
3173 4742 3488 4804 reputarent
3511 4749 3567 4789 se
3596 4748 3691 4788 non

2128 4839 2249 4879 esse
2270 4823 2426 4889 ﬁlios,
2447 4825 2573 4893 quia
2599 4840 2705 4878 non
2734 4831 2889 4877 erant
2907 4825 3007 4878 sub
3035 4825 3342 4895 paedagogo.

2201 4915 2461 4980 Quoniam
2488 4924 2660 4969 autem
2694 4915 2794 4983 ﬁlii
2823 4915 2922 4969 Dei
2947 4917 3088 4980 estis,
3119 4917 3322 4985 inquit,
3370 4916 3512 4969 misit
3564 4914 3691 4968 Deus

2126 5005 2368 5076 spiritum
2397 5004 2525 5059 Filii
2557 5007 2638 5058 sui
2666 5005 2720 5059 in
2765 5005 2926 5059 corda
2969 5015 3139 5060 vestra
3175 5004 3516 5071 clamantem,
3556 5004 3689 5058 Abba

2124 5106 2292 5166 pater.
2316 5095 2431 5150 Duo
2447 5097 2773 5160 suntverba,
2787 5110 2906 5165 qua:
2928 5097 3127 5166 posuit,
3145 5105 3202 5149 ut
3217 5097 3521 5165 posteriore
3544 5098 3690 5151 inter-

2125 5195 2432 5257 pretaretur
2457 5188 2711 5257 primum.
2745 5186 2878 5240 Nam
2918 5189 3021 5242 hoc
3046 5196 3131 5241 est
3155 5187 3314 5250 abba,
3346 5188 3492 5255 quod
3525 5195 3686 5256 pater.

2127 5278 2413 5348 Eleganter
2433 5286 2614 5332 autem
2645 5278 2978 5347 intelligitur,
3001 5293 3104 5331 non
3129 5276 3331 5332 frustra
3354 5279 3580 5331 duarum
3603 5275 3690 5329 lin-

2126 5385 2352 5440 guarum
2394 5371 2558 5424 verba
2595 5369 2839 5438 posuisse
2888 5368 3031 5423 idem
3072 5367 3433 5438 signiﬁcantia
3486 5377 3688 5438 propter

2123 5461 2436 5516 universum
2469 5459 2747 5529 populum,
2777 5459 2870 5528 qui
2918 5459 2985 5514 de
3029 5457 3228 5514 Judaeis
3255 5470 3310 5514 et
3351 5459 3596 5528 gentibus
3641 5458 3687 5510 in

2127 5561 2390 5617 unitatem
2427 5558 2550 5614 ﬁdei
2588 5569 2812 5613 vocatus
2849 5568 2952 5625 est,
2982 5565 3043 5612 ut
3077 5549 3363 5611 Hebraeum
3385 5557 3596 5609 verbum
3625 5551 3686 5604 ad

2124 5649 2354 5715 Judaeos,
2385 5648 2633 5704 Griecum
2659 5649 2726 5704 ad
2751 5657 2938 5718 gentes
2985 5665 2997 5702 :
3031 5647 3314 5714 utriusque
3343 5653 3521 5699 tamen
3550 5638 3684 5696 verbi

2126 5744 2316 5796 eadem
2345 5737 2668 5811 signiﬁcatio
2691 5741 2759 5796 ad
2787 5739 3026 5810 ejusdem
3062 5738 3184 5794 ﬁdei
3209 5737 3540 5807 spiritusque
3576 5737 3682 5784 uni-
