3922 6180
241 275 342 334 881

1189 273 1450 332 ENARR.
1491 273 1560 330 IN
1599 270 1824 330 EPIST.
1856 269 1924 327 D.
1965 270 2170 330 PAULI
2208 273 2302 330 AD
2337 275 2590 333 GALAT.

3414 287 3525 346 88$

244 399 412 447 tatem
455 388 743 462 pertineat.
785 387 922 444 Nam
955 397 1011 444 et
1040 389 1107 445 ad
1152 389 1445 456 Romanos,
1497 389 1589 444 ubi
1633 385 1828 444 similis
1853 383 1909 445 Α
1931 399 2032 440 nec
2052 394 2256 444 statum
2275 406 2307 445 a
2331 400 2485 461 patre
2506 401 2716 465 tempus
2739 395 3000 467 implevit,
3022 408 3084 454 ut
3104 399 3247 457 ﬁlius
3272 411 3328 458 et
3347 404 3522 461 haeres

242 483 474 554 quaestio
515 483 582 537 de
609 497 745 558 pace
779 482 834 537 in
877 483 1092 538 Christo
1137 482 1446 539 Iudaeorum
1480 483 1827 554 gentiumque

245 585 530 641 tractatur,
563 574 666 630 hoc
695 575 864 630 dicit:
914 573 1038 629 Non
1081 575 1221 629 enim
1265 577 1540 646 accepistis
1581 575 1827 644 spiritum

179 695 184 701 ν
238 668 507 724 servitutis
549 669 738 721 iterum
784 667 841 721 in
885 667 1090 733 timore,
1131 666 1223 722 sed
1269 667 1539 737 accepistis
1583 666 1826 737 spiritum

239 757 539 828 adoptionis
571 756 834 826 ﬁliorum,
877 756 932 810 in
978 773 1079 828 quo
1121 747 1447 819 clamamus,
1493 756 1640 810 Abba
1679 765 1829 826 pater

241 849 420 920 (Rom.
439 848 578 919 vm).
604 847 740 902 Cum
765 862 896 919 ergo
920 847 1143 902 dixisset
1169 847 1458 916 Apostolus
1475 887 1488 909 ,
1515 845 1662 900 Misit
1684 845 1826 900 Deus

244 939 445 995 Filium
494 957 649 995 suum
691 941 890 1010 factum
935 957 1000 996 ea:
1042 940 1280 1006 muliere,
1307 942 1504 1012 factum
1545 940 1641 995 sub
1693 939 1822 1010 lege,

240 1043 298 1087 ut
331 1049 420 1086 eos
455 1033 545 1103 qui
594 1032 690 1086 sub
717 1032 828 1102 lege
873 1043 1020 1086 erant
1064 1033 1371 1097 redimeret,
1400 1041 1457 1086 ut
1492 1032 1826 1103 adoptionem

240 1125 474 1192 ﬁliorum
502 1125 835 1196 recipiamus,
863 1125 1118 1190 restabat,
1150 1133 1210 1179 ut
1250 1125 1416 1179 etiam
1443 1132 1660 1192 gentes,
1706 1135 1827 1192 quae

241 1232 351 1271 non
381 1223 537 1271 erant
578 1216 677 1270 sub
716 1215 862 1287 lege,
897 1217 963 1271 ad
992 1216 1239 1271 eamdem
1270 1223 1448 1270 tamen
1481 1214 1826 1283 adoptionem

235 1307 478 1362 ﬁliorum
511 1313 782 1375 pertinere
809 1306 1137 1371 ostenderet,
1166 1305 1309 1375 quod
1337 1305 1403 1360 de
1445 1303 1617 1359 sancti
1654 1303 1831 1372 Spiri-

239 1408 332 1454 tus
374 1397 534 1460 dono,
569 1397 660 1465 qui
703 1395 954 1450 omnibus
999 1397 1158 1451 datus
1187 1404 1291 1461 est,
1341 1397 1516 1451 docet.
1565 1387 1719 1450 Unde
1768 1407 1827 1448 se

238 1489 406 1546 etiam
436 1488 630 1544 Petrus
676 1490 742 1544 de
774 1488 1044 1557 baptizato
1085 1488 1466 1542 incircumciso
1509 1485 1828 1541 centurione

238 1579 496 1637 Cornelio
518 1579 757 1635 defendit
782 1579 922 1648 apud
950 1576 1185 1645 Judieos,
1214 1579 1306 1648 qui
1350 1577 1714 1642 crediderant,
1745 1575 1829 1631 di-

238 1689 372 1731 cens
401 1691 414 1727 :
443 1672 558 1728 Non
590 1689 648 1728 se
688 1673 927 1742 potuisse
950 1688 1146 1742 aquam
1185 1687 1384 1742 negare
1427 1671 1532 1726 illis
1559 1669 1696 1741 (Act.
1722 1669 1820 1740 ιι).

237 1766 508 1835 Quoniam
537 1765 799 1835 Spiritum
826 1772 1074 1819 sanctum
1103 1765 1378 1835 accepisse
1409 1763 1700 1818 claruerat.
1735 1761 1828 1817 Sic

236 1867 297 1914 et
322 1859 430 1923 hic,
451 1858 720 1928 quoniam,
746 1858 939 1926 inquit,
962 1856 1062 1923 ﬁlii
1087 1856 1188 1912 Dei
1215 1857 1360 1928 estis,
1388 1856 1530 1909 misit
1555 1854 1697 1908 Deus
1722 1855 1832 1924 spi-

237 1949 400 2001 ritum
431 1943 560 2000 Filii
588 1946 676 2000 sui
692 1947 746 2000 in
769 1945 931 1999 corda
960 1954 1146 2011 vestra,
1175 1944 1510 2009 clamantem,
1556 1944 1705 1998 Abba
1731 1959 1830 2013 pa-

235 2048 338 2093 ter.
367 2036 570 2092 Deinde
598 2036 1038 2092 manifestissime
1074 2037 1310 2092 ostendit
1356 2037 1422 2092 de
1449 2037 1534 2092 his
1559 2036 1725 2091 etiam
1768 2050 1827 2090 se

236 2128 439 2195 dicere,
467 2128 560 2199 qui
595 2144 660 2183 ex
699 2130 950 2199 gentibus
980 2129 1049 2184 ad
1092 2128 1253 2184 ﬁdem
1277 2139 1539 2183 venerant
1588 2129 1826 2197 ad'quos

235 2223 400 2277 etiam
442 2221 726 2291 epistolam
764 2223 977 2276 scribit.

306 2308 496 2380 Itaque
515 2311 633 2379 jam
657 2327 759 2363 non
781 2319 857 2364 est
883 2327 1081 2376 servus,
1106 2313 1202 2365 sed
1231 2311 1395 2380 filius.
1425 2312 1718 2376 Habentes,
1741 2312 1825 2366 in-

237 2402 376 2473 quit,
405 2403 655 2470 spiritum
693 2401 812 2456 Filii
843 2403 973 2468 Dei,
1009 2403 1334 2477 clamantem
1379 2405 1435 2458 in
1476 2404 1824 2474 vobis,Abba

234 2501 416 2562 pater,
441 2507 545 2546 non
562 2492 705 2547 servi
732 2493 973 2563 coepistis
1003 2509 1143 2559 esse,
1163 2493 1254 2548 sed
1285 2493 1381 2548 ﬁlii
1410 2495 1502 2564 qui
1531 2503 1658 2549 ante
1688 2494 1821 2549 nihil

239 2580 572 2637 differebatis
587 2599 617 2637 a
641 2599 820 2648 servo,
834 2600 956 2639 cum
972 2585 1165 2640 essetis
1181 2593 1374 2640 natura
1403 2585 1618 2654 quidem
1643 2585 1824 2640 Domi-

238 2669 330 2735 ni,
369 2674 462 2726 sed
485 2673 585 2728 sub
617 2673 882 2729 tutoribus
906 2681 959 2729 et
980 2675 1253 2730 actoribus
1294 2675 1501 2745 parvuli
1525 2676 1818 2745 degebatis.

236 2760 355 2816 Non
378 2770 460 2817 est
483 2780 690 2830 servus,
715 2765 840 2835 quia
870 2767 1110 2822 sublatus
1125 2767 1190 2822 de
1214 2774 1480 2837 potestate
1496 2766 1628 2835 legis
1645 2767 1824 2822 socius

234 2847 412 2906 factus
443 2861 528 2907 est
560 2854 955 2910 benedictionis
983 2856 1185 2926 proprii
1217 2855 1311 2910 ﬁlii
1359 2857 1475 2911 Dei.
1518 2855 1632 2912 Hoc
1650 2865 1820 2913 totum

234 2942 367 3011 agit,
385 2952 604 3012 propter
632 2944 683 2998 id
715 2947 855 3014 quod
876 2947 1107 3012 dixerat,
1123 2946 1357 3016 quandiu
1378 2946 1544 3002 haeres
1570 2947 1820 3018 parvulus

232 3041 333 3097 est,
365 3033 496 3087 nihil
528 3034 704 3104 differt
736 3055 767 3090 a
797 3053 967 3091 servo.

313 3123 466 3189 Quod
494 3125 540 3179 si
564 3126 732 3194 ﬁlius,
767 3137 813 3181 et
842 3129 1008 3184 Ita’res
1031 3146 1124 3200 per
1141 3129 1330 3185 Deum.
1358 3130 1414 3185 Id
1443 3139 1544 3197 est,
1584 3147 1683 3202 per
1725 3133 1822 3186 mi—

231 3217 586 3271 sericordiam
612 3216 740 3284 Dei,
772 3235 880 3273 non
905 3235 1002 3290 per
1030 3222 1446 3291 promissionem
1477 3231 1720 3293 patrum,
1754 3225 1821 3279 de

231 3309 433 3379 quibus
467 3309 782 3376 carnaliter,
810 3311 952 3365 sicut
980 3310 1172 3376 Judaei,
1220 3321 1379 3367 natus
1409 3329 1517 3368 non
1542 3323 1708 3379 esset,
1743 3321 1821 3369 ta-

229 3417 359 3457 men
396 3401 542 3456 ﬁlius
569 3401 798 3456 Abrahae
829 3403 1118 3458 secundum
1150 3403 1504 3460 imitationem
1539 3405 1683 3462 ﬁdei.
1712 3407 1818 3462 Cu-

220 3494 320 3565 jus
370 3494 491 3550 ﬁdei
542 3497 768 3566 gratiam
815 3513 912 3567 per
964 3497 1390 3554 misericordiam
1441 3499 1652 3556 Domini
1699 3516 1816 3557 me-

228 3588 441 3644 ruistis.

306 3681 413 3737 Sed
441 3692 563 3735 tune
585 3681 792 3752 quidem
814 3682 1096 3736 nescientes
1133 3682 1322 3747 Deum,
1349 3683 1578 3737 servistis
1611 3684 1696 3750 iis,
1727 3686 1817 3754 qui

228 3782 428 3827 natura
463 3789 565 3826 non
586 3781 734 3825 erant
761 3771 859 3826 dii.
901 3771 1059 3826 Nunc
1087 3788 1206 3825 vero
1233 3781 1600 3843 cognoscentes
1624 3773 1814 3839 Deum,

226 3868 401 3937 magis
421 3875 594 3920 autem
623 3865 814 3935 cogniti
835 3863 903 3918 ab
926 3881 1007 3930 eo,
1038 3865 1298 3935 quomodo
1336 3863 1693 3918 convertimini
1722 3865 1820 3917 ite-

226 3974 352 4011 rum
402 3957 470 4010 ad
514 3955 751 4024 inﬁrma,
779 3963 828 4009 et
870 3971 1030 4025 egena
1058 3953 1344 4018 elementa,
1391 3953 1578 4020 quibus
1610 3969 1818 4008 rursum

223 4049 425 4104 servire
449 4047 645 4103 vultis?
673 4047 940 4115 Quoniam
985 4047 1138 4116 prius
1163 4062 1262 4117 per
1300 4046 1666 4118 ignorantiam
1692 4060 1820 4116 pec-

225 4141 430 4196 cabant
453 4141 756 4196 servientes
780 4140 959 4205 idolis,
999 4139 1156 4194 facile
1179 4140 1283 4196 illis
1317 4142 1606 4198 remissum
1652 4142 1819 4213 signi-

226 4231 393 4297 ﬁcat,
435 4232 575 4287 sicut
623 4232 754 4287 dicit
792 4233 846 4286 in
895 4231 1090 4286 Genesi
1132 4232 1444 4288 Abimelech
1493 4233 1561 4288 ad
1605 4233 1812 4288 Deum:

227 4319 475 4386 Domine,
503 4337 647 4386 num,
672 4321 865 4390 inquit,
890 4329 1089 4390 gentem
1109 4321 1434 4392 ignorantem
1455 4321 1636 4393 perdes
1659 4320 1813 4394 (Gen.

1930 479 2189 547 appellari
2233 493 2417 551 queat,
2447 486 2548 541 sub
2587 487 2872 545 elementis
2905 505 3029 546 eum
3057 495 3267 562 mundi,
3297 496 3416 568 lege
3442 498 3522 553 vi-

1931 566 2126 623 delicet
2149 583 2272 625 esse
2317 571 2507 644 Moysi.
2547 574 2684 630 Cum
2727 587 2910 635 autem
2957 591 3082 653 post
3130 566 3437 642 libertatem
3463 598 3523 645 et

1929 659 2295 729 adoptionem,
2335 673 2390 719 et
2437 667 2816 725 haereditatem
2858 671 2972 728 ﬁlio
3017 674 3257 730 debitam
3301 692 3521 735 rursum

1928 766 2181 809 reversus
2205 754 2369 812 fuerit
2389 759 2458 813 ad
2482 758 2677 830 legem,
2701 763 3020 820 circumcidi
3042 767 3248 833 volens,
3274 776 3331 823 et
3350 776 3521 825 totam

1927 837 2166 899 Iudaicae
2187 848 2589 916 superstitionis
2616 850 2854 909 litteram
2876 857 3050 926 sequi,
3067 865 3199 912 tunc
3221 873 3342 928 qua:
3368 861 3524 929 prius

1927 934 1978 990 ei
2008 937 2194 992 mundi
2223 947 2433 994 tantum
2455 940 2672 999 fuerant
2704 944 3004 1014 elementa,
3047 949 3264 1005 infirma
3300 967 3522 1022 quoque

1927 1033 1982 1082 et
2017 1043 2186 1099 (gena
2243 1031 2502 1089 dicuntur
2549 1039 2792 1094 exordia.
2823 1039 2886 1095 In
2933 1047 3148 1098 tantum
3181 1045 3327 1100 enim
3382 1045 3531 1100 nihil

1926 1129 2154 1190 prosunt
2181 1123 2483 1181 cultoribus
2512 1129 2648 1195 suis,
2674 1138 2736 1185 ut
2762 1147 2832 1186 ne
2865 1132 2972 1189 hoc
2994 1134 3215 1204 quidem
3243 1137 3324 1192 eis
3360 1139 3524 1193 exhi-

1926 1212 2057 1268 bere
2085 1215 2302 1270 valeant
2345 1219 2486 1287 quod
2523 1228 2651 1276 ante
2698 1223 3084 1293 praestiterant,
3118 1226 3512 1301 Hierosolyma,

1927 1305 2150 1376 templo,
2196 1308 2465 1380 altarique
2508 1311 2820 1370 destructis.
2871 1316 3005 1372 Illud
3054 1334 3186 1374 vero
3230 1321 3374 1390 quod
3419 1322 3518 1387 ait,

1926 1409 2290 1468 cognoscentes
2320 1401 2512 1468 Deum,
2559 1407 2729 1476 magis
2759 1416 2934 1462 autem
2964 1413 3158 1481 cogniti
3187 1413 3253 1466 ab
3277 1430 3360 1479 eo,
3384 1415 3519 1469 nihil

1925 1504 2026 1544 nos
2077 1505 2298 1548 movere
2350 1494 2532 1550 debet.
2569 1496 2915 1556 Manifestum
2961 1513 3047 1558 est
3084 1506 3231 1560 enim
3271 1510 3520 1578 quandin

1925 1594 2024 1649 per
2065 1581 2227 1638 ﬁdem
2257 1585 2627 1654 ambulamus,
2659 1606 2766 1645 non
2809 1607 2907 1662 per
2953 1597 3222 1665 speciem,
3272 1601 3522 1656 nondum

1928 1687 2030 1728 nos
2076 1676 2395 1744 cognovisse
2440 1677 2640 1747 Deum;
2675 1683 2770 1737 sed
2815 1697 2880 1738 ea
2911 1686 3018 1742 ﬁde
3042 1689 3282 1758 purgari,
3314 1698 3376 1744 ut
3419 1707 3525 1761 op-

1928 1769 2162 1830 portuno
2185 1773 2427 1835 tempore
2453 1783 2783 1839 cognoscere
2796 1775 3105 1842 valeamus;
3130 1779 3226 1833 sed
3247 1779 3291 1833 si
3316 1781 3369 1834 in
3401 1781 3521 1851 ipsa

1927 1855 2288 1924 correptione,
2320 1857 2430 1913 imo
2466 1868 2648 1915 autem
2680 1865 2882 1934 cogniti
2909 1881 2939 1919 a
2965 1867 3096 1932 Deo,
3127 1871 3346 1940 proprie
3375 1873 3520 1928 acci«

1923 1946 2091 2016 pitur,
2122 1949 2405 2016 putabitur
2434 1952 2577 2008 Deus
2618 1956 2772 2023 quasi
2801 1972 2868 2012 ex
2899 1966 3146 2029 tempore
3176 1961 3380 2030 aliquid
3422 1977 3519 2018 co-

1923 2053 2205 2108 gnoscere,
2236 2045 2381 2111 quod
2432 2052 2560 2100 ante
2609 2063 2718 2102 non
2751 2057 2992 2104 noverat.
3048 2051 3335 2109 Translate
3385 2069 3520 2126 ergo

1924 2129 2125 2185 dictum
2149 2139 2253 2196 est,
2285 2141 2344 2188 ut
2364 2135 2550 2190 oculos
2574 2136 2670 2192 Dei
2699 2140 3034 2211 accipiamus
3068 2143 3242 2213 ipsam
3271 2145 3524 2202 dilectio-

1923 2234 2048 2274 nem
2077 2220 2216 2290 ejus,
2248 2239 2411 2294 quam
2455 2230 2857 2285 commendavit
2900 2234 3168 2290 mittendo
3196 2251 3296 2306 pro
3333 2237 3518 2308 impiis

1923 2312 2280 2402 occidendum
2332 2317 2555 2374 unicum
2602 2319 2819 2376 Filium.
2868 2323 2960 2380 Sic
2997 2327 3142 2381 enim
3187 2329 3253 2383 de
3300 2329 3385 2386 his
3423 2332 3517 2402 qui

1924 2400 2225 2472 diliguntur
2247 2404 2432 2461 dicere
2459 2409 2697 2465 solemus
2721 2414 2866 2482 quod
2901 2423 3028 2470 ante
3059 2417 3246 2473 oculos
3273 2400 3518 2476 habean-

1923 2498 2034 2557 tur,
2058 2493 2162 2549 hoc
2191 2503 2277 2550 est
2309 2512 2440 2567 ergo
2473 2511 2898 2570 cognoscentes,
2930 2505 3040 2561 imo
3075 2509 3279 2578 cogniti
3321 2526 3350 2564 a
3382 2511 3512 2568 Deo.

1924 2580 2079 2648 Quod
2124 2593 2180 2640 et
2217 2585 2456 2645 Joannes
2483 2591 2656 2645 dicit:
2691 2592 2816 2647 Non
2858 2596 2999 2665 quod
3048 2614 3142 2653 nos
3175 2598 3517 2657 dilexerimus

1921 2675 2114 2742 Deum,
2140 2678 2231 2732 sed
2258 2682 2508 2750 quoniam
2538 2683 2649 2753 ipse
2680 2686 2829 2755 prior
2855 2686 3041 2742 dilexit
3063 2706 3158 2745 nos
3178 2735 3192 2749 .

1993 2767 2118 2822 Dies
2145 2769 2452 2838 observatis,
2480 2789 2705 2841 menses,
2737 2793 2924 2844 annos,
2972 2790 3021 2836 et
3050 2789 3306 2853 tempora.
3338 2782 3512 2840 Judaei

1922 2858 2069 2912 enim
2097 2860 2372 2916 serviliter
2399 2864 2695 2936 observant
2715 2867 2850 2932 dies,
2879 2876 2934 2924 et
2952 2885 3191 2938 menses,
3235 2881 3291 2928 et
3319 2889 3514 2941 annos,

1920 2957 1977 3004 et
2004 2959 2248 3020 tempora
2289 2951 2347 3006 in
2373 2954 2583 3010 carnali
2617 2955 2997 3014 observatione
3027 2960 3260 3028 sabbati,
3291 2972 3348 3019 et
3391 2980 3519 3021 neo-

1922 3043 2136 3109 meniae,
2157 3051 2212 3098 et
2235 3059 2418 3100 mense
2436 3063 2723 3116 novorum,
2746 3059 2801 3105 et
2822 3053 3038 3122 septimi
3070 3055 3334 3126 cujusque
3361 3059 3514 3125 anni,

1923 3149 2086 3204 quem
2121 3145 2316 3190 vocant
2343 3137 2628 3194 sabbatum
2661 3141 3032 3198 sabbatorum.
3065 3144 3215 3212 Quae,
3254 3148 3514 3216 quoniam

1922 3233 2080 3280 erant
2108 3228 2314 3283 umbrae
2353 3227 2816 3302 futurorum,jam
2855 3234 3181 3292 adveniente
3207 3236 3429 3295 Christo
3455 3239 3510 3296 in

1921 3323 2308 3391 superstitione
2331 3336 2711 3382 remanserunt
2737 3347 2750 3382 :
2783 3345 2910 3385 cum
2941 3337 3204 3402 tanquam
3250 3333 3514 3394 salutaria

1919 3411 2339 3468 observarentur
2382 3432 2412 3470 a
2442 3417 2810 3475 nescientibus
2836 3435 2946 3490 quo
2975 3421 3258 3480 referenda
3289 3425 3420 3492 sint,
3453 3433 3514 3482 ut

1920 3511 2176 3573 tanquam
2200 3505 2304 3561 hoc
2328 3507 2528 3562 dixerit
2551 3509 2844 3579 Apostolus
2875 3513 3128 3582 gentibus
3162 3534 3175 3569 :
3210 3515 3351 3583 Quid
3385 3533 3512 3588 pro-

1918 3592 2038 3647 dest
2081 3609 2178 3649 vos
2212 3596 2452 3651 evasisse
2494 3599 2814 3654 servitutem
2841 3615 2947 3668 qua
2987 3603 3340 3670 tenebamini,
3387 3619 3512 3660 cum

1919 3684 2195 3739 serviretis
2223 3684 2507 3741 elementis
2541 3689 2746 3754 mundi,
2797 3689 3015 3758 quando
3039 3707 3230 3748 rursus
3271 3693 3340 3748 ad
3373 3694 3505 3750 talia

1919 3770 2146 3837 reditis,
2199 3775 2406 3830 seducti
2446 3776 2515 3830 ab
2563 3779 2645 3832 eis
2681 3778 2772 3847 qui
2823 3780 3064 3835 nondum
3115 3792 3507 3853 cognoscentes

1919 3860 2189 3917 libertatis
2220 3879 2331 3919 suae
2361 3874 2576 3937 tempus
2606 3869 2749 3924 inter
2796 3879 2996 3926 caetera
3021 3887 3185 3943 opera
3222 3875 3356 3946 legis
3383 3893 3506 3948 quae

1920 3953 2212 4009 carnaliter
2258 3957 2513 4026 sapiunt,
2578 3959 2745 4014 etiam
2802 3965 3135 4032 temporibus
3189 3968 3435 4025 serviunt
3486 3990 3502 4022 :

1919 4038 2115 4108 quibus
2159 4049 2216 4096 et
2261 4057 2359 4098 vos
2386 4059 2596 4111 rursus,
2641 4054 2702 4100 ut
2743 4054 2926 4113 antea,
2964 4051 3173 4108 servire
3213 4053 3396 4121 vultis,
3449 4066 3506 4114 et

1918 4127 2209 4186 observare
2231 4148 2354 4190 cum
2383 4135 2463 4190 eis
2485 4135 2620 4203 dies,
2637 4144 2695 4191 et
2712 4152 2948 4206 menses,
2972 4149 3028 4196 et
3052 4157 3222 4200 annos
3241 4186 3256 4212 ,
3289 4154 3344 4200 et
3370 4154 3508 4204 tem-

1917 4235 2080 4290 pora,
2109 4223 2305 4293 quibus
2329 4234 2385 4281 et
2411 4227 2732 4286 serviebatis
2759 4238 3050 4302 antequam
3079 4232 3298 4294 Christo
3318 4239 3507 4296 crede-

1919 4313 2085 4370 retis?

228 4411 363 4483 xx)?
393 4411 611 4468 Galatas
657 4428 892 4482 quoque,
943 4429 1079 4484 quos
1112 4413 1181 4469 ab
1227 4414 1495 4470 idolorum
1545 4413 1694 4470 cultu
1745 4414 1812 4470 ad

1993 4427 2168 4484 Timeo
2196 4448 2317 4498 vos,
2364 4449 2428 4488 ne
2455 4433 2590 4504 forte
2614 4435 2726 4491 sine
2755 4434 2918 4492 causa
2949 4439 3296 4497 laboraverim
3330 4443 3386 4498 in
3417 4461 3505 4499 vo—

229 4503 394 4557 ﬁdem
434 4503 530 4558 Dei
578 4504 691 4558 veri
732 4504 1104 4571 transtulerat,
1142 4507 1610 4577 arguitquomodo
1654 4506 1814 4562 idolis

228 4595 519 4660 derelictis,
553 4597 644 4667 qui
670 4607 862 4652 natura
886 4613 991 4653 non
1019 4608 1177 4653 erant
1199 4601 1274 4654 dii
1305 4619 1317 4654 :
1354 4600 1421 4654 Et
1448 4611 1815 4672 cognoscentes

227 4685 422 4749 Deum,
465 4688 632 4757 magis
673 4696 847 4741 autem
891 4688 1083 4758 cogniti
1128 4689 1194 4742 ab
1240 4706 1335 4754 eo,
1381 4691 1574 4758 spiritu
1599 4705 1815 4760 quoque

227 4775 537 4844 adoptionis
586 4785 828 4847 accepto,
861 4793 1074 4831 rursum
1117 4779 1274 4848 quasi
1323 4780 1563 4850 parvuli,
1618 4789 1673 4835 et
1716 4781 1817 4835 sub

230 4865 499 4919 tutoribus
541 4874 595 4920 et
620 4868 908 4938 pzedagogo
929 4883 1050 4923 esse
1083 4869 1382 4938 cupientes,
1416 4871 1482 4925 ad
1511 4869 1724 4926 inﬁrma
1761 4879 1817 4927 ct

229 4954 577 5022 pauperrima
626 4965 968 5011 revertantur
1019 4957 1324 5026 elementa,
1369 4974 1490 5028 qua:
1526 4970 1815 5030 propterea

230 5032 450 5102 inﬁrmo
477 5055 531 5102 et
557 5048 779 5119 pauperi
809 5063 969 5104 sensu
996 5049 1195 5120 populo
1223 5051 1348 5105 data
1377 5059 1503 5106 sunt
1539 5051 1594 5106 in
1632 5053 1816 5107 deser-

229 5143 287 5190 to
309 5177 324 5200 ,
364 5137 488 5206 quia
517 5154 625 5193 non
653 5149 904 5209 poterant
925 5143 1170 5213 accipere
1194 5152 1249 5200 et
1274 5148 1544 5200 sustinere
1582 5143 1810 5214 majora.

231 5226 432 5282 Eadem
459 5237 640 5284 autem
663 5231 952 5299 elementa,
981 5249 1101 5303 quae
1129 5250 1272 5290 nunc
1306 5234 1521 5290 inﬁrma
1551 5244 1606 5291 et
1644 5252 1812 5308 egena

231 5319 538 5388 appellavit,
567 5323 814 5391 superius
851 5331 1059 5376 tantum
1099 5325 1284 5379 mundi
1315 5325 1580 5380 elementa
1609 5327 1810 5396 posuit.

231 5406 301 5462 Et
328 5409 414 5464 ubi
446 5411 713 5467 elementa
747 5412 932 5467 mundi
961 5413 1103 5467 dicta
1127 5422 1270 5480 sunt,
1296 5415 1369 5471 ibi
1401 5431 1508 5471 non
1539 5425 1624 5472 est
1667 5418 1815 5472 addi—

234 5511 347 5558 tum
372 5504 586 5561 inﬁrma
617 5515 671 5562 et
697 5524 886 5580 egena.
934 5507 1034 5562 llic
1072 5525 1308 5577 rursum,
1347 5513 1438 5567 ubi
1474 5514 1689 5568 inﬁrma
1722 5531 1814 5569 vo-

233 5603 351 5648 cata
383 5605 508 5650 sunt
537 5599 742 5663 mundi,
789 5607 846 5654 ut
887 5616 1048 5670 supra
1081 5600 1335 5669 diximus,
1369 5620 1563 5658 nomen
1608 5613 1693 5659 est
1737 5615 1815 5660 ta-

235 5684 417 5740 citmn.
453 5686 589 5743 Puto
633 5690 815 5763 itaque
851 5693 974 5764 quia
1010 5694 1246 5765 quandiu
1275 5696 1394 5766 quis
1424 5698 1678 5767 parvulus
1705 5708 1808 5766 cst,

1918 4519 2014 4575 bis.
2047 4519 2193 4578 Satis
2215 4538 2346 4579 vero
2387 4532 2545 4582 caute
2568 4526 2709 4581 inter
2735 4527 3118 4584 auctoritatem
3162 4529 3404 4601 Apostoli
3449 4543 3506 4588 et

1917 4615 2090 4668 sancti
2130 4616 2368 4673 hominis
2398 4616 2678 4674 lenitatem
2721 4620 2888 4674 verba
2929 4621 3244 4679 moderatus
3286 4633 3390 4689 est,
3422 4625 3504 4680 in-

1916 4701 2094 4760 ferens
2123 4723 2136 4760 :
2164 4704 2340 4762 Timeo
2365 4724 2455 4762 vos
2474 4748 2490 4775 ,
2538 4725 2601 4763 ne
2627 4708 2762 4780 forte
2802 4711 2916 4766 sine
2962 4729 3125 4768 causa
3155 4712 3504 4772 laboraverim

1913 4795 1969 4849 in
1998 4796 2157 4852 vobis.
2189 4796 2344 4854 Nunc
2375 4807 2556 4856 autem
2587 4800 2778 4858 videns
2809 4817 2904 4858 eos
2933 4802 3108 4859 zelum
3153 4805 3247 4860 Dei
3277 4806 3500 4874 habere,

1915 4887 2010 4941 sed
2056 4904 2164 4944 non
2218 4892 2514 4947 secundum
2565 4894 2886 4961 scientiam,
2919 4910 3020 4951 nec
3065 4895 3283 4966 penitus
3311 4913 3504 4953 eorum

1915 4976 2226 5046 desperavit
2256 4981 2508 5049 salutem,
2552 4985 2644 5055 qui
2672 4985 2763 5056 pio
2790 4985 3004 5042 fuerant
3032 5004 3219 5045 errore
3266 4989 3502 5061 decepti,

1915 5081 2015 5122 nec
2044 5083 2260 5145 rursum
2287 5071 2696 5142 i‘rreprehensos
2726 5077 2972 5147 reliquit,
3023 5095 3093 5134 ne
3129 5088 3186 5133 et
3214 5079 3345 5150 ipsis
3373 5095 3493 5151 per-

1915 5161 2197 5216 severandi
2240 5162 2293 5216 in
2325 5178 2546 5232 errore,
2591 5175 2646 5222 et
2694 5169 2908 5224 caeteris
2935 5169 3276 5225 occasionem
3312 5171 3504 5228 simili-

1915 5260 2000 5308 ter
2038 5254 2303 5310 tribueret
2359 5260 2671 5314 enarrandi.
2724 5259 2901 5315 Timeo
2954 5270 3136 5316 autem
3183 5279 3272 5318 vos
3321 5266 3504 5334 posuit

1912 5357 2013 5412 pro
2031 5359 2096 5400 eo
2124 5347 2268 5415 quod
2294 5356 2402 5413 est,
2430 5349 2594 5403 timeo
2622 5349 2689 5404 de
2717 5349 2890 5404 vobis.
2931 5349 3060 5406 Sine
3097 5367 3261 5409 causa
3288 5355 3501 5412 laborat

1914 5435 2194 5504 magister,
2225 5451 2349 5491 cum
2395 5438 2510 5508 ipse
2537 5447 2796 5509 provocat
2825 5440 2892 5494 ad
2932 5439 3146 5511 majora
3184 5446 3498 5519 discipulos,

1913 5533 1969 5578 et
2012 5525 2087 5578 illi
2132 5534 2280 5581 retro
2330 5527 2465 5598 lapsi
2507 5530 2576 5583 ad
2627 5529 2836 5584 minora
2878 5539 2935 5586 et
2985 5533 3273 5592 humiliora
3326 5541 3500 5595 revol-

1914 5624 2131 5669 vuntur.

1989 5706 2166 5764 Estolc
2211 5709 2344 5766 sicut
2374 5721 2421 5768 ct
2468 5729 2581 5784 ego,
2612 5715 2736 5786 quia
2766 5724 2814 5772 ct
2841 5733 2932 5790 ego
2978 5719 3112 5774 sicut
3147 5737 3266 5776 vos.
3302 5721 3360 5801 ld
3409 5734 3494 5780 est
