3922 6180
452 227 559 284 883

1515 223 1793 281 CLAUDII
1835 223 2305 283 TAURINENSIS
2345 227 2654 288 EPISCOPI

3539 251 3619 308 ὃδὴ

447 347 678 402 obsecro
696 356 813 405 vos,
842 339 1062 399 fratres,
1098 346 1159 392 ut
1180 335 1434 392 Judaicas
1461 336 1871 392 observationes
1899 349 2031 391 con-
2056 334 2110 395 Α
2132 335 2305 405 gelum
2331 337 2431 393 Dei
2458 339 2734 410 excepistis
2759 355 2862 407 me,
2911 341 3043 395 situt
3082 342 3323 402 Christum
3348 349 3524 417 Iesum,
3543 357 3625 415 hoc

452 433 711 492 temnatis
740 432 985 493 dierum,
1015 427 1314 491 mensium,
1360 434 1665 495 temporum
1684 465 1700 492 ,
1748 434 1913 496 atque
1942 440 2035 480 an-

451 541 666 590 norum,
688 536 808 592 quae
839 529 967 576 sunt
994 519 1202 575 umbra:
1225 516 1569 585 futurorum;
1608 532 1696 573 me
1716 517 2030 580 imitemini,

450 617 543 686 qui
569 616 687 670 sine
722 610 940 682 querela
971 610 1026 668 in
1054 609 1175 681 lege
1212 615 1465 665 versatus
1508 609 1693 664 omnia
1739 608 2034 666 arbitratus

448 719 568 762 sum
592 703 749 773 quasi
773 710 1152 773 purgamenta,
1187 708 1352 770 atque
1396 698 1719 769 quisquilias
1740 738 1756 764 ,
1780 705 1842 753 ut
1869 698 2031 754 Chri-

445 807 593 854 stum
615 796 1012 852 lucrifacerem.
1031 795 1134 850 Fui
1166 796 1366 865 quippe
1387 802 1444 849 et
1471 808 1572 865 ego
1600 794 1742 849 sicut
1767 808 1863 849 vos
1888 807 2034 848 nunc

441 889 599 954 estis,
623 903 750 945 cum
792 887 1000 943 eisdem
1029 886 1503 943 observationibus
1528 886 1754 941 strictus
1784 884 2029 949 tenebar,

441 989 497 1036 et
526 980 826 1037 Ecclesiam
873 977 1097 1043 Christi,
1122 977 1251 1047 quia
1278 977 1383 1032 ista
1409 991 1517 1031 non
1559 974 1800 1040 faceret,
1842 988 2032 1044 perse-

442 1085 620 1139 quens
662 1070 1032 1125 devastabam.
1072 1067 1177 1133 Qui
1230 1067 1419 1137 utique
1462 1082 1588 1121 cum
1623 1065 1843 1122 Iudaeus
1871 1074 2033 1122 natus

441 1162 547 1216 sim
599 1160 715 1230 jam
772 1160 876 1215 ista
943 1157 1187 1213 carnalia
1247 1156 1480 1227 spiritali
1532 1157 1600 1212 de
1642 1154 2033 1226 dijudicatione

443 1266 662 1321 respuo.
684 1250 888 1305 Deinde
924 1255 1226 1319 opportune
1270 1263 1336 1302 ac
1372 1247 1628 1304 decenter
1648 1245 1779 1302 facit
1817 1260 1913 1301 eos
1946 1260 2034 1302 re-

445 1343 624 1398 colere
650 1342 973 1397 charitatem
1018 1356 1193 1405 suam,
1239 1355 1307 1394 ne
1341 1347 1603 1409 tanquam
1641 1338 1923 1394 inimicum
1966 1337 2034 1393 il-

443 1436 557 1489 lum
577 1434 855 1503 deputent.
889 1431 1005 1488 Hoc
1042 1430 1342 1499 dicit,dent
1363 1446 1589 1502 operam
1616 1430 1924 1501 corrigendi
1948 1445 2029 1496 se,

441 1527 570 1596 quia
594 1542 703 1581 non
729 1533 813 1580 est
840 1523 1189 1595 impossibile,
1214 1533 1275 1579 ut
1316 1523 1426 1579 sint
1450 1523 1592 1579 sicut
1621 1524 1773 1593 ipse,
1803 1523 1932 1594 quia
1976 1531 2034 1579 et

2135 427 2309 498 magis
2338 428 2518 485 laudat
2544 429 2606 487 in
2649 429 2732 486 eis
2775 430 2902 501 quia
2930 434 3188 501 pressaris
3227 452 3323 492 non
3350 438 3628 504 deformatus

2133 528 2220 583 est
2251 521 2393 591 apud
2418 537 2537 589 eos,
2565 523 2662 580 sed
2694 525 3122 599 commendatus.
3149 527 3427 586 Scientibus
3450 548 3535 603 pro
3558 537 3627 600 his

2134 613 2364 666 credunt
2401 612 2515 682 pati
2558 612 2708 668 illum
2735 614 2921 669 exitia.
2964 613 3111 670 Sicut
3152 631 3271 689 ergo
3314 621 3531 691 angelum
3555 626 3630 683 Dei
3716 648 3723 657 ε

2132 712 2465 772 exceperunt
2490 703 2829 776 Apostolum,
2876 707 3154 764 credentes
3200 709 3290 765 Dei
3331 711 3502 768 donum
3537 731 3632 776 esse

2133 792 2278 860 quod
2310 793 2602 861 praedicat,
2649 795 2733 850 sic
2753 796 2805 851 ei
2832 794 3133 853 deferentes
3177 799 3321 869 quasi
3353 805 3533 859 auctori
3554 806 3632 862 Do-

2132 882 2280 937 mino
2304 882 2432 938 Jesu
2458 883 2697 941 Christo.
2716 885 2966 942 Ostendit
2993 896 3048 942 et
3075 889 3257 960 angelo
3281 889 3520 948 Christum
3541 909 3633 953 esse

2132 971 2421 1042 majorem,
2451 989 2615 1042 quem
2650 976 2945 1030 secundum
2976 975 3407 1045 dispensationem
3443 983 3635 1051 corporis

2131 1064 2398 1119 minorem
2446 1065 2737 1121 Psalmista
2794 1074 3111 1122 cantaverat
3145 1067 3360 1125 dicens:
3408 1070 3632 1127 Minorasti

2131 1172 2250 1210 eum
2270 1156 2431 1227 paulo
2453 1158 2629 1223 minus
2652 1159 2717 1213 ab
2750 1157 2985 1229 angelis;
3020 1167 3077 1215 et
3100 1167 3300 1214 tantum
3328 1176 3414 1216 sua
3438 1166 3569 1216 verba
3594 1166 3634 1219 in

2130 1246 2397 1318 principio
2418 1248 2651 1303 valuisse
2680 1249 3019 1304 demonstrat
3036 1257 3095 1302 ut
3118 1248 3287 1321 angeli
3306 1259 3577 1319 putarentur
3595 1262 3634 1308 et

2131 1334 2354 1392 Christi.
2375 1337 2453 1392 'ln
2493 1340 2814 1394 memoriam
2847 1348 3067 1395 revocat
3097 1339 3199 1396 illis
3233 1348 3426 1410 tempus
3470 1345 3636 1411 quando

2130 1431 2367 1504 primum
2395 1429 2703 1499 praedicavit
2737 1430 2845 1485 illis
2886 1430 3228 1502 Evangelium
3270 1428 3377 1485 Dei.
3401 1431 3503 1499 Ipso
3526 1432 3633 1486 enim

2134 1534 2373 1595 tempore
2398 1522 2611 1595 injuriis
2638 1526 2900 1595 agebatur
2931 1525 3242 1597 Apostolus,
3276 1533 3328 1582 et
3351 1527 3552 1582 caedibus
3576 1529 3637 1582 in-

443 1620 561 1689 ipse
611 1620 716 1675 hoc
756 1626 899 1684 erat,
928 1618 984 1674 id
1009 1626 1120 1685 est,
1161 1618 1362 1683 homo,
1388 1618 1534 1687 quod
1571 1618 1728 1674 etilli
1762 1638 1775 1673 :
1817 1627 1874 1675 et
1906 1634 2031 1675 cum
2058 1686 2093 1689 _
2133 1615 2451 1671 ﬁrmabatur
2488 1633 2501 1669 :
2528 1615 2776 1671 inﬁrmus
2802 1616 2947 1671 enim
2980 1616 3216 1682 videtur,
3249 1616 3336 1686 qui
3363 1617 3633 1679 humiliatur,

440 1686 637 1765 fuisset
680 1708 739 1762 in
769 1721 958 1763 errore
983 1721 1320 1778 persequens
1363 1686 1687 1777 Ecclesium,
1743 1718 2031 1780 correptus
2055 1686 2108 1748 Β
2133 1716 2191 1764 et
2223 1723 2332 1763 non
2360 1708 2569 1764 resistit
2616 1716 2842 1779 propter
2876 1708 3217 1781 evangelium
3264 1708 3372 1765 Dei.
3410 1708 3468 1763 Et
3490 1710 3535 1763 in
3561 1709 3636 1765 hoc

442 1798 712 1855 convertit
736 1812 815 1864 se,
846 1805 903 1853 et
934 1796 1068 1854 dicit
1097 1816 1111 1853 :

512 1888 759 1956 Fratres,
787 1892 999 1944 obsecro
1026 1905 1140 1956 vos,
1166 1888 1300 1944 nihil
1341 1906 1422 1944 me
1451 1888 1683 1947 lmsistis.
1733 1890 1896 1947 Scitis
1930 1906 2029 1947 au-

441 1992 546 2039 tem
566 1981 695 2052 quia
737 1996 831 2052 per
873 1980 1234 2049 inﬁmitatem
1271 1982 1448 2036 carnis
1489 1981 1843 2054 euangelizaui
1885 1984 2027 2039 vobis

431 2071 783 2144 jampridem,
800 2079 849 2126 et
871 2072 1211 2127 tentationem
1232 2082 1479 2138 vestram,
1505 2089 1625 2143 qua:
1649 2083 1762 2128 erat
1788 2074 1847 2127 in
1868 2090 2027 2130 came

442 2178 584 2229 mea,
613 2179 718 2217 non
738 2162 1027 2233 sprevistis,
1057 2177 1219 2234 neque
1248 2163 1517 2233 respuistis
1543 2179 1561 2218 :
1592 2164 1684 2218 sed
1711 2164 1847 2218 sicut
1873 2181 2029 2236 ange-

440 2254 552 2309 lum
586 2254 682 2308 Dei
712 2255 985 2325 excepistis
1018 2270 1117 2321 me,
1154 2255 1291 2309 sicut
1319 2253 1588 2311 Christum
1629 2252 1834 2313 Iesum.
1870 2256 2029 2314 Nunc

441 2343 629 2403 mitius
646 2343 758 2419 agit
776 2358 900 2398 cum
913 2343 1015 2410 eis,
1037 2350 1095 2399 et
1112 2343 1255 2399 bona
1278 2359 1465 2400 eorum
1487 2345 1676 2416 incipit
1694 2362 2025 2416 memorare,

438 2441 502 2488 ut
522 2442 647 2504 post
670 2448 895 2504 magnas
915 2434 1286 2505 correptiones
1312 2434 1453 2491 bona
1480 2451 1649 2506 opera
1673 2452 1770 2493 sua
1803 2438 2028 2494 audien-

437 2534 527 2581 tes
553 2534 953 2592 recrearentur,
996 2533 1053 2581 et
1095 2524 1222 2581 data
1265 2541 1430 2597 opera
1476 2527 1925 2596 relormarentur,
1955 2545 2027 2586 ne

437 2614 904 2688 objurgationibus
956 2618 1161 2674 diutius
1213 2620 1387 2690 pressi
1452 2621 1762 2691 asperiores
1824 2621 2026 2679 ﬁerent

438 2708 765 2764 exacerbati.
803 2707 873 2763 Et
917 2714 1001 2763 est
1026 2723 1221 2764 sensus
1261 2727 1273 2762 :
1321 2708 1550 2775 Quando
1576 2710 1729 2766 vobis
1782 2712 2021 2782 primum

437 2801 774 2872 evangelium
812 2799 1224 2865 annuntiavi,et
1245 2809 1467 2871 propter
1494 2801 1869 2857 inﬁrmitatem
1902 2819 2026 2858 car-

435 2890 524 2949 nis
550 2898 765 2955 vestrzc,
802 2890 930 2959 quia
954 2905 1062 2945 non
1087 2890 1349 2960 poteratis
1374 2899 1714 2947 sacramenta
1743 2893 2023 2963 suscipere

434 2978 662 3048 majora,
693 2981 982 3052 praedicavi
1007 2981 1163 3038 vobis
1184 2982 1341 3052 quasi
1368 2983 1629 3053 parvulis,
1659 2991 1715 3039 et
1755 2984 2018 3055 meipsum

435 3072 710 3129 inﬁrmum
736 3087 856 3128 esse
898 3073 1173 3139 simulavi,
1205 3083 1266 3129 ut
1297 3090 1395 3130 vos
1436 3068 1684 3132 inﬁrmos
1731 3076 2019 3136 lucriface-

433 3177 553 3218 rem
585 3177 600 3216 :
624 3162 814 3218 Nonne
835 3164 988 3235 quasi
1012 3164 1255 3236 angelum
1281 3166 1379 3222 Dei
1402 3168 1704 3238 suscepistis
1736 3185 1840 3235 me,
1866 3172 2023 3242 quasi

434 3251 701 3309 Christum
732 3253 960 3309 Iesum?
1002 3253 1137 3310 Cum
1186 3257 1352 3329 igitur
1379 3259 1435 3313 in
1464 3258 1610 3315 nullo
1648 3274 1736 3315 tne
1763 3260 1855 3316 illo
1882 3270 2021 3317 tem-

431 3354 567 3412 pore
594 3340 874 3408 laeseritis,
921 3349 977 3398 et
1023 3358 1111 3399 me
1138 3346 1308 3401 vestri
1338 3362 1504 3402 causa
1544 3348 1806 3404 humilem
1856 3358 2025 3422 atque

434 3429 704 3500 deiectum
727 3431 960 3487 similem
985 3430 1080 3487 Dei
1105 3432 1243 3489 Filio
1267 3436 1606 3505 putaveritis,
1635 3438 1908 3507 quomodo
1951 3441 2020 3497 ad

432 3525 643 3596 majora
670 3540 769 3581 vos
792 3541 1097 3596 provocans
1119 3528 1288 3585 laedor
1315 3546 1347 3585 a
1370 3530 1527 3586 vobis
1550 3531 1827 3601 perdendo
1861 3532 2016 3589 labo-

433 3630 549 3672 rem
590 3631 790 3682 meum,
816 3626 870 3674 et
897 3619 1360 3689 dispensationem
1398 3621 1544 3678 illam
1567 3662 1584 3689 ,
1615 3637 1724 3692 qua
1750 3638 1840 3678 me
1891 3639 2021 3695 par-

430 3707 617 3765 vulum
645 3724 766 3765 esse
790 3710 1213 3768 simulaveram?
1235 3711 1295 3768 In
1323 3729 1390 3770 eo
1412 3715 1560 3771 enim
1588 3715 1732 3771 laedit
1776 3716 2018 3788 discipu-

428 3794 517 3851 lus
549 3797 891 3869 magistrum,
929 3799 976 3855 si
1005 3816 1104 3871 per
1143 3802 1529 3875 negligentiam
1567 3819 1720 3859 suam
1745 3815 2016 3877 praecepta

429 3883 778 3957 laboremque
800 3889 916 3960 ejus
946 3892 1174 3962 spernit.

501 3977 575 4032 Et
611 3981 950 4035 tentationem
998 3992 1223 4039 uestram
1259 3984 1321 4043 in
1344 4003 1503 4041 carne
1545 4004 1664 4042 mea
1716 4004 1822 4043 non
1862 4005 2013 4060 spre-

430 4073 597 4136 vistis,
635 4090 800 4144 neque
832 4077 1121 4146 respuistis.
1156 4078 1373 4134 Tentati
1401 4087 1529 4135 sunt
1566 4081 1712 4136 enim
1740 4096 1866 4137 cum
1891 4096 2015 4151 per-

430 4162 766 4216 secutionem
796 4171 1075 4233 pateretur
1099 4165 1411 4236 Apostolus,
1439 4176 1625 4227 utrum
1672 4171 1869 4228 timore
1922 4173 2016 4228 de-

2129 1797 2314 1854 laudat
2343 1798 2733 1855 conscientiam
2758 1814 2969 1866 eorum,
2999 1801 3129 1872 quia
3163 1815 3266 1857 non
3293 1808 3410 1857 sunt
3433 1800 3634 1855 abstracti

2128 1903 2162 1943 a
2200 1886 2325 1944 ﬁde.
2366 1886 2569 1958 lnjuria
2596 1887 2741 1945 enim
2783 1887 3027 1961 Apostoli
3077 1889 3298 1946 tentatio
3337 1897 3447 1945 erat
3471 1887 3635 1944 Galata-

2128 1994 2271 2046 rum,
2300 1979 2356 2034 in
2387 1994 2495 2050 qua
2522 1978 2667 2034 ﬁrmi
2717 1978 2922 2034 inventi
2968 1986 3133 2046 sunt,
3175 1994 3279 2035 non
3306 1978 3567 2034 dubitantes
3587 1977 3635 2031 de

2128 2070 2253 2137 ﬁde,
2284 2077 2508 2141 possent
2532 2069 2679 2125 enim
2709 2069 3023 2127 scandalum
3047 2072 3194 2142 passi
3225 2071 3393 2127 dicere
3423 2067 3636 2136 :Quteest

2125 2160 2321 2223 virtus,
2368 2169 2463 2216 aut
2491 2176 2614 2232 spes
2644 2162 2698 2216 in
2737 2162 2842 2218 hac
2889 2160 3025 2228 ﬁde,
3058 2163 3271 2233 quando
3312 2162 3529 2217 minister
3551 2161 3636 2230 ejus

2126 2251 2206 2307 sic
2234 2252 2584 2307 humiliatur?
2610 2251 2719 2308 Sed
2753 2252 2881 2323 quia
2902 2251 3015 2321 jam
3069 2254 3302 2308 animum
3342 2251 3514 2307 futuris
3547 2263 3633 2321 spe-

2125 2344 2228 2400 bus
2280 2343 2635 2399 inl‘ercierant
2662 2353 2960 2415 praesentes
2987 2345 3170 2399 exitus
3209 2359 3305 2414 pro
3349 2341 3522 2398 Christi
3560 2355 3634 2396 no-

2126 2434 2272 2489 mine
2302 2450 2411 2489 non
2436 2435 2915 2509 pertimescebant,
2946 2435 3085 2490 certi
3114 2434 3270 2490 ﬁdem
3305 2442 3513 2489 nostram
3556 2446 3636 2486 non

2126 2524 2179 2577 in
2204 2523 2386 2590 terris,
2413 2524 2505 2579 sed
2541 2525 2595 2579 in
2620 2523 2776 2580 caelis
2802 2524 3004 2580 habere
3037 2524 3369 2596 dignitatem,
3404 2530 3453 2577 et
3475 2536 3555 2592 pro
3575 2519 3636 2575 his

2125 2615 2568 2672 tribulationibus
2602 2631 2796 2688 magna
2824 2616 3046 2688 rependi
3072 2617 3308 2688 praemia.
3337 2614 3418 2671 Sic
3440 2615 3635 2669 ruborem

2125 2706 2231 2761 illis
2271 2706 2481 2769 incutit,
2515 2706 2641 2776 quia
2691 2714 2814 2778 post
2861 2708 2979 2762 haec
3026 2706 3315 2761 laudabilia
3347 2701 3636 2761 circumventi

2124 2794 2362 2861 fuerant,
2386 2802 2446 2851 ut
2468 2796 2852 2866 vituperabiles
2879 2796 3220 2853 viderentur.

2199 2887 2298 2944 Ubi
2345 2898 2419 2944 est
2444 2906 2566 2960 ergo
2600 2889 2868 2945 beatitudo
2910 2892 3126 2944 vestra?
3169 2888 3510 2945 Testimonium
3533 2884 3636 2937 enim

2122 2979 2364 3052 perhibeo
2404 2979 2545 3034 vobis
2570 3020 2585 3044 ,
2633 2980 2759 3050 quia
2810 2979 2857 3034 si
2895 2979 3012 3049 ﬁeri
3055 2989 3248 3052 posset,
3297 2976 3458 3032 oculos
3491 2982 3635 3028 uestros

2123 3072 2413 3136 eruissetis,
2438 3079 2487 3125 et
2530 3070 2804 3125 dedissetis
2852 3070 3001 3125 mihi.
3056 3070 3304 3127 Ostendit
3332 3074 3508 3139 quanta
3545 3075 3637 3117 eum

2122 3161 2389 3217 charitate
2412 3161 2775 3231 susceperint,
2800 3169 2857 3216 et
2877 3161 3155 3230 quomodo
3185 3169 3327 3216 totos
3363 3172 3416 3212 se
3450 3155 3546 3225 ejus
3570 3150 3640 3204 do-

2119 3252 2307 3307 ctrina:
2348 3250 2669 3306 tradiderint
2706 3268 2719 3304 :
2757 3258 2818 3305 ut
2846 3266 2966 3321 quae
3010 3251 3340 3306 charissima
3363 3254 3641 3310 suntcurpo-

2120 3342 2197 3397 ris
2227 3342 2310 3397 sui
2338 3340 2580 3397 membra
2610 3339 2788 3396 eidem
2837 3341 2966 3396 dare
2989 3348 3260 3411 cuperent
3295 3354 3308 3393 :
3336 3337 3465 3409 quod
3488 3332 3555 3387 vel
3583 3329 3638 3383 sic

2118 3433 2431 3503 evangelico
2461 3432 2654 3488 lumini
2699 3432 2874 3488 vicem
2932 3431 3253 3497 redderent,
3284 3430 3326 3485 si
3352 3442 3441 3483 sua
3484 3420 3639 3478 lumina
3724 3482 3729 3489 _

2119 3525 2493 3581 tradidissent.
2521 3523 2800 3591 Quamvis,
2834 3523 3029 3593 inquit,
3059 3538 3167 3578 vos
3212 3537 3277 3576 eo
3304 3530 3537 3588 tempore.
3559 3524 3638 3579 ίῐυο

2118 3616 2459 3688 evangelium
2482 3614 2639 3685 juxta
2677 3630 2898 3670 carnem
2925 3613 3296 3685 susceperatis
3332 3611 3501 3666 beatos
3527 3602 3635 3658 dice-

2117 3724 2255 3774 rem,
2283 3707 2509 3777 quodin
2552 3707 2724 3762 initiis
2774 3706 3105 3773 fervebatis;
3159 3715 3338 3761 tamen
3384 3715 3508 3756 nunc
3547 3692 3636 3763 quia

2115 3816 2225 3856 non
2260 3799 2418 3855 video
2443 3799 2674 3856 aediﬁcio
2720 3799 2934 3856 culmen
2978 3799 3321 3870 impositum,
3360 3802 3413 3852 et
3433 3804 3548 3865 pene
3572 3798 3638 3840 πει

2114 3892 2408 3964 quidquam
2448 3891 2597 3962 jacta
2624 3891 2963 3958 fundamina,
2997 3907 3172 3965 cogor
3210 3893 3385 3948 dicere
3415 3905 3428 3943 :
3478 3882 3638 3942 Ubicst

2114 3999 2244 4056 ergo
2285 3984 2562 4040 beatitudo
2614 3993 2800 4041 vestra
2819 4024 2836 4050 ,
2885 3999 2992 4054 qua
3032 4000 3137 4041 vos
3186 3985 3373 4039 beatos
3420 3976 3635 4033 arbitrans

2113 4083 2239 4129 ante
2265 4073 2584 4129 laudabam?
2608 4072 2749 4129 Vere
2777 4075 2922 4130 enim
2938 4081 2994 4130 et
3008 4073 3129 4145 ipse
3153 4073 3347 4137 fateor,
3361 4070 3476 4141 quia
3500 4065 3639 4120 sicme

2112 4166 2265 4223 vobis
2290 4165 2515 4222 humilia
2550 4165 2960 4238 praedicantem,
2989 4165 3076 4223 vel
3123 4160 3559 4238 persecutiouibus
3576 4149 3636 4207 af-

430 4258 679 4306 sererent
699 4265 848 4317 eum,
866 4267 934 4306 an
960 4254 1227 4311 charitate
1249 4256 1718 4326 amplecterentur.
1750 4260 1817 4315 Et
1837 4276 2014 4332 neque

2120 4254 2373 4311 llictatum
2412 4256 2468 4311 in
2515 4256 2781 4327 principio
2810 4255 3106 4324 dilexistis,
3151 4264 3215 4312 ut
3258 4255 3304 4311 si
3354 4252 3460 4308 ﬁeri
3501 4250 3638 4320 ροεεει

430 4340 733 4411 sprevistis,
763 4342 953 4413 inquit,
987 4352 1243 4416 tanquam
1270 4348 1515 4406 inutilem
1558 4352 1720 4407 istam
1756 4354 2011 4410 tentatio-
2034 4373 2088 4435 υ
2115 4348 2483 4422 (hyperbolice
2530 4357 2712 4406 autem
2754 4359 2881 4406 sunt
2919 4350 3240 4421 accipienda
3286 4364 3402 4421 qua:
3428 4334 3633 4415 loquitur)

428 4447 578 4498 nem,
606 4446 781 4502 neque
815 4435 1119 4507 respuistis,
1158 4446 1215 4493 ut
1254 4454 1361 4495 non
1393 4441 1745 4511 susciperetis
1769 4458 2011 4499 commu-
2113 4441 2394 4497 eruissetis
2421 4442 2577 4497 vobis
2605 4442 2814 4509 oculos,
2838 4452 2893 4499 et
2924 4444 3080 4511 mihi,
3108 4452 3173 4500 ut
3193 4444 3428 4500 omnium
3451 4446 3639 4494 vestrum

374 4545 381 4551 υ
428 4523 645 4579 nionem
689 4524 916 4595 periculi
965 4528 1092 4582 mei.
1133 4527 1321 4585 Potest
1346 4529 1498 4587 locus
1534 4531 1638 4587 iste
1665 4540 1719 4590 et
1752 4533 1827 4588 ita
1868 4535 2011 4590 edis-
2111 4529 2854 4603 luminibuspluscernerem,
2873 4534 3182 4591 dedissetis.
3199 4532 3467 4606 Optabatis
3488 4526 3637 4599 quillle

428 4614 531 4668 seri
568 4632 581 4667 :
615 4612 841 4681 Quando
863 4619 986 4672 veni
1018 4619 1088 4673 ad
1114 4634 1228 4686 vos,
1268 4637 1378 4676 non
1405 4623 1528 4676 veni
1559 4623 1612 4676 in
1651 4639 1904 4680 sermone
1924 4641 2012 4680 sa-
2110 4637 2208 4678 vos
2239 4637 2412 4678 caecos
2457 4638 2578 4678 esse
2608 4638 2706 4694 per
2753 4624 3077 4681 ineffabilem
3113 4626 3171 4681 in
3221 4641 3308 4681 me
3335 4622 3636 4679 charitatem.

422 4704 666 4776 pientiaa,
694 4704 788 4760 sed
825 4706 988 4762 homo
1014 4708 1236 4764 humilis
1264 4719 1426 4779 atque
1462 4721 1825 4787 cqntemptus,
1872 4714 2009 4772 nihil

418 4807 682 4867 magnum
720 4798 967 4855 deferens
1008 4799 1114 4854 nisi
1158 4800 1498 4857 cruciﬁxum.
1552 4802 1687 4860 Cum
1717 4806 1885 4876 igitur
1920 4822 2009 4864 me

424 4888 687 4944 videretis
716 4890 770 4944 in
799 4905 1027 4960 corpore
1054 4891 1461 4949 inﬁrmitatibus
1484 4893 1717 4951 obnoxio
1744 4899 2008 4953 constitu-

425 4986 543 5032 tum
576 4994 740 5051 regna
785 4979 1027 5035 coelestia
1051 4980 1419 5054 pollicentem,
1447 5000 1556 5040 non
1600 4984 1874 5055 irrisistis,
1904 5004 2008 5045 nec

424 5070 736 5125 aestimastis
789 5070 1010 5142 dignum
1061 5085 1181 5127 esse
1235 5080 1565 5144 contemptu.
1621 5074 2007 5148 lntelligebatis

427 5162 623 5232 quippe
659 5162 1020 5219 humilitatem
1066 5165 1248 5221 carnis
1288 5180 1447 5232 mete,
1487 5177 1544 5224 et
1589 5168 1759 5239 ipsius
1787 5170 2006 5226 habitus

424 5251 706 5320 vilitatem,
731 5253 800 5309 ad
826 5264 1061 5310 vestram
1108 5256 1459 5312 tentationem
1490 5256 1626 5313 ﬁeri.
1650 5258 1734 5312 An
1758 5260 2007 5318 videlicet

426 5345 846 5401 contemneretis
891 5361 1046 5414 eum,
1104 5346 1196 5419 qui
1232 5347 1301 5402 ab
1340 5348 1632 5405 incredulis
1680 5350 2004 5408 miserabilis

424 5433 752 5502 putabatur?
798 5436 903 5492 Sed
947 5454 980 5494 e
1023 5447 1212 5494 contra
1262 5437 1413 5494 illum
1468 5440 1761 5509 humilem,
1806 5442 2000 5510 vilem,

426 5534 592 5591 atque
618 5533 1006 5595 contemptum,
1057 5532 1130 5584 ita
1180 5536 1241 5585 ut
1287 5530 1559 5600 angelum,
1593 5540 1650 5587 et
1688 5532 1811 5604 plus
1838 5548 2001 5605 quam

428 5611 680 5677 angelum
708 5616 1034 5684 suscepistis.
1060 5618 1223 5689 Quod
1251 5627 1429 5675 autem
1454 5621 1530 5676 ait
1567 5640 1579 5675 :
1612 5621 1717 5678 Sed
1745 5623 1878 5677 sicut
1907 5639 2004 5678 an-

2110 4720 2173 4767 ut
2195 4711 2316 4784 plus
2349 4713 2405 4768 in
2429 4729 2553 4769 meo
2576 4713 2739 4769 corde
2767 4715 3033 4786 evangelii
3061 4716 3243 4770 lumen
3270 4714 3504 4769 oriretur.
3518 4706 3639 4761 Emo-

2109 4800 2411 4857 iumentum
2442 4819 2624 4857 meum
2656 4804 2852 4859 vestris
2881 4804 3096 4859 damnis
3128 4819 3377 4860 crescere
3407 4793 3639 4855 volebatis.

2109 4899 2167 4945 et
2186 4891 2289 4945 hoc
2315 4888 2407 4947 illo
2432 4900 2696 4962 tempore,
2722 4908 2831 4962 quo
2867 4893 3022 4949 vobis
3068 4894 3227 4964 quasi
3258 4888 3483 4964 parvulis
3514 4892 3639 4949 atque

2106 4981 2447 5047 lactentibus,
2480 4984 2591 5038 sive
2620 4992 2842 5054 propter
2866 4984 3240 5040 inﬁrmitatem
3272 4982 3446 5039 carnis
3467 4981 3638 5031 vestrte.

2105 5088 2274 5145 parva
2317 5083 2373 5130 et
2423 5059 2650 5129 humilia
2699 5076 3108 5141 annuntiabam,
3147 5075 3266 5132 sive
3309 5080 3514 5144 pmpter
3535 5073 3637 5119 mea

2106 5166 2287 5221 carnis
2338 5166 2565 5234 injurias
2616 5167 2870 5238 indignus
2920 5167 3146 5222 videbar
3195 5164 3321 5221 ﬁde.
3364 5162 3505 5218 Nunc
3538 5165 3639 5250 vel?

2105 5256 2231 5327 quia
2266 5256 2335 5311 ab
2383 5256 2666 5313 elementis
2713 5267 2769 5313 et
2806 5258 3048 5329 syllabis,
3103 5264 3161 5311 et
3213 5255 3436 5311 lectione
3483 5240 3635 5319 puerili

2103 5347 2246 5418 ccepi
2274 5362 2371 5402 vos
2399 5350 2467 5402 ad
2509 5346 2718 5417 majora
2747 5348 2925 5404 studia
2955 5360 3275 5417 provocare,
3306 5351 3365 5404 ut
3398 5340 3545 5395 libros
3570 5340 3632 5385 te-

2102 5439 2279 5494 neatis
2301 5439 2357 5493 in
2384 5439 2656 5507 manibus,
2683 5428 2745 5494 et.
2768 5447 2835 5497 ut.
2853 5438 3015 5510 plena
3033 5435 3352 5493 eruditionis
3374 5442 3425 5487 et
3455 5434 3632 5521 senstltn

2103 5534 2269 5589 verba
2300 5531 2541 5598 discatis,
2571 5532 2948 5597 recalcitratis,
2973 5525 3294 5591 irascimini,
3317 5521 3483 5598 gravis
3506 5513 3631 5609 voltis

2102 5621 2316 5678 videtur
2343 5636 2463 5678 esse
2484 5620 2747 5693 perfectio
2787 5621 3177 5688 doctrinarum,
3208 5625 3263 5673 et
3300 5618 3351 5672 in
3379 5619 3562 5668 tantum
3584 5615 3627 5655 ω
