3924 6170
267 277 374 334 885

1224 273 1477 332 ENABR:
1520 274 1586 330 IN
1626 271 1844 329 EPIST.
1884 274 1947 328 I).
1991 273 2194 329 PAULI
2224 273 2316 326 AD
2354 272 2598 330 GALAT.

3422 269 3526 330 886

261 396 406 450 alios
427 393 617 448 mutati
641 392 774 448 estis
799 392 1044 458 allectus,
1075 401 1135 448 ut
1163 407 1272 459 me,
1303 406 1462 461 quem
1491 389 1647 460 quasi
1672 402 1839 457 ange-
1869 387 1922 446 Α
1946 393 2005 438 ut
2030 386 2310 455 utriusque
2359 383 2690 439 anxietatem
2737 389 2792 435 et
2821 380 3079 450 pietatem
3113 382 3167 436 in
3203 398 3259 438 se
3286 384 3530 451 parentis

267 485 378 538 lum
409 493 465 538 et
489 484 764 540 Christum
812 486 1208 554 susceperatis,
1241 484 1328 538 cui
1368 482 1635 539 volebatis
1661 480 1847 535 oculos

267 575 501 641 tradere,
532 590 676 630 nunc
703 576 951 631 habeatis
974 575 1277 640 inimicum,
1299 575 1425 644 quia
1446 573 1602 628 vobis
1631 571 1845 643 plenam

265 665 528 720 annuntio
575 654 884 721 veritatem.
941 665 1228 735 Eleganter
1284 672 1466 721 autem
1520 661 1845 719 sententiam

265 755 598 822 terminavit,
626 757 814 814 dicens
842 776 855 812 :

335 847 478 918 Ergo
500 850 746 904 inimicus
776 851 917 905 vobis
939 851 1112 921 factus
1133 867 1248 905 sum
1271 851 1541 904 veritatem
1567 848 1745 902 dicens
1762 863 1847 901 vo-

264 941 341 994 bis
360 941 384 993 ?
401 939 527 996 Ilaec
550 951 635 996 est
656 952 851 997 natura
873 943 1119 998 veritatis
1138 985 1152 1009 ,
1172 955 1231 998 ut
1253 957 1374 997 eam
1396 941 1694 996 inimicitiae
1713 955 1843 1016 pro-

261 1038 578 1100 sequantur,
612 1032 754 1086 sicut
787 1047 885 1100 per
915 1031 1281 1088 adulationem
1311 1031 1634 1103 perniciosae
1662 1030 1848 1085 amici-

262 1121 351 1176 tiae
376 1129 810 1190 consequuntur;
851 1121 1082 1176 libenter
1104 1122 1248 1177 enim
1268 1121 1412 1192 quod
1441 1120 1671 1176 delectat
1693 1118 1846 1174 audi-

262 1221 390 1264 tur:
420 1209 643 1266 offendit
684 1226 844 1266 omne
873 1211 1016 1280 quod
1062 1212 1334 1268 nolumus.
1381 1209 1534 1265 Sicut
1562 1218 1618 1266 et
1643 1209 1697 1264 hi
1722 1209 1846 1264 dili-

260 1317 386 1371 gere
414 1312 691 1370 cmperant
714 1302 924 1357 sabbati
956 1302 1148 1368 otium,
1182 1311 1238 1358 et
1263 1302 1380 1357 dies
1410 1300 1694 1365 festorum,
1719 1313 1848 1368 epu-

261 1392 342 1448 las
368 1393 726 1463 praedieantes
752 1401 941 1448 contra
970 1392 1311 1462 Apostolum,
1343 1391 1434 1461 qui
1467 1405 1683 1446 omnem
1711 1405 1844 1445 con-

259 1485 542 1540 tinentiam
581 1501 680 1540 suo
705 1486 937 1540 docebat
967 1485 1235 1554 exemplo.

329 1574 681 1629 Emulantur
722 1593 812 1630 vos
843 1591 947 1630 non
991 1576 1134 1630 bene.
1168 1575 1226 1630 Id
1261 1581 1345 1630 est
1385 1572 1630 1628 invident
1655 1573 1806 1627 vobis
1829 1613 1842 1638 ,

258 1663 352 1734 qui
396 1678 491 1718 vos
532 1666 782 1720 carnales
812 1665 878 1720 de
909 1664 1242 1734 spiritalibus
1274 1663 1461 1721 volunt
1488 1665 1688 1720 facere.
1729 1661 1844 1718 Hoc

1949 485 2264 546 agnoscant.

2019 565 2196 622 Donec
2225 568 2480 638 formetur
2514 567 2750 622 Christus
2785 567 2839 620 in
2870 566 3027 619 vobis.
3063 565 3348 620 Formatur
3384 567 3529 621 enim

1947 657 2194 714 Christus
2222 659 2276 712 in
2302 672 2388 723 eo,
2414 658 2503 728 qui
2536 657 2765 712 formam
2791 655 3000 726 accepit
3019 654 3242 710 Christi.
3276 654 3531 710 Formam

1947 759 2128 807 autem
2172 751 2370 820 accipit
2412 751 2638 815 Christi,
2676 750 2769 819 qui
2816 748 3058 803 adhaeret
3101 747 3339 814 Christo,
3393 749 3530 804 dile-

1946 845 2127 898 ctione
2158 841 2408 912 spiritali.
2460 841 2538 895 Ex
2566 842 2670 896 hoc
2701 841 2848 894 enim
2878 840 2961 904 fit,
2991 847 3050 892 ut
3084 837 3200 906 ejus
3232 839 3532 904 imitatione

1947 933 2018 988 sit
2047 933 2192 1003 quod
2225 933 2334 997 ille,
2363 947 2626 1002 quantum
2657 933 2828 1003 gradu
2865 947 2964 986 suo
3003 931 3218 985 sinitur.
3253 931 3354 998 Qui
3385 931 3532 986 enim

1947 1023 2080 1080 dicit
2106 1041 2166 1080 se
2195 1026 2247 1079 in
2273 1025 2493 1081 Christo
2521 1024 2620 1096 (ait
2646 1023 2906 1093 Joannes)
2937 1039 3178 1091 manere,
3207 1024 3368 1080 debet
3397 1040 3532 1095 quo-

1947 1115 2107 1170 modo
2133 1115 2222 1170 ille
2249 1115 2565 1181 ambulavit,
2599 1123 2653 1170 et
2681 1115 2796 1185 ipse
2821 1115 3119 1170 ambulare.
3153 1114 3261 1170 Sed
3287 1131 3414 1171 cum
3441 1117 3535 1170 ho-

1948 1204 2121 1259 mines
2168 1220 2197 1258 a
2237 1205 2505 1260 matribus
2539 1205 2934 1274 concipiantur,
2979 1213 3038 1260 ut
3071 1204 3397 1273 formentur,
3418 1205 3531 1275 jam

1948 1297 2164 1354 formati
2215 1307 2397 1354 autem
2444 1300 2841 1370 parturiantur,
2887 1307 2948 1353 ut
2989 1306 3306 1364 nascantur,
3355 1307 3535 1369 potest

1947 1406 2166 1448 movere
2205 1393 2350 1462 quod
2386 1393 2589 1447 dictum
2636 1400 2740 1457 est,
2769 1407 2906 1462 quos
2937 1392 3133 1447 iterum
3166 1392 3413 1463 parturio
3440 1393 3533 1447 do—

1946 1498 2046 1540 nec
2083 1481 2328 1538 Christus
2365 1483 2630 1539 formetur
2673 1484 2727 1538 in
2758 1483 2929 1547 vobis,
2970 1483 3074 1538 nisi
3113 1484 3530 1553 parturitionem

1947 1572 2091 1628 hanc
2119 1588 2219 1642 pro
2249 1589 2507 1630 curarum
2544 1574 2838 1644 angoribus
2877 1574 3110 1643 positam
3148 1573 3532 1645 intelligamus,

1946 1661 2142 1730 quibus
2183 1675 2280 1717 eos
2325 1662 2637 1733 parturivit,
2691 1671 2754 1718 ut
2799 1670 3160 1718 nascerentur
3212 1663 3268 1717 in
3293 1663 3532 1718 Christo.

257 1733 343 1810 est
365 1755 688 1810 aemulantur
717 1772 825 1811 non
847 1733 1008 1822 bene,
1047 1755 1248 1811 invidia
1274 1753 1584 1811 Iudaeorum
1620 1753 1845 1810 subver-
1871 1733 1920 1793 Β
1947 1751 2016 1807 Et
2041 1752 2239 1808 iterum
2269 1753 2504 1824 parturit
2531 1761 2753 1826 propter
2783 1754 3025 1825 pericula
3058 1753 3394 1810 seductionis
3419 1754 3537 1823 qui-

257 1858 348 1900 sos
371 1858 467 1900 eos
493 1845 778 1917 signiﬁcat.
816 1845 1069 1901 Videntes
1090 1846 1236 1902 enim
1261 1845 1342 1902 sic
1360 1846 1480 1902 illos
1501 1845 1766 1918 proﬁcere
1787 1847 1844 1902 in

257 1934 571 2007 Evangelio,
615 1944 670 1991 et
694 1944 900 1992 tantam
947 1937 1151 1994 habere
1173 1938 1499 1994 eharitatem
1535 1939 1589 1994 in
1613 1938 1845 2008 Aposto-

257 2024 368 2080 lum
417 2026 470 2081 id
508 2035 758 2097 egerunt,
807 2036 1078 2098 quatenus
1123 2027 1245 2084 illos
1287 2028 1620 2099 deciperent.
1674 2027 1846 2084 Erant

255 2115 399 2169 enim
431 2115 565 2186 legis
604 2131 768 2172 causa
803 2116 1061 2186 Apostolo
1099 2117 1325 2184 inimici,
1374 2126 1435 2173 ut
1461 2127 1718 2174 manente
1744 2134 1843 2173 no-

254 2205 398 2260 mine
431 2205 754 2270 Salvatoris,
786 2207 1030 2264 facerent
1058 2223 1154 2264 eos
1179 2208 1421 2275 Iudaeos,
1455 2211 1753 2282 gaudentes
1787 2213 1843 2267 in

250 2299 534 2353 eversione
565 2314 773 2354 eorum.
805 2298 920 2353 Non
955 2300 1101 2353 enim
1126 2301 1494 2368 patiebantur,
1523 2307 1583 2354 ut
1610 2302 1844 2371 gratiam

249 2387 578 2456 promissam
611 2387 861 2440 audirent
906 2387 1304 2441 incircumcisis
1349 2389 1602 2453 gentibus
1635 2389 1841 2444 datam.

251 2480 378 2533 Lieo
427 2479 728 2533 imitatores
759 2495 886 2540 suos
928 2481 1048 2535 illos
1077 2481 1364 2535 voluerunt
1405 2481 1520 2536 ﬁeri
1593 2490 1653 2536 ut
1694 2499 1846 2539 more

252 2582 440 2622 eorum
473 2569 1014 2624 circumciderenlur.

323 2658 430 2712 Sed
452 2659 747 2725 excludere,
781 2661 970 2731 inquit,
1003 2678 1089 2715 vos
1130 2660 1308 2717 volunt
1336 2678 1354 2716 :
1384 2672 1440 2716 ut
1471 2663 1592 2717 illos
1631 2663 1846 2718 temule-

251 2749 397 2802 mini.
433 2748 546 2804 Hoc
569 2759 675 2816 est,
723 2752 1029 2807 imitemini.
1060 2754 1361 2821 Quomodo,
1394 2756 1496 2810 nisi
1526 2763 1584 2810 ut
1613 2757 1844 2812 servitu-

250 2844 324 2897 tis
347 2841 480 2914 jugo
505 2845 875 2911 detineamini,
905 2848 1045 2902 sicut
1074 2848 1176 2918 ipsi
1204 2847 1549 2903 detinentur?
1577 2849 1845 2920 Loquitur

251 2935 432 3003 itaque
463 2934 689 3000 Calatis,
717 2938 808 3006 qui
840 2938 910 2992 ab
936 2940 1298 2994 assertoribus
1323 2939 1458 3010 legis
1494 2939 1704 2995 inducti
1729 2940 1846 2996 fue-

249 3033 392 3088 rant,
423 3034 480 3078 ut
504 3041 598 3082 eos
625 3026 990 3103 imitarentur,
1019 3045 1142 3083 cum
1176 3029 1250 3083 illi
1282 3029 1463 3098 potius
1495 3027 1717 3085 Galatas
1741 3031 1838 3085 de-

247 3119 466 3172 buerint
497 3119 699 3173 imitari
727 3137 739 3172 :
775 3120 902 3188 quia
933 3122 1177 3175 naturale
1205 3131 1307 3186 est,
1342 3119 1607 3190 majorem
1637 3123 1703 3176 de
1732 3123 1838 3176 mi-

247 3212 387 3274 nori,
416 3228 523 3266 non
555 3213 818 3266 minorem
851 3213 967 3268 ﬁeri
1001 3216 1066 3269 de
1101 3214 1326 3284 majore.

322 3304 523 3358 Bonum
571 3305 890 3359 a'mulemini
933 3308 987 3361 in
1023 3308 1155 3362 bono
1199 3326 1420 3380 semper.
1469 3311 1526 3364 Id
1559 3321 1642 3367 est
1672 3313 1837 3368 nolite

247 3405 552 3450 assertores
601 3395 839 3451 Judaieze
893 3398 1288 3456 observationis
1351 3401 1576 3467 imitari,
1628 3405 1722 3458 sed
1772 3420 1836 3460 ea

242 3504 367 3557 qum
398 3489 538 3543 bena
567 3497 694 3543 sunt
726 3490 1034 3544 imitemini.
1067 3491 1347 3558 Quomodo
1391 3494 1538 3548 enim
1580 3495 1674 3564 qui
1701 3495 1838 3549 divi-

244 3580 373 3642 tias,
409 3579 728 3647 potentiam,
779 3580 1115 3650 dignitatem,
1161 3581 1391 3650 alicujus
1421 3583 1684 3649 imitatur,
1728 3601 1835 3638 non

243 3681 358 3725 tam
402 3671 572 3736 bona,
607 3687 772 3741 quam
809 3687 874 3725 ea
912 3686 1032 3740 qua:
1073 3671 1324 3742 fugienda
1349 3680 1494 3737 sunt,
1519 3673 1832 3728 aemulatur:

243 3763 321 3816 ita
351 3773 405 3817 et
433 3779 529 3818 vos
577 3779 607 3817 e
655 3765 935 3818 contrario
973 3764 1174 3818 bonum
1204 3763 1530 3818 :emulcmini
1563 3765 1617 3818 in
1657 3765 1832 3831 bono,

243 3856 422 3925 magis
455 3863 764 3924 qumrentes
791 3855 1078 3925 spiritalia,
1110 3871 1270 3924 quam
1301 3854 1543 3909 carnalia
1591 3873 1603 3908 :
1639 3863 1696 3909 ut
1727 3871 1834 3910 non

242 3945 320 4000 illi
357 3960 454 4000 vos
475 3945 712 4013 Judzcos,
743 3947 839 4001 sed
861 3962 958 4001 vos
990 3945 1110 4001 illos
1136 3947 1478 4002 Christianos
1500 3961 1621 4002 esse
1642 3946 1835 4002 docea-

242 4039 335 4092 tis.
377 4037 489 4094 Hoc
519 4049 698 4094 autem
728 4039 890 4095 facite
918 4055 1161 4109 semper,
1187 4047 1247 4095 ut
1270 4039 1640 4109 perseveranti
1665 4041 1834 4111 gradu

239 4128 310 4182 ad
349 4129 506 4183 ﬁnem
537 4130 660 4184 boni
691 4132 872 4201 operis
894 4132 1180 4200 pervenire
1210 4131 1451 4202 possitis.
1485 4129 1835 4187 Emulemini

239 4220 510 4290 siquidem
534 4221 732 4275 bonum
764 4223 815 4276 in
845 4221 1006 4286 bono,
1041 4232 1097 4276 ut
1129 4223 1279 4292 prius
1309 4238 1430 4277 cum
1462 4225 1604 4294 apud
1631 4240 1727 4280 vos
1749 4240 1834 4280 es-

239 4323 384 4373 sem,
403 4309 789 4378 quipostquam
818 4326 849 4364 a
876 4312 1030 4366 vobis
1057 4312 1278 4377 recessi,
1296 4313 1477 4366 omnia
1511 4329 1632 4383 quae
1657 4315 1834 4369 credi-

1867 3081 1914 3146 Ο

1945 1841 2048 1899 bus
2073 1858 2171 1899 eos
2209 1844 2524 1900 conturbari
2554 1845 2722 1912 videt,
2770 1845 3076 1901 sollicitudo
3105 1853 3288 1902 autem
3331 1845 3444 1912 illa,
3480 1857 3537 1902 et

1945 1949 2077 1991 cura
2114 1934 2183 1990 de
2211 1934 2337 2002 illis,
2369 1935 2498 2006 quia
2540 1951 2600 1991 se
2636 1935 3034 2006 quodammodo
3073 1938 3350 2007 parturire
3381 1939 3529 2004 dicit,

1944 2032 2057 2079 tam
2082 2023 2174 2080 diu
2195 2038 2318 2080 esse
2343 2025 2566 2095 poterit,
2596 2025 2767 2082 donec
2791 2027 3112 2097 perveniant
3140 2027 3194 2083 in
3223 2043 3532 2084 mensuram

1943 2114 2121 2169 aetatis
2159 2113 2512 2184 plenitudinis
2538 2114 2764 2182 Christi,
2806 2126 2868 2172 ut
2901 2118 3016 2187 jam
3056 2133 3166 2174 non
3212 2130 3533 2176 moveantur

1943 2205 2094 2260 omni
2131 2215 2300 2263 vento
2334 2206 2617 2264 doctrinas.
2658 2207 2776 2264 Non
2811 2223 2942 2280 ergo
2970 2219 3194 2281 propter
3230 2211 3444 2266 initium
3479 2215 3534 2264 tE-

1947 2295 2052 2361 dei,
2080 2297 2339 2364 quoniam
2371 2298 2486 2353 nati
2525 2307 2704 2366 erant,
2727 2300 2823 2355 sed
2855 2309 3078 2371 prepter
3116 2303 3303 2366 robur,
3326 2311 3380 2358 et
3403 2318 3532 2372 per—

1946 2385 2239 2443 fectionem
2277 2389 2481 2443 dictum
2519 2398 2635 2456 est,
2679 2392 2851 2445 donec
2889 2389 3155 2446 formetur
3189 2391 3438 2447 Christus
3478 2395 3534 2448 in

1946 2476 2121 2532 vobis.
2165 2476 2294 2532 Sive
2329 2477 2508 2544 aliter,
2540 2479 2810 2534 formatur
2837 2479 3090 2534 Christus
3127 2482 3181 2535 in
3212 2482 3376 2537 corde
3417 2498 3535 2537 cre-

1945 2565 2223 2632 dentium,
2266 2583 2392 2622 cum
2433 2568 2617 2624 omnia
2670 2568 2778 2624 illis
2817 2579 3162 2625 sacramenta
3206 2572 3534 2641 panduntur,

1946 2666 2004 2712 et
2026 2673 2090 2712 ea
2115 2673 2237 2728 quae
2271 2659 2506 2714 obscura
2530 2659 2877 2727 videbantur,
2907 2662 3196 2732 perspicua
3232 2662 3386 2718 ﬁunt.

2031 2749 2226 2806 Vellem
2270 2760 2446 2806 autem
2493 2768 2603 2807 esse
2643 2752 2786 2822 apud
2833 2769 2953 2819 vos,
3015 2762 3066 2807 et
3108 2763 3314 2808 mutare
3363 2771 3534 2810 vocem

1947 2862 2139 2913 meam,
2167 2847 2419 2918 quoniam
2455 2845 2754 2915 confundor
2792 2845 2848 2900 in
2885 2846 3051 2900 vobis.
3097 2845 3238 2913 Quid
3271 2847 3415 2901 aliud
3452 2848 3534 2902 iu-

1948 2937 2239 3008 telligatur,
2279 2938 2384 2992 nisi
2421 2937 2547 3007 quia
2590 2935 2784 2991 ﬁliolos
2828 2951 2955 2992 suos
2992 2953 3113 2993 esse
3153 2937 3383 3003 dixerat,
3408 2955 3532 3009 par-
3602 2996 3610 3005 _

1951 3043 2082 3084 cens
2119 3028 2221 3094 eis,
2268 3028 2500 3085 fortasse
2541 3043 2610 3084 ne
2655 3027 2927 3084 severiore
2973 3029 3344 3100 objurgatione
3385 3045 3532 3085 com-

1947 3119 2082 3174 moti
2119 3119 2278 3175 facile
2313 3119 2367 3173 in
2395 3119 2478 3174 eis
2517 3118 2700 3174 odium
2741 3119 3124 3174 traduceretur
3172 3136 3202 3173 a
3230 3119 3531 3190 deceptori-

1939 3211 2043 3266 bus
2079 3210 2206 3276 illis,
2253 3210 2456 3281 quibus
2491 3208 2690 3266 absens
2735 3225 2842 3266 non
2883 3218 3068 3280 posset
3108 3211 3385 3280 resistere,
3420 3229 3528 3268 non

1939 3303 2116 3358 video.
2171 3302 2366 3358 Vellem
2389 3320 2535 3373 ergo,
2563 3319 2701 3357 nunc
2729 3301 2914 3358 adesse
2935 3304 3078 3374 apud
3107 3321 3218 3371 vos,
3248 3314 3296 3359 et
3325 3314 3529 3359 ututure

1939 3412 2110 3450 vocem
2143 3412 2338 3462 meam,
2373 3395 2425 3450 id
2459 3402 2560 3459 est,
2594 3411 2795 3466 negare
2830 3411 2925 3451 vos
2959 3395 3117 3464 ﬁlios,
3140 3397 3267 3468 quia
3304 3397 3529 3452 confun-

1938 3488 2036 3542 dor
2074 3487 2128 3541 in
2167 3487 2338 3543 vobis.
2387 3487 2556 3544 Malos
2587 3489 2733 3544 enim
2781 3488 2940 3554 ﬁlios,
2978 3505 3046 3544 ne
3098 3490 3165 3544 de
3202 3491 3288 3545 his
3331 3493 3529 3547 erube-

1937 3589 2111 3646 scant,
2135 3581 2299 3636 etiam
2331 3590 2586 3650 parentes
2617 3581 2876 3638 abdicare
2906 3582 3102 3648 solent,
3135 3583 3259 3651 quia
3291 3583 3529 3637 scribere

1938 3677 2090 3725 tanta
2128 3688 2236 3727 non
2287 3687 2534 3741 possum,
2581 3681 2784 3741 quanta
2836 3687 2930 3727 vos
2976 3672 3164 3727 audire
3209 3673 3523 3738 moremini;

1937 3763 2194 3830 quoniam
2225 3763 2454 3832 epistola
2489 3779 2596 3818 non
2635 3772 2815 3832 potest
2845 3778 3034 3819 vocem
3062 3762 3398 3837 objurgantis
3433 3782 3528 3820 ex-

1937 3851 2192 3920 primere.
2244 3851 2362 3907 Non
2398 3852 2542 3906 valet
2579 3853 2868 3909 irascentis
2909 3869 3167 3912 resonare
3209 3857 3524 3926 clamorem,

1938 3951 1995 3996 et
2023 3941 2265 3997 dolorem
2295 3944 2535 4012 pectoris
2567 3943 2813 4014 apicibus
2855 3937 3175 4016 explicare':
3202 3949 3326 4017 quia
3355 3949 3523 4004 detri-

1937 4041 2180 4087 mentum
2239 4033 2629 4104 discipulorum
2679 4035 2925 4093 confusio
2963 4046 3016 4092 et
3052 4041 3401 4110 opprobrium
3444 4052 3528 4098 est

1938 4122 2206 4193 magistri,
2251 4125 2392 4180 sicut
2432 4123 2709 4194 profectus
2749 4143 2940 4184 eorum
2981 4130 3154 4200 gloria
3194 4141 3278 4188 est
3316 4147 3524 4202 praece-

1936 4213 2128 4283 ptoris.
2163 4213 2526 4271 Confunditur
2561 4229 2691 4288 ergo
2729 4218 2786 4272 in
2825 4219 2926 4285 eis,
2954 4221 3078 4290 quia
3105 4219 3218 4290 jam
3248 4222 3341 4278 filii
3372 4223 3522 4290 facti,

1937 4306 2081 4360 servi
2110 4321 2234 4362 esse
2258 4307 2556 4364 desierant.

240 4399 430 4453 deram
476 4399 808 4470 perdidistis,
861 4401 928 4455 de
975 4401 1211 4456 statione
1238 4411 1389 4456 certa
1439 4411 1494 4456 et
1537 4403 1645 4458 ﬁdo
1672 4412 1830 4472 portu
1859 4431 1919 4492 Β
2009 4395 2179 4452 Dicite
2217 4399 2376 4465 mihi.
2420 4401 2511 4471 qui
2554 4400 2650 4456 sub
2691 4401 2801 4473 lege
2841 4402 2996 4457 vultis
3035 4421 3173 4470 esse,
3215 4406 3377 4476 legem
3420 4424 3524 4462 non

241 4506 460 4545 rursum
492 4492 546 4545 in
577 4491 743 4545 altmn
777 4493 918 4546 unda
961 4482 1236 4547 relabente
1266 4495 1552 4577 subtracti.
1583 4495 1694 4550 Nec
1737 4497 1834 4551 mi-

245 4595 393 4645 rum,
427 4581 472 4633 si
528 4581 813 4638 recedente
841 4579 1132 4651 Apostolo,
1164 4597 1293 4636 vase
1339 4583 1637 4650 electionis,
1687 4593 1742 4638 et
1781 4587 1835 4640 in

237 4685 352 4739 quo
381 4670 631 4726 Christus
661 4672 920 4726 Dominus
949 4671 1292 4742 loquebatur,
1321 4672 1528 4729 Galatas
1558 4683 1686 4730 sunt
1710 4691 1832 4730 mu-

239 4758 343 4812 tati
379 4766 499 4814 cuin
531 4761 694 4815 etiam
722 4776 862 4816 nunc
890 4776 1178 4816 cernamus
1203 4763 1257 4816 in
1287 4763 1544 4819 Ecclesiis
1570 4765 1623 4819 id
1655 4766 1831 4835 ipsum

240 4855 383 4908 ﬁeri.
423 4855 617 4910 Volens
660 4857 825 4927 igitur
871 4856 1070 4912 Paulus
1114 4859 1402 4914 ostendere
1447 4859 1826 4930 magistrorum

239 4959 342 5013 pro
391 4944 668 5014 discipulis
714 4946 1160 5013 sollicitudinem,
1201 4965 1339 5019 quos
1379 4950 1654 5020 patiantur
1698 4951 1828 5008 affe-

238 5045 395 5100 ctus,
429 5053 496 5092 ne
536 5046 836 5094 sectatores
859 5041 940 5095 sui
967 5040 1221 5096 excidant
1243 5057 1275 5095 a
1299 5041 1492 5106 salute,
1524 5043 1638 5097 ait:

308 5125 495 5182 Filioli
523 5128 648 5193 mei,
673 5145 803 5198 quos
830 5130 1019 5184 iterum
1045 5132 1305 5202 parturio.
1336 5131 1439 5187 Per
1472 5132 1824 5204 Evangelium

239 5223 298 5277 in
332 5219 508 5273 lucem
544 5219 822 5289 producti,
862 5228 916 5274 et
943 5235 1040 5289 per
1074 5222 1376 5279 doctrinam
1407 5223 1598 5292 geniti,
1627 5225 1823 5282 iterum

244 5326 330 5365 me
370 5310 613 5366 dolorem
649 5311 920 5366 sustinere
962 5311 1187 5378 fecistis,
1227 5314 1465 5369 ostendit
1512 5331 1609 5384 per
1652 5317 1828 5385 pceni-

243 5400 470 5454 tentiam
511 5415 606 5456 eos
649 5417 810 5472 posse
846 5404 1078 5457 renasci.
1131 5404 1232 5470 Qui
1261 5406 1404 5458 enim
1445 5406 1496 5460 in
1543 5406 1648 5460 alio
1684 5406 1821 5473 loco,

241 5491 399 5562 quasi
426 5502 581 5562 pater
613 5495 826 5550 dixerat
858 5512 870 5547 :
915 5493 976 5550 Si
1002 5495 1175 5549 decem
1213 5495 1381 5550 millia
1419 5497 1825 5567 predugogorum

243 5585 478 5639 habeatis
501 5586 555 5639 in
575 5582 806 5651 Christo,
837 5588 927 5641 sed
953 5605 1054 5641 non
1084 5585 1272 5641 multos
1293 5599 1466 5659 putres
1507 5589 1552 5659 (I
1580 5589 1702 5643 Cor.
1731 5592 1824 5660 tv),

238 5674 351 5744 jam
380 5691 485 5729 non
509 5679 660 5749 quasi
685 5687 858 5750 pater,
886 5680 978 5735 sed
999 5688 1053 5734 ut
1070 5688 1236 5734 mater
1260 5679 1495 5750 loquitur
1521 5683 1574 5736 in
1591 5681 1823 5750 Christo,

1937 4489 2204 4544 audistis?
2234 4489 2540 4548 Notandum
2569 4493 2744 4564 legem
2770 4495 2860 4549 hic
2887 4497 3088 4550 dictam
3112 4513 3234 4552 esse
3248 4499 3522 4556 Geneseos

1939 4581 2243 4648 historiam,
2272 4599 2379 4640 non
2408 4593 2468 4640 ut
2490 4585 2652 4657 vulgo
2673 4587 2945 4642 aestimant
2970 4604 3090 4658 qua:
3117 4589 3362 4646 facienda
3390 4593 3518 4659 sint,

1935 4687 2124 4741 quasve
2147 4675 2389 4742 vitanda,
2421 4678 2515 4734 sed
2549 4685 2723 4736 totum
2759 4680 2902 4749 quod
2933 4683 2998 4736 de
3021 4681 3296 4738 Abraham
3323 4693 3378 4740 et
3407 4684 3521 4754 ejus

1936 4767 2198 4824 uxoribus
2249 4768 2542 4840 liberisque
2589 4773 2918 4836 contexitur,
2970 4774 3140 4846 legem
3172 4777 3514 4846 appellatam.

1935 4855 2192 4928 Legimus
2224 4868 2282 4914 et
2327 4861 2382 4916 in
2425 4862 2533 4917 alio
2577 4862 2697 4918 loco
2743 4865 3039 4936 prophetas
3085 4881 3300 4936 quoque
3345 4869 3514 4940 legem

1936 4949 2141 5003 vocari.
2189 4950 2355 5006 Audit
2402 4964 2546 5024 ergo"
2582 4953 2775 5024 legem,
2827 4955 2919 5025 qui
2954 4957 3106 5026 juxta
3143 4957 3367 5013 Paulum
3412 4977 3515 5015 non

1933 5041 2300 5110 superﬁciem,
2344 5045 2440 5100 sed
2480 5044 2536 5099 in
2573 5045 2860 5100 medullam
2895 5049 3013 5118 ejus
3043 5049 3363 5120 introspicit.
3401 5050 3516 5107 Non

1933 5133 2085 5187 audit
2120 5133 2318 5206 legem,
2352 5134 2445 5205 qui
2481 5136 2674 5192 similis
2703 5136 2914 5194 G:.atis
2947 5140 3276 5196 exteriorem
3305 5149 3513 5198 tantum

1933 5227 2192 5282 corticem
2222 5227 2485 5296 sequitur.

2001 5318 2267 5389 Scriptum
2309 5332 2383 5375 est
2418 5323 2577 5388 enim,
2602 5323 2854 5393 quoniam
2897 5324 3164 5380 Abraham
3208 5329 3339 5384 duos
3370 5327 3513 5398 ﬁlios

1929 5409 2110 5463 habuit
2136 5425 2153 5462 :
2177 5427 2339 5464 unum
2363 5415 2429 5466 de
2457 5411 2674 5479 ancilla,
2703 5420 2753 5467 et
2780 5430 2943 5467 unum
2970 5416 3036 5469 de
3064 5416 3247 5471 libera.
3274 5419 3350 5475 De
3373 5420 3512 5477 duo-

1928 5503 2030 5558 bus
2079 5503 2202 5558 ﬁliis
2249 5503 2484 5560 Abrahm
2534 5505 2680 5576 quod
2732 5506 2902 5572 dicit,
2955 5507 3114 5564 facile
3174 5511 3506 5581 intelligitur.

1931 5595 2067 5648 Nam
2111 5609 2164 5650 et
2205 5597 2319 5666 ipse
2351 5597 2642 5668 Apostolus
2690 5600 3078 5672 interpretatur
3126 5607 3263 5660 hanc
3310 5606 3512 5678 allego--

1930 5687 2085 5741 riam.
2127 5687 2227 5742 Per
2258 5690 2357 5744 hos
2383 5689 2527 5745 enim
2557 5690 2692 5746 duos
2720 5691 2856 5748 ﬁlios
2884 5694 3156 5752 Abraham
3188 5699 3292 5756 duo
3331 5709 3501 5756 testa-
