1961 3090
239 125 290 154 887

771 120 907 149 CLAUDII
929 117 1157 146 TAURINENSIS
1177 117 1329 146 EPISCOPI
1786 125 1827 154 333

237 188 329 212 menta
349 181 498 217 signiﬁcata
517 184 589 207 sunt.
618 179 680 205 Post
701 182 814 205 mortem
834 181 924 204 autem
939 176 1024 208 Sat-ae,
1040 177 1065 205 A
1078 175 1291 209 expositionibus
1317 175 1476 202 delectatur.
1500 175 1607 208 Quando
1630 184 1689 205 vero
1710 179 1740 206 ad
1764 182 1828 209 subli-

238 239 307 265 quos
321 230 354 257 de
368 229 420 256 alia
443 234 526 254 uxore
549 226 649 260 genuit,
673 232 726 251 non
750 224 885 259 pertinent
902 224 935 250 ad
957 224 1026 250 hanc

239 274 471 311 signiﬁcationem.
491 271 524 298 Et
541 271 601 298 ideo
622 270 698 297 multi
721 270 840 304 legentes
857 269 1023 304 Apostolum,

239 321 336 347 librum
361 322 451 345 autem
474 316 610 344 Gencseos
637 316 808 350 ignorantes.
833 319 930 349 putant
955 314 1027 341 solos

239 366 306 392 duos
322 363 392 391 ﬁlios
407 363 534 390 habuisse
549 362 696 389 Abraham.
717 360 771 388 Hos
785 369 851 396 ergo
863 360 935 387 solos
953 367 1027 387 com-

239 414 372 438 memorat
384 409 538 444 Apostolus,
555 410 617 443 quia
635 409 706 436 solos
720 408 808 434 adhuc
822 407 949 439 habebat,
964 415 1026 434 cum

239 457 296 484 lirec
322 456 559 491 signiﬁcarentur,
588 462 649 489 qua:
681 457 878 487 consequenter
906 452 1025 487 exponit.

238 501 315 535 Quod
333 501 376 528 ille
393 500 425 528 de
439 500 546 531 ancilla,
561 507 621 534 qure
636 499 708 534 Agar
721 499 878 530 vocabatur,
892 501 971 525 vetus
988 501 1028 524 te-

238 550 402 574 stamentum
422 545 565 580 signiﬁcat,
582 544 609 572 id
622 548 665 571 est
683 543 810 578 populum
832 543 931 570 veteris
946 547 1027 570 testa-

240 592 334 624 menti,
347 595 457 626 propter
467 590 562 625 jugum
578 589 676 617 servile
697 589 845 616 carnalium
861 588 1028 616 observatio-

239 646 314 670 num,
329 641 356 665 et
369 637 502 672 promissa
529 641 645 668 terrena,
673 635 770 670 quibus
794 634 902 665 irretiti,
917 637 945 662 et
968 642 1028 668 qua:

240 684 423 712 tantummodo
442 687 582 718 sperantes
598 683 631 709 de
645 682 710 714 Deo,
729 689 782 709 non
802 681 981 708 admittuntur
993 681 1028 708 ad

239 730 424 758 [nereditatem
450 729 600 764 spiritalem
627 727 746 755 cuzlestis
773 726 939 762 patrimonii.
968 725 1027 753 Non

239 782 329 804 autem
347 775 444 804 sufficit
462 775 534 809 quod
553 775 586 801 de
603 774 686 801 libera
700 781 785 800 uxore
801 776 880 799 natus
895 775 936 800 est
951 771 1028 799 Isaac

239 824 273 850 ad
305 822 510 857 signiﬁcandum
533 820 659 855 populum
687 819 822 846 haeredem
847 818 909 846 novi
944 822 1027 845 testa-

239 869 343 897 menti:
363 867 409 895 sed
425 867 484 902 plus
502 868 545 893 hic
561 867 629 892 valet
649 866 719 900 quod
743 865 891 891 secundum
913 864 1025 899 promis-

240 915 343 942 sionem
358 917 437 940 natus
449 917 500 939 est.
518 912 562 939 llic
576 917 666 938 autem
679 915 706 938 et
721 911 754 938 de
767 911 875 942 ancilla,
890 914 917 937 et
930 917 1029 937 secun-

241 962 304 987 dum
321 966 430 986 carnem
445 967 451 984 ε
468 958 543 984 Sicut
564 962 590 983 et
603 957 731 988 Cethura,
746 964 825 987 quam
844 960 936 990 postea
953 955 1030 982 duxit

241 1006 389 1037 Abraham,
404 1012 456 1031 non
473 1004 619 1030 secundum
634 1002 851 1037 promissionem,
869 1001 914 1027 sed
934 1007 1030 1027 secun-

241 1053 304 1079 dum
320 1058 429 1079 carnem
447 1050 565 1084 suscepit
580 1049 659 1075 ﬁlius.
685 1048 760 1074 Isaac
770 1047 847 1073 enim
870 1046 1031 1073 mirabiliter

242 1102 321 1124 natus
340 1101 382 1124 est
394 1103 443 1132 per
461 1094 708 1130 rcpromissionem,
730 1100 792 1120 cum
811 1092 890 1119 ambo
903 1095 1030 1126 parentes

241 1143 403 1170 scnuissent.
435 1141 510 1174 Quod
534 1140 557 1167 si
579 1140 641 1166 data
664 1146 713 1173 per
738 1138 897 1173 Apostolum
920 1137 1028 1169 ﬁducia,

242 1195 293 1222 qua
318 1187 385 1214 duos
406 1186 466 1213 illos
493 1185 635 1220 allegorice
666 1183 837 1218 accipiendos
860 1182 1032 1217 apertissime

241 1231 369 1262 ostendit,
384 1229 500 1257 voluerit
513 1229 610 1263 aliquis
622 1228 703 1255 etiam
717 1227 841 1254 (Zethum:
855 1226 924 1254 ﬁlios
939 1227 967 1254 in
983 1226 1032 1253 ali-

240 1285 292 1313 qua
312 1284 404 1305 rerum
418 1276 503 1311 ﬁgura
523 1274 676 1302 futurarum
695 1273 829 1308 inspicere
846 1272 915 1308 (Non
929 1271 1031 1300 frustra

241 1325 274 1351 de
290 1322 389 1350 talibus
403 1321 535 1357 personis,
551 1319 784 1347 administratione
800 1318 917 1352 Spiritus
932 1318 1029 1350 sancti,

208 1402 214 1404 Α
241 1370 298 1396 Ιιωε
312 1372 387 1403 gesta
405 1359 565 1401 conscripta.
579 1366 651 1399 sunt)
672 1365 791 1391 inveniet
812 1363 928 1391 fortasse
945 1364 1033 1391 haere-

241 1421 286 1441 ses
304 1417 332 1440 et
351 1413 497 1440 schismata
513 1409 678 1446 signiﬁcari:
699 1409 762 1444 quia
791 1409 809 1436 ii
829 1408 876 1435 ﬁlii
892 1408 926 1435 de
946 1408 1032 1435 libera

242 1460 360 1494 quidem,
373 1459 443 1486 sicut
461 1457 506 1484 isti
521 1457 555 1484 de
567 1456 688 1484 Ecclesia
713 1456 760 1483 sed
774 1460 863 1482 tamen
882 1454 1031 1482 secundum

243 1512 352 1532 carnem
366 1504 422 1532 nati
436 1507 507 1531 sunt.

279 1550 330 1577 Sed
349 1549 393 1584 qui
413 1549 445 1575 de
462 1547 573 1580 ancilla,
594 1547 738 1573 secundum
758 1554 864 1573 carnem
883 1551 959 1573 nutus
974 1551 1029 1573 est:

244 1596 297 1629 Qui
311 1601 397 1622 autem
411 1595 442 1621 de
455 1594 535 1620 libera
546 1602 591 1628 per
604 1592 840 1628 repromissionem.
854 1592 949 1619 Nimia!
963 1592 1032 1619 dill‘i-

243 1641 352 1669 cultatis
368 1644 409 1667 est
428 1641 612 1667 demonstrare
632 1638 706 1666 lsaac
724 1642 838 1670 tantum,
854 1638 899 1672 qui
914 1637 948 1665 de
962 1637 1030 1665 Sara

244 1691 322 1714 natus
342 1690 392 1718 est,
413 1685 496 1712 fuisse
517 1685 549 1712 de
572 1684 783 1719 repromissione
803 1679 982 1719 geueratumé
1003 1687 1031 1711 et

244 1740 296 1761 non
321 1732 402 1759 etiam
431 1730 538 1763 Ismael,
561 1731 606 1765 qui
629 1730 662 1757 de
684 1729 757 1764 Agar
781 1729 877 1756 ancilla
890 1733 932 1756 est
954 1733 1030 1756 ortus

244 1777 381 1813 :Egyptia.
398 1774 537 1811 Scriptura
551 1776 648 1810 quippe
664 1775 756 1807 refert,
773 1773 844 1809 quod
861 1782 922 1801 cum
939 1781 1031 1809 perse-

244 1828 342 1859 quente
357 1823 434 1856 Sara,
447 1822 519 1858 Agar
542 1821 594 1848 feta
615 1821 737 1856 fugisset,
752 1824 779 1847 et
791 1821 910 1847 venisset
922 1820 955 1847 ad
969 1827 1030 1847 eam

244 1871 354 1907 angelus
373 1871 399 1897 in
420 1870 528 1897 deserto
538 1889 545 1902 ,
560 1872 734 1902 moneretque
750 1871 780 1894 ut
794 1866 972 1900 subjiceretur
984 1865 1031 1893 do-

244 1919 323 1945 mina:
337 1916 480 1952 potestati,
496 1916 566 1943 idem
590 1915 647 1949 ipse
661 1914 771 1948 angelus
789 1913 870 1940 etiam
886 1913 944 1940 haec
957 1912 1030 1939 locu-

244 1970 287 1992 tus
300 1964 334 1991 sit
347 1972 352 1989 :
367 1962 546 1997 Multiplicans
560 1960 739 1994 multiplicabo
749 1967 835 1986 semen
848 1963 933 1990 tuum,
946 1961 969 1984 et
981 1965 1033 1984 non

245 2009 424 2038 numerabitur
440 2016 494 2043 prie
509 2006 685 2034 multitudine.
708 2004 742 2031 Et
758 2008 851 2038 postea
871 2003 904 2030 de
926 2002 1032 2030 lsmaeli

245 2058 315 2091 (qua:
341 2055 433 2088 utique
457 2050 675 2087 repromissionis
694 2049 777 2076 verba
794 2056 873 2075 nemo
886 2047 1042 2081 dubitaret):

246 2103 298 2129 Iste
311 2101 359 2127 erit
375 2099 523 2126 rusticanus
535 2098 612 2123 homo
625 2106 633 2123 :
649 2103 742 2122 manus
763 2095 820 2129 ejus
841 2102 919 2128 super
935 2101 1033 2126 omnes,

245 2153 268 2174 et
283 2154 376 2173 manus
388 2144 502 2170 omnium
515 2151 592 2178 super
602 2150 661 2169 eum
676 2146 700 2167 et
711 2145 801 2168 contra
813 2140 907 2175 faciem
919 2139 1034 2166 omnium

245 2195 359 2229 fratrum
380 2198 489 2218 suorum
509 2188 645 2216 habitabit.
672 2187 725 2215 Sed
746 2191 773 2214 et
790 2187 842 2214 hoc
858 2186 910 2214 dici
932 2189 1032 2220 potest,
1045 2194 1073 2224 D

245 2238 278 2264 tle
295 2236 407 2264 lsmaele
427 2239 487 2271 post
509 2238 668 2269 conceptum
691 2233 749 2268 ejus
768 2232 810 2259 vel
834 2231 970 2267 angelum,
990 2231 1033 2258 vel

247 2285 331 2311 Deum
354 2282 483 2309 locutum.
508 2280 546 2307 De
565 2280 640 2307 Isaac
659 2287 723 2306 vero
744 2282 889 2313 antequam
912 2277 939 2304 in
959 2277 1034 2304 Sane

247 2335 325 2357 utero
340 2329 539 2363 conciperetur,
554 2327 639 2353 Deum
657 2325 739 2353 fuisse
750 2325 909 2360 pollicitum.
926 2323 1032 2354 lsmael,

246 2375 338 2403 carnis
352 2374 441 2401 ﬁlius:
456 2372 532 2399 Isaac
553 2371 615 2398 ﬁdei
637 2369 695 2396 fuit.
720 2369 796 2396 lllum
812 2369 885 2396 enim
897 2368 1034 2396 Abraham

247 2420 394 2447 secundum
417 2416 554 2445 carnalem
580 2415 802 2442 consuetudinem
819 2414 933 2448 genuit:
954 2413 1035 2440 istum

246 2469 341 2493 contra
359 2468 484 2491 naturam
504 2461 634 2493 senilem,
652 2468 701 2495 per
718 2460 957 2495 repromissionem
976 2466 1036 2486 cres

247 2510 334 2538 dendo
355 2508 482 2543 suscepit.
506 2506 557 2540 Qui
579 2511 642 2533 sunt
664 2505 812 2533 secundum
835 2512 947 2532 carnem
967 2504 1034 2536 nati,

248 2557 299 2584 nisi
313 2555 456 2583 dilectores
469 2553 581 2580 mundi?
595 2552 645 2586 Qui
660 2555 722 2579 sunt
735 2559 784 2586 per
798 2551 1035 2586 repromissionem

249 2603 314 2634 nati,
332 2602 383 2629 nisi
406 2604 542 2628 amatores
564 2599 640 2634 regni
664 2598 806 2631 caelorum,
827 2598 891 2632 quia
915 2601 943 2624 et
968 2598 1035 2632 ipsis

247 2648 410 2684 promissum
423 2651 475 2679 est,
492 2645 675 2673 desiderantes
697 2644 780 2671 vitam
797 2648 936 2676 :eternam,
951 2644 1036 2678 gratis

247 2694 367 2722 colentes
387 2692 490 2719 Deum?
515 2690 592 2718 Nunc
618 2690 725 2717 interim
745 2689 863 2716 breviter
882 2689 916 2716 ad
939 2689 1036 2716 altiora

251 2739 412 2767 tendendum
430 2741 482 2770 est,
498 2740 528 2764 ut
541 2737 662 2764 dicamus
680 2742 899 2771 unumquemque
913 2739 1036 2763 nostrum

250 2785 367 2820 primum
392 2791 445 2810 non
470 2783 548 2816 juxta
571 2781 807 2817 repromissionem
837 2781 928 2812 nasci,
954 2788 1035 2815 quam

251 2831 452 2865 Scripturarum
475 2829 563 2857 verbis
586 2830 752 2864 simplicibus
776 2829 928 2860 instruitur,
948 2820 1035 2855 adhuc

1078 222 1163 248 miora
1187 222 1394 253 transcenderit,
1419 226 1447 248 et
1469 221 1553 256 legem
1574 222 1724 251 intellexerit
1743 226 1830 260 spirita-

1078 266 1141 298 lem,
1166 272 1228 294 tunc
1252 275 1315 294 cum
1340 267 1374 294 de
1399 268 1605 300 repromissione
1627 270 1759 303 generari:
1775 277 1832 301 etut

1078 311 1198 346 apertius
1223 312 1326 346 loquar,
1355 312 1475 346 quotidie
1500 319 1560 344 eos,
1583 313 1626 347 qui
1650 313 1744 341 faciunt
1765 323 1832 351 opera

1077 357 1204 389 Abralnc,
1219 357 1251 384 de
1267 357 1401 384 Abraham
1416 358 1505 384 nasci:
1522 365 1612 385 verum
1627 358 1683 386 illos
1695 360 1735 393 qui
1750 361 1832 390 habent

1078 402 1203 437 spiritum
1221 403 1360 430 servitutis
1380 403 1478 430 iterum
1495 404 1521 430 in
1539 403 1642 436 timore,
1658 412 1689 431 ex
1703 406 1787 433 ancilla
1799 415 1833 441 ge-

1078 448 1169 474 nerari
1184 447 1322 482 Egyptia.

1114 493 1179 525 Qum
1195 498 1255 520 sunt
1272 502 1318 529 per
1332 493 1484 528 allegoriam
1501 495 1581 522 dicta.
1604 495 1728 531 Allegoria
1747 499 1834 532 proprie

1078 537 1111 564 de
1129 542 1187 565 arte
1201 539 1377 572 grammatica
1392 543 1449 571 est,
1470 539 1522 567 hoc
1537 544 1578 567 est
1592 540 1661 568 aliud
1682 549 1711 568 ex
1726 542 1772 569 alio
1782 542 1834 578 ﬁgu-

1079 587 1178 610 ratum.
1202 584 1280 611 Dedit
1301 584 1421 618 regulam
1435 585 1580 619 Apostolus
1594 586 1721 619 quomodo
1734 587 1834 622 allegori-

1079 636 1142 655 zare
1156 628 1294 656 debemus.
1309 629 1419 657 Scilicet
1432 634 1463 656 ut
1475 634 1601 657 manente
1611 631 1718 657 veritate
1728 631 1833 664 historia,

1078 673 1180 708 ﬁguras
1203 674 1394 709 intelligamus.
1419 674 1488 701 Nam
1510 683 1572 702 cum
1598 675 1706 702 dixisset
1724 676 1834 703 Abraham

1078 728 1142 748 vere
1166 722 1234 748 duas
1256 728 1356 748 uxores
1377 721 1522 753 habuisse,
1541 726 1635 756 postea
1653 721 1712 755 quid
1732 721 1767 748 ha:
1786 722 1835 756 ipse

1078 767 1228 801 ﬁgurarent
1243 767 1370 794 ostendit.
1392 767 1425 793 Et
1445 767 1496 794 hoc
1516 767 1605 801 ipsum
1625 766 1696 798 facit,
1710 767 1750 794 ubi
1766 767 1835 801 aliqua

1078 816 1235 839 sanctorum
1254 812 1370 839 honesta
1392 811 1463 839 facta
1487 812 1652 844 referuntur,
1673 820 1722 839 non
1740 812 1777 838 ubi
1788 820 1834 846 pec-

1079 861 1140 885 cata
1152 858 1326 885 damnantur.
1338 857 1473 885 Caeterum
1488 858 1616 885 derelicta
1629 858 1748 893 mysteria
1758 857 1835 890 dicere,

1079 903 1163 931 Deum
1178 907 1226 930 aut
1238 903 1463 937 impossibilitatis
1477 907 1523 929 aut
1535 903 1692 937 ignorantiae
1704 907 1785 929 notare
1794 906 1834 934 est,

1080 948 1143 983 quia
1164 951 1211 974 aut
1230 948 1309 974 aliter
1328 952 1499 975 sacramenta
1519 955 1570 974 sua
1585 951 1729 974 monstrare
1746 954 1789 973 non
1800 954 1835 981 po-

1081 993 1172 1025 tuerit,
1196 997 1243 1020 aut
1263 993 1387 1020 nesciens
1407 993 1460 1020 sibi
1485 993 1650 1025 necessaria,
1670 997 1769 1027 peccata
1787 999 1836 1026 quo-

1081 1039 1205 1066 rumdam
1230 1042 1310 1066 antea
1325 1038 1487 1074 generaliter
1514 1038 1737 1066 condemnaverit.
1759 1037 1837 1064 Deinde

1081 1084 1123 1112 vel
1138 1087 1232 1119 postea
1250 1091 1282 1111 ea
1297 1091 1351 1111 non
1374 1077 1604 1117 reprehendisset,
1618 1087 1645 1110 et
1659 1083 1808 1113 vindicasset,
1819 1081 1836 1108 si

1082 1130 1125 1156 illa
1140 1134 1252 1164 propter
1271 1129 1399 1164 mysteria
1420 1137 1472 1156 sua.
1482 1128 1541 1155 ﬁeri
1559 1129 1615 1163 ipse
1628 1128 1755 1155 voluisset.
1781 1126 1837 1154 Pre-

1082 1179 1159 1210 cepta
1178 1183 1242 1202 vero
1256 1175 1364 1202 diﬁicilc
1381 1174 1502 1201 invenies
1520 1175 1558 1201 ita
1575 1175 1750 1209 interpretata,
1765 1181 1793 1200 ne
1804 1180 1838 1199 eo-

1083 1228 1142 1248 rum
1155 1221 1280 1248 virtutem
1294 1227 1426 1247 evacuare
1439 1220 1588 1247 videretur.

1118 1266 1184 1293 Παισ
1202 1266 1271 1292 enim
1291 1270 1351 1292 sunt
1370 1265 1421 1291 duo
1440 1269 1607 1292 testamenta.
1623 1264 1706 1292 Unum
1717 1264 1803 1299 qtidem
1818 1263 1837 1289 iu

1082 1316 1169 1339 monte
1183 1312 1261 1344 Sina,
1284 1313 1312 1339 in
1326 1313 1476 1339 servitutem
1495 1320 1632 1347 generatis,
1657 1320 1710 1347 qua:
1729 1316 1761 1338 εει
1775 1310 1836 1345 Agar.

1083 1356 1149 1384 Sina
1161 1357 1229 1384 enim
1242 1365 1314 1383 mons
1328 1361 1366 1383 est
1380 1356 1527 1388 inArabia,
1541 1358 1588 1392 qui
1600 1356 1763 1384 conterminus
1771 1359 1801 1381 est
1811 1354 1837 1384 ei,

1082 1411 1140 1438 qum
1154 1410 1222 1429 nunc
1234 1407 1271 1429 est
1282 1401 1442 1434 Jerusalem,
1454 1406 1478 1428 et
1490 1404 1570 1431 serti!
1582 1410 1639 1429 tum
1648 1401 1707 1436 [iliis
1718 1401 1773 1427 suis.
1784 1399 1839 1426 Pene

1084 1451 1244 1475 cunctorum
1261 1454 1342 1482 super
1363 1447 1414 1474 hoc
1435 1446 1494 1474 loco
1513 1446 1567 1473 ista
1592 1451 1633 1474 est
1652 1446 1797 1481 explanatio,
1816 1449 1838 1470 ut

1084 1493 1155 1529 Agar
1173 1493 1298 1520 ancillam
1318 1492 1535 1527 interpretentur
1554 1493 1583 1519 in
1609 1492 1665 1528 lege
1685 1496 1710 1519 et
1729 1491 1752 1518 in
1764 1489 1838 1525 popqu

1083 1538 1237 1566 Judaaorum
1252 1547 1258 1564 :
1278 1537 1374 1565 Saram
1398 1542 1488 1564 autem
1505 1537 1621 1565 liberam
1639 1538 1665 1564 in
1679 1536 1783 1564 Ecclesia
1795 1541 1839 1569 qua:

1083 1584 1117 1611 de
1135 1583 1259 1619 gentibus
1280 1586 1443 1617 congregata
1463 1586 1515 1614 est,
1534 1590 1598 1616 qua:
1616 1586 1699 1609 mater
1716 1584 1840 1607 sanctorum

1083 1630 1129 1663 sit,
1144 1629 1227 1656 Paulo
1242 1629 1357 1660 dicente,
1377 1628 1443 1660 Qum
1457 1633 1495 1655 est
1517 1633 1605 1654 mater
1617 1627 1726 1654 omm'um
1740 1629 1839 1652 nostrum.

1083 1677 1146 1704 Ilaec
1161 1676 1207 1703 diu
1221 1683 1275 1702 non
1293 1674 1409 1709 peperit,
1429 1679 1579 1708 antequam
1593 1674 1711 1702 Christus
1724 1673 1752 1701 de
1763 1670 1840 1705 virgine

1083 1726 1241 1750 nasceretur
1251 1725 1278 1748 et
1293 1720 1394 1749 sterilis
1408 1720 1468 1753 fuit,
1482 1721 1600 1748 necdum
1615 1721 1683 1747 risus
1695 1718 1776 1746 mundi
1785 1717 1841 1743 Isaac

1083 1767 1118 1795 de
1141 1767 1228 1794 electo
1252 1771 1328 1801 patre
1359 1774 1420 1793 cum
1448 1773 1513 1793 voce
1539 1766 1694 1793 sublimium
1717 1764 1839 1798 dogmatuiu

1084 1813 1191 1848 agnitus
1203 1815 1272 1839 erat.
1288 1812 1426 1839 Resonare
1437 1811 1458 1837 si
1472 1810 1583 1845 quidem
1592 1810 1725 1838 Abraham
1739 1809 1761 1835 in
1773 1809 1840 1834 nostra

1083 1858 1173 1893 lingua
1186 1861 1263 1891 pater
1277 1856 1380 1883 electus
1394 1864 1455 1883 cum
1475 1855 1562 1882 sonitu
1585 1855 1709 1883 refertur.
1728 1855 1789 1887 Agar
1804 1857 1839 1876 au-

1085 1908 1139 1930 tem
1154 1910 1214 1938 qua:
1230 1902 1423 1936 interpretatur
1442 1900 1577 1927 incolatus
1587 1921 1595 1933 ,
1615 1901 1672 1928 sive
1683 1895 1840 1935 peregrinatio,

1085 1950 1142 1977 sive
1165 1955 1251 1980 mora,
1264 1951 1375 1982 generat
1399 1945 1555 1977 lsmaelem,
1582 1946 1627 1981 qui
1654 1948 1751 1972 tantum
1772 1940 1841 1967 audiat

1085 1997 1231 2029 praecepta,
1248 1999 1299 2019 nec.
1317 1992 1399 2019 faciat
1419 2000 1425 2016 :
1447 1991 1586 2018 hominem
1607 1990 1743 2020 rusticum,
1761 1983 1841 2019 sangui-

1085 2040 1202 2071 narium,
1216 2039 1325 2066 deserta
1346 2040 1506 2069 sectantem,
1521 2045 1583 2071 qua:
1599 2035 1727 2064 universis
1742 2032 1842 2060 fratribus

1086 2085 1143 2112 suis
1166 2085 1198 2111 de
1222 2084 1306 2111 libera
1331 2083 1482 2118 procreatis
1507 2082 1636 2110 inimicus
1659 2081 1702 2113 sit,
1715 2084 1740 2107 et
1757 2078 1841 2104 advers-1

1086 2132 1126 2160 eis
1145 2132 1233 2160 fronte
1249 2131 1389 2159 consistat.
1406 2130 1461 2157 Nec
1477 2131 1577 2157 mirum
1590 2134 1667 2157 vetus
1686 2127 1841 2155 testamentum

1087 2178 1158 2218 quo}
1184 2178 1210 2204 in
1232 2180 1322 2204 monte
1337 2176 1414 2209 Sina,
1430 2176 1476 2210 qui
1497 2179 1538 2202 est
1556 2175 1585 2201 in
1596 2174 1704 2205 Arabia,
1719 2176 1743 2198 et
1755 2166 1842 2197 conﬁnis

1086 2215 1165 2251 est'ei
1180 2231 1239 2257 qua:
1256 2230 1327 2249 nunc
1347 2226 1388 2249 est
1406 2221 1566 2252 Jerusalem,
1582 2219 1751 2248 constitutum
1763 2218 1797 2242 est
1813 2215 1842 2238 al-

1086 2275 1139 2303 que
1158 2267 1351 2301 conscriptum,
1369 2274 1421 2293 non
1441 2273 1502 2292 esse
1523 2269 1692 2300 perpetuum,
1708 2261 1796 2289 cumet
1813 2256 1840 2303 ill:

1086 2314 1189 2342 colatus
1207 2321 1220 2340 a
1235 2317 1363 2348 perpetua
1378 2312 1548 2347 possessione
1563 2312 1684 2338 diversus
1698 2309 1739 2339 sit,
1753 2310 1775 2333 et
1786 2300 1842 2348 Sinti

1086 2359 1187 2386 montis
1205 2345 1302 2385 nomen
1328 2345 1505 2384 tentationem
1526 2359 1613 2388 sonet,
1633 2359 1660 2382 ct
1673 2351 1763 2380 Arabia
1778 2345 1842 2381 εἰκυί-

1087 2404 1150 2431 ﬁcet
1169 2410 1306 2431 occasum.

1122 2461 1175 2487 Illa
1190 2465 1289 2492 autem,
1301 2468 1360 2495 qua
1375 2467 1478 2485 sursum
1493 2463 1529 2484 est
1543 2457 1625 2483 libera
1636 2460 1682 2486 est,
1693 2460 1746 2489 quit
1759 2453 1843 2495 ρειγν-α’

1086 2512 1126 2534 ter
1139 2512 1238 2533 nostra.
1254 2506 1316 2533 Ideo
1332 2505 1470 2532 caelestem
1482 2502 1631 2530 Jerusalem
1645 2502 1710 2528 Sara
1726 2494 1842 2542 signiﬁcat.

1086 2563 1147 2590 quae
1160 2555 1204 2581 diu
1219 2554 1325 2581 deserta
1338 2556 1379 2580 est
1398 2560 1413 2579 a
1436 2551 1579 2579 concubitu
1596 2548 1649 2575 viri
1662 2550 1762 2582 propter
1772 2546 1842 2590 ωςῐη·

1087 2585 1142 2627 tam
1164 2599 1345 2631 sterilitatem,
1359 2598 1486 2633 quoniam
1503 2596 1565 2623 novi
1582 2592 1730 2622 testamenti
1743 2585 1841 2633 populus:

1087 2647 1210 2682 quamvis
1231 2646 1266 2673 sit
1281 2653 1378 2677 novus,
1395 2642 1596 2679 praadestiuatio
1615 2644 1702 2667 tamen
1719 2635 1771 2669 eius
1783 2626 1840 2682 3P“?

1089 2675 1182 2723 ﬁcum,
1196 2695 1224 2718 et
1243 2691 1299 2725 ipsa
1313 2675 1463 2717 Jerusalem
1477 2688 1594 2716 cmlestis
1607 2686 1712 2719 antiqua
1726 2684 1769 2707 est.
1782 2675 1840 2704 Hanc

1087 2742 1224 2765 terrenam
1236 2735 1385 2763 Jerusalem
1399 2735 1487 2761 virum
1500 2733 1598 2760 habere
1611 2730 1683 2760 dicit,
1696 2726 1752 2761 quia
1763 2726 1839 2750 SewD‘

1087 2784 1149 2811 dum
1165 2789 1274 2809 carnem
1295 2784 1416 2815 generat.
1435 2780 1510 2807 Illam
1533 2783 1620 2806 autem
1641 2773 1766 2802 caelestem
1777 2766 1840 2793 Jeru-

1088 2827 1183 2859 salem,
1204 2834 1282 2861 quam
1300 2825 1364 2853 dicit
1389 2830 1503 2852 matrem
1526 2827 1653 2852 nostram,
1678 2815 1781 2844 stcrilt‘nl
1799 2815 1839 2842 ευ·
