3940 6180
229 306 334 366 88θ

1184 295 1439 353 ENARR.
1479 292 1549 349 IN
1586 286 1811 348 EPIST.
1851 287 1917 345 D.
1955 286 2161 346 PAULI
2199 290 2291 345 AD
2327 291 2578 350 GALAT.

3397 290 3504 349 890

230 419 418 490 pellat,
446 413 573 485 quia
611 428 717 468 non
746 412 890 484 parit
922 408 1219 467 secundum
1254 421 1497 472 carnem,
1531 417 1636 459 nec
1662 401 1816 458 dolo-
1840 396 1894 460 A
1918 401 2107 457 ditabit
2137 402 2283 471 filius
2315 404 2526 460 ancillae
2552 421 2672 460 cum
2693 405 2808 476 ﬁlio
2848 423 2963 461 meo
2983 406 3164 462 Isaac.
3197 405 3350 474 Quod
3379 422 3501 491 cum

229 526 321 567 res
361 509 588 580 patitur,
627 506 731 560 hoc
776 512 861 559 est
893 518 1002 559 non
1046 500 1283 573 parturit
1315 517 1329 554 :
1357 506 1587 570 generat
1633 503 1818 551 autem

231 605 349 659 sine
372 600 623 673 passione
637 595 954 668 Spiritaliter
971 593 1283 650 exclamans
1312 592 1367 646 in
1393 589 1656 646 lmtitiam.
1689 586 1818 641 Haec

230 702 414 750 autem
439 688 763 755 Jerusalem,
793 702 915 758 quae
955 686 1010 740 in
1047 683 1303 753 praesenti
1344 689 1453 747 est,
1482 679 1735 735 deorsum
1764 683 1820 731 et

229 785 446 852 humili,
479 784 776 853 infimoque
799 782 921 837 loco
949 780 1186 835 dimersa
1212 786 1315 833 est.

302 878 568 948 Scriptum
592 885 669 930 est
689 870 1135 935 autem:La!tare,
1150 868 1364 933 sterilis,
1381 882 1499 939 qua:
1521 882 1625 921 non
1648 864 1817 937 paris;

228 986 442 1041 erumpe
486 977 536 1022 et
583 965 755 1022 clama
792 981 910 1037 qua:
945 980 1051 1018 non
1081 961 1335 1034 parturis,
1369 960 1495 1031 quia
1517 957 1686 1015 'multi
1717 956 1818 1025 ﬁlii

229 1064 450 1118 desertae
483 1060 653 1131 magis
685 1074 842 1129 quam
878 1057 993 1128 ejus
1028 1071 1147 1127 qua:
1187 1054 1341 1109 habet
1386 1055 1577 1108 virum.
1628 1052 1820 1109 Virum

229 1155 424 1210 habuit
446 1165 721 1224 synagoga
749 1149 948 1220 legem,
977 1155 1032 1203 et
1066 1148 1225 1219 juxta
1249 1145 1420 1202 Anna:
1446 1160 1662 1215 quoque
1689 1161 1820 1215 pro-

228 1244 474 1316 phetiam
503 1283 519 1309 ,
567 1241 740 1297 fetosa
780 1240 1053 1310 quondam
1106 1239 1161 1293 in
1208 1236 1395 1293 liberis
1439 1237 1542 1293 fuit
1573 1255 1588 1294 :
1621 1237 1822 1294 sterilis

228 1350 365 1391 vero
409 1333 653 1390 Ecclesia
706 1332 825 1388 sine
865 1331 985 1386 viro
1025 1329 1265 1397 Christo,
1316 1330 1434 1385 sine
1480 1328 1590 1385 ullo
1633 1329 1820 1398 sponsi

228 1427 504 1486 sermonis
534 1424 769 1494 alloquio
801 1423 894 1478 diu
921 1422 1096 1493 jacuit
1142 1422 1200 1476 in
1249 1422 1487 1477 deserto.
1539 1418 1645 1475 Sed
1674 1427 1822 1490 post-

228 1533 401 1591 quam
429 1515 640 1585 accepit
677 1514 768 1569 illa
802 1513 1001 1568 librum
1035 1511 1246 1582 repudii
1286 1512 1340 1566 in
1369 1527 1564 1567 manus
1589 1527 1735 1585 suas,
1767 1521 1825 1567 et

227 1609 417 1666 omnia
449 1612 769 1662 ornamenta
798 1604 901 1660 viri
932 1605 988 1659 in
1024 1603 1151 1659 idoli
1185 1604 1347 1661 vertit
1374 1610 1627 1659 ornatum
1656 1622 1667 1656 :
1695 1610 1824 1658 tunc

228 1701 466 1759 maritus
510 1699 682 1772 priori
726 1697 939 1768 singulo
987 1704 1355 1767 putrescente,
1404 1695 1573 1750 alium
1625 1693 1824 1749 lumbis

228 1792 350 1849 suis
388 1789 653 1856 balteum,
697 1786 843 1845 aliud
880 1789 947 1865 de
974 1787 1224 1860 gentibus
1267 1788 1515 1843 lumbare
1559 1789 1820 1843 contexit.

230 1880 394 1940 Unde
422 1883 539 1938 haec
566 1881 753 1938 statim
780 1889 841 1936 ut
865 1881 981 1935 viro
1005 1880 1195 1951 juncta
1224 1881 1472 1950 concepit
1501 1887 1556 1935 et
1582 1877 1820 1950 peperit;

228 1982 291 2032 et
325 1974 380 2030 in
402 1972 541 2030 Isaia
565 1972 835 2028 exclamat
863 1969 1126 2026 Dominus
1151 1987 1250 2042 per
1274 1971 1595 2041 prophetam
1623 1987 1635 2022 :
1681 1969 1726 2024 si
1748 1979 1823 2023 est

228 2080 360 2135 gens
386 2072 512 2117 nata
544 2061 723 2127 simul,
739 2060 956 2132 quando
982 2076 1089 2115 una
1106 2061 1195 2115 die
1224 2062 1276 2114 in
1302 2059 1527 2116 Actibus
1553 2059 1824 2130 apostolo-

231 2171 384 2220 rum,
424 2156 531 2210 tria
574 2153 744 2209 millia
783 2160 839 2209 et
875 2153 1114 2224 quinque
1138 2153 1306 2208 millia
1332 2154 1611 2208 hominum
1643 2153 1821 2209 credi—

231 2247 437 2303 derunt
467 2244 735 2319 (Act.’vi).
772 2243 884 2299 Nec
910 2251 1042 2315 puto
1071 2257 1294 2299 necesse
1319 2259 1458 2309 esse,
1487 2245 1554 2299 de
1584 2243 1825 2299 multitu-

231 2340 365 2396 dine
389 2338 719 2401 Christiana,
748 2344 803 2391 et
831 2336 899 2389 de
924 2334 1232 2391 Iudaeorum
1254 2337 1529 2407 paucitate
1559 2336 1821 2403 dicamus,

231 2447 365 2487 cum
400 2431 457 2485 in
486 2437 603 2485 toto
638 2428 840 2483 mundo
877 2428 1060 2483 crucis
1095 2426 1292 2481 vexilla
1342 2427 1739 2496 resplendeant,
1770 2438 1828 2484 et

231 2523 331 2578 vix
378 2529 532 2575 ratus
560 2527 725 2589 atque
755 2518 1011 2574 notabilis
1043 2518 1101 2573 in
1138 2517 1365 2574 urbibus
1399 2516 1620 2574 Judaaus
1667 2533 1830 2590 appa-

235 2619 378 2667 reat.
652 2603 665 2613 ’

324 2701 443 2756 Nos
487 2711 662 2756 autem
707 2702 899 2772 fratres
943 2702 1231 2757 secundum
1269 2700 1431 2757 Isaac
1463 2702 1826 2773 promissionis

230 2796 342 2867 ﬁlii
378 2814 582 2852 sumus.
620 2798 861 2853 Dicimus
901 2798 1088 2868 itaque
1111 2799 1430 2871 Apostolum
1463 2799 1584 2854 ideo
1612 2813 1707 2854 eos
1733 2812 1829 2868 ap-

230 2887 442 2959 pellare
470 2890 765 2944 secundum
795 2888 945 2945 Isaac
973 2883 1113 2947 ﬁlid's
1142 2891 1540 2962 promissionis,
1565 2891 1689 2961 quia
1717 2906 1827 2947 non

231 2981 457 3053 penitus
496 2996 685 3037 eorum
712 2982 965 3052 desperet
998 2982 1260 3049 salutem;
1299 2991 1354 3038 et
1384 2998 1602 3038 rursum
1628 2996 1724 3038 eos
1756 2982 1826 3037 ad

1851 1739 1900 1799 B

1918 493 2114 549 durum
2161 494 2339 549 visum
2377 495 2567 551 fuisset
2593 495 2824 552 Abrahae
2854 497 3094 568 (semper
3121 499 3265 554 enim
3296 498 3502 570 primos

1918 583 2117 654 genitis
2153 584 2359 655 majora
2384 585 2670 657 dabantur)
2700 602 2807 641 non
2845 586 3019 642 solum
3044 586 3323 642 lsmaelem
3357 589 3505 658 prio-

1918 687 2036 727 rem
2075 687 2198 729 esse
2237 673 2509 741 desinere,
2555 675 2651 731 sed
2699 692 2770 732 ne
2812 676 3077 746 :equalem
3113 676 3331 748 quidem
3377 692 3503 733 cum

1916 765 2130 823 minore
2176 764 2346 820 fratre
2391 765 2641 837 accipere
2677 762 2982 837 portionem
3027 784 3039 817 :
3074 766 3218 822 Deus
3246 767 3340 837 qui
3371 753 3507 823 libe-

1918 870 2037 909 ram
2080 854 2228 910 intus
2272 869 2394 911 esse
2437 862 2494 910 et
2540 854 2674 909 foris
2723 855 2918 926 expelli
2960 854 3178 910 volebat
3226 854 3501 922 ancillam,

1918 944 2071 1001 Sara:
2121 946 2286 1001 verba
2337 946 2656 1011 conﬁrmat,
2708 955 2763 1001 et
2815 946 3058 1016 loquitur
3107 946 3175 1001 ad
3223 945 3500 1001 Abraham

1920 1033 2075 1106 (Gen.
2105 1034 2276 1106 xxn):
2309 1035 2427 1091 Non
2474 1036 2669 1090 durum
2705 1036 2777 1091 sit
2809 1051 2995 1092 coram
3042 1043 3118 1102 te,
3149 1036 3215 1091 de
3243 1050 3413 1106 puero
3451 1043 3508 1090 et

1920 1125 2160 1181 ancilla:
2205 1124 2400 1180 Omnia
2443 1142 2561 1196 quae
2602 1126 2796 1181 dixerit
2841 1127 2934 1181 tibi
2962 1125 3122 1193 Sara,
3161 1126 3292 1181 audi
3331 1142 3505 1180 vocem

1919 1218 2056 1288 ejus,
2099 1217 2350 1288 quoniam
2386 1218 2444 1271 in
2468 1216 2629 1272 Isaac
2652 1217 2929 1272 vocabitur
2963 1217 3057 1272 tibi
3098 1233 3294 1272 semen.
3353 1214 3509 1271 Sicut

1919 1322 2048 1378 ergo
2091 1316 2221 1363 tunc
2262 1308 2437 1377 major
2479 1307 2651 1364 frater
2670 1308 2865 1364 Ismael
2910 1308 3199 1364 laetantem
3245 1308 3424 1364 adhuc
3451 1317 3509 1361 et

1920 1400 2203 1472 parvulum
2231 1402 2660 1472 persequebatur
2703 1401 2874 1466 lsaac,
2907 1399 3341 1457 circumcisionis
3368 1413 3508 1469 pra:-

1920 1495 2168 1565 r0gativa
2212 1494 2318 1550 sibi
2361 1496 2724 1566 primogenita
2770 1495 3066 1551 vendicans
3100 1513 3113 1549 :
3151 1494 3224 1549 ita
3261 1503 3319 1550 et
3362 1508 3508 1548 nunc

1924 1583 2219 1639 secundum
2264 1600 2486 1640 carnem
2529 1585 2720 1640 Ismael
2769 1585 3058 1640 adversum
3095 1585 3363 1639 minorem
3401 1581 3511 1637 fra-

1927 1683 2067 1732 trem
2095 1676 2164 1731 de
2197 1678 2447 1748 gentibus
2481 1677 2734 1748 populum
2768 1676 3138 1734 Christianum
3187 1674 3509 1741 sustollitur,

1928 1770 2167 1839 inflatur,
2199 1772 2429 1842 erigitur
2442 1812 2459 1828 .

1999 1862 2189 1935 Itaque
2217 1862 2408 1932 fratres
2442 1879 2547 1918 non
2582 1880 2766 1919 sumus
2805 1863 3014 1919 ancilla:
3041 1862 3164 1934 ﬁlii,
3193 1863 3284 1919 sed
3313 1861 3490 1920 libera:

1926 1954 2286 2024 Quantumvis
2329 1969 2388 2011 se
2437 1953 2698 2025 iniquitas
2752 1954 2996 2021 extollat,
3051 1954 3245 2010 ancilla
3301 1964 3405 2020 est,
3461 1962 3518 2008 et

1924 2047 2261 2118 subjicienda
2306 2048 2391 2103 eSt
2434 2048 2674 2114 sanctis,
2726 2048 3075 2118 quantumvis
3123 2064 3183 2104 se
3225 2047 3510 2111 extollant,

1924 2149 1979 2196 et
2023 2139 2162 2197 ﬁlios
2191 2139 2423 2196 Abrahae
2465 2156 2587 2197 esse
2630 2155 2691 2196 se
2731 2139 3010 2209 jactitent,
3043 2141 3282 2211 quandiu
3308 2140 3516 2196 ancilla:

1925 2233 2021 2289 ﬁlii
2054 2232 2257 2289 fuerint
2286 2242 2342 2289 et
2369 2233 2662 2289 carnaliter
2698 2232 2870 2305 legem
2903 2233 3291 2298 intellexerint,
3323 2242 3375 2290 et
3414 2234 3515 2289 sub

1925 2326 2044 2397 ejus
2091 2333 2302 2382 terrore
2347 2325 2552 2382 redacti
2602 2326 2875 2382 serviliter
2923 2327 3181 2391 vixerint,
3234 2326 3512 2382 vobiscum

1925 2417 2302 2474 hmreditatem
2328 2417 2529 2472 habere
2557 2432 2666 2472 non
2689 2424 2965 2487 poterunt.
3000 2416 3116 2472 Non
3147 2432 3278 2489 ergo
3306 2417 3518 2473 debetis

1927 2510 2190 2568 derelicta
2232 2517 2407 2563 matre
2452 2517 2636 2565 nostra
2687 2508 2940 2563 ancillam
2984 2508 3172 2578 sequi,
3228 2523 3349 2578 qua:
3391 2507 3519 2563 licet

1927 2602 2171 2675 ejusdem
2206 2600 2312 2657 viri
2355 2598 2520 2656 fuerit
2555 2615 2713 2667 uxor,
2759 2607 2940 2655 tamen
2991 2599 3059 2654 ad
3109 2606 3344 2667 tempus,
3387 2598 3513 2667 quia

1928 2692 2165 2748 nondum
2205 2697 2420 2762 poterat
2449 2688 2587 2745 Sara
2630 2703 2892 2760 generare
2921 2704 2934 2741 :
2966 2687 3021 2743 id
3048 2695 3133 2742 est
3161 2686 3400 2741 nondum
3440 2694 3520 2741 te-

1929 2793 2257 2842 stamentum
2287 2796 2483 2837 novum
2512 2779 2812 2835 revelatum
2840 2785 2976 2835 erat.

2004 2873 2124 2941 Qua
2169 2872 2408 2927 libertate
2442 2870 2684 2926 Christus
2727 2887 2822 2924 nos
2859 2868 3115 2924 liberavit.
3166 2866 3245 2921 Ea
3271 2866 3416 2922 enim
3454 2866 3515 2921 li-

1928 2969 2117 3025 bertas
2161 2981 2306 3021 nunc
2335 2965 2574 3020 maxime
2602 2964 2919 3035 apponenda
2945 2969 3029 3018 est
3055 2961 3333 3018 servitutis
3355 2960 3515 3032 jugo,

232 3052 514 3144 spiritum,
541 3089 649 3143 quo
675 3080 955 3144 coeperant
992 3075 1227 3131 aestimet
1255 3089 1591 3130 reversuros.
1641 3074 1823 3129 Fiant-

1930 3075 2037 3132 quo
2072 3061 2126 3115 in
2153 3058 2409 3130 operibus
2445 3056 2582 3128 legis
2610 3055 2955 3121 tenebantur,
2998 3053 3092 3126 qui
3134 3053 3201 3109 ad
3232 3052 3519 3108 circumci-

233 3181 348 3236 que
372 3164 469 3221 filii
494 3164 699 3231 liberae,
727 3165 821 3236 qui
845 3166 891 3221 si
917 3181 1085 3222 carne
1107 3165 1311 3222 fuerint
1340 3167 1703 3223 consummati
1728 3166 1823 3223 lilii

1930 3151 2139 3207 sionem
2168 3149 2303 3205 istos
2328 3147 2641 3204 trahebant.

232 3258 352 3313 sint
376 3257 603 3313 ancillae.

312 3348 419 3404 Sed
460 3350 721 3421 quomodo
765 3359 909 3419 tunc,
959 3352 1051 3424 qui
1089 3351 1377 3408 secundum
1415 3368 1628 3407 carnem
1672 3361 1827 3407 natus

232 3442 415 3512 fuerat
461 3439 865 3511 persequebatur
905 3458 1044 3509 eum,
1090 3442 1181 3513 qui
1222 3441 1517 3497 secundum
1546 3442 1825 3513 spiritum:

230 3535 317 3587 ita
341 3540 393 3587 et
418 3548 577 3587 nunc.
612 3531 720 3588 Sed
739 3534 867 3605 quid
891 3535 1023 3588 dicit
1045 3533 1363 3606 Scriptura?
1388 3534 1541 3604 Ejice
1575 3533 1828 3589 ancillam

229 3632 284 3680 et
302 3623 479 3694 ﬁlium
506 3624 645 3695 ejus.
675 3624 800 3680 Non
826 3627 964 3681 enim
988 3627 1155 3682 haeres
1180 3627 1279 3681 erit
1299 3627 1444 3695 ﬁlius
1474 3626 1684 3681 ancilla:
1706 3643 1827 3680 cum

228 3712 352 3784 ﬁlio
377 3728 493 3769 meo
515 3712 694 3769 Isaac.
719 3713 909 3787 Itaque
928 3714 1125 3785 fratres
1146 3731 1249 3770 non
1270 3730 1452 3769 sumus
1472 3713 1681 3768 ancilla:
1701 3712 1824 3782 ﬁlii,

227 3805 331 3862 sed
357 3805 569 3861 liberte:
593 3824 698 3879 qua
727 3806 967 3862 libertate
1000 3824 1095 3862 nos
1137 3805 1380 3861 Christus
1406 3805 1664 3860 liberavit.
1706 3801 1827 3858 Non

230 3906 372 3969 puto
396 3898 639 3955 invenire
669 3915 768 3955 nos
796 3915 955 3970 posse
981 3899 1074 3955 ubi
1099 3898 1291 3954 Ismael
1318 3904 1638 3969 persecutus
1661 3894 1828 3951 fuerit

228 3989 430 4045 Isaac:
476 3990 572 4044 sed
605 3998 817 4045 tantum
852 3989 1007 4054 illud,
1040 3989 1183 4059 quod
1212 4004 1336 4043 cum
1364 3987 1509 4042 ﬁlius
1532 3985 1823 4058 Egyptim,

230 4081 333 4151 qui
368 4079 542 4149 major
577 4089 707 4135 natu
747 4090 896 4146 erat,
936 4079 1145 4135 luderet
1181 4094 1305 4133 eum
1342 4079 1516 4143 Isaac,
1546 4077 1826 4148 indignata

231 4172 309 4228 sit
348 4170 505 4237 Sara,
551 4179 606 4227 et
655 4172 856 4227 dixerit
894 4172 1209 4227 Abraham:
1252 4170 1401 4242 Ejiee
1446 4168 1720 4234 ancillam,
1769 4176 1827 4224 et

231 4264 410 4320 filium
431 4262 565 4332 ejus,
602 4279 711 4319 non
749 4264 895 4318 enim
924 4262 1266 4318 hatreditabit
1295 4261 1436 4317 filius
1462 4258 1672 4315 ancillae
1699 4275 1824 4314 cum

232 4356 352 4411 ﬁlio
386 4371 508 4411 meo
536 4356 687 4411 Isaac
727 4355 881 4427 (Gen.
913 4354 1052 4425 xxi).
1099 4353 1167 4408 Et
1191 4354 1379 4423 utique
1406 4350 1636 4422 simplex
1671 4349 1824 4404 lusus

2504 3235 2575 3291 ΙΝ
2610 3235 2840 3294 CAPUT
2875 3235 2941 3290 V.

1999 3330 2182 3397 State,
2248 3338 2299 3384 et
2338 3328 2499 3385 nolite
2538 3328 2730 3384 iterum
2764 3327 2898 3400 jugo
2936 3327 3200 3383 servitutis
3241 3326 3518 3381 contineri.

1927 3423 2153 3493 Quando
2191 3422 2324 3479 dicit
2367 3428 2509 3477 state
2546 3420 2818 3494 signiﬁcat
2856 3433 2952 3477 eos
2994 3420 3232 3475 nondum
3277 3417 3520 3472 funditus

1926 3514 2190 3572 cecidisse
2239 3531 2252 3568 :
2302 3512 2506 3585 alioqui
2567 3511 2906 3569 commodius
2965 3510 3213 3575 diceret,
3290 3509 3515 3580 surgite.

1928 3607 2086 3676 Quod
2108 3622 2239 3664 vero
2266 3607 2364 3671 ait,
2393 3604 2555 3660 nolite
2588 3605 2779 3659 iterum
2794 3604 2929 3674 jugo
2959 3600 3225 3657 servitutis
3269 3598 3517 3664 detineri,

1928 3699 2138 3755 nullum
2186 3697 2335 3752 aliud
2380 3696 2470 3750 hic
2510 3695 2700 3767 jugum
2749 3694 2950 3749 rectius
2982 3704 3274 3761 possumus
3318 3687 3519 3743 intelli-

1928 3806 2078 3864 gere,
2105 3804 2214 3861 quo
2243 3804 2339 3844 eos
2384 3787 2618 3843 detineri
2670 3801 2779 3841 non
2805 3784 2941 3850 vult,
2986 3783 3092 3837 nisi
3141 3779 3518 3836 circumcisio—

1928 3896 2056 3938 nem
2082 3921 2100 3948 ,
2152 3886 2208 3935 et
2252 3886 2480 3934 caeteras
2526 3875 2936 3932 observationes
2982 3871 3257 3927 Judaicas.
3309 3868 3513 3925 Galatae

1927 3972 2097 4039 enim,
2143 3969 2237 4040 qui
2288 3968 2357 4024 ad
2398 3966 2552 4022 Pauli
2598 3965 2827 4036 apostoli
2871 3963 3313 4035 praedicationem
3360 3960 3516 4016 idolis

1928 4060 2203 4119 derelictis
2249 4059 2436 4115 statim
2491 4058 2561 4113 ad
2586 4055 2866 4129 Evangelii
2913 4052 3366 4109 transcenderant
3393 4065 3516 4121 gra-

1930 4156 2082 4223 tiam,
2126 4170 2236 4210 non
2285 4152 2700 4208 revertebantur
2744 4150 2810 4205 ad
2842 4148 2978 4221 legis
3004 4146 3241 4202 Iudaicae
3288 4143 3520 4200 servitu-

1929 4256 2065 4314 tem,
2094 4261 2257 4317 quam
2290 4258 2564 4313 nunquam
2588 4241 2741 4313 prius
2770 4246 3165 4312 cognoverant;
3199 4236 3292 4293 sed
3330 4235 3516 4292 volen-

1929 4345 2011 4392 tes
2035 4338 2325 4393 observare
2363 4343 2630 4406 tempora,
2662 4333 2982 4390 circumcidi
3012 4347 3200 4399 carne,
3230 4338 3286 4385 et
3311 4330 3517 4386 hostias

235 4447 384 4501 inter
433 4444 664 4500 infantes
714 4426 1032 4514 expulsione
1074 4448 1131 4498 et
1177 4441 1520 4497 abdicatione
1569 4439 1822 4511 indignus
1847 4434 1902 4497 D
1927 4431 2123 4491 Offerre
2151 4444 2463 4502 corporeas,
2490 4428 2888 4501 quodammodo
2927 4426 2983 4481 in
3016 4426 3237 4482 eosdem
3275 4431 3517 4514 reverte-

232 4542 342 4590 est.
389 4532 589 4588 Verum
628 4531 917 4602 Apostolus
958 4531 1116 4601 quasi
1144 4531 1406 4587 Hebrams
1445 4546 1510 4587 ex
1558 4529 1822 4595 Hebraeis,

233 4634 289 4681 et
319 4623 388 4679 ad
414 4624 580 4694 pedes
616 4624 864 4696 magistri
891 4622 1203 4678 Gamalielis
1244 4623 1492 4689 edoctus,
1529 4621 1621 4692 qui
1652 4635 1825 4692 quon-

238 4715 362 4771 dam
394 4713 634 4770 furentes
660 4715 916 4768 adversus
943 4712 1229 4767 Dominum
1251 4711 1557 4766 Pharisaeos
1598 4709 1825 4765 consilio

233 4803 543 4861 refrenaret
568 4819 635 4858 ex
660 4803 841 4858 verbis
867 4799 1016 4857 Sam
1043 4801 1272 4856 dicentis
1296 4819 1309 4854 :
1338 4799 1461 4854 Non
1493 4799 1631 4853 enim
1657 4797 1823 4852 luere-

236 4896 425 4950 ditabit
454 4896 599 4966 filius
630 4893 839 4951 ancilla:
880 4908 999 4948 cum
1035 4892 1149 4963 [ilio
1187 4908 1300 4946 meo
1342 4888 1524 4956 Isaac,
1554 4887 1823 4943 intellexit

238 4989 418 5043 lusum
459 4987 613 5043 illum
650 4987 951 5059 simplicem
994 5001 1102 5041 non
1147 4983 1353 5039 fuisse:
1380 4981 1475 5053 qui
1514 4980 1821 5052 persecutio

239 5082 571 5137 nominatur.
626 5081 734 5137 Sed
783 5080 909 5149 quia
952 5077 1178 5134 forsitan
1215 5074 1409 5131 Ismael
1448 5072 1603 5145 quasi
1647 5070 1823 5142 major

240 5179 390 5238 natu,
427 5179 483 5227 et
521 5186 588 5227 eo
616 5179 858 5240 tempore
900 5167 1275 5232 circumcisus,
1311 5180 1421 5235 quo
1456 5162 1571 5234 jam
1605 5171 1823 5234 poterat

240 5267 561 5338 intelligere,
604 5275 660 5321 et
702 5264 903 5320 sentire
935 5262 1080 5335 quod
1112 5276 1305 5332 passus
1345 5269 1450 5327 est,
1479 5259 1583 5317 sibi
1613 5258 1821 5331 primo-

239 5361 422 5429 genita
469 5359 807 5422 vendicabat,
853 5355 1135 5426 Scriptura
1177 5354 1416 5426 jurgium
1468 5352 1818 5425 parvulorum

244 5450 417 5510 lusum
447 5452 681 5509 vocavit.
744 5450 893 5507 Unde
921 5456 978 5504 et
1000 5448 1136 5504 Sara
1165 5449 1281 5504 haec
1308 5448 1474 5503 verba
1514 5462 1621 5503 non
1651 5445 1820 5502 susti-

241 5560 400 5612 nens,
442 5553 501 5601 et
534 5543 926 5601 consuetudine
973 5540 1075 5597 sibi
1102 5539 1461 5611 primogenita
1484 5536 1822 5594 vendicantis

241 5637 450 5693 ancillae
479 5634 576 5691 lilii
611 5652 640 5689 a
669 5649 833 5707 parva
859 5640 1019 5691 aetate
1044 5646 1151 5687 non
1176 5631 1410 5701 patiens,
1439 5629 1618 5699 erupit
1644 5628 1700 5683 in
1729 5642 1821 5683 vo-

242 5740 364 5785 cem
391 5747 401 5781 :
432 5708 581 5796 I'fjice
616 5724 862 5781 ancillam
897 5739 1011 5779 cum
1040 5721 1153 5791 ﬁlio
1187 5738 1303 5776 suo.
1346 5720 1466 5777 Non
1492 5719 1628 5774 enim
1656 5718 1818 5774 htrrc-

1924 4524 2128 4581 bantur
2163 4521 2341 4577 cultus
2368 4518 2567 4590 quibus
2608 4518 2663 4573 in
2693 4515 3000 4573 idololatria
3037 4520 3163 4568 ante
3192 4513 3510 4568 servierant.

1996 4612 2135 4667 Ecce
2164 4626 2257 4682 ego
2286 4598 2492 4663 Paulus
2527 4607 2645 4662 dico
2684 4605 2846 4661 vobis.
2888 4604 3002 4675 Ego
3031 4602 3230 4658 Paulus
3253 4602 3515 4655 audenter

1923 4707 2080 4763 vobis
2118 4706 2261 4771 dico,
2309 4703 2583 4759 neminem
2619 4699 3027 4772 pertimescens,
3082 4710 3191 4751 non
3235 4692 3515 4751 occultans

1924 4814 2122 4855 nomen
2146 4810 2349 4861 meum,
2374 4801 2437 4850 ut
2458 4793 2736 4849 audientes
2757 4806 2865 4846 non
2891 4796 3002 4843 tam
3028 4784 3179 4841 missi
3207 4799 3368 4855 quam
3389 4782 3513 4838 mit-

1925 4890 2090 4946 tentis
2134 4886 2458 4944 auctoritate
2493 4890 2833 4941 moveantur.
2884 4880 3163 4950 Tanquam
3203 4875 3247 4931 si
3284 4874 3510 4940 diceret,

1924 4983 2064 5039 Ecce
2091 4997 2179 5037 me
2199 4979 2509 5051 imitemini,
2539 4987 2600 5034 ut
2626 4994 2735 5034 non
2766 4976 3036 5042 timeatis;
3065 4982 3157 5029 aut
3184 4972 3239 5028 in
3266 4986 3353 5027 me
3377 4985 3508 5025 cau-

1922 5090 2041 5133 sam
2064 5072 2358 5139 refundite,
2384 5072 2431 5127 si
2453 5070 2674 5125 timetis.

1996 5163 2260 5232 Quoniam
2293 5164 2340 5218 si
2381 5157 2830 5217 circumcidamini
2854 5198 2869 5224 ,
2920 5154 3160 5211 Christus
3192 5150 3333 5207 vobis
3379 5145 3512 5203 nihil

1917 5258 2149 5330 prodest.
2187 5254 2467 5325 Quomodo
2493 5250 2770 5322 accepturi
2803 5263 2991 5305 sumus
3016 5245 3158 5318 quod
3184 5243 3283 5309 ait,
3312 5256 3381 5298 ne
3408 5240 3512 5297 ite-

1921 5364 2044 5406 rum
2070 5348 2349 5405 servitutis
2371 5346 2501 5418 jngo
2529 5338 2902 5402 detineamini,
2931 5351 3053 5393 cum
3075 5336 3143 5392 ad
3162 5349 3257 5392 eos
3281 5332 3509 5401 scribat,

1921 5441 2015 5513 qui
2035 5439 2204 5495 Judaei
2243 5450 2521 5507 nunquam
2548 5432 2807 5490 fuerant?
2844 5429 2981 5484 Nam
3022 5429 3128 5484 hoc
3153 5425 3266 5498 agit
3297 5425 3508 5496 utique,

1921 5547 1992 5590 ne
2017 5530 2494 5592 circumcilantur,
2543 5523 2640 5580 sed
2681 5522 2939 5579 nimirum
2970 5520 3062 5575 hic
3105 5517 3413 5575 declaratur
3440 5524 3509 5572 et

1922 5623 2279 5682 conﬁrmatur
2307 5619 2573 5675 sententia
2604 5616 2713 5681 illa,
2747 5616 2815 5672 de
2837 5629 2943 5685 qua
2975 5613 3224 5684 superius
3256 5612 3503 5681 disputa-

1920 5717 2114 5772 vimus.
2169 5709 2307 5778 Quid
2352 5709 2496 5764 enim
2544 5705 2688 5762 aliud
2730 5707 2836 5762 hoc
2882 5713 3000 5760 loco
3044 5702 3293 5776 gentibus
3332 5700 3497 5764 dicat,
