3940 6180
447 220 540 280 89!
1504 207 1779 267 CLAUDII
1823 207 1909 262 TA
1921 205 2132 261 uanus
2144 205 2298 260 NSIS
2340 203 2645 262 EPlSCOPl
3611 205 3711 258 επ

419 316 550 390 ‘mm
579 328 813 394 invenio,
846 328 949 384 nisi
978 335 1036 380 ut
1070 325 1242 396 prosit
1273 323 1376 378 illis
1403 323 1546 393 quod
1580 338 1611 377 a
1651 322 1910 378 servitute
1939 336 2028 375 su—
2053 320 2107 380 Α
2131 336 2235 377 non
2256 319 2500 390 ejusdem
2520 334 2641 374 esse
2668 315 2761 372 Dei
2797 316 3070 372 custodire
3106 315 3241 370 velle
3285 315 3484 386 legem,
3529 325 3587 370 et
3629 333 3720 371 eos

448 423 780 496 perstitionis
817 435 926 475 suae
953 433 1054 489 per
1078 417 1237 472 ﬁdem
1271 415 1472 472 Christi
1508 415 1724 469 liberati
1765 422 1931 468 sunt:
1963 427 2036 485 ne
2132 411 2224 480 qui
2266 410 2438 481 legem
2478 407 2807 471 custodiant,
2858 406 3256 475 derelinquere.
3301 407 3411 460 Aut
3451 410 3722 476 quomodo

450 495 642 570 iterum
700 511 841 567 servi
881 525 1005 564 esse
1052 508 1219 563 velint
1262 507 1362 561 sub
1415 504 1544 576 jugo
1591 505 2030 560 Observationum
2131 509 2352 571 propter
2373 499 2734 554 intermissam
2758 497 2929 568 legem
2953 513 3072 551 reos
3095 510 3188 551 eos
3212 495 3372 552 faciet
3396 498 3514 566 qui,
3538 498 3723 552 etiam-

451 601 768 665 carnalium,
794 599 1048 668 quamvis
1072 598 1172 652 sub
1211 596 1327 666 lege
1372 595 1488 657 Dei,
1535 603 1714 648 tamen
1757 592 2033 647 carnalem

450 692 700 762 populum
731 689 1000 745 serviliter
1039 687 1392 757 alligantium.
1433 684 1708 739 Christum
1739 691 1922 736 autem
1951 681 2036 735 ni-

450 783 520 836 hil
549 783 626 836 eis
655 780 998 850 profutumm
1023 795 1142 833 esse
1170 777 1300 831 dicit
1331 776 1376 830 si
1401 775 1860 830 circnmcidantur
1893 791 1905 825 :
1939 772 2036 826 sed

453 872 542 924 illo
565 869 745 933 modo,
775 884 883 939 quo
908 884 1002 922 eos
1031 867 1124 921 isti
1163 865 1416 918 volebant
1460 859 1793 925 circumcidi,
1835 860 1890 913 id
1930 863 2034 922 est,

453 970 510 1012 ut
549 961 600 1013 in
643 961 826 1013 carnis
863 955 1275 1012 circumcisione
1319 959 1582 1022 ponerent
1629 965 1777 1020 spem
1826 948 2034 1004 salutis.

455 1049 568 1104 Non
599 1050 743 1103 enim
770 1049 1054 1102 Timotheo
1080 1061 1188 1098 non
1213 1042 1416 1114 profuit
1443 1041 1715 1103 Christus,
1744 1039 1867 1108 quia
1894 1037 2038 1091 Pau-

455 1140 541 1193 lus
561 1139 675 1207 ipse
702 1140 847 1192 illum
867 1136 978 1205 jam
1009 1135 1374 1190 Christianum
1397 1133 1648 1203 juvenem
1679 1129 2035 1185 circumcidit.

454 1227 607 1284 Fecit
637 1237 814 1281 autem
857 1228 959 1280 hoc
997 1234 1217 1295 propter
1252 1221 1568 1277 scandalum
1612 1234 1854 1283 suorum,
1905 1217 2041 1272 nihil

458 1318 720 1372 simulans
754 1317 995 1379 omnino,
1039 1314 1134 1368 sed
1179 1330 1246 1368 ex
1286 1312 1374 1366 illa
1414 1309 1796 1374 indill‘crentia,
1826 1324 1930 1377 qua
1963 1308 2042 1363 di-

459 1407 534 1460 cit
563 1406 906 1460 circumcisio
930 1403 1062 1458 nihil
1103 1411 1204 1466 cst,
1245 1410 1299 1456 et
1342 1399 1663 1470 prmputium
1701 1396 1831 1452 nihil
1863 1403 1948 1450 est
1988 1394 2040 1465 (I

459 1493 708 1562 Camn).
730 1493 874 1548 Nihil
901 1493 1045 1548 enim
1074 1491 1229 1546 obest
1262 1489 1362 1544 ista
1393 1487 1734 1543 circumcisio
1761 1486 1811 1540 ei
1839 1485 1932 1555 qui
1957 1499 2043 1538 sa-

463 1590 630 1643 lutem
668 1588 722 1643 in
758 1588 849 1642 illa
889 1603 996 1642 non
1043 1600 1163 1642 esse
1201 1584 1394 1640 credit.
1445 1583 1596 1638 Tunc
1633 1581 1896 1651 siquidem
1935 1594 2042 1634 non

2135 593 2180 646 si
2208 591 2392 655 velint,
2427 591 2683 644 universa
2705 588 2975 658 complere
3011 604 3118 643 non
3154 588 3406 658 possint?
3445 588 3558 644 Nos
3596 606 3726 644 vero

2135 683 2307 754 legem
2345 681 2496 749 sequi
2546 679 2865 750 spiritalem,
2902 695 3021 748 qua:
3060 679 3225 743 dicat,
3259 679 3386 733 Non
3431 679 3726 748 infrenabis

2137 793 2193 829 os
2221 775 2332 828 bovi
2353 775 2620 827 trituranti
2645 773 2820 843 (Deut.
2847 770 3004 841 xxv);
3028 780 3225 826 etcum
3248 771 3511 840 Apostolo
3534 773 3728 827 intelli-

2138 878 2284 934 gere,
2319 860 2571 932 Nunquid
2603 861 2664 914 de
2694 860 2852 913 bobus
2892 877 3019 912 cura
3068 870 3141 914 est
3185 859 3292 913 Deo
3316 861 3344 914 1'
3383 861 3475 913 sed
3518 872 3726 930 prapter

2141 970 2232 1006 nos
2253 953 2427 1022 utique
2450 951 2572 1004 dicit
2606 949 2777 1020 (Rom.
2818 950 2926 1020 Ix);
2959 960 3013 1004 et
3043 951 3334 1004 observare
3363 950 3595 1004 sabbata
3639 952 3723 1006 de-

2139 1042 2333 1106 licata;
2362 1057 2466 1094 non
2501 1049 2559 1093 ut
2585 1040 2680 1094 bos
2707 1051 2760 1094 et
2781 1040 2964 1094 asinus
2994 1048 3176 1094 noster
3202 1047 3257 1093 et
3284 1039 3412 1093 vilia
3439 1055 3638 1110 pecora
3663 1041 3723 1095 de

2141 1131 2336 1202 quibus
2371 1131 2630 1198 scriptum
2660 1136 2745 1182 est
2775 1147 2787 1182 :
2827 1127 3074 1183 Homines
3099 1138 3147 1183 et
3170 1129 3415 1199 jumenta
3445 1131 3621 1185 saltos
3641 1132 3719 1196 fa-

2141 1223 2269 1287 cies,
2293 1221 2514 1274 Domine
2535 1217 2708 1288 (Psal.
2740 1220 2927 1289 xxxv).
2969 1219 3227 1274 Homines
3253 1220 3554 1276 rationales
3578 1237 3724 1291 quos-

2143 1325 2270 1379 que,
2299 1319 2354 1363 et
2387 1309 2654 1379 spiritales
2686 1310 2852 1365 viros.
2893 1309 3162 1364 Animalia
3192 1324 3321 1365 vero
3349 1326 3446 1366 eos
3492 1313 3586 1382 qui
3621 1321 3724 1366 tar-

2145 1403 2310 1458 dioris
2336 1403 2697 1473 ingeniisunt,
2720 1410 2775 1457 et
2803 1417 2831 1455 a
2863 1401 3197 1472 spiritalibus
3225 1403 3293 1456 ad
3317 1404 3530 1473 agenda
3556 1404 3724 1459 Domi-

2143 1494 2198 1548 ni
2225 1492 2443 1548 sabbata
2466 1493 2804 1547 erudiuntur.
2845 1489 2956 1547 Nec
2981 1492 3312 1547 contrarium
3347 1509 3474 1548 esse
3505 1495 3560 1549 id
3597 1497 3727 1564 quo-1

2145 1597 2308 1654 supra
2341 1582 2604 1652 scriptum
2644 1590 2750 1649 est,
2778 1583 2825 1637 si
2849 1582 3325 1649 circumcidamini,
3363 1582 3611 1640 Christus
3649 1603 3728 1640 ro-

463 1678 684 1747 prodest
730 1677 1094 1742 circumcisio,
1145 1691 1267 1731 cum
1312 1674 1518 1744 aliquid
1563 1689 1660 1745 per
1702 1671 2047 1740 semetipsam
2076 1662 2122 1721 Β
2151 1673 2227 1728 bis
2257 1672 2389 1728 nihil
2411 1673 2638 1746 pre-dest.
2675 1673 2742 1730 Et
2807 1673 2911 1728 uod
2933 1673 3200 1743 sequitur,
3232 1673 3515 1744 Testiﬁcor
3539 1694 3731 1732 omnem

460 1774 682 1840 putatur
701 1765 951 1821 utilitatis
979 1765 1192 1821 alierre.
1233 1763 1341 1820 Sed
1361 1763 1481 1820 illos
1510 1763 1654 1819 solos
1679 1763 1747 1818 ab
1767 1759 2046 1830 huiusmo-

465 1857 523 1912 di
555 1857 1024 1913 observationibus
1059 1873 1166 1912 non
1202 1857 1368 1914 fuisse
1400 1855 1786 1928 prohibendos,
1819 1870 1956 1926 quos
1984 1854 2046 1908 ﬁ-

463 1946 581 2012 des,
619 1962 739 2016 qua:
775 1947 1009 2002 revelata
1049 1954 1154 2012 est,
1193 1947 1260 2002 iis
1302 1947 1417 2018 jam
1446 1946 1682 2000 imbutos
1727 1945 2042 2000 invenerat:

463 2046 525 2092 ut
546 2039 598 2092 in
624 2038 704 2093 eis
731 2039 841 2109 jam
874 2045 1344 2094 consummaretur
1381 2038 1494 2107 ipsa
1534 2036 1676 2091 actio
1704 2036 2045 2106 prophetica,

465 2144 602 2198 quos
642 2137 765 2183 ante
807 2130 874 2182 ad
922 2128 1286 2198 impletionem
1321 2127 1617 2198 prophetia:
1635 2127 1748 2198 jam
1778 2134 2045 2191 tenuerat,

465 2235 534 2274 ne
557 2220 598 2275 si
626 2221 769 2275 etab
793 2220 920 2290 ipsis
945 2228 1312 2274 removeretur
1327 2260 1340 2284 ,
1365 2219 1665 2288 improbata
1687 2217 1867 2288 potius
1885 2232 2048 2288 quam

467 2310 755 2364 terminata
785 2309 1076 2364 videretur.
1120 2308 1174 2363 Si
1216 2318 1395 2363 autem
1437 2315 1491 2362 et
1526 2307 1774 2378 gentibus
1804 2307 2048 2377 impone-

469 2407 639 2462 retur,
681 2407 774 2452 aut
820 2415 922 2454 non
963 2397 1166 2452 Christi
1211 2397 1558 2466 promittendi
1602 2411 1764 2450 causa
1807 2395 2052 2450 instituta

471 2505 610 2552 esse,
633 2498 723 2544 aut
745 2491 919 2545 adhuc
940 2488 1212 2544 Christum
1234 2489 1548 2558 promittere
1569 2495 1870 2557 putaretur.
1894 2486 2054 2541 Prius

472 2584 653 2653 itaque
695 2582 918 2654 populus
957 2583 1072 2648 Dei,
1114 2590 1402 2652 antequam
1439 2580 1686 2636 Christus
1716 2580 1944 2644 veniret,
1979 2578 2056 2633 le-

474 2692 594 2745 gem
624 2676 1019 2744 prophetasque
1053 2671 1365 2743 adimplere,
1413 2671 1500 2725 illa
1537 2671 1740 2735 omnia,
1771 2687 1893 2740 qua:
1930 2669 2056 2723 hinc

471 2766 880 2834 promittebant.
925 2765 1214 2818 observare
1251 2761 1583 2833 jubebantur
1623 2780 1635 2814 :
1677 2761 1814 2815 liber
1861 2761 1914 2813 in
1955 2759 2054 2823 eis,

475 2855 563 2923 qui
594 2856 706 2908 lucc
734 2870 844 2923 quo
872 2855 1206 2923 pertinerent
1234 2853 1633 2923 intelligebant;
1666 2866 1854 2906 servus
1876 2859 2056 2904 autem

475 2947 527 3001 in
560 2948 660 3011 eis,
682 2947 770 3015 qui
802 2963 904 3000 non
929 2945 1316 3015 intelligebant.
1367 2944 1644 2999 Posterior
1671 2958 1800 3012 ergo
1832 2941 2057 3012 populus

475 3035 732 3089 accedens
755 3036 820 3089 ad
850 3035 1028 3098 ﬁdem,
1053 3035 1176 3104 quia
1196 3033 1307 3102 jam
1336 3033 1585 3088 Christus
1605 3033 1837 3096 venisse,
1867 3047 2056 3102 passus
2083 3001 2128 3064 Ο

476 3142 617 3188 esse,
656 3142 720 3181 ac
759 3127 1120 3182 resurrexisse
1158 3125 1574 3194 praedicabatur.
1619 3123 1671 3178 in
1716 3122 1802 3176 his
1845 3121 2060 3192 quidem

479 3216 810 3280 hominibus,
840 3232 974 3284 quos
997 3215 1111 3284 jam
1156 3216 1348 3270 talibus
1393 3213 1746 3269 sacramentis
1790 3213 2066 3269 institutos

479 3306 665 3361 eadem
693 3306 824 3360 ﬁdes
864 3307 1140 3360 invenerat
1169 3321 1268 3360 nec
1296 3305 1592 3375 cogebatur
1621 3305 1724 3357 ista
1751 3303 2062 3365 observare,

484 3414 584 3454 nec
619 3398 1024 3469 prohibebatur.
1068 3397 1126 3451 ln
1170 3397 1255 3451 his
1295 3403 1475 3450 autem
1511 3395 1603 3466 qui
1649 3394 1846 3449 talibus
1887 3394 2064 3460 vacui,

482 3489 629 3544 nulla
674 3489 907 3559 generis,
954 3487 1098 3542 nulla
1136 3485 1575 3550 consuetudinis,
1613 3485 1697 3539 vel
1741 3486 2066 3554 congruenti

483 3580 809 3635 necessitate
836 3579 1030 3632 retenti
1059 3576 1421 3640 crediderant,
1449 3574 1613 3628 etiam
1654 3573 2062 3642 prohibebatur,

485 3679 544 3724 ut
568 3685 730 3739 super
756 3685 848 3725 eos
865 3667 977 3738 jam
1005 3668 1264 3737 inciperet
1292 3679 1570 3737 apparere.
1611 3663 1700 3717 Illa
1731 3664 1911 3718 omnia
1939 3680 2066 3733 pro-

483 3771 604 3832 pter
648 3760 1070 3830 promittcndum
1110 3757 1385 3814 Christum
1427 3754 1593 3810 fuisse
1639 3755 1884 3810 instituta
1915 3770 1928 3808 :
1957 3771 2066 3824 quo

486 3854 736 3908 veniente
769 3860 929 3921 atque
957 3850 1070 3904 hate
1102 3849 1367 3920 promissa
1390 3846 1735 3918 adimplente,
1761 3845 1873 3917 jam
1904 3861 2066 3915 opor-

488 3955 625 4000 lCl‘Cl
661 3959 878 4000 (205531⁸8
889 3985 898 3997 .
1165 3951 1168 3954 ’

559 4057 832 4111 Contestor
866 4065 1040 4109 autem
1079 4069 1278 4108 omnem
1317 4051 1575 4107 hominem
1614 4048 2067 4104 circumcidentem

487 4163 560 4210 se,
588 4147 834 4216 quoniam
857 4144 1058 4198 debitor
1079 4155 1150 4198 est
1182 4145 1434 4197 universa:
1463 4142 1589 4212 legis
1614 4141 1888 4209 faciendae.
1929 4140 2068 4194 Deus

489 4239 580 4306 qui
623 4237 1089 4291 circumcisionem
1135 4235 1309 4304 primo
1347 4234 1412 4287 ad
1449 4232 1745 4295 Abraham,
1778 4230 1971 4285 deinde
1999 4231 2066 4284 ad

2145 1763 2407 1818 hominem
2433 1762 2888 1818 circumcide
2912 1780 2987 1829 se,
3008 1766 3258 1835 quoniam
3287 1766 3499 1820 debitor
3525 1778 3600 1822 est
3627 1770 3730 1821 uni-

2146 1869 2303 1909 versa
2332 1853 2458 1925 legis
2485 1852 2761 1923 faciendae.
2798 1853 2952 1921 Quod
2987 1854 3107 1910 ideo
3151 1854 3252 1921 ait,
3298 1864 3360 1910 ut
3406 1857 3493 1912 vel
3537 1867 3735 1912 terrore

2150 1953 2262 2002 tam
2303 1945 2778 2003 innumerabilium
2822 1946 3286 2012 Observationum,
3326 1963 3454 2018 qua:
3504 1949 3560 2004 in
3608 1949 3736 2021 legis

2148 2036 2405 2107 operibus
2427 2036 2642 2105 scriptae
2663 2045 2810 2101 sunt,
2837 2053 2906 2093 ne
2930 2052 3120 2093 omnes
3138 2037 3364 2107 implere
3387 2050 3733 2110 cogerentur,

2149 2126 2292 2197 quod
2319 2140 2418 2180 nec
2445 2125 2544 2195 ipsi
2580 2123 2750 2180 Judaei
2772 2141 2871 2181 nec
2900 2135 3152 2197 parentes
3179 2142 3366 2182 eorum
3399 2129 3631 2198 implere
3652 2146 3741 2199 po—

2151 2223 2390 2280 tuerunt,
2435 2215 2576 2270 sicut
2610 2214 2804 2270 Petrus
2843 2215 2895 2270 in
2932 2216 3156 2272 Actibus
3185 2218 3555 2287 apostolorum
3595 2221 3740 2280 dicit,

2151 2303 2476 2360 Abstineant
2505 2319 2564 2361 se
2591 2306 2659 2360 ab
2688 2305 2774 2360 his
2810 2306 3006 2375 quibus
3045 2321 3139 2362 eos
3179 2307 3269 2362 isti
3306 2310 3604 2382 subjugare
3654 2328 3743 2366 cu-

2151 2397 2393 2466 piebant.

2231 2525 2484 2581 Evacuati
2509 2529 2630 2582 estis
2651 2546 2682 2581 a
2711 2528 2941 2595 Christo,
2969 2530 3059 2601 qui
3082 2532 3136 2584 in
3157 2531 3267 2602 lege
3287 2533 3693 2602 justi/Scantini,
3720 2553 3749 2587 α

2155 2619 2328 2688 gratia
2352 2618 2640 2673 excidistis.
2682 2618 2961 2686 Quomodo
3001 2636 3163 2676 nemo
3203 2630 3384 2691 potest
3417 2623 3636 2678 duobus
3661 2626 3751 2678 do-

2158 2709 2318 2764 minis
2345 2711 2570 2774 servire,
2602 2711 2682 2766 sic
2702 2713 2949 2766 umbram
2981 2713 3185 2782 pariter
3210 2722 3271 2768 et
3297 2716 3584 2771 veritatem
3615 2717 3749 2787 legis

2158 2799 2380 2869 implere
2408 2800 2619 2857 dilIicile
2641 2811 2745 2857 est.
2789 2803 2988 2859 Umbra
3031 2805 3085 2858 in
3118 2805 3233 2874 lege
3259 2809 3435 2862 veteri
3459 2817 3546 2863 est
3574 2810 3749 2865 donec

2159 2892 2328 2961 spiret
2352 2894 2486 2957 dies,
2515 2901 2572 2949 et
2599 2904 2951 2950 amoveantur
2970 2896 3196 2952 umbrae.
3247 2898 3463 2954 Veritas
3490 2899 3547 2954 in
3574 2901 3753 2955 Evan-

2159 2982 2297 3053 gelia
2329 2982 2552 3038 Christi.
2609 2981 2793 3038 Gratia
2815 2986 2958 3039 enim
2982 2996 3029 3041 et
3059 2987 3250 3041 veritas
3275 3005 3366 3057 per
3389 2988 3575 3043 Iesum
3599 2988 3754 3043 Chri-

2165 3084 2301 3128 stum
2324 3075 2479 3146 facta:
2509 3085 2629 3130 sunt
2655 3076 2836 3148 (Joan.
2865 3076 2927 3149 ι).
2967 3076 3153 3133 Perdit
3172 3094 3301 3150 ergo
3330 3081 3564 3150 gratiam
3597 3081 3756 3137 Chri-

2167 3167 2257 3230 sti,
2285 3175 2340 3221 et
2359 3167 2711 3238 Evangelium
2745 3169 2888 3236 quod
2929 3179 3175 3224 tenuerat
3201 3170 3402 3225 amittit
3428 3173 3520 3241 qui
3553 3174 3606 3226 in
3654 3174 3756 3227 ali-

2167 3272 2276 3325 qua
2322 3256 2701 3312 observatione
2743 3256 2876 3328 legis
2911 3273 2970 3313 se
3003 3257 3292 3328 justiﬁcari
3325 3269 3501 3330 putat,
3539 3272 3594 3315 et
3633 3279 3756 3316 cum

2168 3346 2398 3414 gratiam
2447 3347 2708 3410 amiserit,
2755 3363 2786 3400 a
2833 3347 3035 3402 Christi
3073 3347 3176 3404 ﬁde
3217 3350 3548 3415 destruitur,
3597 3361 3656 3406 et
3707 3355 3756 3406 in

2168 3433 2286 3504 ejus
2316 3449 2478 3505 Opere
2509 3436 2865 3504 conquiescit.
2917 3436 3088 3508 Magis
3116 3447 3296 3494 autem
3326 3440 3668 3510 intelligitur,
3701 3453 3756 3496 ut

2169 3524 2223 3578 id
2246 3527 2387 3594 quod
2414 3541 2574 3595 supra
2613 3527 2922 3596 specialiter
2947 3529 3013 3583 de
3036 3529 3451 3586 circumcisione
3485 3548 3755 3603 praecepe-

2168 3627 2255 3672 rat
2283 3618 2510 3672 dicens:
2544 3617 2605 3674 Si
2651 3621 3124 3687 circumcidamini,
3165 3622 3404 3680 Christus
3442 3628 3582 3681 nobis
3622 3629 3755 3680 nihil

2167 3710 2407 3780 prodest,
2448 3726 2593 3765 nunc
2632 3721 2740 3766 tota
2799 3712 2914 3784 lege
2951 3710 3272 3784 generaliter
3311 3719 3751 3788 comprehendat.

2169 3800 2304 3853 nihil
2335 3815 2429 3856 eos
2458 3801 2512 3855 in
2537 3801 2739 3856 Christi
2774 3817 2939 3872 opere
2977 3804 3260 3872 proﬁcere,
3305 3807 3398 3876 qui
3429 3809 3482 3861 in
3512 3825 3748 3878 quacun-

2169 3907 2274 3962 que
2303 3893 2679 3947 observatione
2714 3908 2772 3948 se
2808 3895 3137 3950 crediderint
3170 3895 3550 3966 justiﬁeandos
3578 3899 3752 3954 dicen-

2170 3984 2278 4038 do:
2311 3984 2367 4038 Si
2397 4000 2526 4055 ergo
2554 3985 2607 4039 in
2634 3985 2749 4055 lege
2786 4001 2936 4056 spem
2977 3988 3198 4058 ponitis,
3243 3989 3516 4044 inﬁrmam
3555 3991 3751 4046 Christi

2169 4079 2397 4147 gratiam
2422 4078 2699 4148 judicatis,
2725 4090 2781 4135 et
2810 4080 2954 4150 quod
2981 4082 3151 4152 gratis
3173 4082 3285 4152 jam
3307 4085 3613 4153 accepistis,
3640 4095 3756 4138 tan-

2170 4181 2333 4236 quam
2358 4182 2464 4223 non
2495 4169 2778 4237 habentes,
2812 4171 3048 4241 propriis
3077 4172 3240 4226 vultis
3265 4172 3546 4229 laboribus
3586 4175 3756 4245 adipi-

2171 4257 2269 4312 sci.
2308 4257 2557 4314 Nondum
2593 4269 2776 4316 autem
2821 4270 2941 4316 erat
2977 4261 3202 4329 factum,
3227 4262 3324 4318 sed
3348 4264 3479 4333 quia
3506 4266 3756 4320 voluntas

492 4327 792 4428 Moysen
821 4325 936 4428 lege
961 4324 1210 4428 praecepit
1240 4339 1346 4428 nop
1384 4319 2064 4428 solunrcircum‘cisionem,
2092 4341 2144 4402 Ι)
2171 4349 2374 4404 moveri
2426 4360 2684 4421 cmperat,
2725 4352 2799 4408 ita
2836 4351 3108 4424 plerisque
3145 4319 3282 4410 locis
3321 4319 3566 4426 ldquitur
3603 4359 3755 4428 quasi

490 4415 584 4472 sed
610 4423 666 4470 et
691 4415 792 4470 alia
823 4414 991 4468 multa
1026 4411 1358 4469 observanda
1396 4412 1678 4467 constituit
1709 4428 1721 4463 :
1753 4411 1870 4465 dies
1902 4409 2068 4466 festos

492 4505 876 4577 Hierosolymis
922 4504 1372 4576 frequentandos,
1417 4504 1715 4559 hostiarum
1755 4503 2069 4557 holocausta

492 4590 648 4651 mane
678 4611 891 4668 semper
912 4603 967 4650 et
991 4611 1234 4667 vespere,
1262 4594 1683 4649 immolationem
1721 4594 1775 4647 in
1812 4609 1920 4648 uno
1954 4601 2074 4646 tan-

492 4695 604 4741 tum
636 4686 773 4750 loco,
811 4686 1317 4755 quinquagesimum
1364 4683 1700 4738 remissionis
1746 4698 1970 4744 annum.
2019 4691 2074 4737 et

489 4783 704 4840 caetera,
730 4789 851 4844 qua:
889 4771 1041 4827 facile
1070 4779 1156 4828 est
1189 4773 1254 4826 de
1291 4770 1586 4840 Scripturis
1629 4784 1921 4840 excerpere
1970 4770 2073 4825 sibi

491 4882 923 4938 unumquemque
945 4851 1223 4921 lectorem.
1261 4865 1448 4935 Itaque
1481 4865 1890 4920 “cohortabimnr
1915 4865 2075 4920 Ebio—

493 4975 635 5023 nem,
665 4967 719 5013 et
739 4965 1032 5012 sectatores
1053 4955 1189 5025 ejus,
1218 4957 1308 5027 qui
1339 4966 1461 5028 post
1481 4957 1826 5026 Evangelium
1849 4957 2073 5012 creden-

493 5059 574 5104 tes
618 5051 672 5104 in
717 5049 932 5104 Christo
967 5047 1432 5103 circumcidendos
1470 5055 1684 5117 putant,
1732 5055 1789 5100 ut
1828 5056 1920 5100 aut
1964 5047 2072 5101 cir—

493 5142 876 5198 cumcisionem
906 5139 1126 5204 iaciant,
1159 5148 1215 5194 et
1239 5146 1432 5193 caetera
1459 5154 1578 5208 quae
1608 5137 1993 5207 prmeipiuntur
2021 5139 2072 5192 in

494 5235 638 5306 lege;
669 5241 760 5289 aut
781 5234 824 5288 si
855 5231 1189 5304 impossibile
1216 5239 1299 5286 est
1317 5238 1510 5285 cuncta
1535 5229 1674 5295 ﬁeri,
1697 5235 1872 5283 cesset
1891 5236 1947 5283 et
1969 5228 2075 5282 cir-

495 5325 773 5393 cumcisio,
805 5342 924 5394 quae
966 5324 1178 5380 caeteris
1208 5323 1361 5393 quasi
1405 5321 1612 5377 inutilis
1647 5320 1926 5392 praemissa
1968 5328 2069 5375 est.

492 5413 644 5478 Quod
670 5415 716 5468 si
744 5415 1117 5484 responderint
1140 5413 1416 5483 possibilia
1443 5420 1654 5467 tantum
1680 5412 1876 5467 debere
1906 5427 1963 5467 se
1988 5411 2071 5466 fa-

493 5517 615 5557 cere
645 5502 772 5574 (non
801 5505 944 5559 enim
976 5506 1144 5561 Deum
1179 5521 1242 5560 ea
1277 5521 1306 5560 a
1349 5506 1504 5562 nobis
1545 5506 1762 5576 exigere
1802 5521 1922 5576 quae
1964 5519 2071 5561 non

497 5605 797 5660 possumus,
822 5593 914 5649 sed
961 5612 1077 5666 quae
1109 5612 1392 5664 possumus
1421 5597 1685 5668 implere),
1719 5598 1958 5654 dicemus
1993 5598 2072 5653 eis

2167 4440 2280 4511 jam
2305 4441 2510 4499 factum
2538 4445 2626 4500 sit.

2247 4599 2359 4655 Nos
2380 4602 2517 4654 enim
2547 4601 2733 4672 spiritu
2755 4618 2819 4656 ea:
2840 4601 2944 4672 ﬁde
2965 4619 3106 4673 spem
3121 4603 3350 4673 justitia:
3374 4615 3751 4675 exspectamus.

2176 4692 2436 4764 Spiritum
2461 4695 2528 4748 ad
2557 4694 2960 4750 distinctionem
2987 4695 3181 4750 littera:
3203 4697 3400 4765 posuit.
3443 4695 3581 4767 Spes
3605 4698 3754 4766 justi—

2176 4784 2263 4836 tia:
2299 4783 2546 4839 Christus
2581 4785 2985 4855 intelligendus;
3017 4785 3142 4854 quia
3163 4785 3277 4855 ipse
3296 4794 3380 4840 est
3401 4789 3637 4852 veritas,
3660 4803 3752 4856 pa—

2175 4873 2386 4938 tientia,
2411 4889 2553 4944 spes,
2575 4874 2806 4946 justitia,
2833 4890 3024 4930 omnes
3050 4876 3278 4930 virtutes
3305 4895 3317 4929 :
3343 4876 3501 4945 cujus
3543 4894 3640 4933 nos
3676 4893 3754 4933 se-

2174 4967 2408 5021 cundum
2447 4977 2825 5037 exspectamus
2864 4967 3151 5022 adventum
3183 4984 3290 5037 quo
3312 4967 3656 5037 judicatums
3679 4978 3752 5024 est

2175 5055 2375 5119 omnia,
2401 5064 2452 5108 et
2478 5053 2590 5122 jam
2637 5071 2745 5110 non
2783 5055 3062 5128 patientia,
3105 5057 3198 5111 sed
3231 5058 3446 5128 justitia
3479 5059 3751 5113 adfuturus

2174 5152 2234 5196 ut
2261 5145 2446 5198 reddat
2477 5145 2766 5215 unicuique
2792 5145 3089 5200 secundum
3117 5161 3282 5216 opera
3308 5164 3424 5202 sua.
3469 5148 3633 5218 Cujus
3653 5147 3750 5203 diei

2174 5235 2515 5303 praesentiam
2544 5234 2851 5304 Apostolus,
2874 5246 2928 5290 et
2946 5237 3037 5306 qui
3068 5237 3117 5292 ei
3156 5247 3284 5292 sunt
3324 5240 3530 5294 similes
3564 5253 3753 5307 exspe-

2176 5330 2385 5378 ctantes
2427 5324 2599 5388 aiunt,
2647 5324 2901 5378 Adceniat
2947 5342 3160 5395 regnum
3211 5336 3360 5381 tuum
3405 5326 3727 5400 (Matt/1.1x)

2176 5412 2248 5468 Ut
2277 5427 2400 5470 cum
2427 5411 2595 5468 Filius
2615 5413 2728 5468 Deo
2757 5424 2811 5470 et
2839 5415 2983 5470 Patri
3014 5417 3296 5471 tradiderit
3323 5435 3569 5489 regnum,
3609 5427 3659 5472 et
3695 5417 3748 5470 in

2177 5502 2432 5573 subjectis
2460 5503 2710 5560 omnibus
2751 5503 2912 5562 fuerit
2939 5514 2992 5561 et
3016 5508 3128 5576 ipse
3155 5508 3449 5577 subjectus.
3489 5507 3634 5562 Tunc
3659 5521 3748 5561 ca-

2176 5606 2270 5667 put
2299 5595 2612 5666 subjiciatur
2637 5599 3028 5667 quodammodo
3065 5609 3118 5654 ct
3154 5602 3387 5670 corpori,
3421 5612 3470 5656 et
3508 5601 3571 5657 sit
3608 5577 3747 5653 Deus
