3940 6180
229 263 334 319 895

1170 267 1422 324 ENARR.
1458 269 1529 325 IN
1565 269 1783 327 EPIST.
1821 269 1885 326 D.
1926 270 2132 328 PAULI
2173 270 2262 326 AD
2299 273 2550 331 GALAT.

3386 285 3494 344 89.5
3551 341 3558 347 .

226 374 413 430 onmia
441 375 495 429 in
522 375 786 430 omnibus.
829 375 964 443 Quia
997 378 1092 447 qui
1128 393 1274 434 nunc
1304 389 1391 436 est
1420 395 1489 436 ex
1526 391 1682 452 parte
1716 397 1813 452 per
1839 392 1892 452 Α
1989 380 2095 447 Qui
2130 393 2305 437 autem
2341 386 2617 440 conturbat
2649 403 2756 452 eos,
2797 391 3028 458 portabit
3057 393 3342 462 judicium,
3383 402 3504 468 qui.-

225 464 492 538 singulos,
516 473 644 520 tunc
664 466 882 534 incipiet
904 476 1052 523 totus
1077 483 1196 524 esse
1224 484 1322 539 per
1345 479 1568 528 cunctos
1602 486 1618 526 :

302 575 446 630 Nam
477 577 531 630 in
552 573 760 631 Christo
781 575 909 631 Iesu
940 594 1103 648 neque
1133 579 1460 634 circumcisio
1490 579 1689 650 aliquid
1707 598 1810 635 'va-

227 667 316 734 let,
341 684 504 737 neque
529 669 862 738 prrrputiutn,
894 669 985 722 sed
1025 669 1182 737 fides,
1219 686 1336 740 quae
1374 687 1465 739 per
1501 671 1809 725 charitatem

225 767 493 829 operatur.
533 758 629 813 His
661 759 753 827 qui
784 760 838 812 in
865 758 1081 813 Christo
1107 759 1236 814 Jesu
1266 759 1455 814 volunt
1473 759 1672 825 vivere,
1697 761 1808 814 vir-

224 858 370 906 tutes
411 852 724 920 appetendae
762 857 916 914 sunt,
967 851 1098 904 vitia
1139 849 1416 921 fugienda.
1462 850 1632 904 Media
1677 867 1807 907 vero

221 957 342 1012 quae
380 941 522 994 inter
550 941 777 995 virtutes
805 949 857 994 et
883 941 1010 994 vitia
1055 949 1200 1005 sunt,
1244 956 1344 996 nec
1390 940 1638 1010 fugienda
1682 948 1808 996 sunt

219 1048 324 1087 nec
353 1031 674 1101 appetenda,
699 1039 759 1084 ut
787 1030 1145 1094 circumcisio,
1178 1037 1234 1085 et
1257 1031 1600 1100 praeputium,
1631 1038 1686 1086 et
1708 1045 1808 1085 cat-

218 1135 339 1178 tera
379 1125 464 1179 his
493 1123 708 1178 similia.
746 1121 1087 1176 Circumcisio
1125 1123 1333 1192 quidem
1371 1122 1604 1192 prodest,
1646 1123 1692 1177 si
1732 1120 1804 1176 le-

214 1232 333 1286 gem
363 1215 626 1268 custodias
646 1231 662 1277 ;
685 1228 805 1282 qua:
834 1213 1036 1267 idcirco
1062 1211 1210 1266 utilis
1240 1211 1342 1266 fuit
1367 1212 1452 1266 his
1477 1212 1570 1280 qui
1601 1211 1655 1264 in
1687 1211 1804 1282 lege

213 1308 499 1369 vixerunt,
536 1322 642 1359 non
672 1306 796 1374 quia
821 1303 1128 1359 circumcisi
1155 1311 1332 1368 erant,
1361 1303 1455 1358 sed
1477 1303 1601 1372 quia
1629 1303 1804 1358 credi-

212 1407 266 1453 ta
295 1405 426 1453 sunt
451 1397 555 1451 illis
577 1397 787 1467 eloquia
813 1397 924 1460 Dei,
949 1411 1070 1465 qum
1092 1395 1148 1449 in
1176 1411 1340 1465 opera
1359 1403 1638 1451 vertentes
1660 1411 1690 1450 a
1711 1412 1800 1451 sa-

209 1471 328 1542 lute
355 1487 595 1542 extranei
623 1501 728 1540 non
761 1485 996 1539 fuerunt.
1040 1485 1119 1538 Ex
1149 1498 1214 1538 eo
1243 1484 1508 1553 siquidem
1537 1492 1798 1554 tempore,

207 1595 322 1650 quo
343 1577 690 1648 Evangelium
725 1576 780 1630 in
816 1583 929 1630 toto
963 1575 1096 1630 orbe
1123 1575 1374 1640 radiavit,
1407 1573 1674 1646 superﬂua
1715 1583 1801 1629 est

208 1670 645 1727 circumcisionis
670 1665 889 1736 injuria,
921 1682 1040 1737 qua:
1074 1675 1223 1734 tunc,
1253 1677 1312 1722 ut
1346 1673 1541 1722 cattera
1585 1680 1798 1736 quoque

1911 487 2113 542 cunque
2135 483 2210 527 est
2250 472 2357 527 ille.
2397 474 2642 543 Occulte,
2687 478 2959 548 inquiunt,
3009 482 3231 540 Petrum
3274 486 3500 556 lacerat,

1909 564 1996 618 cui
2023 579 2186 634 supra
2210 565 2264 618 in
2289 565 2427 620 facie
2449 568 2712 623 restitisse
2738 585 2796 624 se
2819 572 3028 638 scribit,
3052 575 3194 643 quod
3221 593 3326 633 non
3348 591 3501 637 recto

1907 655 2043 721 pede
2071 655 2344 711 incederet
2365 657 2432 712 ad
2465 657 2739 730 Evangelii
2768 663 3074 730 veritatem,
3107 665 3201 720 sed
3228 684 3327 724 nec
3360 670 3500 727 Pau-

1905 741 1990 797 lus
2019 751 2128 796 tam
2152 745 2368 812 procaci
2411 745 2699 802 maledicto
2736 750 2803 804 de
2841 750 3102 808 Ecclesiae
3138 757 3381 826 principe
3410 760 3494 815 lo-

1905 839 2182 900 queretur,
2208 850 2310 891 nec
2335 835 2526 892 Petrus
2548 838 2742 909 dignus
2767 842 2858 910 qui
2885 852 3046 897 contu
3056 846 3220 902 rbattn
3243 848 3497 907 Ecclesiae

1907 940 2032 980 reus
2062 926 2234 982 ﬁeret.
2273 929 2354 984 Ex
2383 945 2492 999 quo
2520 931 2891 988 arhitrandum
2921 942 3005 990 est
3028 936 3094 991 de
3125 937 3230 992 alio
3258 942 3491 1008 quodam

1904 1016 2030 1079 dici,
2063 1017 2154 1087 qui
2181 1027 2275 1074 aut
2297 1035 2419 1075 cum
2444 1022 2697 1090 apostolis
2724 1022 2922 1089 fuerat,
2963 1034 3057 1079 aut
3088 1025 3156 1080 de
3184 1026 3368 1084 Judcea
3399 1047 3492 1086 ve-

1905 1115 2076 1170 nerat,
2124 1118 2217 1162 aut
2251 1124 2319 1163 ex
2348 1109 2639 1164 Pharisaais
2679 1113 3005 1178 crediderat,
3056 1124 3150 1168 aut
3195 1127 3340 1173 certe
3377 1136 3492 1175 ma-

1904 1212 2041 1266 gnus
2069 1198 2139 1251 sit
2164 1199 2304 1266 apud
2327 1199 2550 1255 Galatas
2573 1202 2894 1268 aestimatus,
2925 1212 2986 1258 ut
3011 1214 3190 1274 portet
3221 1208 3484 1277 judicium

1904 1285 2158 1342 Ecclesia:
2198 1291 2554 1352 conturbatat,
2607 1291 2916 1360 quicunque
2959 1303 3044 1348 est
3095 1295 3202 1350 ille.
3264 1296 3488 1354 Turbati

1901 1389 2030 1444 ergo
2058 1375 2272 1430 fuerant
2299 1377 2501 1434 Galate
2529 1381 2673 1433 inter
2714 1383 2965 1450 spiritum
3007 1391 3062 1438 et
3095 1384 3353 1453 litteram,
3385 1389 3492 1443 cir-

1900 1466 2306 1532 cumcisionem,
2352 1477 2403 1522 et
2447 1470 2814 1526 concisionem
2851 1472 3185 1529 Judaismum
3213 1479 3485 1534 occultum

1900 1562 1956 1608 et
1979 1556 2346 1623 manifestum,
2372 1561 2502 1629 quid
2523 1571 2748 1634 agerent
2769 1563 3099 1634 ignorantes.
3142 1568 3364 1624 Brevius
3393 1588 3490 1626 au-

1901 1652 2010 1699 tem
2035 1653 2091 1700 et
2113 1646 2191 1701 sic
2220 1648 2391 1718 accipi
2417 1657 2598 1719 potest
2623 1669 2636 1705 :
2662 1650 2981 1722 Quicunque
3008 1661 3093 1709 est
3128 1655 3219 1710 ille
3257 1657 3349 1725 qui
3388 1674 3487 1715 vos

208 1761 368 1833 legis,
392 1759 577 1824 valuit,
606 1734 820 1829 quando
841 1764 898 1812 et
923 1734 1325 1813 benedictiones
1351 1734 1786 1828 carnales—legem

1898 1735 1966 1790 ad
2001 1734 2397 1794 Pharisaeorum
2435 1740 2738 1796 doctrinam
2783 1743 2974 1808 trahit,
3019 1752 3074 1798 et
3117 1743 3391 1800 desiderat
3431 1747 3488 1802 in

208 1851 552 1908 servantibus
589 1851 1006 1921 spondebantur.
1047 1849 1200 1917 Quod
1238 1849 1443 1905 scilicet
1487 1850 1533 1906 si
1578 1849 1797 1919 imples-

208 1947 334 1996 sent
375 1955 516 2006 eam,
554 1939 826 1996 benedicti
856 1948 1039 1997 essent
1081 1939 1134 1994 in
1171 1939 1409 2005 civitate,
1446 1939 1713 1995 benedicti
1741 1938 1796 1993 in

209 2049 361 2104 agro,
384 2032 832 2102 pleua.haberent
854 2035 1071 2098 horrea,
1095 2040 1151 2087 et
1178 2032 1344 2086 multa
1375 2031 1479 2085 alia
1499 2047 1620 2101 qua:
1643 2030 1694 2084 in
1717 2045 1798 2085 re-

205 2124 656 2194 promissionibus
697 2125 1042 2179 continentur
1063 2122 1268 2193 (Deut.,
1299 2121 1508 2192 xxviii).
1540 2120 1652 2175 Nos
1699 2135 1796 2175 au-

207 2225 320 2270 tem
352 2217 405 2270 in
441 2214 658 2271 Christo
695 2213 822 2269 Jesu
849 2215 1030 2268 valere
1068 2214 1315 2269 volumus
1337 2254 1350 2277 ,
1383 2222 1437 2268 et
1473 2214 1790 2281 confortari,

208 2305 266 2360 id
305 2314 407 2370 est,
434 2307 490 2359 in
533 2320 662 2359 vera
696 2303 1128 2366 circumcisione,
1154 2312 1337 2356 etnon
1376 2303 1794 2357 circumcisione

209 2393 456 2449 Judaica.
484 2394 664 2464 Neque
685 2393 819 2446 enim
860 2393 949 2462 qui
976 2393 1030 2445 in
1056 2401 1234 2462 aperto
1258 2388 1482 2444 Judteus
1510 2403 1604 2456 est,
1633 2408 1794 2461 neque

204 2483 489 2550 manifesta
517 2484 570 2535 in
601 2497 758 2535 carne
785 2481 1133 2545 circumcisio,
1169 2478 1260 2534 sed
1281 2481 1336 2533 in
1364 2480 1665 2533 abscondito
1693 2478 1794 2532 Ju-

208 2575 383 2638 dteus,
430 2582 477 2626 et
515 2572 843 2627 circumcisio
881 2573 1052 2627 cordis
1096 2573 1150 2626 in
1192 2573 1401 2643 spiritu,
1449 2589 1554 2626 non
1595 2572 1788 2626 littera.

203 2662 353 2718 Nihil
398 2663 578 2733 itaque
611 2661 831 2733 prodest
867 2662 919 2716 in
948 2662 1163 2718 Christo
1209 2663 1388 2719 carnis
1425 2662 1790 2728 circumcisio,

201 2755 303 2809 sed
341 2754 522 2809 cordis
551 2762 607 2809 et
636 2755 846 2810 aurium
889 2770 1009 2824 quae
1046 2755 1225 2810 aufert
1269 2753 1396 2809 illud
1439 2754 1789 2826 opprobrium

198 2845 537 2902 Iudaeorum.
1123 2869 1125 2871 ·

271 2954 574 3009 Currebatis
597 2955 741 3020 bene,
761 2955 877 3026 quis
904 2973 991 3010 vos
1020 2956 1287 3026 impedivit
1315 2956 1516 3010 veritati
1541 2972 1645 3010 non
1675 2955 1790 3009 obe-

199 3047 353 3100 dire?
381 3044 584 3099 Sensus
611 3043 713 3099 iste
735 3052 836 3099 est.
877 3044 1011 3099 Cum
1035 3045 1198 3116 igitur
1225 3044 1540 3112 curreretis,
1571 3046 1784 3101 veritati

198 3136 376 3205 magis
399 3150 560 3204 quam
589 3133 911 3204 imaginibus
953 3137 1252 3192 servientes
1291 3152 1321 3190 a
1362 3151 1468 3206 quo
1506 3138 1785 3208 praepediti

198 3229 421 3282 doctore
445 3241 699 3296 perverso
720 3229 964 3283 umbram
987 3227 1121 3297 legis
1138 3228 1447 3297 sequimini,
1470 3237 1526 3284 et
1545 3227 1788 3300 Evange-

199 3317 255 3372 lii
282 3316 588 3386 relinquitis
613 3317 939 3373 veritatem?

266 3423 558 3481 Persuasio
585 3426 696 3481 haec
731 3443 835 3481 non
875 3435 951 3482 est
975 3442 1039 3482 ea:
1067 3443 1126 3481 eo
1162 3427 1253 3498 qui
1281 3427 1478 3482 vocavit
1515 3443 1620 3481 vos.
1652 3425 1782 3482 Per-

195 3519 512 3574 suasionem
532 3518 691 3574 istam
718 3533 824 3573 non
851 3517 986 3573 dicit
1010 3519 1104 3573 Dei
1144 3533 1286 3582 esse,
1322 3517 1416 3572 sed
1457 3532 1646 3572 eorum
1688 3517 1782 3586 qui

199 3609 319 3666 talia
353 3612 684 3666 asserebant.
742 3609 870 3665 Haec
903 3611 1048 3665 enim
1080 3611 1260 3665 suasio
1285 3610 1522 3664 carnalis
1548 3615 1651 3674 est,
1693 3609 1782 3664 ille

195 3708 380 3755 autem
407 3699 462 3753 in
489 3698 795 3754 libertatem
822 3698 1054 3753 vocavit.
1095 3697 1352 3752 Hortatur
1378 3713 1507 3768 ergo
1534 3712 1629 3751 eos
1669 3696 1784 3751 nul-

195 3789 301 3843 lum
349 3803 537 3843 eorum
583 3788 770 3843 audire
800 3788 1019 3853 debere,
1058 3788 1149 3858 qui
1174 3788 1242 3842 ad
1270 3787 1388 3844 illos
1412 3787 1697 3842 veniebant
1727 3795 1784 3841 ut

196 3881 294 3934 ista
330 3881 642 3935 suaderent.
686 3878 955 3934 Modicum
997 3880 1308 3950 fermentum
1354 3888 1517 3934 totant
1551 3895 1780 3933 massam

193 3972 486 4041 corrumpit
535 3971 587 4042 (Ι
614 3969 736 4025 Cor.
767 3969 846 4041 γ).
900 3969 981 4025 Ne
1017 3970 1139 4039 quis
1183 3970 1409 4035 diceret,
1451 3969 1560 4024 Cur
1592 3983 1781 4024 omnes

192 4061 449 4131 corripis,
478 4062 602 4117 dum
633 4076 738 4116 non
762 4075 952 4117 omnes
972 4061 1319 4117 erraverint?
1357 4060 1600 4130 praedicit
1637 4061 1780 4130 quod

194 4145 467 4207 modicum
494 4151 712 4207 malitiae
752 4151 1077 4207 fermentum
1116 4161 1284 4207 totam
1313 4153 1487 4222 possit
1513 4151 1767 4208 Ecclesia:

194 4256 432 4296 massam
453 4255 821 4310 corrumpere.
874 4239 1050 4296 Nolite
1075 4249 1267 4311 putare
1285 4257 1579 4310 paucorum
1606 4243 1778 4297 homi-

131 4347 136 4350 ·
193 4345 335 4396 num,
375 4331 465 4400 qui
499 4331 566 4386 de
589 4329 772 4386 Judaea
799 4331 1075 4387 venientes
1109 4332 1254 4388 aliud
1291 4334 1504 4398 docent,
1556 4334 1776 4389 insidias

1898 1838 2062 1880 carne
2099 1827 2434 1894 circumcidi,
2471 1831 2718 1899 quamvis
2761 1831 2833 1886 sit
2875 1831 3153 1901 eloquens,
3187 1841 3241 1888 et
3271 1835 3324 1888 in
3354 1833 3489 1906 legis

1896 1914 2240 1970 ordinatione
2268 1931 2328 1971 se
2346 1915 2583 1986 jactitet,
2624 1920 2759 1974 nihil
2801 1921 3033 1990 amplius
3063 1920 3208 1990 dico,
3249 1924 3352 1979 nisi
3382 1925 3487 1982 hoc

1897 2006 2038 2072 quod
2074 2007 2238 2061 etiam
2267 2023 2366 2063 vos
2395 2009 2630 2066 abnuere
2654 2027 2762 2067 non
2786 2015 3036 2083 potestis,
3078 2015 3218 2084 quod
3247 2017 3488 2085 portabit

1895 2109 1994 2163 pro
2012 2096 2113 2151 hoc
2141 2112 2304 2166 opere
2323 2097 2606 2168 judicium,
2631 2109 2687 2156 et
2709 2112 3070 2174 consequetur
3088 2119 3186 2175 pro
3214 2119 3314 2160 suo
3335 2105 3487 2161 labo-

1895 2202 1955 2240 re
1979 2191 2305 2244 mercedem.
2345 2190 2446 2258 Qui
2473 2193 2600 2247 dum
2620 2194 2817 2248 vellent
2844 2196 3005 2250 istam
3027 2197 3342 2253 servitutem
3367 2212 3488 2268 per-

1896 2279 2124 2334 suadere
2166 2289 2221 2335 et
2265 2283 2512 2336 viderent
2551 2298 2647 2338 eos
2693 2283 2845 2338 Pauli
2885 2287 3112 2354 apostoli
3160 2289 3485 2343 auctoritate

1894 2371 2160 2436 revocari,
2195 2372 2438 2426 dicerent
2475 2375 2639 2427 etiam
2675 2375 2851 2443 ipsum
2896 2375 3118 2429 Paulum
3163 2378 3216 2432 id
3259 2379 3480 2443 sentire,

1895 2457 1989 2509 sed
2018 2473 2124 2510 non
2160 2459 2239 2513 eis
2261 2459 2418 2514 facile
2447 2462 2658 2530 aperire
2686 2462 2941 2529 voluisse,
2972 2465 3296 2518 sententiam
3325 2481 3478 2520 suam

1893 2557 2194 2618 Opportune
2224 2552 2472 2622 subjecit.

1965 2638 2076 2709 Ego
2113 2649 2308 2705 autem,
2343 2641 2553 2710 fratres,
2587 2643 2633 2697 si
2665 2645 3113 2700 circumcisionem
3137 2647 3308 2700 adhuc
3336 2665 3475 2718 prte-

1892 2728 2031 2794 dico,
2063 2729 2190 2800 quid
2228 2731 2400 2784 adhuc
2433 2736 2843 2802 persecutionem
2878 2735 3099 2805 patior?
3135 2735 3386 2807 Legimus
3428 2739 3479 2795 in

1889 2818 2115 2876 Actibus
2141 2822 2527 2890 apostolorum,
2555 2831 2611 2879 et
2637 2824 2751 2894 ipse
2774 2839 2988 2895 quoque
3023 2827 3301 2896 apostolus
3341 2827 3484 2882 Pau-

1889 2907 1974 2963 lus
1999 2909 2054 2963 in
2087 2910 2342 2979 Epistolis
2373 2911 2485 2966 suis
2515 2927 2657 2982 saepe
2694 2925 3083 2969 commemorat
3115 2931 3174 2975 se
3212 2931 3244 2970 a
3277 2916 3478 2973 Judmis

1888 3001 2294 3068 persecutiones
2352 3003 2720 3059 creberrimas
2778 3005 3140 3073 sustinuisse,
3195 3016 3476 3077 preptcrea

1813 3103 1857 3166 ρ
1890 3091 2030 3160 quod
2058 3091 2275 3146 doceret
2295 3109 2389 3148 eos
2409 3094 2500 3162 qui
2525 3095 2591 3149 de
2613 3095 2863 3166 gentibus
2889 3097 3229 3153 crediderant
3250 3099 3302 3152 in
3325 3099 3480 3153 Chri-

1887 3189 1994 3245 sto,
2028 3196 2135 3234 non
2180 3181 2377 3236 debere
2422 3183 2758 3240 circumcidi.
2809 3185 2875 3240 Hi
2913 3186 3100 3256 itaque
3148 3187 3236 3258 (de
3282 3189 3478 3257 quibus

1885 3287 2044 3341 supra
2069 3274 2164 3338 ait,
2193 3272 2298 3338 Qui
2323 3284 2496 3328 autem
2521 3277 2799 3330 conturbat
2823 3295 2909 3332 vos
2937 3280 3164 3349 portabit
3182 3280 3474 3349 judicium,
3566 3349 3573 3355 '

1883 3365 2179 3434 quicunque
2223 3373 2300 3418 est
2342 3364 2452 3436 ille)
2482 3374 2542 3420 ut
2569 3366 2883 3437 deciperent
2914 3367 3132 3424 Galatas
3169 3372 3332 3424 etiam
3375 3372 3476 3427 hoc

1883 3451 2150 3506 addebant
2177 3470 2190 3505 :
2213 3451 2330 3507 Non
2349 3453 2522 3509 solum
2547 3455 2743 3510 Petrus
2766 3464 2822 3510 et
2844 3455 3097 3521 Jacobus,
3130 3466 3185 3513 et
3213 3458 3471 3523 Joannes,

1881 3547 1936 3593 et
1966 3541 2150 3594 caeteri
2176 3540 2231 3594 in
2263 3540 2443 3597 Judtea
2471 3544 2699 3614 apostoli
2727 3545 3222 3610 circumcisionem,
3269 3557 3324 3602 et
3368 3550 3473 3602 alia

1881 3637 2148 3698 praecepta
2188 3631 2323 3702 legis
2364 3633 2676 3698 observant,
2721 3634 2815 3688 sed
2855 3635 2970 3702 ipse
3005 3649 3219 3704 quoque
3250 3635 3472 3701 Paulus,

1881 3719 1972 3786 qui
2000 3735 2096 3774 vos
2115 3720 2276 3776 aliter
2303 3722 2506 3786 docuit,
2536 3738 2700 3792 quam
2727 3739 2785 3777 se
2813 3725 2891 3778 rei
2917 3725 3116 3779 veritas
3145 3725 3328 3779 habet.
3375 3727 3470 3782 Ti-

1881 3811 2156 3864 motheum
2193 3811 2553 3876 circumcidit,
2591 3820 2646 3866 et
2683 3811 2882 3866 Iudaeis
2912 3811 3225 3883 frequenter
3253 3812 3473 3870 Iudaeus

1880 3898 2058 3954 factus
2083 3907 2186 3963 est,
2215 3900 2446 3954 veritate
2469 3910 2713 3970 cogente,
2745 3917 2906 3971 quam
2939 3902 3245 3971 opinionem
3277 3905 3343 3959 de
3368 3905 3473 3960 Ga-

1880 3989 2114 4044 latarum
2155 3990 2430 4045 mentibus
2463 3990 2661 4046 Paulus
2700 4007 2844 4047 nunc
2884 3992 3070 4048 volens
3113 3993 3300 4049 tollere
3343 3997 3422 4050 ait
3454 4014 3468 4052 :

1879 4081 1994 4152 Ego
2027 4091 2226 4148 autem,
2257 4082 2466 4152 fratres,
2501 4085 2548 4138 si
2587 4085 3036 4150 circumcisioncm
3064 4085 3314 4156 prtedico,
3343 4089 3471 4158 quid

1878 4173 2054 4228 adhuc
2093 4174 2503 4244 persecutionem
2531 4175 2754 4245 patior?
2800 4175 2993 4244 Omne,
3042 4176 3238 4246 inquit,
3282 4178 3335 4233 in
3383 4195 3471 4235 me

1877 4264 2060 4318 odium
2087 4262 2414 4329 Iudaeorum,
2445 4273 2501 4319 et
2526 4280 2631 4334 qua
2661 4267 2946 4323 adversum
2979 4284 3066 4325 me
3093 4269 3282 4325 furunt
3321 4270 3468 4326 insa-

1879 4355 1987 4418 nia,
2020 4353 2092 4410 ob
2119 4353 2252 4408 nihil
2275 4353 2420 4408 aliud
2453 4363 2552 4419 est,
2583 4355 2687 4411 nisi
2723 4357 2868 4427 quod
2915 4359 3082 4414 doceo
3129 4369 3318 4430 gentes
3358 4375 3465 4416 non

191 4423 632 4486 contemnendas,
660 4423 784 4493 quia
805 4423 1070 4478 modicum
1106 4423 1418 4494 fermentum
1445 4433 1610 4480 totam
1637 4441 1774 4480 mas-

1890 4445 2075 4499 lebcre
2096 4444 2440 4510 circumcidi,
2482 4456 2538 4500 et
2579 4445 2714 4516 legis
2740 4423 2908 4502 onera
2950 4423 3242 4518 superflua,
3273 4461 3330 4506 et
3352 4453 3466 4521 jam

190 4529 298 4567 sam
320 4514 635 4585 corrumpit.
676 4513 808 4568 Item
828 4514 985 4569 aliter
1009 4511 1125 4571 hoc
1141 4515 1292 4582 dicit,
1321 4517 1447 4587 quia
1469 4517 1594 4572 licet
1613 4519 1770 4588 quip-

192 4606 330 4674 piam
388 4605 521 4676 legis
560 4606 918 4662 admiscentes
963 4606 1105 4670 ﬁdei,
1144 4609 1347 4664 violant
1383 4619 1560 4665 tamen
1590 4611 1770 4677 ﬁdem,

192 4711 255 4751 ne
289 4695 490 4752 habeat
511 4695 765 4763 fructum,
804 4706 898 4753 aut
919 4698 989 4753 sit
1012 4701 1380 4768 aeceptabilis,
1411 4701 1512 4756 hoc
1539 4701 1659 4757 ideo
1681 4703 1774 4758 ad-

190 4786 330 4855 jecit,
357 4803 428 4844 ne
456 4786 594 4844 forte
619 4788 939 4843 incolumem
963 4803 1020 4844 se
1045 4799 1299 4859 putarent
1327 4792 1528 4846 habere
1544 4793 1770 4861 gratiam

199 4878 334 4945 fidei,
361 4883 409 4935 si
439 4879 770 4950 paueaJegis
797 4879 1172 4934 observarent.

262 4970 373 5041 Ego
403 4972 610 5040 conﬁdo
638 4972 693 5025 in
716 4971 855 5026 vobis
875 4973 928 5026 in
955 4970 1197 5036 Domino,
1220 4972 1342 5042 quia
1366 4971 1494 5026 nihil
1517 4972 1665 5026 aliud
1687 4991 1772 5030 sa-

197 5061 358 5126 pietis.
399 5062 694 5117 Providens
719 5063 883 5133 igitur
908 5062 1134 5131 spiritu,
1167 5062 1291 5132 quia
1331 5062 1462 5116 nihil
1501 5062 1644 5117 aliud
1681 5077 1770 5120 es-

198 5160 311 5206 sent
335 5152 624 5217 credituri,
656 5153 758 5206 nisi
786 5152 928 5222 quod
953 5167 1052 5221 per
1079 5152 1371 5222 Epistolam
1411 5153 1771 5219 docebantur,

198 5243 300 5299 ait:
326 5244 441 5316 Ego
467 5245 672 5314 conﬁdo
697 5247 760 5300 in-
783 5247 922 5300 vobis
944 5246 1000 5298 in
1020 5246 1266 5312 Domino,
1295 5246 1434 5317 quod
1461 5247 1591 5301 nihil
1621 5246 1772 5304 aliud

199 5338 422 5405 capietis.
458 5337 593 5393 Nam
629 5349 684 5394 et
716 5339 919 5394 additio
963 5337 1226 5393 Dominici
1267 5339 1500 5394 nominis
1537 5339 1769 5409 idipsum

199 5427 480 5496 signiﬁcat.
518 5431 576 5486 Si
617 5431 759 5486 enim
799 5445 896 5500 per
931 5428 1296 5498 conjecturam
1324 5429 1426 5484 hoc
1449 5429 1769 5495 aestimabat,

199 5527 437 5584 potuerat
463 5531 672 5578 tantum
701 5523 903 5587 dicere,
935 5521 1047 5592 Ego
1082 5520 1286 5589 conﬁdo
1324 5521 1378 5575 in
1418 5522 1578 5576 vobis.
1618 5521 1770 5577 Nunc

200 5616 371 5662 autem
405 5626 676 5683 apponens
716 5613 770 5667 in
817 5613 1064 5676 Domino,
1103 5611 1286 5666 divino
1333 5614 1565 5682 quodam
1603 5615 1772 5668 conﬁ-

201 5694 325 5754 dens
349 5703 536 5772 spiritu
567 5704 709 5776 quod
739 5703 977 5759 futurum
1011 5711 1339 5776 cognoverat
1371 5705 1726 5774 prophetavit.

1875 4533 2074 4588 abolita
2105 4533 2396 4590 custodire.
2439 4533 2572 4589 Cum
2601 4544 2780 4590 autem
2803 4539 3236 4605 persecutionem
3264 4541 3464 4609 patior,

1875 4624 2220 4681 manifestum
2262 4633 2346 4680 est
2382 4641 2468 4680 me
2503 4625 2976 4682 circumcisionem
3022 4642 3130 4682 non
3170 4629 3467 4697 praedicare

1874 4728 2036 4782 quam
2066 4713 2305 4769 destruo.
2350 4711 2467 4768 Non
2507 4713 2652 4768 enim
2688 4722 2798 4768 tam
2827 4716 3261 4786 persecutionem
3289 4717 3466 4787 patior

1875 4816 1905 4854 a
1930 4800 2131 4857 Judmis
2158 4803 2281 4872 quia
2306 4802 2538 4873 praedico
2561 4801 2902 4867 cruciﬁxum,
2931 4812 2987 4857 et
3010 4802 3196 4858 Jesum
3226 4819 3348 4859 esse
3375 4805 3460 4859 di-

1875 4907 1939 4946 co
1967 4889 2275 4960 Christum,
2315 4909 2476 4964 quem
2525 4893 2609 4948 lex
2655 4902 2710 4948 et
2747 4896 3024 4965 prophetae
3068 4897 3463 4966 prmnuntiave-

1873 4989 2017 5046 runt,
2050 4999 2211 5051 quam
2249 4985 2372 5053 quia
2419 4985 2587 5040 doceo
2632 4984 2805 5056 legem
2852 5002 2972 5042 esse
3009 4987 3330 5062 completam
3357 5007 3368 5040 :
3395 5004 3460 5044 ac

1871 5088 1969 5142 per
1998 5073 2099 5127 hoc
2134 5073 2210 5127 illi
2251 5073 2454 5130 inimici
2492 5084 2616 5130 sunt
2644 5078 2824 5133 erucis
2851 5079 2986 5149 ejus,
3021 5081 3110 5149 qui
3147 5093 3244 5148 per
3283 5079 3456 5151 legem

1872 5161 2057 5217 dicunt
2078 5178 2196 5218 esse
2216 5162 2507 5233 justitiam,
2535 5181 2642 5222 non
2675 5181 2774 5238 per
2802 5168 3033 5238 gratiam
3064 5168 3209 5223 ﬁdei.

1946 5251 2157 5308 Utinam
2180 5265 2227 5308 et
2254 5255 2648 5322 abscinduntur,
2678 5257 2768 5327 qui
2792 5275 2880 5313 vos
2917 5260 3249 5314 conturbant.
3306 5259 3460 5327 Qum-

1869 5340 2025 5406 ritur,
2052 5345 2320 5412 quomodo
2342 5345 2541 5400 Paulus
2567 5346 2862 5418 discipulus
2891 5349 3008 5419 ejus
3029 5349 3123 5421 qui
3163 5351 3316 5417 dicit,
3357 5351 3460 5406 Be-

1870 5432 2091 5487 nedicite
2121 5434 2546 5490 maledicentibns
2583 5436 2721 5491 vobis
2771 5436 2926 5507 (Luc.
2969 5439 3082 5512 vr);
3133 5450 3188 5496 et
3234 5443 3350 5511 ipse
3378 5440 3460 5496 lo-

1869 5537 2064 5592 quens,
2095 5522 2393 5579 Benedicite
2420 5534 2468 5579 et
2498 5525 2657 5580 nolite
2682 5527 2996 5585 maledicere
3026 5531 3208 5604 (Rom.
3238 5533 3338 5604 ιιι)
3361 5549 3376 5597 ;
3403 5539 3461 5588 et

1873 5612 1927 5666 in
1957 5613 2064 5667 alio
2087 5613 2224 5679 loco,
2264 5614 2446 5686 Neque
2469 5615 2711 5672 maledici
2746 5635 2960 5688 regnum
2992 5622 3087 5678 Dei
3116 5624 3456 5695 possidebunt

1851 5702 1927 5775 -(1
1950 5703 2070 5760 Cor.
2099 5707 2211 5778 tu);
2246 5722 2385 5763 nunc
2407 5716 2460 5762 et
2477 5707 2818 5766 maledixerit
2843 5712 2921 5769 eis
2944 5715 3034 5785 qui
3058 5715 3328 5773 Ecclesias
3349 5713 3454 5771 Ga-
