3940 6180
1156 162 1165 191 i

429 289 537 344 895

1497 283 1776 341 CLAUDII
1815 277 2279 336 TAURINENSIS
2316 276 2624 334 EPISCOPI

3580 273 3688 331 896

426 405 570 458 latiae
602 399 1018 463 conturbabant,
1055 405 1111 452 et
1137 412 1260 452 cum
1285 399 1521 467 optantis
1555 407 1683 454 voto
1707 398 2001 453 maledixe-
2027 397 2080 456 Α
2107 400 2256 447 tanta
2292 400 2396 458 est,
2438 402 2497 447 ut
2522 407 2720 448 nomen
2751 405 2816 446 eo
2856 405 3028 461 usque
3048 389 3337 447 extollatur
3380 398 3443 445 ut
3481 398 3540 444 et
3575 391 3693 462 ipse

426 494 500 547 rit
542 511 554 546 :
597 489 809 545 Utinam
864 498 915 542 et
970 487 1348 542 abscinduntur
1388 490 1479 559 qui
1523 506 1612 544 vos
1665 489 1996 543 conturbant.

427 586 558 639 Tam
588 584 730 638 enim
773 579 1089 635 detestanda
1117 580 1437 636 abscisionis
1480 587 1564 634 est
1603 580 1807 649 passio,
1843 588 1903 633 ut
1949 588 2005 634 et

423 674 517 744 qui
545 674 744 727 invitus
770 685 892 724 eam
921 669 1184 735 intulerit,
1214 670 1418 739 legibus
1443 662 1673 740 publicis
1696 672 1952 740 puniatur
1985 688 1998 724 :

423 771 474 816 et
514 760 606 830 qui
652 760 886 828 seipsum
935 759 1254 813 castraverit
1292 759 1516 813 insanus
1561 760 1853 822 habeatur;
1894 771 2004 812 non

423 858 650 914 tantum,
682 849 874 917 inquit,
907 848 1384 914 circumcidantur,
1407 850 1501 903 sed
1520 857 1575 903 et
1594 849 2002 903 abscindantur.

425 939 516 998 Sic
553 940 696 991 enim
739 937 868 992 ﬁent
907 939 1175 1006 spadones
1208 947 1426 1007 propter
1462 953 1684 1007 regnum
1719 938 2001 1002 caelorum,

423 1037 481 1082 et
506 1028 738 1082 carnalia
767 1028 1040 1082 seminare
1067 1027 1370 1081 cessabunt.
1427 1025 1652 1081 Videbat
1686 1027 1884 1096 quippe
1923 1035 2007 1081 to-

427 1126 534 1168 tam
563 1116 911 1184 provinciam,
938 1130 1100 1184 quam
1134 1115 1248 1181 ipse
1278 1129 1376 1168 suo
1413 1115 1673 1183 sanguine
1705 1122 1762 1169 et
1789 1114 2004 1182 pericu-

425 1206 490 1258 lis
527 1205 597 1257 ab
637 1202 938 1256 idololatria
967 1200 1035 1255 ad
1066 1201 1264 1255 Christi
1287 1202 1596 1254 traduxerat
1620 1201 1800 1268 ﬁdem,
1828 1202 2005 1256 subita

425 1295 776 1366 persuasione
807 1293 1096 1354 turbatam,
1142 1301 1199 1345 et
1242 1291 1427 1346 dolore
1475 1292 1791 1362 apostolico,
1821 1292 2006 1347 dolore

424 1385 592 1454 patris
616 1399 672 1436 se
695 1392 878 1435 tenere
901 1397 1004 1434 non
1028 1389 1257 1450 poterat.
1306 1381 1548 1435 Mutahat
1573 1397 1780 1446 vocem,
1811 1388 1866 1435 et
1885 1381 2006 1450 qui-

424 1475 524 1527 bus
555 1472 824 1526 blanllitus
855 1469 1029 1524 fuerat
1058 1471 1412 1535 irascebatur,
1439 1479 1498 1523 ut
1525 1486 1660 1539 quos
1689 1471 2005 1538 nequiverat

424 1562 660 1624 lenitate,
692 1560 883 1614 saltem
919 1557 1291 1627 objurgatione
1329 1559 1610 1613 retineret.
1657 1558 1886 1624 Quidam
1925 1559 2006 1612 di-

428 1659 577 1714 cum,
607 1650 810 1704 utinam
841 1647 1226 1702 abscindantur
1254 1648 1322 1701 ab
1359 1663 1565 1711 errore,
1603 1658 1657 1702 et
1695 1648 2004 1702 inserantur

2105 485 2248 539 Deus
2276 484 2512 538 charitas
2540 482 2856 552 appelletur.

2182 576 2366 630 Omnis
2389 577 2527 630 enim
2549 575 2635 630 lea:
2660 577 2716 630 in
2739 592 2842 630 uno
2862 591 3097 630 sermone
3119 575 3426 646 completur.
3455 574 3692 631 Omnem

2103 680 2234 735 ergo
2262 665 2432 736 legem
2460 680 2602 720 nunc
2629 666 2759 719 dicit
2786 681 2850 719 ex
2884 665 2968 719 his
2990 665 3242 734 operibus
3263 679 3384 735 qua:
3414 665 3484 718 ad
3517 665 3691 720 bonos

2108 771 2288 811 mores
2311 756 2600 825 pertinent,
2635 756 2760 824 quia
2788 764 2843 809 et
2866 755 2956 808 illa
2983 770 3105 823 qua:
3131 763 3254 810 sunt
3289 755 3342 809 in
3375 769 3692 811 sacramen-

2108 849 2193 913 tis,
2217 865 2342 903 cum
2362 849 2499 904 bene
2528 864 2559 902 a
2590 848 2775 904 liberis
2816 848 3206 918 intelliguntur,
3248 862 3351 901 nec
3393 847 3690 902 carnaliter

2103 945 2460 998 observantur
2487 960 2519 998 a
2547 945 2734 1008 servis,
2763 945 2832 999 ad
2852 943 2940 998 illa
2964 945 3069 999 duo
3089 951 3356 1013 praecepta
3381 943 3692 1000 referantur

2104 1050 2325 1090 necesse
2349 1044 2455 1100 est,
2483 1035 2782 1090 dilectionis
2805 1035 2900 1090 Dei
2928 1043 2985 1090 et
3008 1036 3260 1104 proximi.
3311 1036 3478 1090 Recte
3508 1035 3689 1104 itaque

2103 1127 2368 1196 accipitur
2392 1127 2458 1182 ad
2488 1128 2590 1181 hoc
2617 1127 2904 1196 pertinere,
2931 1128 3074 1195 quod
3093 1127 3254 1182 etiam
3277 1127 3542 1182 Dominus
3566 1129 3644 1182 ait
3668 1146 3680 1180 :

2108 1213 2234 1267 Non
2270 1216 2382 1268 veni
2415 1213 2576 1284 legem
2616 1215 2834 1280 solvere,
2877 1216 2969 1269 sed
3017 1214 3303 1286 adimplere
3343 1216 3563 1286 (Matth.
3599 1216 3686 1287 v);

2105 1307 2198 1374 qui
2225 1315 2344 1360 erat
2371 1307 2648 1362 ablaturus
2669 1309 2918 1362 timorem
2948 1307 3243 1373 carnalem,
3273 1307 3577 1377 spiritalem
3597 1325 3688 1362 au-

2106 1401 2212 1447 tem
2233 1395 2550 1450 charitatem
2578 1396 2818 1460 daturus,
2844 1413 2949 1466 qua
2987 1398 3099 1452 sola
3133 1397 3219 1452 lex
3247 1397 3460 1467 impleri
3491 1408 3685 1468 potest.

2107 1480 2392 1538 Plenitudo
2435 1487 2572 1539 enim
2616 1485 2742 1555 legis
2787 1487 3018 1541 charitas
3051 1486 3224 1559 (Rom.
3267 1486 3411 1559 xm).
3459 1489 3528 1542 Et
3562 1505 3688 1558 quo-

2107 1573 2252 1626 niam
2293 1572 2424 1628 ﬁdes
2466 1575 2718 1643 impetrat
2759 1575 3019 1644 Spiritum
3067 1587 3333 1642 sanetum,
3381 1593 3477 1646 per
3525 1594 3686 1648 quem

2105 1660 2338 1714 charitas
2385 1661 2482 1716 Dei
2520 1663 2718 1732 diffusa
2750 1675 2823 1718 est
2868 1665 3111 1718 cordibus
3151 1666 3496 1735 operantium
3533 1667 3690 1735 justi-

427 1739 664 1793 νενίιθῑί·
716 1739 818 1791 Mli
867 1738 1073 1826 dicunt)
1121 1737 1166 1789 εί
1209 1746 1403 1826 limam
1435 1737 1537 1826 sibi
1583 1741 1686 1791 hoc
1726 1738 2000 1826 Prodeiise.
2031 1739 2078 1798 Β
2107 1751 2256 1816 tiam,
2289 1751 2434 1805 nullo
2464 1753 2621 1807 modo
2642 1754 2925 1825 quisquam
2955 1764 3079 1809 ante
3107 1755 3338 1826 gratiam
3360 1755 3487 1811 ﬁdei
3511 1757 3578 1812 de
3603 1757 3696 1813 bo-

428 1843 536 1881 non
569 1826 741 1881 solum
772 1825 1248 1887 circumcidantur,
1273 1824 1365 1878 sed
1403 1824 1567 1877 etiam
1603 1833 1658 1878 et
1691 1823 2006 1878 abscindan-

431 1926 538 1969 tur.
581 1915 734 1980 Quod
775 1913 972 1968 Paulus
1018 1929 1121 1967 non
1165 1921 1275 1967 tam
1320 1914 1657 1968 maledixerit
1697 1915 1797 1978 eis,
1843 1928 2005 1981 quam

430 2003 665 2057 oraverit
694 2018 790 2071 pro
820 2002 943 2065 illis,
980 2010 1037 2054 ut
1072 2016 1166 2055 eas
1204 2009 1385 2070 partes
1430 2001 1671 2069 corporis
1717 1999 2006 2070 perderent

430 2109 528 2162 per
575 2108 710 2162 quas
760 2092 1072 2160 delinquere
1126 2091 1472 2159 cogebantur.
1521 2091 1589 2144 Et
1631 2092 1898 2159 quomodo
1948 2092 2003 2146 in

428 2184 718 2254 Evangelio
745 2185 944 2238 dictum
974 2192 1074 2248 est,
1107 2183 1295 2238 Melius
1320 2199 1438 2238 esse
1464 2183 1696 2253 aliquem
1733 2185 1849 2240 sine
1881 2199 2008 2240 ocu-

429 2275 504 2339 lo,
535 2283 590 2328 et
623 2275 738 2328 sine
768 2290 952 2336 manu,
990 2283 1045 2328 et
1082 2274 1198 2328 sine
1223 2273 1378 2344 pede,
1407 2282 1461 2328 et
1485 2273 1724 2344 qualibet
1754 2274 1859 2328 alia
1883 2291 2005 2344 par-

431 2371 482 2417 te
512 2363 874 2416 membrorum
913 2363 1114 2416 intrare
1147 2364 1200 2415 in
1241 2377 1465 2432 regnum
1509 2362 1790 2427 cmlorum,
1841 2379 2004 2432 quam

427 2464 600 2510 totum
630 2455 709 2508 ire
737 2455 789 2508 in
821 2456 1121 2526 gehennam
1153 2472 1166 2507 :
1201 2454 1272 2508 ita
1303 2461 1359 2507 et
1387 2470 1527 2510 nunc
1550 2463 1736 2524 optare
1773 2456 1853 2510 eis
1892 2469 2006 2508 ma-

429 2547 513 2617 gis
554 2561 715 2599 unam
746 2555 952 2614 partem
995 2545 1240 2614 corporis
1265 2545 1513 2615 perdere,
1543 2562 1703 2615 quam
1733 2561 1831 2616 per
1851 2561 2008 2602 oeca-

426 2635 631 2688 sionem
660 2635 853 2704 integri
891 2635 1133 2704 corporis
1163 2644 1420 2705 perpetuo
1467 2637 1589 2707 igne
1627 2637 1894 2691 damnari.
1947 2637 2004 2692 Si

427 2719 570 2773 enim
609 2719 922 2789 exspoliatio
949 2721 1174 2774 membri
1197 2720 1431 2791 proﬁcit,
1477 2721 1644 2776 multo
1675 2722 1848 2793 magis
1880 2723 2006 2777 sub-

431 2807 580 2866 latio.

507 2939 609 2993 Vos
635 2950 803 2994 autem
842 2941 895 2994 in
934 2940 1220 2995 libertatem
1257 2941 1424 2994 vocati
1455 2942 1597 3005 estis,
1636 2941 1849 3010 fratres,
1892 2952 2006 2994 tan-

424 3039 536 3083 tum
580 3045 642 3082 ne
665 3029 952 3083 libertatem
997 3030 1053 3083 in
1105 3031 1428 3085 occasionem
1469 3031 1642 3085 carnis
1678 3032 1832 3084 detis.
1870 3031 2000 3095 Vos,

2104 1842 2200 1905 nis
2236 1842 2491 1910 operibus
2537 1844 2817 1914 glorietur.
2866 1843 3203 1915 Quapropter
3241 1844 3381 1916 istos
3416 1847 3697 1915 jactantes

2103 1945 2162 1984 se
2185 1931 2250 1986 de
2273 1932 2529 2002 operibus
2555 1933 2687 2005 legis
2708 1937 2780 1990 ita
2804 1934 3000 1990 refellit
3025 1937 3334 2005 Apostolus,
3365 1937 3490 1992 dum
3514 1947 3700 1992 osten-

2103 2020 2182 2075 dit
2203 2035 2366 2090 opera
2389 2032 2602 2078 vetusta
2623 2036 3086 2080 sacramentorum
3117 2028 3336 2082 umbras
3372 2025 3694 2084 futurorum

2104 2111 2271 2168 fuisse
2293 2130 2307 2166 :
2329 2129 2464 2182 quas
2485 2115 2596 2184 jam
2620 2125 2743 2186 post
2763 2117 3053 2172 adventum
3075 2118 3286 2172 Domini
3315 2117 3488 2173 libero
3516 2119 3700 2174 haere-

2103 2200 2160 2255 di
2201 2204 2537 2258 necessarios
2574 2219 2680 2258 non
2723 2220 2841 2260 esse
2883 2206 3233 2272 monstravit;
3272 2221 3435 2276 opera
3459 2222 3595 2262 vero
3623 2209 3700 2262 ad

2101 2290 2273 2346 bonos
2296 2307 2475 2347 mores
2500 2294 2822 2362 pertinentia
2850 2310 2956 2349 non
2984 2295 3215 2364 impleri,
3244 2297 3343 2350 nisi
3368 2297 3697 2363 dilectione,

2102 2397 2201 2452 per
2239 2397 2398 2451 quam
2447 2383 2580 2439 ﬁdes
2618 2394 2893 2454 operatur.
2943 2386 3096 2442 Unde
3117 2386 3164 2440 si
3193 2401 3354 2457 Opera
3383 2385 3516 2458 legis
3543 2403 3708 2456 qua:-

2105 2475 2226 2530 dam
2258 2484 2380 2546 post
2408 2474 2569 2532 ﬁdem
2607 2476 2895 2546 superﬂua,
2925 2478 3170 2546 quazdam
3195 2487 3318 2532 ante
3346 2478 3505 2532 ﬁnem
3535 2480 3706 2532 nulla

2103 2573 2247 2628 sunt,
2283 2566 2428 2620 vivat
2443 2565 2623 2635 justus
2652 2582 2718 2622 ex
2749 2567 2877 2633 ﬁne,
2903 2575 2963 2622 ut
2983 2575 3036 2623 et
3063 2581 3201 2622 onus
3224 2582 3383 2640 grave
3403 2568 3710 2624 servitutis

2105 2655 2348 2726 abjiciat,
2389 2658 2491 2714 levi
2541 2659 2753 2715 sarcina
2791 2660 2991 2715 Christi
3029 2668 3306 2730 vegetatus
3334 2679 3346 2713 :
3373 2668 3426 2714 et
3456 2659 3711 2729 justitia:

2108 2756 2285 2804 metas
2307 2766 2412 2804 non
2438 2751 2884 2819 transgrediatur,
2904 2751 3003 2806 levi
3027 2750 3156 2822 jugo
3178 2751 3458 2806 charitatis
3482 2751 3714 2807 obtem-

2107 2853 2306 2909 perans
2335 2840 2504 2911 :legis
2533 2841 2696 2895 etiam
2722 2841 2835 2910 ipsa
2862 2855 3025 2910 opera
3058 2856 3176 2911 qua:
3201 2849 3533 2910 quaeruntur,
3579 2859 3708 2898 uno

2104 2941 2330 3000 possunt
2359 2948 2607 2987 sermone
2627 2932 2867 2988 concludi
2891 2942 2946 2987 et
2968 2949 3074 2988 uno
3102 2941 3367 3002 praecepto
3399 2934 3709 3002 compleri.

2107 3019 2222 3076 Non
2255 3037 2382 3093 ergo
2405 3022 2515 3076 sola
2543 3022 2612 3076 ad
2631 3023 2796 3076 vitam
2827 3021 3019 3076 sufﬁcit
3047 3022 3198 3087 ﬁdes,
3232 3031 3292 3076 ut
3313 3022 3580 3077 laciniosa
3621 3024 3711 3079 le-

429 3118 625 3187 inquit,
667 3118 862 3173 fratres
907 3119 962 3172 in
1006 3118 1311 3174 libertatem
1347 3121 1524 3174 vocati
1572 3121 1724 3183 estis,
1777 3119 2003 3175 forsitan
2031 3083 2074 3145 C
2106 3112 2188 3182 sis
2221 3121 2486 3181 praecepta
2541 3128 2650 3167 uno
2702 3113 3004 3168 dilectionis
3037 3113 3213 3181 capite
3267 3112 3708 3169 concludantur.

428 3206 550 3260 ideo
575 3207 699 3274 quia
732 3223 839 3260 non
859 3222 1048 3262 omnes
1073 3210 1410 3263 vocationem
1438 3226 1630 3280 capere
1655 3220 1906 3279 poterant
1948 3212 2006 3265 l-i-

428 3294 672 3348 bertatis.
727 3295 952 3363 Propter
977 3297 1121 3362 quod
1158 3313 1302 3350 nunc
1341 3299 1539 3353 auditis
1574 3308 1780 3353 tantum
1830 3317 1897 3355 ne
1942 3301 2006 3354 li-

427 3384 692 3438 bertatem
719 3383 772 3435 in
801 3383 1144 3438 occasionem
1179 3384 1316 3438 detis
1358 3387 1559 3440 carnis.
1619 3387 1724 3441 Per
1763 3387 2006 3443 dilectio-

431 3489 552 3527 nem
583 3474 728 3527 enim
766 3481 978 3542 oportet
1002 3473 1235 3528 minores
1273 3475 1479 3529 servire
1520 3473 1845 3543 majoribus;
1877 3480 2002 3547 quia

429 3564 518 3633 qui
575 3563 686 3618 vult
724 3578 843 3618 esse
893 3561 1082 3630 major,
1129 3564 1234 3617 erit
1274 3564 1514 3618 omnium
1559 3580 1764 3620 servus.
1820 3565 2002 3636 Neque

427 3655 569 3712 enim
599 3662 656 3707 ut
684 3653 952 3724 spiritales
982 3652 1185 3708 laceret
1217 3652 1418 3708 Christi
1446 3670 1659 3720 carnes,
1695 3671 1872 3725 neque
1907 3671 2001 3711 oc-

427 3746 701 3800 casionem
727 3743 831 3797 illis
855 3743 1076 3808 tribuat,
1097 3752 1155 3796 ut
1180 3757 1238 3796 se
1262 3744 1603 3797 remordeant
1625 3755 1997 3814 provocantes,

428 3854 494 3892 ne
525 3839 592 3892 ab
622 3837 849 3890 invicem
891 3847 1293 3889 consumantur.
1339 3835 1541 3901 Quibus
1585 3852 1682 3891 nos
1717 3852 2002 3905 possumus

427 3929 645 3993 addere,
675 3937 733 3981 ut
759 3929 1000 3982 dicamus
1021 3928 1088 3983 de
1113 3929 1372 3983 servitute
1413 3928 1564 3998 legali
1615 3929 1681 3982 ad
1721 3930 1999 4000 Evangelii

429 4018 728 4071 libertatem
761 4026 998 4081 vocatos,
1027 4017 1221 4084 quibus
1259 4018 1505 4086 superius
1534 4018 1749 4081 dicitur,
1780 4017 1926 4072 State
1951 4029 1998 4073 et

429 4109 585 4160 nolite
609 4124 815 4160 rursum
827 4108 957 4177 jugo
987 4108 1248 4160 servitutis
1275 4107 1487 4170 haerere,
1519 4108 1683 4162 etiam
1714 4125 1857 4163 nunc
1887 4125 2003 4164 mo-

430 4200 568 4260 neri,
599 4207 658 4250 ut
686 4199 802 4252 leve
826 4198 1022 4251 Christi
1045 4198 1232 4267 jugum
1263 4207 1318 4252 et
1347 4198 1680 4253 delectabilia
1722 4200 1999 4270 Evangelii

428 4297 695 4356 praecepta
739 4297 1006 4342 sectantes
1047 4303 1382 4357 nequaquam
1411 4291 1518 4344 sibi
1539 4299 1727 4361 putent
1755 4292 1917 4347 licere
1941 4301 2001 4348 ut

429 4377 530 4430 hac
557 4379 670 4445 ipsa
695 4376 940 4430 libertate
967 4378 1179 4431 vivendi
1200 4378 1254 4430 in
1276 4379 1613 4434 occasionem
1641 4380 1820 4435 carnis
1846 4389 2000 4435 utan-

429 4477 534 4523 tur.
583 4469 798 4524 Scilicet
823 4469 1053 4538 utjuxta
1091 4483 1308 4523 carnem
1346 4469 1549 4534 vivant,
1581 4470 1733 4540 juxta
1781 4485 1996 4528 carnem

426 4562 874 4617 circumcidantur
897 4581 909 4614 :
936 4563 1028 4617 sed
1055 4563 1248 4632 spiritu
1270 4563 1441 4633 magis
1463 4572 1624 4628 stent,
1655 4565 1845 4634 spiritu
1870 4579 2006 4635 prte-

426 4652 634 4722 putlum
661 4653 837 4706 carnis
863 4653 1178 4707 abscindant
1195 4694 1210 4718 ,
1237 4663 1294 4708 et
1321 4655 1388 4708 ad
1419 4656 1640 4725 spiritus
1665 4657 1856 4711 altiora
1885 4666 2002 4712 ten-

427 4742 614 4796 dentes
640 4743 996 4796 humilitatem
1025 4741 1217 4796 litterae
1253 4743 1646 4814 derelinquant.

498 4873 602 4930 Sed
633 4892 725 4945 per
751 4875 1056 4929 charitatem
1083 4874 1264 4928 servile
1296 4875 1531 4928 invicem.
1581 4874 1679 4942 Qui
1723 4876 1866 4932 enim
1906 4893 2004 4947 per

427 4965 744 5020 charitatem
783 4964 966 5028 servit,
991 4963 1159 5019 libere
1188 4965 1373 5029 servit,
1409 4974 1464 5019 et
1499 4965 1616 5021 sine
1652 4967 1872 5021 miseria
1907 4968 2004 5022 oh-

428 5061 734 5125 temperans‘
761 5051 889 5117 Deo,
916 5066 1040 5107 cum
1070 5068 1252 5109 amore
1279 5053 1521 5110 faciendo
1566 5057 1710 5125 quod
1755 5057 2001 5123 docetur,

425 5159 534 5199 non
555 5159 678 5200 cum
703 5143 895 5199 timore
916 5143 1060 5213 quod
1084 5145 1311 5216 cogitur.
1357 5145 1509 5201 Tunc
1531 5148 1675 5201 enim
1706 5161 1804 5200 nos
1832 5147 2008 5202 chari-

428 5245 514 5291 tas
541 5253 572 5290 a
593 5234 726 5310 jugo
769 5235 939 5306 culpa:
978 5234 1178 5290 liberos
1223 5234 1414 5300 reddit,
1458 5251 1580 5290 cum
1617 5236 1855 5290 vicissim
1904 5253 2002 5293 nos

427 5344 615 5391 nostro
646 5350 744 5407 per
776 5351 1017 5392 amorem
1055 5334 1276 5390 servitio
1303 5333 1518 5402 subjieit
1543 5352 1554 5387 :
1579 5349 1702 5390 cum
1733 5344 1789 5390 et
1819 5336 1998 5392 aliena

428 5435 568 5490 bona
592 5443 775 5490 nostra
796 5435 1088 5497 credimus,
1119 5442 1175 5488 et
1199 5440 1385 5488 nostra
1405 5431 1546 5498 aliis,
1577 5432 1731 5502 quasi
1757 5448 1854 5488 sua
1875 5432 2002 5488 οπε-

432 5540 627 5595 rentes,
660 5533 992 5589 exhibemus.
1029 5532 1262 5588 Tantum
1283 5541 1461 5588 autem
1488 5533 1686 5588 bonum
1713 5539 1795 5586 est
1828 5531 2002 5586 chari-

431 5635 532 5694 tas,
562 5633 914 5688 utomnislcx
951 5635 1004 5687 in
1042 5633 1128 5686 illa
1163 5633 1562 5703 recapituletur.
1613 5631 1777 5701 Cujus
1826 5634 1995 5688 virtus

2025 4432 2076 4493 D

2175 3201 2372 3272 Diliges
2395 3203 2688 3272 proximum
2711 3212 2857 3256 tuum
2878 3204 3012 3257 sicut
3039 3200 3274 3272 teipsum.
3297 3201 3474 3268 Quaeri
3503 3214 3711 3260 autem

2102 3300 2281 3361 potest
2325 3307 2424 3345 cur
2470 3291 2756 3360 Apostolus
2789 3301 2844 3346 et
2891 3293 2981 3347 hic
3025 3292 3194 3346 solam
3238 3297 3712 3350 commemoravit

2101 3383 2332 3451 proximi
2361 3383 2722 3449 dilectionem,
2755 3399 2917 3453 quam
2957 3384 3075 3454 lege
3101 3384 3244 3449 dixit,
3261 3383 3500 3454 impleri,
3534 3395 3602 3440 et
3633 3390 3708 3442 ad

2101 3471 2394 3539 Romanos,
2425 3489 2548 3530 cum
2576 3475 2630 3528 in
2657 3474 2847 3529 eadem
2873 3474 3167 3544 quaestione
3192 3481 3539 3528 versaretur:
3587 3475 3707 3540 Qui

2097 3565 2236 3619 enim
2263 3564 2437 3635 diligit
2463 3565 2706 3631 alterum,
2739 3565 2930 3634 inquit,
2957 3564 3116 3636 legem
3137 3563 3382 3634 implevit.
3409 3565 3559 3618 Nam
3587 3584 3706 3620 non

2100 3651 2452 3719 adulterabis,
2501 3671 2605 3708 non
2651 3654 2989 3708 homicidium
3017 3653 3210 3722 facies,
3251 3669 3355 3706 non
3383 3650 3699 3722 furaberis,

2101 3755 2204 3794 non
2250 3743 2598 3812 concupisces,
2630 3753 2678 3796 et
2715 3744 2760 3796 si
2797 3743 2934 3814 quod
2982 3742 3128 3795 aliud
3168 3741 3478 3794 mandatum
3506 3743 3562 3794 in
3595 3744 3703 3797 hoc

2099 3842 2334 3884 semone
2361 3830 2755 3901 recapitulatur.
2806 3831 3002 3900 Diliges
3027 3831 3322 3901 proximum
3367 3840 3520 3883 tuum
3547 3833 3699 3887 sicut

2099 3921 2340 3990 teipsum.
2373 3920 2595 3975 Dilectio
2619 3924 2844 3991 proximi
2882 3922 3078 3976 malum
3127 3938 3231 3976 non
3257 3931 3526 3991 operatur.
3561 3921 3699 3978 Ple-

2100 4010 2282 4064 nitudo
2307 4020 2481 4064 autem
2513 4013 2640 4083 legis
2667 4023 2743 4067 est
2766 4013 3193 4085 charitaslﬂom.
3223 4012 3364 4085 xm).
3391 4011 3532 4068 Cum
3555 4031 3700 4088 ergo

2099 4102 2155 4156 in
2182 4102 2388 4159 duobus
2411 4090 2716 4175 praeceptis,
2748 4105 3052 4161 dilectionis
3079 4106 3173 4160 Dei
3197 4115 3250 4161 et
3275 4106 3533 4175 proximi,
3561 4123 3703 4178 per-

2100 4191 2238 4247 fecta
2283 4193 2352 4248 sit
2395 4196 2652 4262 Charitas,
2693 4212 2790 4252 cur
2815 4197 3104 4268 Apostolus
3133 4206 3186 4252 et
3215 4199 3269 4252 in
3294 4197 3381 4252 illa
3409 4209 3467 4252 et
3493 4200 3549 4253 in
3585 4201 3704 4257 hac

2099 4283 2340 4355 Epistola
2384 4284 2554 4340 solam
2599 4287 2832 4356 proximi
2877 4288 3216 4344 dilectionem
3255 4303 3700 4356 commemorat,

2099 4375 2204 4429 nisi
2231 4375 2358 4444 quia
2385 4375 2453 4430 de
2481 4375 2764 4430 dilectione
2790 4376 2884 4432 Dei
2920 4387 3144 4448 possunt
3167 4379 3379 4433 mentiri
3406 4379 3702 4450 homines,

2100 4466 2225 4535 quia
2250 4467 2484 4521 rariores
2512 4468 2834 4523 tentationes
2861 4484 2981 4530 eam
3015 4470 3282 4539 probant:
3311 4470 3364 4523 in
3389 4469 3704 4530 dilectione

2102 4565 2282 4612 autem
2301 4558 2531 4628 proximi
2553 4558 2764 4614 facilius
2787 4561 3180 4614 convincuntur
3192 4575 3310 4615 eam
3326 4575 3430 4614 non
3453 4561 3700 4630 habere,

2099 4645 2229 4699 dum
2253 4646 2437 4715 inique
2465 4661 2587 4700 cum
2625 4647 2934 4703 hominibus
2968 4649 3181 4718 agunt?
3213 4647 3568 4718 Consequens
3606 4663 3705 4708 est

2101 4742 2280 4790 autem
2305 4743 2365 4788 ut
2393 4735 2485 4804 qui
2514 4751 2582 4790 ex
2613 4745 2726 4792 toto
2753 4737 2946 4804 corde,
2993 4752 3061 4792 ex
3092 4747 3204 4794 tota
3231 4739 3429 4804 anima,
3473 4755 3542 4794 ex
3572 4751 3700 4796 tota

2101 4834 2284 4880 mente
2324 4825 2494 4881 Deum
2538 4827 2741 4898 diligit,
2773 4829 2959 4898 diligat
2996 4839 3052 4883 et
3087 4829 3388 4900 proximum
3417 4839 3703 4902 tanquam

2101 4918 2337 4988 seipsum
2361 4933 2376 4972 :
2413 4920 2537 4989 quia
2565 4921 2669 4975 hoc
2686 4920 2837 4988 jubet
2863 4920 2950 4974 ille
2977 4937 3139 4989 quem
3163 4937 3231 4976 ex
3257 4930 3370 4977 toto
3397 4923 3596 4989 corde,
3625 4943 3700 4981 ex

2101 5013 2214 5061 tota
2240 5008 2442 5073 anima,
2473 5023 2540 5064 ex
2568 5017 2678 5064 tota
2708 5019 2888 5064 mente
2920 5010 3112 5078 diligit.
3141 5009 3272 5064 Item
3299 5010 3527 5080 diligere
3553 5028 3703 5082 pro-

2101 5097 2329 5163 ximum,
2370 5098 2424 5153 id
2449 5106 2534 5154 est
2561 5113 2776 5154 omnem
2807 5099 3110 5166 hominem,
3140 5109 3397 5170 tanquam
3439 5103 3700 5172 seipsum

2101 5188 2224 5258 quis
2250 5196 2450 5258 potest,
2491 5189 2595 5244 nisi
2645 5187 2815 5244 Deum
2857 5189 3073 5258 diligat,
3116 5187 3269 5259 cujus
3313 5200 3596 5262 praecepto
3639 5207 3705 5251 et

2103 5275 2247 5330 dono
2272 5276 2612 5332 dilectionem
2640 5277 2871 5346 proximi
2902 5278 3074 5346 possit
3103 5278 3358 5348 implere?
3385 5277 3522 5334 Cum
3551 5296 3703 5354 ergo

2105 5374 2396 5437 utrumque
2439 5377 2765 5437 praceptum
2795 5368 2869 5422 ita
2899 5369 2968 5422 sit
2991 5378 3052 5423 ut
3080 5381 3331 5424 neutrum
3361 5370 3484 5425 sine
3513 5369 3704 5428 altero

2104 5458 2276 5527 possit
2302 5457 2495 5521 teneri,
2523 5458 2686 5512 etiam
2715 5474 2882 5513 unum
2905 5459 3096 5512 horum
3126 5473 3554 5514 commemorare
3574 5460 3705 5530 ple-

2106 5559 2332 5614 rumque
2354 5544 2569 5611 sufﬁcit,
2595 5562 2720 5601 cum
2745 5547 2917 5617 agitur
2936 5546 3003 5601 de
3029 5548 3282 5617 Operibus
3301 5545 3559 5614 iustitiae:
3588 5549 3702 5604 sed

2106 5637 2458 5707 opportunius
2480 5637 2606 5692 illud
2628 5637 2694 5695 de
2711 5654 2816 5708 quo
2837 5638 3064 5708 quisque
3087 5636 3298 5694 facilius
3317 5638 3698 5695 convincitur.
