3922 6180
281 309 382 365 897
692 343 725 381 ο

1238 307 1490 362 ENARR.
1531 307 1599 363 IN
1638 307 1856 364 EPIST.
1896 307 1958 363 D.
2000 307 2206 366 PAULI
2237 310 2330 365 AD
2364 310 2616 368 GALAT.

3441 321 3548 378 898

286 425 438 480 [inde
469 420 705 478 Joannes
748 421 922 476 dicit:
967 421 1069 486 Qui
1113 423 1250 475 enim
1295 439 1398 476 non
1428 423 1595 494 diligit
1643 423 1861 493 fratrem
1887 421 1938 482 Α
1964 422 2244 567 periit-“itur
2268 439 2451 480 carnis
2497 426 2966 494 concupiscentia,
3021 442 3146 483 cum
3195 433 3466 488 consentit
3498 434 3552 488 ei

286 530 460 567 uum.
489 529 642 567 auem
672 511 829 567 videt.
856 511 1044 567 Deum.
1073 528 1225 567 auem
1273 529 1376 566 non
1417 514 1573 567 videt.
1603 513 1866 567 quomodo
1968 512 2097 567 sniri
2161 530 2190 567 s
2217 515 2285 567 ad
2314 529 2479 567 onera
2508 515 2672 567 mala.
2700 524 2762 567 ut
2789 532 2894 567 non
2923 519 3271 567 concnniscat
3295 523 3552 567 adversu-

279 530 460 580 suum,
489 529 642 584 quem
672 511 829 576 videt,
856 511 1044 576 Deum,
1073 528 1225 581 quem
1273 529 1376 566 non
1417 514 1573 578 videt,
1603 513 1866 584 quomodo

277 613 446 676 potest
473 602 690 673 diligere
717 601 770 672 (Ι
795 601 956 654 Joan.
986 600 1106 671 1v)?
1138 600 1539 657 Mentiebantur
1568 603 1713 657 enim
1743 603 1867 672 qui-

278 695 406 750 dam
428 691 774 746 dilectionem
800 705 860 744 se
896 689 993 744 Dei
1020 691 1240 754 habere,
1281 700 1338 746 et
1365 691 1432 745 de
1471 691 1595 746 odio
1628 691 1870 746 fraterno

278 800 400 842 eam
429 799 538 839 non
569 784 771 839 habere
797 783 1278 838 convincebantur.
1310 783 1386 839 De
1414 799 1522 853 quo
1537 784 1786 852 judicare
1812 783 1870 836 in

277 873 596 944 quotidiana
622 873 733 925 vita
759 879 816 924 et
839 871 1084 926 moribus
1109 871 1265 926 facile
1286 880 1388 927 est.
1411 872 1662 928 Charitas
1679 872 1764 926 vel
1787 872 1872 925 di-

279 963 442 1021 lectio
469 963 524 1017 in
560 969 796 1031 quatuor
828 961 1002 1016 modis
1036 961 1372 1032 completur,
1417 964 1524 1018 hoc
1549 971 1662 1028 est,
1691 963 1871 1031 primo

282 1055 425 1108 Deus
457 1051 763 1120 diligendus
795 1059 918 1115 est;
960 1050 1217 1114 secundo,
1243 1065 1342 1105 nos
1368 1051 1516 1120 ipsos
1541 1050 1864 1120 diligamus;

280 1142 468 1206 tertio,
492 1140 798 1210 proximos;
824 1147 1040 1208 quarto,
1065 1139 1346 1195 inimicos:
1372 1140 1544 1196 Deum
1563 1141 1685 1211 plus
1707 1155 1869 1209 quam

280 1244 400 1293 nos,
424 1228 735 1298 proximum
757 1227 900 1282 sicut
923 1227 1338 1292 nos,1nimicum
1358 1230 1514 1298 quasi
1537 1230 1868 1298 proximum.

281 1321 352 1375 Et
377 1321 480 1374 nisi
507 1319 677 1375 Deum
707 1319 942 1388 primum
981 1319 1348 1387 dilexerimus,
1387 1336 1488 1376 nos
1512 1321 1737 1393 diligere
1763 1336 1870 1376 non

280 1427 589 1483 possumus.
619 1410 732 1466 Hoc
758 1419 841 1465 est
869 1426 978 1464 non
1005 1426 1264 1480 peccare:
1313 1421 1369 1466 et
1407 1413 1452 1468 si
1489 1429 1590 1468 nos
1615 1429 1723 1468 non
1751 1413 1872 1467 dili-

279 1505 480 1576 gimus,
509 1503 576 1556 ad
605 1517 769 1571 quam
797 1500 1029 1556 fermam
1049 1503 1326 1572 proximos
1351 1504 1673 1575 diligemus?
1696 1503 1753 1558 Si
1781 1519 1872 1558 au-

285 1608 393 1652 tem
422 1595 730 1666 proximum
761 1609 870 1648 non
894 1608 1160 1659 amamus,
1187 1595 1359 1649 multo
1377 1595 1549 1666 magis
1568 1595 1864 1650 inimicum.

283 1687 340 1742 Si
388 1702 520 1757 ergo
553 1685 802 1740 volumus
837 1684 1176 1740 dilectionem
1222 1686 1452 1749 habere,
1497 1687 1673 1755 primo
1701 1687 1869 1740 Deum

1968 512 2190 580 spiritus
2217 515 2285 568 ad
2314 529 2479 583 opera
2508 515 2672 580 mala,
2700 524 2762 569 ut
2789 532 2894 571 non
2923 519 3271 589 concupiscat
3295 523 3556 580 adversus

1970 602 2136 669 illam,
2168 606 2262 660 sed
2293 620 2416 660 cum
2445 607 2572 661 illa:
2613 607 2691 663 sic
2725 617 2783 663 et
2814 609 2954 664 bona
2995 625 3158 679 opera
3200 622 3384 670 nostra
3427 625 3558 672 tunc

1967 692 2342 761 perﬁcientur,
2373 697 2586 764 quando
2616 698 2690 751 ita
2719 699 2930 767 spiritui
2959 715 3090 755 caro
3113 705 3466 770 consenserit,
3497 712 3558 760 ut

1968 781 2230 837 adversus
2257 797 2380 837 eum
2405 785 2571 838 etiam
2600 787 2716 856 ipsa
2747 802 2855 841 non
2882 791 3246 859 concupiscat.
3275 793 3388 849 Hoc
3410 796 3555 850 enim

1967 871 2217 926 volumus
2245 888 2366 927 cum
2401 873 2789 943 perfectionem
2830 877 3055 945 iustitiae
3090 883 3556 951 concupiscimus-,

1969 962 2073 1017 hoc
2111 963 2410 1020 intentione
2454 980 2562 1020 non
2607 966 2914 1022 intermissa
2958 969 3096 1024 velle
3133 971 3408 1027 debemus.
3449 974 3557 1030 Sed

1971 1050 2097 1119 quia
2121 1051 2389 1120 perlicere
2424 1053 2479 1106 in
2515 1054 2618 1108 ista
2658 1057 2994 1125 corruptibili
3025 1074 3190 1115 carne
3232 1077 3338 1117 non
3368 1079 3558 1132 possu-

1969 1157 2110 1208 mus,
2136 1142 2256 1197 ideo
2287 1143 2422 1198 dixit
2443 1145 2510 1199 ad
2533 1145 2839 1202 Romanos:
2873 1148 3015 1203 Velle
3035 1151 3242 1220 adjacet
3270 1154 3420 1218 mihi,
3441 1171 3560 1224 per-

1969 1232 2124 1300 ﬁcere
2148 1242 2322 1286 autem
2352 1235 2543 1288 bonum
2571 1253 2675 1290 non
2703 1238 2906 1292 invenio
2939 1238 3111 1311 (Rom.
3141 1242 3260 1311 vn).
3294 1243 3388 1298 Vel
3413 1245 3556 1299 sicut

1969 1325 2171 1380 habent
2196 1328 2414 1382 codices
2454 1327 2626 1384 Graeci
2654 1347 2666 1383 :
2705 1329 2845 1384 Velle
2875 1332 3084 1400 adjacet
3128 1335 3277 1398 mihi,
3307 1339 3558 1405 perﬁcere

1971 1426 2145 1470 autem
2172 1417 2364 1470 bonum
2396 1436 2500 1472 non
2524 1437 2542 1484 ;
2566 1421 2620 1474 id
2654 1431 2739 1476 est
2762 1439 2869 1477 non
2900 1424 3032 1477 mihi
3063 1424 3273 1493 adjacet
3295 1429 3557 1494 perﬁcere

1969 1505 2193 1560 bonum.
2226 1507 2342 1562 Non
2388 1510 2465 1563 ait
2499 1509 2699 1575 facere,
2732 1513 2826 1568 sed
2867 1515 3130 1582 perficere
3154 1518 3373 1572 bonum.
3424 1519 3558 1586 Quia

1971 1593 2153 1650 facere
2178 1597 2397 1661 bonum,
2430 1607 2512 1654 est
2536 1609 2657 1668 post
2679 1604 3147 1672 concupiscentias
3173 1623 3279 1661 non
3303 1609 3401 1662 ire.
3433 1609 3559 1664 Per-

1973 1685 2136 1742 ficere
2159 1698 2338 1743 autem
2363 1691 2682 1757 bonum,est
2702 1711 2806 1750 non
2831 1698 3233 1766 concupiscere.
3251 1699 3404 1766 Quod
3425 1717 3557 1772 ergo

279 1778 404 1848 plus
429 1793 589 1846 quam
617 1785 834 1831 nostras
860 1775 1069 1830 animas
1108 1775 1414 1847 diligamus.
1453 1776 1606 1844 Quod
1636 1779 1710 1832 ita
1742 1793 1868 1847 pro-
1895 1781 1942 1840 B
1969 1779 2134 1832 estad
2151 1765 2874 1854 Galatas,concupiscentias
2901 1765 3082 1842 carnis
3103 1803 3170 1842 ne
3189 1765 3555 1857 perl'eceritis,

279 1871 463 1933 batur,
501 1869 548 1922 si
586 1875 810 1938 propter
851 1866 1022 1921 Deum
1049 1866 1213 1921 etiam
1257 1867 1483 1922 salutem
1527 1876 1768 1922 nostram
1813 1876 1870 1922 et

283 1963 430 2032 ipsas
465 1961 674 2015 animas
698 1967 1125 2015 contemnamus.
1154 1957 1269 2013 Non
1308 1974 1438 2030 ergo
1465 1960 1578 2015 sola
1607 1961 1676 2015 ad
1700 1961 1867 2014 vitam

281 2053 482 2108 suﬂicit
508 2051 641 2105 fides
661 2098 679 2124 ,
700 2050 804 2105 nisi
836 2049 958 2119 quis
983 2049 1126 2104 sicut
1153 2065 1212 2105 se
1251 2050 1442 2120 diligit,
1479 2051 1552 2105 ita
1589 2058 1644 2105 et
1685 2051 1870 2120 proxi-

282 2156 432 2195 mum
464 2157 476 2194 :
517 2146 707 2196 etnon
733 2138 906 2192 solum
936 2136 984 2190 ei
1024 2137 1225 2192 malum
1255 2153 1361 2192 non
1401 2138 1553 2204 facit,
1593 2139 1737 2209 quod
1765 2139 1869 2194 sibi

281 2246 390 2285 non
421 2230 566 2283 vult:
601 2231 695 2284 sed
729 2228 890 2282 etiam
919 2227 1118 2283 bonum
1148 2227 1300 2292 facit,
1331 2230 1472 2297 quod
1515 2230 1619 2283 sibi
1651 2230 1766 2283 vult
1799 2231 1869 2284 ab

282 2321 391 2374 alio
438 2319 595 2374 ﬁeri:
637 2326 694 2372 et
726 2317 1034 2372 universam
1087 2317 1260 2386 legem
1299 2317 1506 2386 implet,
1551 2333 1670 2387 quae
1708 2319 1873 2373 habet

282 2407 389 2460 duo
418 2421 617 2476 genera
660 2404 1074 2469 mandatorum,
1121 2404 1225 2458 hoc
1267 2410 1380 2470 est,
1430 2420 1535 2459 non
1564 2404 1870 2460 faciendum

286 2491 507 2551 malum,
543 2500 597 2545 et
624 2492 927 2551 faciendum
955 2492 1176 2546 bonum.

361 2599 515 2666 Quod
541 2600 588 2653 si
615 2601 831 2654 invicem
859 2600 1107 2655 mordetis
1134 2609 1182 2654 et
1208 2601 1497 2665 comeditis,
1526 2600 1691 2655 videte
1717 2618 1780 2654 ne
1806 2602 1871 2655 ab

283 2692 504 2746 invicem
536 2693 938 2745 consumamini.
979 2691 1092 2747 Hoc
1133 2693 1277 2746 enim
1321 2693 1556 2747 maxime
1579 2694 1712 2748 vitio
1745 2709 1874 2749 con-

286 2781 544 2836 tentionis
573 2791 629 2836 et
651 2782 882 2846 invidiae,
914 2783 1232 2852 perniciosa:
1257 2784 1694 2853 dispensationes
1730 2786 1873 2839 inter

283 2885 378 2924 eos
404 2870 801 2934 nutriebantur,
827 2871 966 2924 male
987 2871 1054 2926 de
1081 2871 1312 2926 invicem
1338 2873 1625 2943 loquendo,
1650 2881 1706 2928 et
1726 2889 1872 2944 quaa-

288 2960 456 3014 rendo
482 2960 708 3029 quisque
747 2961 976 3031 gloriam
1016 2977 1190 3028 suam,
1240 2979 1541 3034 vanamque
1589 2966 1869 3020 victoriam

283 3064 381 3118 per
409 3051 805 3105 contentionem
823 3092 836 3117 ,
863 3052 989 3119 quia
1016 3066 1114 3106 vos
1152 3054 1404 3109 meliores
1441 3055 1762 3111 alterutrum
1780 3055 1870 3124 ju-

1973 1869 2076 1923 hoc
2120 1883 2152 1923 e
2199 1871 2477 1926 contrario
2507 1881 2593 1928 est
2639 1875 2706 1929 ad
2736 1875 3046 1932 Romanos:
3086 1878 3348 1948 Perﬁcere
3382 1892 3558 1936 autent

1971 1957 2162 2012 bonum
2187 1974 2291 2012 non
2313 1960 2537 2028 invenio,
2553 1963 2679 2032 quia
2697 1980 2798 2020 nec
2818 1965 2923 2020 illae
2943 1966 3297 2036 perficiuntur
3317 1971 3372 2025 in
3394 1972 3558 2038 malo,

1969 2049 2188 2117 quando
2209 2049 2290 2105 eis
2317 2066 2426 2105 non
2451 2053 2663 2108 accedit
2695 2065 2895 2111 nostra:
2923 2057 3215 2115 voluntatis
3263 2076 3517 2118 assensus
3541 2080 3556 2130 ;

1970 2153 2074 2192 nec
2096 2147 2282 2193 nostra
2310 2141 2560 2196 voluntas
2588 2145 2873 2212 perficitur
2896 2147 2950 2202 in
2972 2149 3136 2216 bono,
3175 2153 3413 2220 quandiu
3443 2154 3561 2208 illa-

1972 2244 2114 2293 rum,
2147 2230 2235 2283 cui
2279 2246 2386 2286 non
2425 2235 2825 2303 consentimus,
2877 2250 3161 2307 permanet
3201 2253 3401 2298 motus.
3441 2245 3562 2316 Ipse

1970 2324 2151 2370 autem
2167 2317 2470 2385 conflictus,
2487 2321 2540 2375 in
2561 2338 2669 2391 quo
2689 2325 2854 2379 etiam
2875 2328 3133 2396 baptizati
3147 2331 3291 2386 velut
3310 2333 3366 2388 in
3387 2350 3562 2406 agone

1971 2406 2274 2472 decertant,
2304 2425 2428 2463 cum
2464 2427 2592 2467 caro
2613 2416 2949 2485 concupiscit
2972 2420 3258 2475 adversum
3285 2423 3559 2491 spiritum,

1970 2502 2027 2546 et
2050 2495 2274 2563 spiritus
2324 2500 2585 2558 adversus
2633 2521 2898 2561 carnem:
2936 2510 3027 2564 ubi
3075 2519 3130 2565 et
3172 2513 3394 2582 spiritus
3430 2515 3563 2572 facit

1967 2583 2172 2638 bonum
2203 2601 2340 2656 opus
2369 2605 2476 2644 non
2505 2597 2892 2652 consentiendo
2915 2602 3364 2672 concupiscentia:
3381 2606 3558 2674 malai,

1973 2687 2080 2727 non
2104 2677 2349 2744 perﬁcit;
2387 2683 2513 2749 quia
2545 2684 2658 2752 ipsa
2684 2687 2826 2742 mala
2858 2690 3126 2746 desideria
3149 2708 3254 2748 non
3282 2696 3517 2751 absumit
3544 2717 3556 2752 :

1971 2770 2028 2817 et
2049 2779 2179 2818 caro
2201 2764 2330 2821 facit
2353 2769 2555 2825 malum
2576 2772 2926 2843 desiderium,
2951 2780 3043 2834 sed
3069 2798 3168 2837 nec
3189 2784 3304 2853 ipsa
3323 2785 3559 2855 perlicit,

1971 2852 2097 2920 quia
2132 2869 2238 2908 non
2271 2857 2374 2912 sibi
2419 2863 2792 2920 consentiente
2833 2869 3024 2936 spiritu
3069 2881 3123 2926 et
3159 2852 3271 2943 ipsa
3299 2852 3367 2931 ad
3396 2894 3561 2948 opera

1970 2943 2275 3001 damnanda
2304 2964 2412 3004 non
2439 2955 2703 3020 pervenit.
2730 2956 2838 3014 lste
2864 2975 2995 3030 ergo
3020 2963 3302 3021 conﬂictus
3330 2943 3560 3024 non—Ju-

1970 3032 2233 3128 decorum,
2264 3053 2365 3094 nec
2405 3045 2770 3111 quorumlibet
2797 3049 3046 3118 aliorum,
3087 3056 3182 3110 sed
3221 3059 3378 3128 plene
3404 3062 3560 3116 Chri—

284 3140 492 3201 dicatis,
545 3142 760 3210 quando
804 3118 1090 3197 detrahitis
1135 3144 1364 3198 alterum
1391 3163 1404 3210 ;
1443 3148 1658 3215 quando
1692 3118 1867 3203 aliena
1895 3118 1938 3180 C
1971 3125 2290 3196 summum,
2321 3131 2559 3189 ﬁdelium
2586 3145 2641 3191 ει
2668 3138 2804 3195 bene
2837 3142 3134 3200 νίνθηιίυω
3171 3160 3272 3204 εει-

265 3231 611 3299 .torquemini
642 3230 930 3296 felicitate,
973 3241 1028 3286 et
1064 3249 1132 3288 ex
1173 3235 1392 3292 alterius
1436 3237 1579 3292 bono
1624 3247 1868 3292 vestrum

285 3324 487 3376 malum
517 3322 711 3388 facitis,
736 3332 864 3378 tunc
887 3325 1117 3380 invicem
1146 3327 1426 3391 mordctis,
1442 3336 1497 3381 et
1522 3329 1734 3397 quando
1759 3343 1870 3382 ma-

287 3410 484 3464 ledicto
510 3426 608 3466 vos
640 3414 841 3480 putatis
876 3413 1061 3468 ulcisci
1090 3429 1105 3467 :
1142 3415 1339 3484 quibus
1369 3417 1562 3472 studiis
1592 3418 1866 3472 consumi-

287 3507 376 3554 tur
405 3501 636 3556 societas
660 3503 862 3572 populi,
902 3503 1028 3557 dum
1074 3504 1128 3558 in
1176 3513 1362 3574 partes
1401 3505 1684 3561 scinditur.
1725 3507 1870 3574 Quo-

285 3588 444 3643 modo
489 3599 668 3644 autem
711 3592 813 3646 ista
853 3593 1028 3647 vitare
1064 3595 1293 3663 possint,
1325 3597 1427 3651 nisi
1457 3599 1646 3666 spiritu
1678 3601 1866 3654 ambu-

284 3678 415 3742 lent,
446 3687 502 3732 et
523 3682 985 3750 concupiscentias
1007 3686 1188 3738 carnis
1209 3701 1316 3739 non
1337 3687 1658 3754 perﬁciant?
1681 3690 1868 3744 Melius

283 3778 370 3824 est
403 3779 582 3824 autem
627 3786 697 3825 ne
742 3781 932 3828 contra
980 3777 1280 3842 rationem,
1329 3786 1386 3833 et
1426 3780 1590 3834 totius
1616 3780 1868 3850 Epistula:

281 3860 757 3927 consequentiam,
808 3862 986 3918 subito
1022 3864 1077 3918 in
1127 3869 1555 3922 extraordinaria
1599 3880 1867 3939 praecepta

284 3945 482 4001 Paulus
511 3961 773 4020 erumpat,
811 3953 913 4007 hoc
937 3953 1012 4008 ita
1037 3955 1357 4026 intelligere,
1398 3965 1458 4012 ut
1479 3959 1546 4013 ad
1574 3960 1864 4016 circumci-

283 4037 492 4092 sioncm
516 4041 1057 4115 observationemque
1082 4046 1214 4116 legis
1241 4058 1434 4104 cuncta
1461 4049 1780 4107 referamus.
1807 4053 1865 4108 Si

287 4141 400 4189 vos,
425 4127 618 4196 inquit,
641 4132 965 4187 conturbant
986 4134 1099 4201 alii,
1123 4150 1220 4190 vos
1245 4145 1424 4192 autem
1446 4141 1864 4209 conturbamini,

284 4216 330 4270 si
362 4224 527 4271 totam
553 4217 886 4289 Scripturam
915 4231 1153 4279 veterem
1177 4224 1413 4295 legentes
1436 4228 1514 4282 sic
1539 4229 1864 4300 intelligitis,

285 4316 344 4360 ut
373 4309 573 4376 scripta
601 4321 682 4364 est
707 4329 720 4364 :
763 4309 986 4366 Oculum
1022 4331 1116 4384 pro
1141 4315 1310 4382 oculo,
1356 4317 1558 4373 dentem
1586 4338 1682 4391 pro
1711 4322 1865 4377 dente

281 4396 464 4468 (Deut.
497 4401 634 4472 xxx),
663 4412 720 4458 et
743 4403 823 4458 ira
851 4405 1122 4461 desiderat
1144 4408 1421 4475 ultionem,
1445 4411 1579 4468 ultio
1604 4427 1733 4468 vero
1762 4414 1863 4468 im-

280 4489 434 4555 ponit
465 4491 738 4557 dolorem,
776 4495 918 4563 quod
947 4495 1028 4549 lex
1063 4513 1168 4550 non
1216 4499 1388 4553 solum
1435 4516 1540 4554 non
1589 4502 1856 4570 prohibet,

281 4593 471 4633 verum
498 4583 658 4636 etiam
682 4587 943 4655 praecipit,
955 4585 1224 4653 justitiam
1250 4590 1302 4643 in
1328 4591 1524 4646 talione
1548 4596 1859 4662 restituens,

281 4673 546 4740 sequitur,
592 4685 653 4731 ut
691 4689 747 4733 et
782 4682 1016 4736 nudatus
1043 4685 1228 4748 nudet,
1257 4695 1311 4739 ct
1346 4688 1657 4745 vulneratus
1690 4694 1864 4747 revul-

280 4771 458 4828 neret,
489 4773 542 4820 et
563 4777 834 4825 comestus
856 4773 1181 4838 remordeat,
1207 4782 1260 4828 et
1283 4791 1401 4844 qua:
1425 4777 1640 4833 videtur
1653 4782 1864 4851 justitia

279 4863 421 4915 esse,
442 4858 778 4926 consumptio
803 4860 893 4925 sit,
909 4876 1014 4916 non
1036 4879 1204 4918 unum
1224 4866 1525 4932 vindicans,
1541 4871 1634 4925 sed
1662 4881 1864 4927 utrum-

278 4955 386 5009 que
417 4959 759 5004 consumens.

913 5007 949 5023 ν

349 5051 482 5108 Dico
510 5067 684 5112 autem
704 5073 724 5112 :
755 5059 958 5132 Spiritu
987 5066 1268 5133 ambulate,
1305 5079 1355 5122 et
1379 5070 1640 5127 desideria
1687 5078 1860 5132 carnis

280 5158 385 5195 non
405 5145 703 5213 perﬁcietis.
729 5148 788 5204 Si
810 5166 938 5223 ergo
963 5170 1066 5210 non
1091 5161 1459 5215 consentiatur
1479 5166 1864 5234 concupiscen-

280 5233 374 5287 tiis
407 5237 606 5304 carnis,
641 5243 945 5310 quantisvis
989 5256 1216 5316 agantur
1245 5252 1496 5316 motibus,
1541 5271 1645 5309 non
1685 5265 1860 5315 tamen

278 5323 631 5391 perficiantur
653 5331 926 5398 operibus.
954 5334 1187 5392 Proinde
1221 5355 1344 5394 cum
1373 5357 1502 5396 caro
1528 5349 1862 5416 concupiscit

279 5412 566 5468 adversum
597 5419 866 5487 spiritum,
897 5431 952 5476 et
982 5426 1203 5494 spiritus
1239 5430 1496 5486 adversus
1522 5449 1762 5503 carnem,
1804 5449 1865 5495 ut

279 5515 388 5556 non
422 5519 486 5557 ea
513 5521 633 5574 quae
663 5509 905 5566 volumus
936 5513 1214 5581 faciamus,
1241 5534 1340 5573 nec
1366 5523 1546 5577 carnis
1576 5526 1864 5593 perficiun-

279 5596 370 5644 tur
389 5598 859 5668 concupiscentize,
891 5607 1141 5673 quamvis
1165 5607 1385 5677 faciant,
1411 5629 1509 5686 nec
1537 5625 1719 5670 nostra
1740 5633 1863 5686 per-

278 5680 537 5741 ficiuntur
559 5706 723 5760 opera
753 5693 912 5762 bona,
938 5699 1184 5765 quamvis
1216 5699 1364 5756 fiant.
1392 5681 1544 5759 Sicut
1567 5709 1708 5762 enim
1736 5719 1860 5767 tunc

2041 3257 2179 3315 Caro
2210 3263 2346 3317 enim
2392 3270 2708 3339 concupiscit
2760 3275 3008 3331 adversus
3050 3282 3310 3350 spiritum,
3344 3289 3560 3358 spiritus

1969 3359 2140 3403 autem
2172 3352 2422 3409 adversus
2456 3374 2686 3414 carnem.
2718 3363 2837 3418 Non
2877 3369 3018 3422 enim
3051 3385 3180 3425 caro
3217 3375 3333 3430 sine
3369 3379 3550 3434 anima

1968 3443 2319 3512 concupiscit,
2344 3451 2593 3515 quamvis
2613 3467 2741 3507 caro
2766 3461 3149 3528 concupiscere
3178 3466 3410 3536 dicatur,
3429 3473 3557 3541 quia

1967 3533 2260 3589 carnaliter
2301 3538 2480 3594 anima
2527 3546 2890 3614 concupiscit,
2939 3567 3067 3607 caro
3101 3557 3246 3610 enim
3278 3560 3411 3613 nihil
3445 3533 3560 3618 nisi

1967 3637 2065 3692 per
2093 3625 2329 3680 animam
2359 3634 2722 3701 concupiscit;
2756 3641 2848 3692 sed
2887 3644 3269 3711 concupiscere
3300 3665 3428 3704 caro
3458 3654 3556 3708 ad-

1969 3725 2157 3767 versus
2187 3716 2436 3783 spiritum
2463 3721 2692 3787 dicitur,
2725 3729 2941 3793 quando
2971 3733 3148 3786 anima
3197 3739 3400 3794 carnali
3431 3757 3558 3796 con-

1968 3800 2301 3868 cupiscentia
2329 3807 2540 3874 Spiritui
2571 3811 2888 3870 reluctatur.
2918 3817 3067 3875 Tunc
3090 3824 3232 3877 enim
3254 3843 3384 3882 caro
3407 3833 3558 3886 adul-

1969 3888 2182 3953 terium,
2212 3891 2438 3959 Spiritus
2463 3903 2642 3951 autem
2679 3900 2955 3959 desiderat
2984 3911 3310 3968 castitatem.
3357 3917 3550 3976 Totum

1967 3975 2072 4029 hoc
2101 3991 2199 4033 nos
2237 3993 2443 4049 sumus,
2476 3993 2531 4039 et
2571 4003 2698 4043 caro
2740 3990 2855 4061 ipsa
2886 4010 3005 4064 quae
3039 3999 3344 4062 discedente
3374 4010 3553 4067 anima

1965 4068 2214 4134 moritur,
2245 4085 2365 4140 qua:
2398 4090 2525 4144 pars
2551 4087 2733 4135 nostra
2781 4082 2994 4142 infirma
3034 4099 3136 4157 est,
3175 4110 3273 4150 nec
3306 4097 3556 4170 fugienda

1967 4157 2279 4229 dimittitur,
2307 4165 2400 4219 sed
2427 4169 2732 4238 recipienda
2755 4177 3054 4245 reponitur.
3080 4182 3230 4240 Tunc
3254 4157 3557 4258 critjustus

1966 4250 2082 4304 sine
2112 4252 2220 4308 ullo
2254 4257 2476 4314 omnino
2514 4272 2770 4332 peccato,
2825 4274 3040 4339 quando
3071 4277 3214 4333 nulla
3251 4281 3336 4338 lex
3365 4287 3471 4341 erit
3501 4289 3553 4343 in

1966 4343 2224 4449 membris
2247 4347 2363 4416 ejus
2386 4364 2691 4423 repugnans
2711 4357 2814 4428 legi
2840 4367 3037 4432 mentis
3061 4367 3192 4437 ejus.
3212 4373 3320 4430 Nec
3337 4389 3552 4449 recepta

1965 4432 2196 4489 ulterius
2235 4438 2589 4509 relinquetur.
2640 4447 2792 4504 Unde
2832 4453 2982 4518 dicit,
3019 4456 3329 4519 Seminatur
3357 4432 3553 4539 corpus

1965 4521 2216 4587 animale,
2249 4538 2434 4599 surget
2463 4548 2658 4604 corpus
2703 4540 2967 4606 spiritale.
3013 4546 3080 4599 Et
3117 4551 3240 4618 quia
3270 4569 3432 4625 supra
3452 4521 3554 4615 ἐξ

1965 4615 2200 4671 cundum
2235 4618 2503 4690 duplicem
2541 4626 2948 4699 intelligentiam
2980 4615 3352 4697 hunc—locum.
3376 4662 3552 4718 ccupe-

1968 4719 2151 4761 ramus
2179 4723 2468 4779 exponere,
2497 4717 2769 4772 reddenda
2799 4732 2927 4777 sunt
2949 4740 3068 4794 qua:
3093 4730 3375 4790 omisimus
3413 4717 3551 4795 Caro

1967 4798 2283 4866 concupiscit
2305 4800 2553 4859 adversus
2580 4807 2844 4877 spiritum,
2873 4813 2926 4866 id
2954 4823 3033 4869 est
3060 4817 3299 4877 historim
3326 4833 3380 4879 et
3406 4825 3552 4882 Scri-

1965 4894 2138 4954 ptura:
2167 4903 2395 4948 carneus
2422 4893 2726 4955 intellectus
2756 4910 2942 4958 contra
2967 4901 3274 4980 allegoriam
3304 4923 3360 4968 et
3395 4917 3551 4986 spiri-

1969 4975 2132 5030 talem
2160 4980 2457 5037 doctrinam
2495 5001 2778 5059 repugnat.
2814 4992 3043 5064 Spiritus
3076 4975 3256 5055 autem
3301 4975 3550 5064 adversus

1969 5083 2178 5123 carnem
2198 5112 2211 5135 ,
2236 5072 2289 5126 id
2316 5084 2400 5128 est
2428 5077 2741 5135 sublimiora
2771 5085 3012 5155 dejectis,
3045 5099 3244 5148 aeterna
3271 5095 3548 5167 brevibus,

1969 5162 2174 5217 umbrae
2193 5166 2394 5221 veritas
2421 5167 2740 5241 refragatur.
2764 5176 2833 5230 Et
2860 5193 3089 5237 carneus
3116 5183 3408 5255 Scriptura:
3433 5162 3550 5246 seu;

1969 5267 2080 5317 sus,
2106 5256 2227 5322 quia
2263 5257 2474 5326 impleri
2501 5277 2606 5315 non
2637 5275 2815 5334 potest
2844 5270 2862 5338 (
2879 5286 2979 5324 nec
3006 5275 3148 5327 enim
3178 5277 3414 5334 valemus
3439 5298 3549 5336 om-

1968 5346 2055 5398 nia
2087 5361 2205 5415 quze
2228 5349 2425 5418 scripta
2452 5364 2577 5406 sunt
2605 5352 2828 5427 facere),
2854 5363 3089 5417 ostendit
3119 5381 3216 5419 nos
3244 5383 3348 5422 non
3372 5371 3424 5424 in
3457 5388 3548 5428 no-

1965 5447 2075 5491 stra
2111 5440 2314 5506 positos
2342 5449 2610 5508 potestate
2658 5445 2793 5516 legis
2833 5449 3128 5520 explendae,
3162 5471 3283 5511 cum
3331 5463 3545 5520 etiamsi

1963 5526 2192 5582 velimus
2219 5528 2449 5583 litteram
2481 5534 2656 5601 sequi,
2687 5536 3092 5605 impossibilitas
3133 5561 3242 5600 non
3288 5550 3542 5606 admittit.

2037 5617 2167 5672 Ηατ
2197 5620 2333 5672 enim
2362 5621 2577 5676 invicem
2603 5625 2968 5696 adversantur,
3003 5643 3059 5687 ut
3096 5652 3197 5690 non
3226 5655 3544 5712 qumcunque

1963 5707 2138 5778 vultis,
2178 5711 2276 5765 ista
2313 5709 2540 5780 faciatis.
2581 5715 2705 5774 Haec
2753 5718 2882 5775 facit
2928 5725 3068 5781 ratio
3111 5735 3168 5782 ut
3214 5707 3543 5790 voluntatem
