3922 6180
515 271 612 326 899

1604 257 1876 314 CLAUDII
1918 256 2376 314 TAURINENSIS
2415 257 2719 314 EPISCOPI

3606 269 3689 323 906

514 394 622 434 non
645 383 906 447 sequatur
931 372 1154 429 effectus
1179 388 1192 425 :
1219 371 1344 440 quia
1375 372 1428 424 in
1463 370 1565 424 hac
1588 369 1700 423 vita
1725 377 2088 448 pugnat‘earo
2115 374 2166 432 Α
2190 369 2608 432 consentientes,
2655 384 2761 425 non
2808 371 2922 425 hmo
2960 381 3119 442 agunt
3163 383 3216 428 et
3242 374 3356 431 ideo
3384 390 3584 448 regnum
3615 380 3691 438 Dei

513 429 1014 538 contrajspiritum,
1052 475 1106 519 et
1147 464 1368 532 spiritus
1413 463 1672 516 adversus
1718 429 1970 514 carnea!
2002 459 2090 514 Fit

513 577 642 632 ergo
683 574 780 629 per
823 555 1304 612 sanctificationem
1333 552 1626 622 perfectam
1646 591 1661 615 ,
1693 560 1752 605 ut
1773 551 1950 606 omnis
1974 564 2093 604 ear-

512 652 650 706 nalis
692 647 962 719 appetitus
1007 645 1220 715 spiritui
1268 651 1454 698 nostro
1481 643 1779 696 illuminato
1829 649 1884 695 et
1922 639 2094 694 viviﬁ-

510 749 651 806 cato,
679 741 732 794 id
757 749 843 794 est
865 737 1130 792 voluntati
1155 734 1491 804 subjiciatur.
1525 733 1592 787 Et
1617 734 1757 787 sicut
1787 748 1928 786 nunc
1945 732 2094 786 vide-

510 845 632 884 mus
653 829 838 884 multis
858 827 1156 899 puerilibus
1180 825 1625 880 delectationibus
1647 839 1746 878 nos
1764 838 1952 878 carere
1975 836 2094 891 quae

510 937 610 976 nos
649 935 864 991 pueros,
909 919 955 974 si
992 918 1421 987 denegarentur,
1467 914 1730 969 acerrime
1757 912 2092 975 cruciabant,

509 1011 592 1064 ita
617 1010 945 1065 credendum
975 1007 1145 1063 estde
1169 1005 1316 1060 omni
1343 1005 1550 1059 carnali
1573 1002 1926 1058 delectatione
1954 1000 2097 1055 iutu-

509 1117 632 1156 rum
674 1116 814 1165 esse,
853 1114 976 1155 cum
1023 1097 1262 1168 perfecta
1311 1095 1573 1150 sanctitas
1620 1102 1792 1148 totum
1822 1091 2096 1147 hominem

510 1190 882 1260 reparaverit;
919 1203 1065 1242 nunc
1103 1195 1283 1240 autem
1309 1184 1550 1255 quandiu
1579 1192 1666 1240 est
1693 1183 1746 1236 in
1774 1182 1928 1236 nobis
1955 1179 2097 1249 quod

508 1282 718 1339 resistit
742 1283 898 1337 bona;
924 1280 1208 1342 voluntati,
1248 1278 1449 1332 auxilio
1477 1277 1573 1331 Dei
1601 1292 1698 1346 per
1724 1276 1896 1331 bonos
1925 1275 2100 1329 homi-

508 1390 628 1439 nes,
659 1383 714 1428 et
754 1373 926 1427 bonos
953 1369 1170 1440 angelos
1202 1369 1526 1438 indigemus,
1576 1375 1637 1420 ut
1671 1367 1844 1420 donec
1877 1372 2100 1418 sanetur

508 1465 704 1519 vulnus
730 1470 996 1527 nostrum,
1028 1476 1135 1515 non
1159 1460 1231 1514 ita
1257 1458 1573 1512 molestetur
1594 1465 1655 1511 ut
1680 1457 1914 1526 perimat
1933 1454 2099 1508 etiam

506 1557 705 1612 bonam
733 1554 1093 1608 voluntatem:
1127 1552 1267 1606 hanc
1289 1557 1468 1603 autem
1491 1557 1721 1602 mortem
1747 1554 1973 1616 peccato
1993 1559 2102 1599 me-

509 1651 746 1712 ruimus,
775 1646 919 1717 quod
947 1652 1227 1714 peccatum
1265 1649 1384 1696 erat
1415 1641 1636 1696 omnino
1670 1641 1724 1694 in
1754 1641 1926 1695 libero
1958 1638 2104 1694 arbi-

2189 461 2554 530 possidebunt.
2585 461 2702 516 Non
2742 462 2888 516 enim
2925 462 3034 531 jam
3065 474 3251 533 regnat
3277 477 3534 534 peccatum
3558 471 3604 524 in
3624 486 3693 526 eo-

2192 566 2310 604 rum
2343 551 2556 605 mortali
2583 566 2809 620 corpore
2836 553 2902 606 ad
2938 554 3285 608 obediendum
3313 555 3569 612 desideriis
3587 557 3695 626 ejus,

2190 641 2436 710 quamvis
2461 641 2666 696 habitet
2686 642 2742 695 in
2761 643 2949 696 eodem
2969 644 3184 697 mortali
3204 659 3418 713 corpore
3439 657 3692 714 peccatum,

2191 730 2427 784 nondum
2471 733 2740 787 exstincto
2781 733 2979 802 impetu
3030 735 3416 790 consuetudinis
3454 739 3694 806 naturalis,

2193 835 2298 888 qua
2329 822 2632 876 mortaliter
2654 823 2768 878 nati
2789 833 3063 888 sumus,et
3076 840 3141 878 ex
3157 827 3382 895 propriis
3393 828 3504 880 vitae
3521 839 3696 890 nostris,

2193 923 2316 963 cum
2341 916 2395 964 et
2420 925 2520 965 nos
2562 911 2663 980 ipsi
2691 911 2964 980 peccando
2990 913 3238 967 auximus
3261 915 3397 982 quod
3438 916 3499 969 ab
3534 917 3698 987 origine

2192 1001 2402 1069 peccati
2433 1003 2653 1056 humani
2691 1003 3056 1064 damnationis
3089 1006 3443 1061 trahebamus.
3476 1008 3609 1062 Aliud
3635 1017 3700 1063 est

2195 1087 2339 1142 enim
2365 1103 2472 1143 non
2500 1104 2746 1158 peccare,
2774 1092 2916 1147 aliud
2943 1108 3050 1147 non
3079 1093 3280 1148 habere
3307 1103 3576 1162 peccatum.
3597 1096 3698 1152 Nam

2196 1176 2250 1231 in
2277 1193 2386 1246 quo
2405 1189 2683 1248 peccatum
2710 1196 2816 1236 non
2844 1191 3056 1252 regnat,
3086 1199 3196 1238 non
3224 1193 3433 1252 peccat,
3468 1187 3514 1240 id
3537 1196 3609 1241 est
3633 1190 3698 1256 qui

2195 1281 2304 1321 non
2333 1269 2551 1323 obediat
2592 1270 2884 1326 desideriis
2911 1270 3047 1340 ejus.
3089 1271 3148 1326 In
3183 1289 3290 1342 quo
3325 1285 3492 1329 autem
3512 1291 3600 1330 non
3617 1279 3701 1332 exi-

2197 1362 2346 1409 stunt
2368 1358 2588 1412 omnino
2627 1357 2730 1412 ista
2774 1359 3061 1424 desideria,
3091 1374 3204 1414 non
3233 1361 3397 1417 solum
3424 1379 3519 1418 non
3542 1377 3698 1433 peccat,

2197 1445 2291 1500 sed
2336 1445 2497 1500 etiam
2544 1462 2651 1501 non
2699 1447 2862 1502 habet
2891 1457 3196 1517 peccatum.
3231 1449 3380 1517 Quod
3419 1454 3564 1507 etiam
3593 1457 3627 1508 si
3651 1472 3697 1510 ex

2198 1535 2383 1590 multis
2410 1538 2656 1606 partibus
2679 1537 2733 1592 in
2755 1537 2859 1593 ista
2886 1540 2996 1593 vita
3025 1541 3200 1609 possit
3224 1541 3386 1608 edici,
3421 1559 3481 1598 ex
3507 1547 3626 1599 omni
3647 1557 3699 1600 ta-

2201 1641 2325 1680 men
2371 1637 2524 1695 parte
2563 1645 2670 1683 non
2711 1630 2816 1685 nisi
2857 1631 2911 1684 in
2943 1634 3340 1689 resurrectione
3378 1637 3557 1700 carnis,
3585 1646 3700 1706 atque

508 1739 650 1794 trio:
689 1712 812 1794 cum
847 1739 900 1792 in
943 1712 1194 1808 paradiso
1220 1734 1400 1790 nullus
1429 1733 1582 1788 dolor
1617 1733 1913 1803 denegaret
1953 1729 2099 1786 dele-

2206 1719 2623 1774 commutatione
2650 1723 3013 1791 peragendum
3037 1731 3144 1778 est.
3173 1723 3285 1778 Cur
3304 1742 3427 1798 ergo
3451 1728 3550 1782 huc
3569 1730 3699 1783 omnia

511 1835 775 1888 ctationes
803 1831 1069 1886 voluntati
1110 1831 1263 1885 bona:
1281 1869 1294 1893 ,
1332 1841 1434 1883 nec
1468 1826 1760 1896 quidquam
1804 1833 1955 1879 recte
2000 1824 2098 1878 ha-
2199 1817 2255 1862 θῐ
2275 1809 2358 1864 his
2387 1809 2582 1864 Similia
2602 1811 2794 1866 (Ἰσεῖον
2819 1813 3059 1882 Sentium
3082 1815 3138 1868 in
3160 1815 3265 1870 “de
3284 1826 3337 1871 θι
3358 1820 3561 1872 “male
3583 1835 3698 1888 0P9”

512 1926 662 1981 benti
685 1939 744 1980 se
766 1924 973 1980 homini
1006 1921 1312 1977 resistebat.
1351 1918 1507 1974 Nunc
1538 1931 1670 1971 vero
1697 1915 1956 1986 paulatim
1979 1914 2100 1968 sub-

2206 1901 2378 1956 carnis
2405 1901 2670 1971 appellat,
2712 1904 2814 1957 nisi
2848 1905 2974 1973 quia
3019 1919 3088 1960 eo
3129 1907 3408 1964 locutionis
3442 1910 3598 1975 modo,
3626 1924 3700 1978 quo

513 2031 710 2086 repens
734 2013 1021 2070 delectatio
1042 2011 1341 2066 mortificat
1374 2009 1631 2070 animam,
1664 2017 1726 2061 ut
1755 2006 1800 2060 si
1828 2006 2101 2061 abstinere

2206 1998 2369 2086 totum
2400 1991 2734 2061 signiﬁcatur
2767 2009 2798 2047 a
2829 2004 3004 2063 parte,
3032 1996 3214 2065 ipsum
3251 1999 3505 2053 hominem
3527 2000 3701 2053 vtiltno-

512 2107 663 2169 velit,
689 2105 807 2160 sine
833 2103 1081 2158 molestia
1113 2108 1168 2156 et
1190 2113 1390 2170 angore
1415 2113 1525 2153 non
1553 2097 1743 2166 possit.

588 2197 742 2263 Quod
769 2197 814 2250 si
841 2195 1030 2266 spiritu
1065 2193 1344 2255 ducimini,
1373 2209 1476 2245 non
1497 2191 1620 2245 estis
1642 2189 1736 2243 sub
1765 2187 1893 2258 lege.
1929 2187 2000 2242 Ut
2026 2188 2102 2242 in-

511 2286 816 2356 telligamus
838 2299 932 2339 eos
956 2286 1056 2338 sub
1076 2283 1194 2352 lege
1217 2295 1358 2345 esse,
1381 2295 1614 2348 quorum
1635 2278 1860 2348 spiritus
1883 2277 1956 2330 ita
1980 2291 2104 2330 con-

516 2377 746 2446 cupiscit
787 2377 1046 2431 adversus
1081 2387 1322 2440 carnem,
1353 2380 1413 2424 ut
1436 2385 1542 2425 non
1583 2385 1646 2423 ea
1674 2383 1793 2437 qua:
1816 2367 2001 2422 volunt
2029 2366 2105 2420 fa-

514 2469 682 2533 ciant,
713 2467 768 2520 id
796 2474 880 2521 est
918 2480 1021 2519 non
1055 2478 1116 2518 se
1145 2469 1364 2517 teneant
1395 2458 1716 2528 coniunctos
1748 2458 1802 2511 in
1835 2456 2104 2511 charitate

513 2557 758 2625 juStitiaa,
783 2556 878 2611 sed
903 2571 933 2609 a
955 2553 1371 2623 concupiscente
1397 2551 1681 2605 adversum
1703 2563 1762 2603 se
1783 2560 1967 2610 carne,
1985 2546 2107 2599 vin-

513 2657 728 2704 cantur.
757 2647 874 2703 Non
898 2647 1072 2702 solum
1100 2660 1162 2700 ea
1182 2651 1520 2714 repugnante
1547 2641 1654 2710 legi
1675 2640 1873 2694 mentis
1893 2651 2101 2701 eorum,

515 2741 612 2796 sed
641 2740 805 2795 etiam
841 2738 1149 2808 eaptivante
1184 2735 1304 2790 illos
1338 2735 1437 2789 sub
1464 2733 1581 2801 lege
1605 2730 1839 2801 peccati,
1868 2744 1987 2799 quae
2023 2736 2105 2781 est

519 2834 574 2888 in
601 2830 863 2886 membris
889 2828 1226 2884 mortalibus.
1256 2825 1358 2892 Qui
1389 2825 1534 2879 enim
1561 2839 1670 2878 non
1703 2824 1975 2878 ducuntur
1997 2819 2107 2889 spi-

514 2923 642 2986 ritu,
669 2921 916 2991 sequitur
935 2927 997 2974 ut
1021 2933 1185 2974 carne
1215 2917 1500 2972 ducantur.
1529 2915 1646 2970 Non
1675 2924 1854 2969 autem
1878 2912 1990 2983 pati
2013 2911 2107 2965 ad-

519 3013 833 3069 versitatem
864 3011 1064 3074 carnis,
1093 3011 1187 3066 sed
1216 3009 1338 3065 duci
1369 3024 1400 3063 a
1421 3023 1587 3064 carne
1615 3005 1888 3061 damnatio
1912 3011 2015 3058 est.
2037 3002 2105 3056 Et

520 3106 671 3168 ideo,
720 3103 873 3170 Quod
917 3103 964 3157 si
1009 3101 1200 3171 spiritu
1241 3100 1518 3164 ducimini,
1556 3097 1751 3167 inquit,
1784 3111 1891 3150 non
1930 3093 2105 3149 adhuc

514 3194 649 3248 estis
673 3194 772 3247 sub
794 3193 931 3263 lege.
955 3191 1089 3245 Nam
1112 3199 1167 3244 et
1185 3191 1432 3259 superius
1455 3204 1564 3244 non
1591 3189 1686 3253 ait,
1709 3187 1898 3258 spiritu
1923 3186 2108 3240 ambu-

515 3286 639 3349 late,
671 3294 718 3338 et
749 3283 1193 3353 concupiscentias
1229 3281 1404 3334 carnis
1427 3297 1536 3335 non
1566 3279 1890 3344 habueritis,
1925 3279 2017 3332 sed
2043 3295 2104 3332 ne

515 3373 854 3446 perfecerilis.
883 3372 1090 3440 Quippe
1115 3386 1208 3426 cas
1229 3370 1449 3424 omnino
1478 3385 1586 3424 non
1614 3370 1837 3432 habere,
1864 3383 1973 3422 non
1992 3367 2105 3435 jam

514 3474 815 3529 certamen,
841 3463 936 3518 sed
960 3461 1273 3517 certaminis
1302 3459 1586 3530 praemium
1611 3467 1695 3513 est
1714 3499 1729 3522 ,
1767 3457 1814 3512 si
1857 3456 2104 3511 obtinue-

515 3559 689 3614 rimus
727 3554 1008 3613 victoriam
1035 3551 1434 3623 perseverando
1479 3549 1580 3606 sub
1621 3548 1815 3618 gratia.
1853 3545 2108 3602 Commu-

518 3649 651 3703 tatio
682 3646 828 3702 enim
858 3643 1102 3713 corporis
1127 3643 1184 3697 in
1221 3639 1585 3696 immortalem
1615 3645 1817 3694 statum
1845 3634 1959 3692 sola
1987 3650 2110 3690 car-

516 3739 604 3794 nis
633 3734 1102 3806 concupiscentias
1126 3746 1234 3787 non
1269 3731 1510 3787 habebit.
1549 3729 1616 3784 Et
1639 3729 1685 3784 si
1710 3742 1808 3786 vos
1835 3735 1978 3782 totos
2002 3725 2112 3796 spi-

517 3828 766 3884 ritalibus
785 3825 1086 3896 occupetis,
1101 3840 1210 3881 non
1235 3823 1390 3880 vobis
1413 3837 1550 3893 opus
1570 3830 1653 3877 est
1671 3820 1779 3886 lex,
1800 3815 2110 3874 carnalibus

519 3924 644 3979 data
674 3930 777 3976 est.
830 3920 892 3977 Si
922 3920 1146 3992 spiritu,
1194 3917 1386 3987 inquit,
1435 3913 1690 3969 ducimini
1730 3928 1833 3967 non
1862 3910 1984 3965 estis
2012 3907 2108 3964 sub

522 4016 655 4086 lege.
693 4013 890 4083 Utique
931 4011 1058 4082 legi,
1087 4025 1209 4081 quae
1245 4010 1495 4064 timorem
1536 4005 1751 4069 incutit,
1781 4019 1887 4058 non
1923 4001 2112 4056 tribuit

520 4104 870 4166 cbaritatem,
900 4103 1026 4171 quia
1055 4100 1285 4154 charitas
1314 4097 1410 4152 Dei
1438 4097 1637 4166 diﬁ‘usa
1665 4104 1739 4148 est
1778 4094 1833 4146 in
1869 4092 2110 4146 cordibus

520 4195 724 4248 vestris.
754 4191 872 4246 Non
902 4206 997 4260 per
1021 4190 1154 4260 legis
1192 4189 1426 4242 litteram
1445 4228 1458 4248 ,
1487 4186 1581 4241 sed
1602 4201 1692 4256 per
1715 4184 1958 4254 spiritum
1983 4198 2109 4236 san-

524 4293 688 4346 ctum,
718 4281 808 4352 qui
852 4280 1008 4335 datus
1039 4289 1112 4333 est
1160 4279 1307 4332 nobis
1339 4277 1510 4348 (Rom.
1549 4276 1626 4347 v).
1656 4274 1784 4330 Ητθο
1823 4283 1908 4329 est
1934 4272 2018 4327 lex
2048 4273 2112 4326 li~

524 4373 772 4439 bertatis,
804 4387 908 4426 non
937 4370 1233 4426 servitutis.
1265 4369 1323 4423 ln
1363 4375 1624 4437 quantum
1650 4366 1878 4436 quisque
1915 4364 2110 4434 spiritu

523 4463 760 4528 ducitur,
800 4459 907 4517 non
937 4469 1020 4516 est
1045 4461 1147 4516 sub
1189 4460 1346 4531 lege:
1382 4459 1506 4530 quia
1554 4465 1817 4528 quantum
1863 4455 2111 4510 condele-

524 4559 704 4606 ctatur
727 4550 830 4621 legi
856 4551 972 4615 Dei,
1003 4566 1109 4606 non
1135 4558 1220 4605 est
1251 4549 1350 4604 sub
1382 4548 1516 4619 legis
1551 4549 1763 4614 timore,
1793 4545 1919 4614 quia
1947 4543 2110 4598 timor

527 4653 854 4699 tormentum
881 4643 1064 4709 habet,
1092 4659 1199 4698 non
1228 4641 1635 4697 delectationem
1655 4681 1673 4697 .

599 4732 883 4802 Manifesta
916 4741 1091 4786 autem
1117 4740 1237 4786 sunt
1261 4747 1418 4800 opera
1441 4730 1614 4782 carnis
1635 4743 1751 4798 qua:
1775 4735 1916 4791 sunt,
1941 4726 2107 4795 forni-

527 4824 687 4885 catio,
713 4822 1070 4887 immunditia,
1101 4820 1450 4892 impudicitia,
1476 4817 1738 4872 idolorum
1766 4818 2004 4882 servitus,
2030 4832 2111 4870 ve-

530 4911 738 4980 neﬁcia,
765 4909 1074 4973 inimicitire,
1099 4907 1470 4970 contentiones,
1497 4906 1872 4970 animositates,
1898 4903 2090 4961 (villula

2200 2079 2346 2134 mine
2365 2083 2548 2136 carnis
2570 2082 2830 2154 intelligi?
2852 2083 3006 2152 Quod
3033 2088 3080 2141 si
3109 2088 3392 2158 quisquam
3411 2091 3524 2146 dicit
3541 2106 3701 2146 carnem

2201 2184 2420 2224 causam
2443 2186 2564 2227 esse
2600 2173 2656 2226 in
2701 2174 2858 2229 malis
2899 2177 3147 2232 moribus
3165 2193 3573 2249 quorumcunque
3591 2180 3701 2232 vitio-

2200 2277 2343 2329 rum,
2369 2278 2434 2318 eo
2461 2264 2604 2333 quod
2633 2266 2812 2320 anima
2838 2281 3004 2322 carne
3029 2267 3273 2338 perfecta
3311 2271 3386 2325 sic
3410 2271 3552 2334 vivit,
3574 2268 3703 2340 profc-

2201 2361 2290 2409 cto
2320 2369 2427 2409 non
2459 2356 2772 2410 universam
2816 2359 3056 2413 hominis
3091 2369 3340 2415 naturam
3380 2361 3618 2432 diligenter
3639 2360 3703 2412 ad-

2201 2444 2386 2498 vertit.
2436 2444 2570 2498 Nam
2619 2459 2817 2515 corpus
2866 2447 3087 2516 quidem
3133 2452 3471 2521 corruptibile
3512 2457 3704 2521 aggravat

2204 2536 2460 2590 animam.
2505 2536 2796 2608 Corruptio
2829 2548 3009 2594 autem
3039 2544 3317 2612 corporis,
3367 2560 3476 2613 qua:
3515 2551 3705 2612 aggravat

2204 2629 2462 2696 animam,
2491 2646 2598 2685 non
2619 2632 2826 2699 peccati
2849 2633 3011 2702 primi
3038 2644 3127 2690 est
3151 2651 3332 2700 causa,
3355 2637 3442 2690 sed
3462 2649 3608 2705 plena.
3630 2631 3705 2686 Nec

2203 2734 2335 2774 caro
2375 2720 2741 2790 corruptibilis
2770 2723 3006 2778 animam
3043 2727 3418 2794 peccatricem,
3459 2727 3539 2782 sed
3577 2726 3704 2779 anima

2202 2811 2478 2879 peccatrix
2521 2810 2650 2865 fecit
2693 2826 2813 2867 esse
2855 2815 3263 2884 corruptibilem
3303 2831 3522 2870 carnem:
3556 2829 3608 2869 ex
3632 2825 3705 2880 qua

2203 2901 2552 2970 corruptione
2598 2902 2811 2969 carnis,
2858 2903 2985 2958 licet
3028 2906 3268 2960 existant
3313 2907 3532 2975 quaedam
3570 2903 3704 2957 incita-

2207 3002 2391 3048 menta
2416 2994 2698 3069 vitiorum,
2720 3003 2776 3050 et
2797 2995 2913 3064 ipsa
2942 2995 3214 3052 desideria
3239 2999 3436 3061 vitiosa,
3463 3012 3553 3051 non
3580 3005 3705 3048 tanien

2132 3055 2178 3116 Ο
2208 3086 2388 3140 omnia
2413 3086 2538 3140 vita;
2560 3067 2760 3155 iniquae
2779 3086 2910 3140 vitia
2940 3079 3231 3144 tribuenda
3267 3097 3384 3144 sunt
3409 3055 3538 3143 carni
3555 3127 3568 3151 ,
3591 3099 3641 3137 ne
3661 3082 3708 3134 ab

2208 3176 2294 3255 his
2319 3175 2568 3230 omnibus
2601 3189 2891 3246 purgemus
2932 3174 3215 3232 diabolum
3235 3218 3251 3243 ,
3295 3179 3384 3247 qui
3421 3191 3605 3232 carnem
3635 3186 3716 3230 uolt

2207 3265 2389 3320 habet.
2423 3263 2553 3331 Quis
2588 3265 2733 3319 enim
2765 3266 3103 3332 servitutem,
3145 3284 3266 3338 qua:
3300 3268 3446 3324 idolis
3474 3267 3709 3321 exhibetur.

2207 3355 2487 3420 veneficia,
2506 3356 2835 3422 inimicitias,
2861 3359 3267 3421 contentiones,
3281 3357 3618 3418 mmulaliones,
3636 3353 3710 3406 aui-

2209 3447 2510 3511 mositates,
2545 3445 2930 3512 dissensiones,
2969 3447 3247 3516 haereses,
3292 3448 3517 3510 invidias,
3542 3462 3624 3500 non
3647 3459 3711 3512 po-
3798 3503 3801 3508 ,

2211 3539 2317 3594 tius
2339 3538 2601 3607 intelligat
2628 3539 2794 3594 animi
2826 3541 2956 3594 vitia
2985 3555 3108 3597 esse
3161 3558 3322 3612 quam
3357 3541 3553 3597 carnis?
3580 3537 3708 3604 Quan-

2212 3630 2504 3700 doquidem
2527 3630 2644 3686 ﬁeri
2670 3639 2848 3702 potest
2868 3643 2930 3687 ut
2944 3641 3178 3703 propter
3206 3633 3538 3689 idololatriarn
3557 3627 3624 3683 vel
3639 3627 3712 3679 Ire-

2211 3723 2348 3779 resis
2369 3721 2598 3791 alicujus
2621 3738 2863 3779 errorem
2884 3739 2916 3778 a
2940 3724 3316 3794 voluptatibus
3334 3723 3550 3796 corporis
3571 3731 3710 3786 tante-

2213 3822 2400 3870 retur:
2425 3822 2481 3870 et
2518 3823 2699 3870 tamen
2725 3817 2891 3871 etiam
2919 3825 3048 3872 tunc
3089 3817 3291 3884 homo',
3335 3815 3554 3888 quamvis
3584 3809 3710 3866 carnis

2211 3905 2488 3962 libidinem
2532 3914 2880 3963 contemnere
2922 3917 3088 3978 atque
3131 3911 3388 3966 cohibere
3412 3907 3634 3966 videatur,
3656 3913 3710 3952 εθ-

2211 3997 2448 4052 cnndum
2495 4011 2716 4053 carnem
2761 3998 2946 4054 vivere
2988 3998 3093 4055 hac
3137 4000 3430 4070 apostolica
3468 3993 3709 4052 auctoritate

2212 4089 2587 4154 convincitur,
2626 4097 2682 4143 et
2722 4090 2776 4144 in
2807 4105 2872 4145 eo
2901 4090 3043 4160 quod
3086 4092 3326 4147 abstinet
3364 4108 3392 4145 a
3431 4081 3710 4156 voluptatibus

2213 4177 2413 4242 carnis,
2446 4178 2774 4234 damnabilia
2799 4194 2960 4250 opera
2987 4182 3174 4238 carnis
3195 4194 3355 4253 agere
3375 4179 3709 4236 demonstratur.

2213 4269 2415 4324 etenim
2443 4271 2488 4325 si
2519 4271 2764 4326 diabolus
2794 4285 2858 4325 ea
2883 4287 3003 4341 quae
3030 4271 3331 4329 fornicator
3358 4272 3475 4341 agit,
3500 4266 3570 4320 vel
3589 4259 3716 4322 ebrio:

2215 4379 2330 4429 sus,
2362 4365 2446 4421 vel
2475 4366 2520 4419 si
2547 4366 2674 4433 quid
2705 4367 2906 4420 homini
2939 4367 3061 4420 mali
3093 4377 3180 4422 est
3205 4367 3344 4436 quod
3370 4365 3434 4419 ad
3459 4359 3606 4417 carnis
3627 4365 3710 4422 ll?"

2222 4457 2353 4511 tinet
2383 4457 2707 4527 voluptates,
2738 4474 2844 4512 non
2890 4459 3020 4529 agit,
3069 4461 3160 4528 qui
3191 4473 3407 4514 carnem
3439 4470 3532 4510 non
3570 4448 3710 4504 habet.

2220 4563 2328 4602 non
2360 4556 2538 4618 potest
2563 4547 2669 4603 dici
2699 4550 2902 4618 absque
2927 4550 3084 4619 culpa
3103 4591 3116 4616 ,
3149 4566 3275 4605 cum
3311 4550 3379 4603 sit
3401 4547 3545 4601 etiam
3579 4536 3711 4592 talium

2223 4636 2508 4691 criminum
2552 4651 2742 4691 suasor
2766 4647 2821 4692 et
2865 4639 3148 4708 instigator
3186 4638 3453 4694 occultus:
3489 4641 3559 4688 est
3589 4635 3712 4681 tamen

2223 4728 2456 4782 maxime
2480 4728 2742 4798 superbus
2771 4736 2933 4798 atque
2966 4729 3198 4794 invidus,
3221 4744 3340 4798 qua;
3360 4727 3494 4781 illum
3516 4714 3712 4774 vitiositas

2223 4818 2302 4873 sic
2321 4818 2572 4881 obtinuit,
2600 4829 2661 4872 ut
2688 4828 2908 4888 pr0pter
2939 4819 3041 4873 hoc
3069 4827 3214 4874 esset
3251 4820 3303 4872 in
3332 4811 3602 4871 carceribus
3622 4799 3714 4855 cali-

2217 4906 2392 4975 ginosi
2422 4907 2582 4976 hujus
2609 4908 2752 4961 aeris
2789 4917 2994 4961 mterno
3030 4908 3291 4978 supplicio
3319 4904 3600 4961 destinatus.
3629 4890 3712 4978 list

529 5000 716 5064 tiones,
736 4999 853 5062 inc,
870 4999 1019 5062 rixas,
1039 4995 1408 5060 dissensiones,
1433 4991 2151 5060 Imresesﬁnvidiw,ebrieta.
2221 5006 2403 5051 autem
2425 4974 2711 5066 vitia,quaz
2737 5005 2923 5051 tenent
2947 4998 2999 5051 in
3020 4974 3233 5053 diabolo
3254 4974 3710 5067 principatum,carni

531 5098 629 5153 tes,
663 5089 1082 5142 comessationes.
1128 5086 1309 5158 Agunt
1345 5093 1529 5139 autem
1558 5085 1694 5150 haec,
1734 5084 1827 5152 qui
1856 5073 2117 5153 cupidita-

532 5181 678 5235 tibus
707 5179 1014 5235 carnalibus
1050 5177 1452 5233 consentientes
1489 5175 1735 5230 facienda
1773 5190 1892 5229 esse
1930 5175 2119 5230 decer-

534 5281 706 5338 nunt,
755 5272 965 5327 etiamsi
1012 5271 1080 5325 ad
1127 5267 1458 5339 implendum
1504 5266 1735 5322 facultas
1782 5280 1891 5320 non
1940 5267 2116 5321 datur.

534 5358 802 5414 Caeterum
830 5361 922 5430 qui
968 5367 1261 5430 tanguntur
1301 5356 1609 5428 hujusmodi
1639 5356 1899 5421 motibus,
1937 5364 1992 5410 et
2021 5355 2120 5409 im-

538 5450 764 5506 mobiles
795 5451 848 5504 in
879 5451 1084 5522 majore
1123 5450 1393 5506 charitate
1432 5448 1754 5505 consistunt.
1801 5447 1918 5503 Non
1949 5447 2119 5503 solum

539 5553 648 5592 non
683 5540 763 5593 eis
793 5541 1109 5595 exhibentes
1146 5541 1388 5596 membra
1420 5540 1665 5610 corporis
1709 5539 1776 5595 ad
1820 5540 1958 5594 male
1997 5554 2123 5610 ope-

541 5624 792 5694 raudum,
815 5628 910 5683 sed
931 5643 1107 5698 neque
1127 5639 1259 5685 nutu
1283 5631 1652 5687 consensionis
1672 5630 1738 5686 ad
1760 5630 2124 5688 exhibendum

2223 5088 2413 5142 tribuit
2435 5085 2743 5158 Apostolus,
2773 5104 2931 5158 quam
2951 5099 3162 5154 eertum
3181 5098 3263 5142 est
3284 5084 3534 5143 diabolum
3553 5089 3634 5132 non
3653 5071 3712 5123 11³·

2220 5179 2368 5234 bere.
2404 5179 2544 5234 Dicit
2571 5180 2712 5234 enim
2741 5180 3070 5247 inimicitias,
3095 5180 3470 5240 contentiones,
3492 5161 3712 5226 ωωιιιθιίο·

2223 5283 2337 5333 nes,
2369 5269 2761 5335 animositates,
2794 5271 3047 5337 invidias,
3079 5287 3238 5342 opera
3277 5283 3391 5324 esse
3417 5262 3586 5320 carnis.
3613 5255 3715 5342 ΟΨ

2224 5376 2344 5414 rum
2370 5361 2610 5415 omnium
2655 5361 2920 5416 malorum
2961 5339 3130 5432 caput
3155 5369 3312 5432 atque
3347 5358 3486 5426 origo
3522 5339 3710 5432 superbia

2223 5463 2326 5516 est,
2355 5468 2475 5522 quae
2503 5452 2620 5508 sine
2648 5468 2812 5508 carne
2834 5430 3110 5524 regnatﬁin
3137 5430 3359 5510 diabolo.
3387 5449 3451 5502 At
3468 5445 3563 5499 haec
3580 5430 3710 5492 οωυία

2223 5559 2346 5597 cum
2376 5544 2571 5599 habeat
2600 5545 2688 5599 ille
2712 5547 2833 5602 sine
2857 5563 3044 5614 carne,
3071 5544 3330 5618 quomodo
3353 5547 3464 5597 sunt
3482 5537 3564 5590 ista

2225 5633 2425 5699 carnis,
2457 5633 2558 5688 nisi
2594 5635 2720 5705 quia
2757 5651 2920 5707 opera
2951 5647 3078 5692 sunt
3103 5633 3354 5699 hominis,
3388 5638 3526 5700 quem
3546 5619 3710 5673 ηοωιηθ
