3922 6180
579 265 684 321 9ἓῇ

1650 253 1927 311 CLAUDII
1965 248 2432 306 TAURINENSIS
2470 245 2780 304 EPISCOPI
3629 258 3704 314 tibi

574 376 982 434 dlxeritChristi
1008 372 1253 441 esse,qui
1277 385 1494 426 carnem
1525 383 1679 423 suam
1705 382 1830 422 cum
1853 365 2000 420 vitiis
2028 379 2154 418 cru-
2181 367 2234 424 Α
2257 376 2325 416 ne
2355 361 2578 432 rigidus,
2621 374 2690 416 ne
2717 360 2908 426 iratus,
2940 366 2996 414 et
3019 360 3182 416 tristis
3203 362 3446 433 corrigere
3484 368 3629 437 cupiat
3644 388 3704 424 er.

575 469 881 523 cinxerunt.
941 465 1065 516 llaec
1094 461 1360 516 sententia
1413 459 1537 513 illos
1566 459 1797 512 revincit
1833 456 1923 527 qui
1981 455 2154 510 solam

573 557 733 611 ﬁdem
774 556 840 608 ad
879 553 1103 608 salutem
1143 551 1446 605 animarum
1482 565 1703 606 suarum
1733 548 1979 604 sulIicere
2009 549 2155 603 arbi-

576 655 808 702 trantur.

1135 738 1208 792 IN
1231 739 1460 793 CAPUT
1499 739 1586 793 Vl.

645 827 706 883 Si
742 828 956 883 vivimus
977 827 1188 900 spiritu,
1234 829 1422 899 spiritu
1449 837 1497 882 et
1527 826 1872 881 ambulemus.
1908 897 1910 899 _
1939 825 2154 894 Nequa-

570 932 734 986 quam
765 933 863 988 per
884 918 1076 988 legem,
1130 916 1224 972 sed
1263 932 1359 987 per
1387 917 1710 970 charitatem
1735 916 1890 970 nobis
1920 915 2153 970 invicem

573 1009 889 1064 servientes.
932 1009 1048 1063 Non
1071 1009 1329 1063 debemus
1353 1009 1420 1061 de
1444 1008 1849 1076 Scripturarum
1885 1007 2154 1078 interpre-

573 1101 776 1155 tatione
801 1104 1144 1164 contendere,
1169 1110 1223 1155 et
1252 1101 1437 1155 dicere
1471 1101 1621 1154 verbi
1668 1101 1866 1170 gratia,
1909 1098 2157 1154 Circum-

573 1190 708 1244 cisio
729 1189 918 1244 melior
939 1199 1044 1244 est.
1090 1188 1227 1253 Non,
1259 1189 1350 1244 sed
1373 1190 1716 1258 praeputium.
1751 1187 2155 1244 Contemncnda

572 1278 822 1342 historia,
863 1286 917 1331 et
942 1278 1197 1346 allegoria
1227 1279 1519 1346 sequenda.
1577 1277 1690 1331 Imo
1715 1277 1971 1348 allegoria
2015 1293 2155 1331 vana

572 1377 678 1433 est,
701 1377 756 1422 et
775 1369 1096 1432 umbratica,
1137 1376 1190 1422 et
1215 1368 1376 1422 nullis
1402 1368 1649 1422 veritatis
1682 1366 1814 1420 fulta
1847 1367 2151 1423 radicibus:

573 1459 716 1514 unde
740 1460 917 1513 evenit
941 1468 1000 1513 ut
1024 1460 1256 1514 invicem
1277 1468 1573 1512 nascantur
1592 1458 1824 1512 invidizc.
1858 1457 2156 1512 Excludere

572 1555 733 1618 enim,
765 1554 862 1617 ait,
894 1571 980 1608 ros
1013 1553 1214 1616 volunt,
1245 1563 1300 1606 ut
1335 1552 1454 1606 illos
1490 1551 1829 1606 temulemini.
1881 1549 1997 1604 Non
2049 1557 2156 1603 tam

572 1646 856 1700 veritatem
878 1647 1012 1716 legis
1041 1647 1281 1701 volentes
1310 1647 1526 1709 docere,
1548 1660 1711 1714 quam
1747 1644 1985 1698 vincere.
2021 1641 2157 1696 lneo

573 1744 753 1788 autem
782 1735 857 1788 illi
879 1715 1219 1798 fallebantur,
1253 1737 1395 1804 quod
1424 1751 1621 1805 negare
1641 1733 1860 1804 quidem
1911 1749 2016 1787 non
2058 1747 2155 1801 po—
2183 1715 2230 1773 B

571 1833 771 1890 terant,
797 1826 1110 1879 sectandum
1135 1827 1235 1880 sibi
1259 1841 1379 1880 esse
1405 1826 1668 1895 Spiritum
1689 1837 1956 1888 sanctum,
1986 1840 2158 1878 asscr—

572 1925 744 1971 torem
773 1927 829 1971 et
857 1919 1042 1972 ducem
1085 1918 1352 1972 libertatis
1381 1934 1511 1982 suze,
1539 1919 1631 1972 sed
1661 1920 1727 1972 ad
1748 1933 1912 1988 opera
1940 1917 2154 1972 servilia

572 1999 865 2062 carnaliter
895 2009 1166 2072 conversi,
1195 2017 1494 2063 retrorsum
1524 2023 1583 2063 se
1609 2010 1794 2063 conari
1827 2025 1931 2062 non
1959 2008 2155 2062 intelli-

571 2102 787 2172 gebant.
837 2102 1127 2170 Propterea
1151 2117 1254 2154 non
1279 2103 1374 2164 ait,
1409 2100 1465 2155 Si
1493 2101 1687 2170 spiritu
1716 2101 1968 2163 vivimus,
1998 2099 2156 2170 spiri—

571 2199 685 2244 tum
716 2201 1004 2245 sectemur.
1058 2191 1389 2245 Fatebantur
1416 2191 1559 2244 enim
1583 2190 1810 2260 Spiritui
1836 2198 2024 2244 sancto
2047 2205 2157 2244 ser-

570 2284 684 2337 vire
715 2292 985 2353 eportcre,
1014 2292 1068 2337 et
1095 2299 1216 2338 eum
1241 2300 1344 2336 non
1373 2284 1563 2352 spiritu
1591 2298 1689 2337 suo
1757 2284 1849 2337 sed
1870 2297 2031 2337 carne
2061 2298 2156 2336 vo-

567 2374 749 2428 lebant
779 2375 1014 2428 sectari:
1072 2390 1177 2427 non
1227 2375 1544 2442 spiritaliter
1581 2375 1888 2429 obtinentes
1925 2375 2155 2443 gratiam

567 2462 684 2526 Dei,
709 2464 802 2517 sed
851 2465 902 2516 in
935 2465 1352 2518 circumcisione
1395 2464 1636 2526 carnalia
1673 2473 1726 2517 et
1759 2465 1936 2520 caeteri
1965 2464 2154 2534 hujus-

571 2556 735 2618 modi,
755 2571 902 2624 spem
927 2556 1321 2610 constituentes
1335 2555 1541 2609 salutis.
1589 2555 1696 2608 Illis
1717 2556 1858 2609 enim
1887 2555 2034 2619 dicit,
2059 2556 2151 2624 qui

568 2657 751 2702 mutua
776 2649 1179 2702 concertatione
1205 2662 1262 2702 se
1292 2647 1610 2700 alterutrum
1634 2662 1948 2716 praeponere
1972 2647 2155 2716 cupie-

565 2735 718 2802 bant,
765 2737 870 2791 Per
897 2737 1167 2806 spiritum,
1203 2738 1396 2808 inquit,
1452 2739 1617 2790 vitam
1664 2737 1946 2802 habemus,
1969 2737 2063 2791 sed
2105 2737 2151 2791 si

565 2827 882 2894 spiritaliter
903 2842 1307 2894 conversemur,
1357 2837 1539 2882 etnon
1577 2826 1679 2897 legi
1715 2827 2008 2881 carnaliter
2039 2841 2153 2880 ser-

570 2919 780 2974 viamus
812 2918 990 2991 (Rom.
1018 2920 1158 2990 vm).

641 3011 765 3065 Non
794 3011 1078 3081 efﬁciamur
1105 3011 1279 3065 inanis
1314 3009 1496 3080 gloriae
1529 3012 1725 3081 cupidi,
1761 3013 1980 3064 invicem
2035 3026 2152 3080 pro-

565 3109 824 3164 vocantes,
867 3101 1086 3152 invicem
1133 3100 1440 3154 invidentes.
1498 3101 1729 3155 Prorsus
1774 3099 2058 3171 magniﬁce
2095 3107 2151 3154 et

569 3189 790 3242 omnino
823 3190 1006 3243 divino
1030 3189 1221 3243 ordine
1243 3201 1596 3260 posteaquam
1629 3207 1722 3245 eos
1753 3192 2013 3246 instruxit
2056 3192 2152 3246 ad-

565 3294 757 3332 versus
793 3279 931 3343 illos,
965 3295 994 3332 a
1019 3279 1215 3347 quibus
1239 3281 1291 3333 in
1321 3282 1636 3335 servitutem
1663 3283 1797 3352 legis
1819 3283 2152 3337 seduceban-

567 3378 674 3433 tur,
706 3369 808 3421 hoc
835 3369 887 3420 in
909 3369 990 3421 eis
1018 3377 1195 3432 caute,
1227 3385 1294 3422 ne
1317 3371 1694 3425 instructiores
1727 3371 1853 3424 facti
1889 3380 1944 3424 et
1970 3373 2151 3428 volen-

567 3454 769 3524 tesjam
795 3457 1079 3511 calumniis
1103 3458 1398 3512 carnalium
1428 3458 1776 3527 respondere,
1794 3461 2153 3515 contentioni-

563 3545 667 3600 bus
693 3546 947 3601 studeant
979 3555 1034 3600 et
1057 3549 1297 3616 appetitu
1329 3548 1505 3602 inanis
1526 3549 1713 3618 gloriae
1739 3549 1872 3616 lsgis
1896 3551 2152 3606 oneribus

565 3651 674 3690 non
723 3638 1042 3703 servientes,
1090 3639 1243 3692 vanis
1273 3639 1659 3708 cupiditatibus
1682 3641 1940 3694 serviant.
2007 3641 2150 3697 Nihil

565 3737 742 3783 autem
762 3730 841 3783 sic
866 3731 1059 3798 probat
1080 3730 1379 3800 spiritalem
1395 3729 1570 3786 virum
1584 3747 1745 3800 quam
1760 3734 1965 3802 peccati
1989 3735 2150 3789 alieni

567 3821 841 3884 tractatio,
871 3835 995 3874 cum
1021 3820 1397 3876 liberationem
1419 3821 1536 3890 ejus
1555 3823 1735 3891 potius
1783 3838 1946 3892 quam
1975 3825 2150 3879 insul-

567 3913 826 3966 tationem
857 3952 871 3978 ,
913 3915 1200 3984 potiusque
1234 3916 1437 3970 auxilia
1497 3930 1661 3986 quam
1703 3918 1947 3972 convicia
1982 3918 2152 3973 medi-

567 4010 744 4055 tatur:
778 4010 832 4056 et
865 4013 1128 4058 quantum
1157 4004 1384 4060 facultas
1427 4007 1632 4072 tribuit,
1681 4007 1910 4076 suscipit
1943 4017 1999 4062 et
2029 4008 2151 4063 ideo

561 4093 695 4152 dicit
723 4111 736 4145 :

633 4182 877 4249 Fratres,
903 4195 949 4238 et
983 4188 1030 4239 si
1058 4198 1454 4258 praeoccupatus
1488 4190 1649 4259 fuerit
1677 4191 1831 4244 homo
1871 4192 1926 4244 in
1972 4189 2148 4261 aliqua

562 4273 771 4338 delicto,
828 4292 913 4329 vos
961 4277 1048 4346 qui
1073 4279 1338 4348 spiritales
1377 4282 1499 4336 estis
1546 4282 1850 4352 hujusmodi
1900 4283 2146 4338 instruite

561 4364 616 4417 in
637 4363 822 4432 spiritu
853 4363 1102 4419 lenitatis.
1182 4367 1316 4422 Eum
1376 4385 1590 4440 quoque
1634 4372 1726 4441 qui
1774 4372 2032 4441 spiritalis
2067 4383 2150 4428 est

562 4454 897 4519 cohortatur,
939 4470 1060 4509 cum
1094 4459 1175 4511 sui
1228 4459 1423 4515 timore
1462 4477 1529 4516 ne
1559 4472 1737 4517 cesset
1775 4480 1995 4520 manum
2023 4482 2149 4536 por-

562 4547 738 4616 rigere
768 4550 1088 4603 corruenti:
1135 4559 1190 4606 et
1215 4553 1437 4622 pulchre
1478 4566 1913 4626 prmoccupatum
1955 4559 2011 4613 in
2057 4561 2148 4616 de-

560 4636 690 4692 licto
716 4639 989 4694 hominem
1012 4652 1188 4707 vocat,
1239 4645 1332 4712 qui
1384 4647 1521 4699 mori
1568 4649 1761 4715 possit,
1812 4657 1869 4702 et
1899 4650 2015 4720 ipso
2045 4667 2146 4706 no-

563 4729 710 4783 mine
731 4730 1079 4800 fragilitatem
1120 4732 1445 4788 conditionis
1481 4738 1792 4802 ostendens,
1838 4749 1899 4794 ut
1952 4741 2146 4812 dignus

561 4819 634 4873 sit
662 4821 844 4886 venia,
873 4822 964 4890 qui
993 4823 1140 4877 velut
1165 4825 1327 4878 homo
1352 4841 1540 4882 errore
1569 4828 1852 4898 deceptus,
1907 4841 1962 4886 et
2004 4850 2146 4889 mer-

561 4926 654 4965 sus
700 4911 752 4965 in
801 4913 1136 4983 voraginem,
1192 4915 1428 4984 seipsum
1477 4919 1592 4974 sine
1639 4921 1842 4977 auxilio
1898 4933 1954 4977 et
1988 4922 2140 4993 adju-

560 5009 679 5056 tore
703 5001 915 5071 erigere
941 5018 1045 5057 non
1071 5005 1264 5072 possit.
1318 5005 1558 5075 Spiritali
1581 5019 1762 5066 autem
1790 5028 1897 5066 non
1920 5014 2139 5069 additur

558 5092 743 5161 homo,
767 5095 860 5150 sed
883 5095 1034 5164 quasi
1063 5094 1175 5150 Deo
1211 5098 1547 5168 praecipitur,
1596 5111 1656 5154 ut
1699 5101 1974 5157 hominem
1995 5119 2138 5173 prac-

558 5195 877 5257 occupatum
909 5188 960 5242 in
989 5188 1184 5242 delicto
1216 5190 1449 5245 instruat
1480 5210 1492 5244 :
1541 5193 1672 5256 sive,
1720 5203 1779 5246 ut
1814 5195 2008 5250 melius
2037 5198 2137 5252 ha-

556 5275 715 5330 betur
753 5279 804 5330 in
837 5277 1045 5344 Graeco,
1087 5280 1335 5350 perﬁciat
1381 5281 1434 5336 in
1483 5283 1675 5353 Spiritu
1713 5283 1971 5340 lenitatis.
2033 5287 2138 5354 Qui

556 5377 736 5422 autem
762 5370 1060 5438 perficitur,
1086 5388 1188 5427 non
1217 5375 1266 5427 ei
1295 5373 1487 5427 desunt
1520 5375 1791 5442 universa,
1815 5378 1908 5432 sed
1935 5377 2136 5448 aliqua.

556 5455 797 5526 Denique
826 5461 871 5514 si
919 5478 1024 5516 non
1055 5466 1292 5532 peccatis
1341 5465 1607 5535 pluribus,
1646 5469 1742 5522 sed
1790 5470 1924 5523 vitio
1957 5471 2138 5540 aliquo

557 5551 946 5618 praeoccupatis
965 5557 1183 5616 erravit,
1233 5556 1476 5612 lenitatis
1503 5559 1772 5628 spiritum,
1805 5569 1856 5614 et
1886 5577 2136 5618 mansue-

563 5633 764 5688 tudinis
792 5637 845 5690 in
879 5644 1213 5699 correctione
1235 5649 1529 5717 peccantis,
1565 5650 1823 5720 spiritalis
1857 5651 2133 5720 adhibeat,

2257 461 2487 517 rantem,
2517 452 2613 507 sed
2655 458 2914 522 provocet
2957 465 3098 517 eum,
3147 454 3388 523 spondens
3424 454 3625 522 salutem,
3643 476 3706 516 ve-

2255 543 2403 597 niam
2449 543 2874 612 repromittens;
2914 540 3113 596 Christi
3159 543 3483 598 testimonium
3514 546 3708 614 proferat.

2255 633 2398 702 quod
2431 635 2581 705 gravi
2608 634 2742 704 legis
2773 642 2827 688 et
2853 641 3191 704 peccatorum
3231 650 3379 690 onere
3419 635 3649 706 depressus
3663 641 3708 694 ad

2249 723 2437 794 jugum
2491 740 2647 780 suum
2679 740 2865 791 suave,
2923 725 3041 780 leve
3091 725 3270 779 invitet
3293 741 3428 788 onus,
3469 735 3520 780 ut
3557 728 3710 784 discant

2256 817 2382 886 quia
2412 815 2632 870 humilis
2656 817 2751 884 sit,
2779 825 2835 871 et
2861 817 3027 881 mitis,
3047 824 3102 871 et
3126 824 3410 872 mansuetus
3430 819 3581 881 corde,
3607 830 3646 872 et
3662 821 3711 873 in-

2255 911 2475 965 veniant
2519 910 2762 978 requiem
2805 911 3088 965 animabus
3110 910 3218 964 suis
3264 910 3451 980 (Matth.
3475 910 3556 982 ιι).
3585 910 3709 964 Locus

2257 1003 2359 1056 iste
2383 1001 2450 1056 de
2488 1002 2728 1070 Epistula
2766 1002 2834 1056 ad
2865 1002 3136 1056 Romanos
3165 1003 3216 1056 in
3240 1001 3337 1055 ﬁne
3369 1001 3708 1070 pandendusest.

2255 1093 2332 1147 lbi
2359 1094 2503 1148 enim
2550 1109 2673 1148 cum
2705 1094 2957 1148 similiter
3007 1095 3074 1148 de
3102 1094 3235 1148 escis
3260 1102 3310 1148 et
3345 1094 3710 1148 observationibus

2258 1183 2524 1238 scriberet
2542 1182 2871 1249 Judaeorum,
2912 1193 2968 1238 et
2991 1200 3085 1240 eos
3108 1185 3197 1255 qui
3231 1185 3355 1254 legis
3371 1183 3504 1252 juxta
3541 1185 3708 1239 litteram

2256 1283 2523 1346 praecepta
2585 1282 3016 1340 contemnerent,
3081 1275 3257 1329 ﬁrmos
3305 1284 3448 1344 atque
3480 1274 3706 1346 perfectos:

2258 1366 2378 1421 illos
2404 1382 2554 1431 vero,
2577 1368 2668 1432 qui
2692 1367 2868 1421 adhuc
2905 1367 3125 1436 antiqua
3149 1367 3500 1422 consuetudine
3525 1368 3710 1422 duceban-

2259 1463 2366 1520 tur,
2397 1455 2643 1511 iuﬁrmos
2675 1457 3036 1526 parvulosque
3084 1465 3336 1521 narraret,
3387 1457 3700 1524 etviderctjur-

2258 1549 2407 1618 gium
2435 1563 2555 1603 esse
2585 1549 2726 1603 inter
2759 1549 3030 1618 spiritales
3067 1557 3124 1602 et
3147 1564 3390 1614 carneos;
3414 1549 3633 1602 admonuit
3645 1550 3710 1616 spi-

2259 1640 2447 1696 ritales
2495 1657 2563 1695 ne
2594 1649 3002 1697 contemnerent
3036 1642 3295 1706 carnales,
3341 1649 3391 1695 et
3413 1641 3494 1705 ait,
3517 1640 3709 1708 Inﬁnitum

2257 1742 2430 1786 autem
2446 1733 2502 1787 in
2526 1733 2630 1801 ﬁde
2655 1735 2928 1798 assumite,
2976 1750 3083 1786 non
3110 1735 3164 1787 in
3197 1731 3598 1802 disceptationibus
3625 1732 3711 1799 cogi-

2256 1825 2554 1877 tationum:
2583 1823 2719 1878 alius
2750 1825 2887 1878 enim
2941 1824 3106 1877 credit
3159 1824 3456 1877 manducare
3492 1822 3710 1890 omnia,qtti

2257 1922 2430 1966 autent
2468 1912 2709 1981 inﬁrmus
2756 1921 2830 1966 est
2863 1911 3005 1966 solus
3056 1913 3346 1966 manducet.
3380 1911 3432 1966 Is
3459 1913 3531 1982 qui
3565 1911 3712 1963 utantu-

2256 2012 2359 2068 cat,
2392 2019 2494 2056 non
2526 2002 2931 2057 manducantem
2960 2020 3066 2056 non
3107 2011 3332 2074 spernat,
3360 2011 3404 2056 et
3421 2002 3498 2072 qui
3523 2017 3601 2055 non
3617 2016 3713 2052 man-

2255 2093 2438 2158 ducat,
2473 2094 2879 2148 manducantem
2935 2111 3038 2147 non
3063 2093 3285 2164 judicet.
3332 2092 3458 2146 Deus
3482 2092 3591 2145 enim
3616 2088 3712 2143 illum

2256 2187 2558 2256 assumpsit.
2600 2185 2678 2240 Tu
2699 2188 2814 2258 quis
2839 2204 2891 2241 es
2927 2189 3017 2258 qui
3045 2187 3262 2257 judicas
3308 2185 3511 2240 alienum
3545 2182 3716 2237 sertum!

2255 2296 2350 2333 suo
2385 2279 2596 2332 domino
2628 2289 2733 2333 stat
2779 2289 2870 2332 aut
2898 2280 3061 2333 cadit.
3095 2280 3270 2335 Stabit
3313 2289 3489 2343 autem,
3520 2284 3715 2346 poterunt

2255 2372 2392 2423 enim
2447 2370 2591 2424 Deus
2626 2380 2854 2424 statuere
2906 2371 3060 2425 illum
3093 2366 3268 2443 (Rom.
3293 2368 3435 2440 xxv);
3478 2377 3523 2422 et
3549 2365 3668 2420 multa
3685 2363 3716 2415 in

2256 2461 2434 2515 medio
2471 2477 2634 2531 super
2663 2463 2767 2516 hoc
2797 2477 2960 2516 sensu
2985 2463 3280 2526 disserens,
3317 2459 3492 2529 adjecit
3517 2459 3562 2512 in
3582 2455 3716 2510 linem:

2259 2552 2387 2606 Noli
2424 2563 2636 2623 propter
2655 2570 2826 2608 escam
2867 2554 3140 2609 destruere
3173 2571 3299 2624 opus
3335 2552 3440 2606 Dei.
3481 2551 3537 2604 Et
3558 2549 3718 2602 iterum:

2254 2641 2511 2696 Debemus
2560 2653 2735 2696 autem
2785 2660 2880 2697 nos
2931 2644 3197 2713 ﬁrmiores
3253 2641 3586 2696 imbecillitate:
3621 2634 3718 2703 inﬁr-

2254 2748 2460 2784 morum
2485 2733 2761 2796 sustinere,
2797 2742 2844 2786 et
2885 2749 2988 2786 non
3016 2734 3167 2787 nobis
3196 2733 3408 2804 placere.
3459 2727 3723 2804 Unusquiqu

2253 2831 2478 2876 vestrum
2525 2824 2765 2889 proximo
2802 2839 2897 2876 suo
2934 2821 3145 2892 placeat
3194 2802 3263 2876 ad
3301 2822 3470 2876 bonam
3501 2802 3719 2885 adiﬁcata-

2255 2928 2371 2965 nem
2407 2911 2584 2982 (Rom.
2620 2913 2732 2983 xv).

2325 3000 2932 3073 Consideransteipsum,
2951 3022 3013 3059 ne
3038 3016 3088 3060 et
3105 3003 3398 3060 tutenteris.
3432 2991 3722 3055 Nihilenimad

2254 3093 2683 3149 misericordiam
2708 3095 2789 3149 sic
2817 3095 3047 3150 inclinat
3080 3137 3096 3161 ,
3147 3112 3309 3166 quam
3357 3091 3533 3166 proprii
3573 3082 3724 3159 periculi

2254 3183 2527 3253 cogitatio.
2601 3183 3006 3239 Considerando
3072 3185 3434 3254 temetipsum,
3477 3178 3579 3249 quia
3620 3182 3660 3228 et
3691 3180 3722 3223 ιιι

2253 3275 2416 3328 homo
2442 3290 2520 3339 es,
2561 3284 2616 3330 et
2639 3277 2843 3344 poteris
2883 3277 3070 3346 aliquo
3093 3278 3374 3348 prrcveniri
3394 3281 3595 3346 peccato,
3626 3266 3723 3321 eli“

2252 3366 2466 3420 demum
2516 3367 2757 3437 indigere
2804 3370 3082 3439 adjutorio
3127 3372 3246 3436 Dei,
3299 3380 3351 3425 et
3379 3365 3605 3439 proximi:
3645 3358 3720 3428 quia

2251 3457 2372 3510 sani
2401 3457 2646 3513 inﬁrmos
2675 3460 2942 3514 sustinere
2965 3462 3188 3526 debent,
3237 3470 3292 3518 et
3315 3472 3532 3517 mortuos
3554 3453 3720 3525 sepelire,

2251 3547 2380 3616 quia
2406 3549 2594 3617 procul
2624 3551 2788 3607 dubio
2814 3561 2870 3608 et
2899 3553 3168 3609 inﬁrmari
3197 3563 3254 3610 et
3274 3555 3402 3610 mori
3435 3564 3567 3622 posse
3595 3561 3636 3600 se
3653 3556 3722 3596 cro

2251 3638 2388 3692 dunt

2321 3728 2468 3784 Alter
2500 3730 2719 3787 alterius
2745 3750 2902 3788 onera
2933 3746 3166 3804 portate,
3194 3747 3241 3791 et
3277 3737 3350 3790 sic
3379 3725 3656 3801 adirnplebitis
3674 3721 3718 3770 lto

2249 3837 2361 3890 gem
2408 3820 2624 3876 Christi.
2698 3824 2835 3891 Quia
2861 3825 3078 3882 Veteris
3103 3825 3431 3896 Testamenti
3470 3814 3654 3876 custodia
3683 3808 3720 3860 ιὶ·

2251 3927 2459 3967 morem
2487 3913 2744 3980 habebat,
2779 3931 2882 3970 non
2905 3919 3087 3985 potuit
3113 3920 3352 3990 apertius
3369 3912 3622 3985 signiﬁcare
3641 3899 3718 3956 Νοιί

2250 4008 2582 4063 Testamenti
2609 4009 2809 4064 donum
2839 4027 2958 4066 esse
2980 4013 3333 4079 charitatem,
3385 4024 3527 4083 quam
3545 4007 3622 4062 hoc
3636 4001 3722 4053 loco.

2249 4098 2337 4150 ubi
2368 4097 2659 4167 Apostolus
2684 4102 2816 4156 dicit
2849 4120 2861 4155 :
2907 4103 3146 4159 Invicem
3174 4120 3341 4160 onera
3369 4109 3529 4156 vestra
3568 4094 3721 4164 lio"tam

2247 4197 2301 4240 et
2329 4190 2408 4243 sic
2452 4191 2812 4261 adimplebitis
2856 4194 3030 4262 legem
3084 4197 3309 4252 Christi.
3371 4193 3504 4249 Hauc
3546 4184 3652 4242 enim
3680 4176 3724 4228 Ῑθ·

2248 4294 2368 4349 gem
2414 4280 2614 4336 Christi
2669 4283 2852 4339 dicere
2905 4287 3231 4358 intelligitur
3257 4328 3271 4352 ,
3322 4302 3419 4356 qua
3470 4285 3564 4352 ipse
3607 4268 3724 4328 Domi-

2251 4386 2353 4425 nus
2397 4373 2657 4441 precepit
2696 4381 2755 4428 ut
2781 4390 2880 4430 nos
2923 4377 3162 4433 invicem
3211 4379 3485 4448 diligamus
3524 4376 3676 4425 tantum
3693 4360 3725 4412 in

2250 4478 2312 4517 ea
2358 4467 2621 4520 sententia
2670 4470 2924 4538 prmeepti
2960 4472 3178 4540 pondus
3228 4472 3539 4526 constituens
3559 4471 3604 4516 ut
3639 4456 3727 4512 dict

2247 4562 2330 4608 ret
2354 4569 2368 4608 :
2421 4543 2488 4608 In
2515 4557 2613 4610 hoc
2641 4562 2973 4628 cognoscitur
2999 4563 3259 4632 quoniam
3280 4557 3507 4630 discipuli
3537 4544 3724 4608 uitiatis.

2243 4647 2290 4700 si
2341 4663 2429 4700 vos
2462 4647 2680 4702 invicem
2727 4650 2960 4722 diligatis
3009 4653 3196 4723 (Joan.
3245 4654 3384 4726 xui).
3433 4647 3574 4716 Hujus
3608 4648 3724 4696 autem

2245 4735 2546 4794 dilectionis
2596 4739 2828 4796 oﬁicium
2872 4753 2957 4798 est
2993 4745 3232 4800 invicem
3284 4759 3440 4799 onera
3486 4745 3629 4794 vestra
3648 4740 3726 4800 νοτ·

2245 4833 2380 4882 tare.
2441 4827 2547 4884 Sed
2578 4830 2680 4886 hoc
2703 4832 2936 4887 cilicium
2968 4849 3073 4888 non
3105 4843 3194 4890 est
3224 4835 3611 4904 sempiternum.
3649 4831 3727 4889 ρετ·

2245 4915 2397 4971 ducit
2448 4934 2579 4974 sane
2611 4925 2677 4974 ad
2701 4923 3088 4980 beatitudinem
3137 4926 3510 4995 sempiternam
3532 4960 3545 4983 ,
3585 4917 3626 4970 in
3659 4920 3725 4977 ll“:

2243 5007 2388 5061 nulla
2413 5016 2574 5063 erunt
2591 5024 2754 5064 onera
2781 5021 2985 5081 nostra,
3010 5031 3134 5085 qua:
3157 5017 3384 5070 invicem
3409 5001 3728 5085 portareiub'?‘

2243 5113 2386 5151 mur.
2430 5096 2584 5154 Nunc
2611 5115 2741 5154 vero
2772 5101 2825 5154 in
2865 5101 2965 5158 hac
3006 5084 3140 5169 vita,
3200 5105 3254 5159 id
3278 5113 3359 5159 est
3380 5103 3493 5157 dum
3521 5099 3565 5151 in
3583 5094 3658 5148 hac
3672 5084 3726 5136 Vi!

2243 5203 2450 5253 sumus,
2474 5204 2641 5243 onera
2664 5199 2848 5246 nostra
2876 5201 3177 5263 portemus,
3199 5206 3260 5250 ut
3281 5196 3346 5250 ad
3369 5209 3478 5248 eam
3502 5191 3632 5242 vitam
3651 5188 3728 5247 αυτ

2244 5286 2390 5332 caret
2426 5280 2574 5334 omni
2601 5295 2767 5336 onere
2790 5323 2804 5345 ,
2838 5285 3143 5353 pervenias.
3188 5285 3330 5339 Nihil
3355 5283 3485 5337 enim
3511 5278 3577 5332 sic
3596 5268 3727 5344 prohin

2247 5370 2500 5436 amicum,
2527 5376 2979 5441 quemadmodum
3007 5380 3195 5432 oneris
3233 5379 3391 5432 amici
3419 5371 3631 5446 portatio.
3655 5361 3727 5417 Nec

2248 5468 2426 5516 tamen
2467 5463 2698 5518 invicem
2742 5477 3085 5535 portaremus
3129 5484 3300 5523 onera
3338 5476 3525 5528 nostra,
3561 5460 3596 5514 si
3615 5462 3727 5508 υῐιιιω

2247 5562 2454 5624 tempus
2485 5565 2633 5610 esset
2669 5558 3001 5617 inﬁrmitatis
3048 5562 3354 5627 amborum,
3391 5560 3473 5629 qui
3519 5563 3650 5608 onera
3669 5555 3728 5597 sua

2241 5653 2492 5718 ευδῑίηθί,
2525 5661 2617 5708 aut
2647 5668 2813 5710 unum
2861 5656 3198 5715 inﬁrmitatis
3250 5671 3441 5728 genus;
3471 5649 3552 5707 sed
3581 5643 3730 5698 diversa
