3940 6180
213 357 311 414 905

1131 328 1406 412 ‘ENARn.
1450 354 1516 409 1N
1558 351 1772 407 LPIST.
1814 354 1876 406 υ.
1918 353 2121 410 mm
2154 353 2252 409 ΑΙ)
2281 354 2529 412 GALAT.

3362 369 3466 424 9N}

211 485 450 545 tempora
497 483 552 529 et
593 475 802 530 diversa
850 489 1047 545 genera
1096 475 1430 530 inﬁrmitatis
1471 473 1675 526 faciunt
1727 479 1786 522 ut
1813 474 1862 530 Α
1889 470 2031 537 licet,
2056 472 2313 528 docemur
2336 490 2432 544 per
2452 477 2595 530 hanc
2614 480 2992 534 sententiolam
3022 496 3218 537 novum
3243 485 3460 556 dogma,

207 583 372 622 onera
401 576 583 621 nostra
619 567 848 621 invicem
877 575 1092 636 portare
1137 567 1429 621 valeamus.
1465 564 1626 619 Verbi
1667 579 1786 633 gra-

208 660 280 713 tia
324 677 336 712 :
382 659 523 712 lram
579 659 760 713 fratris
798 666 924 713 tunc
979 658 1242 728 portabis,
1295 673 1416 712 cum
1446 664 1502 710 tu
1532 655 1790 709 adversus

204 766 327 805 eum
357 765 467 806 non
519 750 794 812 irasceris,
849 759 908 803 ut
949 764 1162 803 rursum
1191 763 1255 802 eo
1303 755 1544 816 tempore
1598 759 1706 813 quo
1737 751 1788 798 te

207 845 285 898 ira
322 842 802 911 praeoccupaverit,
834 842 923 896 ille
973 849 1022 895 te
1055 841 1274 896 lenitate
1300 848 1355 893 et
1402 837 1790 906 tranquillitate

204 940 503 1002 supportet.
539 932 650 987 Sed
674 934 892 986 ethunc
922 932 1098 986 locum
1134 945 1256 984 cum
1289 929 1659 1000 superioribus
1685 942 1776 980 co-

204 1024 474 1093 pulemus,
511 1022 774 1091 duplicem
803 1022 946 1076 enim
976 1021 1219 1089 sequitur
1272 1017 1700 1096 intelligentiam.
1730 1013 1785 1070 Si

203 1115 330 1183 quis
353 1114 602 1166 inﬁrmus
632 1112 685 1165 in
710 1113 814 1165 ﬁde
839 1120 939 1176 est,
973 1119 1028 1164 et
1056 1110 1230 1164 adhuc
1279 1108 1419 1163 lacte
1443 1107 1680 1162 nutritus
1708 1105 1788 1158 in-

204 1204 414 1267 fa'ntite,
475 1217 575 1256 nec
621 1210 800 1271 potest
842 1211 952 1256 tam
975 1203 1083 1256 cito
1124 1217 1154 1256 a
1205 1200 1358 1272 legali
1407 1200 1788 1255 observatione

202 1298 271 1351 ad
301 1295 564 1366 spiritalia
593 1301 930 1348 sacramenta
966 1293 1215 1359 transire,
1256 1308 1350 1347 vos
1376 1291 1468 1361 qui
1516 1290 1788 1346 robustio-

201 1401 295 1441 res
324 1385 478 1449 estis,
507 1384 624 1452 ejus
647 1398 813 1437 onera
864 1390 1097 1452 portate,
1129 1397 1198 1435 ne
1232 1394 1329 1451 per
1376 1379 1659 1435 scientiam
1689 1393 1785 1432 ve-

201 1487 374 1533 stram
423 1475 592 1528 frater
618 1482 823 1544 pereat,
850 1489 948 1543 pro
976 1489 1082 1542 quo
1103 1471 1352 1528 Christus
1376 1479 1621 1527 mortuus
1651 1477 1737 1525 est
1767 1487 1781 1522 :

201 1575 386 1638 portat
436 1580 651 1635 quoque
713 1563 897 1617 fratris
947 1564 1328 1618 necessitatem
1377 1564 1466 1632 qui
1503 1568 1785 1632 gravatum

199 1671 496 1729 pauperem
523 1669 690 1710 onere
716 1655 970 1724 egestatis
1005 1655 1237 1723 adjuvat.

275 1748 419 1801 Nam
445 1747 489 1799 si
514 1746 628 1816 quis
651 1745 913 1799 existimat
941 1761 995 1798 se
1019 1761 1128 1798 esse
1155 1743 1377 1813 aliquid,
1395 1759 1514 1795 cum
1539 1741 1668 1795 nihil
1693 1743 1783 1805 sit,

1891 564 2033 630 quod
2063 563 2272 617 latitat:
2319 567 2445 620 dum
2492 567 2546 620 in
2581 569 2832 637 praesenti
2872 572 3068 629 saeculo
3105 589 3314 642 sumus,
3355 579 3469 634 sive

1889 652 2247 719 orationibus,
2291 655 2404 708 sive
2425 657 2668 711 consiliis
2707 658 2938 713 invicem
2967 677 3127 731 posse
3172 679 3271 720 nos
3315 669 3470 738 adju-

1889 741 2024 793 vari.
2087 739 2218 794 Cum
2243 751 2420 796 autem
2451 753 2576 796 ante
2627 746 2863 801 tribunal
2883 747 3088 804 Christi
3137 755 3468 819 venerimus,

1890 843 1991 882 nec
2021 827 2122 883 Job
2147 868 2162 892 ,
2215 844 2314 884 nec
2349 830 2558 896 Daniel,
2609 849 2708 890 nec
2751 835 2894 900 Noe,
2944 853 3135 907 rogare
3171 856 3330 910 posse
3372 861 3471 914 pro

1888 937 2158 991 quoquam
2185 963 2198 987 ,
2249 923 2341 978 sed
2394 932 2833 996 unumquemque
2866 937 3084 994 portare
3131 944 3269 985 onus
3310 947 3466 987 suum

1891 1011 2108 1084 (Ex-ccli.
2143 1013 2274 1086 xn').
2317 1043 2326 1049 -
2378 1007 2407 1017 ”

1959 1103 2315 1158 Communicet
2344 1116 2519 1159 autem
2539 1107 2585 1160 is
2612 1096 3071 1178 qu'icatechisatur
3103 1111 3275 1177 verbo,
3307 1117 3354 1167 ei
3380 1118 3470 1184 qui

1887 1209 1942 1246 se
1955 1193 2243 1247 catecln'zat
2263 1194 2318 1247 in
2345 1192 2581 1248 euntibus
2605 1196 2774 1251 bonis.
2814 1187 3023 1255 Sensus.
3042 1201 3226 1271 itaque
3246 1202 3348 1258 iste
3362 1214 3468 1269 est,

1887 1286 2012 1354 quia
2035 1288 2282 1356 superius
2305 1288 2639 1357 spiritalibus
2662 1303 3014 1363 praeceperat,
3031 1304 3092 1349 ut
3108 1311 3204 1352 eos
3225 1299 3317 1367 qui
3339 1315 3472 1369 prae.

1886 1378 2133 1446 occupati
2160 1376 2374 1432 fuerant
2399 1379 2454 1432 in
2480 1379 2659 1449 aliquo
2682 1381 2898 1450 delicto,
2925 1383 3256 1442 instruerent
3283 1388 3336 1441 in
3355 1388 3469 1457 spi-

1887 1465 1993 1518 ritu
2015 1464 2270 1529 lenitatis,
2288 1473 2342 1521 et
2367 1467 2503 1523 alter
2531 1468 2754 1524 alterius
2781 1486 2942 1526 onera
2968 1481 3266 1542 portarent,
3293 1476 3467 1531 adim-

1885 1552 2095 1621 plentes
2110 1553 2282 1625 legem
2299 1555 2501 1610 Christi
2529 1574 2541 1609 :
2573 1573 2716 1613 nunc
2731 1574 2762 1613 e
2784 1562 3058 1616 contrario
3071 1564 3156 1618 his
3171 1565 3261 1633 qui
3286 1566 3464 1620 adhuc

1887 1643 2290 1710 imbecilliores,
2311 1653 2366 1700 et
2392 1646 2659 1718 discipuli,
2699 1656 2753 1703 et
2781 1652 3026 1707 carnales
3055 1663 3212 1708 erant
3238 1656 3469 1724 imperat

1888 1743 1950 1790 ut
1989 1737 2259 1804 quomodo
2293 1738 2394 1807 ipsi
2435 1755 2465 1793 a
2498 1741 2774 1811 magistris
2819 1735 3084 1813 spiritalia
3114 1753 3354 1810 metunt,
3393 1747 3476 1802 sic

198 1839 434 1906 seips-um
460 1835 680 1890 seducit.
733 1835 850 1889 Non
881 1851 1006 1889 eum
1037 1836 1299 1889 seducunt
1321 1833 1629 1887 laudatores
1651 1832 1789 1901 ejus,
1818 1822 1868 1884 Β
1895 1827 2171 1896 magistris
2220 1829 2457 1883 carnalia
2492 1830 2794 1900 praebeant,
2843 1833 2934 1902 qui
2983 1842 3126 1888 totos
3176 1850 3233 1890 se
3278 1836 3472 1891 divina;

199 1926 297 1981 sed
329 1927 445 1995 ipse
473 1926 674 1996 potius,
701 1925 829 1993 quia
861 1939 984 1978 cum
1009 1924 1113 1979 sibi
1162 1924 1236 1978 sit
1271 1922 1594 1992 praesentior
1623 1936 1788 1992 quam
1889 1918 2207 1983 eruditioni,
2228 1926 2282 1972 et
2305 1920 2482 1973 studio
2502 1920 2802 1985 tradentes,
2825 1923 2950 1976 vitae
2969 1923 3126 1994 hujus
3150 1928 3473 1982 necessariis

199 2018 300 2083 illi,
330 2019 500 2087 magis
528 2016 641 2071 vult
681 2032 740 2071 se
773 2017 827 2070 in
858 2015 963 2070 illis
1013 2028 1258 2084 qurerere
1287 2029 1450 2084 quam
1498 2014 1553 2068 in
1585 2014 1784 2083 seipse.

199 2111 271 2165 Et
297 2111 418 2165 ideo
440 2111 556 2164 ait:
591 2108 650 2163 Si
678 2108 801 2177 quis
829 2108 1105 2162 existimat
1139 2121 1203 2161 se
1233 2120 1354 2161 esse
1389 2105 1611 2174 aliquid,
1638 2106 1692 2159 in
1722 2119 1788 2158 co

198 2204 350 2272 quod
401 2211 552 2272 putat
584 2215 643 2254 se
683 2184 802 2254 esse
849 2197 1070 2266 aliquid,
1099 2205 1287 2252 etnon
1317 2211 1382 2250 ex
1421 2196 1707 2250 clementia
1731 2195 1788 2250 in

199 2292 537 2361 proximum,
593 2288 688 2344 sed
735 2304 801 2343 ex
827 2302 926 2341 suo
971 2300 1136 2355 opere
1159 2295 1214 2339 et
1259 2285 1442 2340 labore
1485 2283 1786 2351 sejudicat,

193 2395 302 2434 sua
334 2386 547 2433 tantum
576 2377 777 2430 virtute
805 2382 1092 2430 contentus
1121 2391 1134 2426 :
1179 2373 1283 2427 iste
1319 2387 1386 2426 ex
1418 2373 1521 2425 hac
1559 2373 1673 2441 ipsa
1701 2388 1790 2426 ar-

192 2471 456 2539 rogantia
486 2467 620 2521 nihil
651 2466 729 2530 ﬁt,
763 2475 816 2520 et
841 2467 954 2535 ipse
1001 2479 1059 2520 se
1089 2465 1309 2534 decipit.
1346 2463 1579 2518 Mentem
1607 2471 1788 2518 autem

192 2561 426 2630 decipit,
461 2559 554 2628 qui
582 2573 640 2612 se
664 2565 819 2627 putat
867 2571 989 2612 esse
1026 2555 1344 2626 sapientem.
1397 2555 1465 2609 Et
1492 2555 1788 2610 secundum

197 2652 436 2714 Isaiam,
465 2650 688 2718 Sapiens
735 2650 790 2702 in
819 2664 874 2702 se
904 2657 952 2702 et
974 2649 1026 2701 in
1057 2655 1333 2716 conspectu
1372 2663 1468 2700 suo
1497 2645 1790 2716 intelligens

192 2743 341 2814 (Isa.
371 2741 446 2812 v).
479 2740 562 2794 Ad
581 2741 1046 2795 circumcisionem
1086 2747 1139 2794 et
1163 2739 1231 2793 ad
1275 2738 1446 2809 legem
1469 2738 1542 2792 ita
1565 2737 1666 2792 loci
1696 2737 1793 2792 hu-

183 2833 286 2902 jus
312 2832 655 2886 co‘nnectitur
688 2823 992 2885 intellectus
1019 2847 1032 2884 :
1067 2828 1169 2896 Qui
1195 2827 1455 2898 spiritalis
1485 2835 1591 2892 est,
1620 2834 1676 2881 et
1696 2825 1794 2881 mi-

188 2919 558 2976 sericordiam
609 2920 664 2972 in
713 2919 1020 2988 proximum
1070 2933 1175 2972 non
1223 2917 1406 2982 habet,
1430 2924 1788 2971 contemnens

189 3009 485 3073 humilem,
543 3008 669 3077 quia
699 3010 815 3078 ipse
836 3007 1116 3062 sublimior
1159 3015 1262 3072 est,
1312 3008 1427 3076 ipse
1450 3020 1510 3060 se
1540 3005 1740 3075 decipit
1771 3022 1784 3060 :

191 3099 454 3156 nesciens
481 3099 622 3154 banc
661 3098 883 3168 spiritus
915 3111 1036 3152 esse
1079 3098 1274 3169 legem,
1306 3105 1366 3151 ut
1414 3111 1516 3152 nos
1551 3095 1784 3151 invicem

193 3188 523 3258 diligamus.

275 3278 430 3349 Opus
452 3287 624 3332 autem
634 3294 789 3332 suum
799 3277 978 3348 probet
997 3278 1370 3347 unusquisque,
1387 3287 1435 3332 et
1457 3279 1535 3333 sic
1555 3281 1610 3332 in
1624 3293 1786 3349 seipse

187 3379 410 3424 tantum
444 3369 666 3439 gloriam
693 3368 922 3434 habebit,
969 3375 1018 3420 et
1041 3383 1145 3420 non
1168 3367 1224 3421 in
1251 3367 1438 3423 altera.
1499 3365 1793 3438 Unusquis-

183 3475 293 3529 que
320 3459 466 3514 enim
487 3460 758 3529 'propriunt
781 3475 912 3513 onus
940 3457 1185 3528 portabit.
1217 3457 1284 3513 Et
1305 3473 1412 3512 non
1435 3457 1491 3512 in
1515 3457 1710 3523 altero,
1734 3458 1788 3512 id

187 3561 302 3617 est,
337 3565 468 3606 cum
487 3549 625 3605 alter
652 3565 775 3605 eum
809 3549 1014 3605 laudat.
1067 3547 1186 3604 Non
1209 3563 1340 3619 ergo
1367 3549 1678 3604 laudatores
1699 3564 1791 3604 no-

189 3643 298 3697 stri
327 3641 587 3695 minuunt
613 3655 777 3695 onera
814 3639 1158 3694 conscientiae
1202 3646 1421 3703 nostrai,
1477 3646 1642 3706 atque
1678 3638 1788 3692 uti-

186 3748 322 3788 nam
359 3747 476 3787 non
505 3733 668 3788 etiam
715 3730 1060 3787 accumulent
1099 3730 1440 3799 plerumque,
1477 3743 1548 3783 ne
1574 3728 1680 3782 illis
1709 3726 1792 3782 of-

185 3824 376 3881 fensis
425 3823 545 3879 laus
581 3832 765 3880 nostra
817 3823 1112 3888 minuatur,
1145 3837 1269 3876 cum
1293 3828 1387 3875 aut
1415 3819 1790 3891 objurgatione

192 3915 324 3972 illos
375 3929 577 3970 curare
624 3915 965 3986 negligimus,
1015 3920 1111 3968 aut
1155 3911 1427 3982 iactanter
1456 3913 1536 3967 eis
1587 3911 1790 3980 aliquid

187 4013 460 4061 nostrum
482 4013 837 4070 ostentamus,
863 4004 1046 4074 potius
1076 4015 1240 4073 quam
1276 4010 1590 4058 οοηειδηιθτ
1611 4010 1793 4057 osten—

189 4097 406 4151 dimus.
471 4094 673 4152 Omitto
699 4110 762 4150 ea
791 4110 909 4165 quae
942 4094 1174 4165 ﬁngunt
1197 4101 1252 4150 et
1277 4093 1612 4149 mentiuntur
1635 4092 1705 4147 de
1730 4105 1791 4147 se

185 4188 462 4242 homines
505 4194 726 4256 propter
755 4186 1036 4242 hominum
1078 4184 1282 4240 laudes.
1333 4183 1474 4252 Quid
1515 4183 1662 4238 enim
1684 4183 1789 4238 ista

185 4283 451 4337 caecitate
509 4279 864 4344 tenebrosius,
896 4279 964 4333 ad
1017 4278 1362 4334 obtinendam
1413 4277 1790 4333 inanissimam

187 4374 440 4442 gloriam
474 4387 824 4441 erroremque
873 4371 1107 4426 hominis
1133 4371 1414 4440 aucupari,-
1435 4378 1491 4425 et
1514 4369 1684 4424 Deum
1710 4378 1791 4425 te-

185 4474 335 4520 stem
395 4466 456 4519 in
504 4463 664 4518 corde
709 4463 1098 4517 contemnere?
1123 4463 1281 4532 quasi
1325 4477 1457 4517 vero
1493 4460 1601 4516 ullo
1629 4461 1789 4516 modo

185 4555 608 4626 comparandus
636 4555 707 4610 sit
730 4569 885 4608 error
901 4553 1055 4608 illius
1081 4553 1173 4622 qui
1209 4562 1262 4607 te
1290 4554 1487 4608 bonum
1511 4560 1680 4624 putat,
1707 4568 1790 4608 era

186 4649 304 4704 rori
338 4656 463 4712 tuo,
491 4646 581 4717 qui
600 4645 801 4700 homini
829 4646 894 4700 de
919 4645 1054 4699 falso
1080 4647 1222 4701 bono
1246 4645 1462 4715 placere
1483 4646 1689 4710 studes,
1719 4645 1787 4700 de

186 4741 341 4798 malo
381 4754 520 4795 vero
546 4737 798 4807 displices
823 4737 955 4792 Dco.

264 4830 652 4902 Unusquisque
679 4829 817 4882 enim
847 4844 976 4880 onus
997 4842 1149 4880 suum
1179 4826 1427 4895 portabit.
1463 4827 1680 4882 Videtur
1699 4843 1786 4882 su-

186 4924 520 4994 perioribus
559 4919 854 4982 contraire,
901 4918 990 4973 ubi
1035 4917 1151 4970 ait:
1205 4915 1350 4970 Alter
1387 4916 1602 4971 alterius
1625 4933 1788 4971 onera

185 5029 430 5088 portate.
466 5014 525 5070 Si
557 5015 702 5069 enim
741 5013 1112 5081 unusquisque
1161 5026 1298 5065 onus
1323 5026 1478 5065 suum
1527 5011 1786 5081 portabit,

187 5112 335 5168 alter
365 5109 604 5166 alterius
630 5121 797 5163 onera
828 5114 1046 5176 portare
1086 5120 1189 5160 non
1221 5105 1434 5173 poterit.
1474 5103 1581 5159 Sed
1602 5105 1790 5161 viden-

190 5204 354 5267 dum,
405 5201 559 5271 quod
587 5200 658 5254 ibi
706 5197 1027 5269 praceperit
1049 5204 1108 5250 ut
1133 5204 1421 5265 peccantes
1464 5196 1518 5250 in
1546 5197 1650 5253 hac
1677 5197 1786 5251 vita

190 5292 568 5347 nosinvicem
597 5297 982 5352 sustentemus,
1027 5287 1162 5342 etin
1205 5287 1457 5356 praesenti
1503 5287 1699 5342 saeculo
1721 5288 1793 5342 alo

188 5390 484 5437 terutrum
506 5381 706 5436 auxilio
725 5381 896 5436 simus
923 5398 936 5432 :
973 5379 1062 5434 hic
1106 5385 1286 5432 autem
1314 5377 1380 5433 de
1409 5377 1620 5432 Domini
1646 5379 1793 5432 dicat

189 5471 247 5526 in
287 5472 705 5528 resurrectione
719 5469 950 5539 judicio,
987 5470 1130 5540 quod
1167 5484 1272 5523 non
1298 5484 1367 5524 ex
1417 5469 1642 5524 alterius
1667 5483 1793 5539 pec-

187 5573 323 5619 cato
346 5570 410 5618 et
430 5563 839 5630 comparatione
864 5559 1168 5624 deterioris,
1211 5559 1306 5614 sed
1343 5556 1499 5626 juxta
1546 5566 1791 5613 nostrum

185 5668 358 5725 opus,
385 5659 496 5706 aut
511 5659 819 5720 peccatores
850 5651 920 5705 ab
933 5665 998 5704 eo
1017 5650 1340 5720 iudicemur,
1374 5656 1468 5702 aut
1495 5647 1687 5709 sancti,
1707 5661 1792 5700 re-

181 5745 447 5819 cipiente
491 5757 813 5814 unoquoque
834 5742 1128 5797 secundum
1156 5757 1290 5812 Opus
1325 5756 1502 5796 suum.
1550 5739 1792 5796 Ohscure

657 5854 930 5916 Parnm.
977 5852 1131 5916 ClV.

1819 3166 1861 3192 η

1819 3201 1862 3230 υ

1891 2006 2155 2076 indigent,
2186 2017 2241 2062 et
2277 2008 2374 2062 ﬁat
2411 2009 2541 2063 illud
2570 2011 2712 2079 quod
2736 2011 2802 2064 de
2828 2026 3022 2067 manna
3055 2015 3316 2083 scriptum
3364 2026 3469 2082 est,

1888 2101 1978 2170 qui
1998 2100 2240 2165 multum,
2275 2119 2378 2156 non
2399 2103 2719 2168 abundavit;
2755 2113 2804 2157 et
2827 2106 2914 2175 qui
2936 2107 3218 2172 modicum,
3245 2126 3348 2163 non
3372 2111 3472 2164 nti-

1889 2193 2099 2246 noravit
2129 2191 2216 2264 (11
2235 2191 2361 2247 Cor.
2395 2193 2540 2263 vm).
2579 2195 2725 2248 Bona
2756 2203 2936 2251 autem
2969 2197 3022 2252 in
3049 2187 3470 2268 pmoséntiloco,

1885 2280 2041 2349 juxta
2070 2282 2214 2352 vulgi
2254 2284 2696 2343 consuetudinem
2738 2301 3056 2357 moremque
3103 2303 3470 2356 communem,

1889 2373 2091 2426 victum
2139 2381 2195 2426 et
2226 2375 2501 2439 vestitum,
2533 2385 2836 2446 ceteraque
2875 2392 2995 2447 quae
3039 2379 3284 2436 homines
3331 2383 3473 2439 inter

1890 2464 2030 2518 bona
2055 2474 2364 2530 numerant,
2393 2467 2699 2534 appellavit.
2756 2468 3018 2524 Habentes
3049 2471 3193 2524 enim
3214 2473 3406 2526 victum
3423 2485 3473 2528 et

1891 2554 2149 2616 vestitum,
2172 2553 2252 2606 his
2279 2555 2504 2606 contenti
2534 2555 2699 2608 simus
2721 2553 2806 2626 (ΙΙ
2832 2555 2966 2610 Tim.
2999 2555 3077 2628 χ).
3133 2557 3245 2614 Nec
3271 2561 3469 2615 mirum

1891 2642 1938 2696 si
1982 2641 2180 2696 Paulus
2228 2654 2292 2698 ea
2350 2656 2470 2712 qua:
2516 2650 2674 2696 erant
2714 2645 2929 2714 corpori
2987 2649 3292 2702 necessaria
3345 2649 3472 2704 boni

1892 2733 2248 2802 appellatione
2269 2733 2537 2804 signavit:
2595 2747 2719 2789 cum
2763 2737 2928 2790 etiam
2977 2735 3228 2795 Salvator
3286 2751 3472 2798 noster

1892 2824 1960 2879 ad
2002 2839 2096 2879 eos
2141 2825 2234 2894 qui
2290 2826 2518 2881 necdum
2563 2826 2630 2880 ad
2670 2826 2930 2881 virtutum
2967 2828 3176 2885 culmen
3210 2833 3472 2888 ascende-

1893 2922 2036 2978 rant,
2076 2914 2169 2968 sed
2222 2915 2398 2970 adhuc
2439 2916 2696 2972 humilius
2740 2917 3082 2986 incedebant,
3134 2930 3189 2976 et
3217 2921 3320 2977 sibi
3349 2923 3474 2978 addi

1891 3007 2185 3076 poscebant
2209 3007 2388 3072 ﬁdem,
2415 3008 2631 3063 dixerit.
2665 3007 2727 3065 Si
2748 3026 2870 3080 ergo
2904 3028 3009 3078 vos,
3036 3029 3152 3066 cum
3175 3014 3304 3069 mali
3334 3015 3468 3079 sitis,

1890 3098 2035 3152 scitis
2064 3098 2195 3152 bona
2217 3088 2342 3153 data
2367 3100 2493 3154 dare
2513 3101 2640 3171 ﬁliis
2663 3103 2845 3157 vestris
2873 3145 2886 3166 ,
2913 3113 3106 3175 quanto
3133 3107 3297 3177 magis
3310 3105 3474 3162 Pater

1893 3190 2112 3244 cwlestis
2132 3191 2275 3245 dabit
2301 3192 2435 3246 bona
2473 3193 2760 3263 petentibus
2777 3209 2832 3248 se
2861 3194 3075 3268 (Matth.
3094 3196 3191 3268 vn)
3221 3198 3234 3250 !

1969 3279 2148 3335 Nolite
2167 3299 2361 3347 errare,
2393 3282 2534 3336 Deus
2558 3301 2659 3338 non
2689 3285 2940 3340 irridetur
2965 3300 2984 3338 .'
3013 3304 3131 3358 qua:
3151 3289 3287 3342 enim
3311 3292 3470 3344 semi-

1895 3373 2092 3426 naverit
2123 3372 2300 3437 homo,
2356 3373 2466 3427 Iure
2494 3387 2541 3428 et
2571 3384 2742 3428 metet.
2802 3376 3110 3434 Pizevidens
3146 3379 3200 3434 in
3253 3381 3466 3450 spiritu,

1891 3479 1986 3520 eos
2021 3465 2114 3534 qui
2146 3465 2428 3528 docentur,
2456 3473 2512 3520 et
2548 3465 2744 3522 debent
2793 3469 3068 3539 magistris
3118 3479 3364 3541 sumptus
3415 3479 3469 3526 et

1890 3555 2017 3609 vita:
2038 3555 2345 3609 necessaria
2373 3556 2706 3623 ministrare,
2736 3572 2897 3627 posse
2915 3559 3208 3614 obtendere
3236 3576 3470 3630 pauper-

1893 3650 2060 3697 tatem
2081 3652 2138 3698 et
2164 3643 2374 3698 dicere:
2400 3643 2542 3714 Ager
2565 3661 2716 3700 meus
2737 3647 2840 3702 hoc
2865 3662 3006 3702 anno
3032 3648 3176 3702 aruit
3202 3649 3467 3712 siccitate,

1892 3734 2119 3788 Vineam
2151 3735 2357 3804 grando
2391 3735 2664 3801 contrivit,
2698 3735 2984 3803 Redditus,
3031 3737 3123 3807 qui
3164 3753 3285 3794 esse
3313 3747 3468 3809 poto-

1892 3833 2036 3887 rant,
2063 3824 2264 3877 tributa
2309 3833 2622 3893 rapuerunt,
2661 3825 2777 3881 Non
2835 3827 3007 3882 habeo
3039 3829 3181 3884 unde
3229 3830 3462 3886 tribuam

1893 3919 2032 3988 quod
2051 3917 2308 3987 jubetur;
2336 3917 2553 3986 adjecit,
2600 3918 2776 3974 Nolite
2801 3936 3000 3987 errare,
3049 3921 3189 3976 Deus
3212 3940 3316 3978 non
3347 3925 3471 3980 irri-

1893 4010 2064 4063 detur.
2124 4008 2256 4074 Scit,
2283 4009 2476 4078 inquit,
2508 4011 2668 4064 corda
2696 4018 2906 4077 vestra;
2933 4028 3038 4068 non
3062 4014 3273 4083 ignorat
3300 4013 3467 4072 facul-

1893 4105 2052 4155 tates.
2101 4098 2389 4154 Excusatio
2416 4099 2725 4154 verisimilis
2757 4101 2961 4157 homini
2991 4113 3169 4173 potest
3191 4115 3469 4178 utcunque

1890 4189 2132 4260 placere,
2156 4189 2324 4243 Deum
2361 4203 2469 4244 non
2500 4189 2681 4257 potest
2722 4190 2928 4246 fallere.
2998 4194 3062 4248 Et
3095 4195 3254 4250 simul
3281 4197 3468 4252 colam»

1892 4287 2039 4336 tatur
2065 4280 2134 4335 ad
2152 4280 2205 4335 id
2235 4277 2375 4349 quod
2402 4289 2728 4350 praeceptum
2750 4291 2834 4338 est
2862 4283 3246 4353 exhibendum,
3281 4303 3468 4344 scmcn

1892 4371 2200 4438 nominans,
2247 4387 2316 4427 ne
2333 4379 2486 4442 putet
2520 4373 2789 4442 perditum
2834 4377 2978 4446 quod
3004 4379 3358 4450 multiplicato
3388 4383 3467 4438 fe-

1893 4477 2026 4517 nore
2054 4473 2368 4534 recepturus
2402 4470 2503 4518 est.

1963 4552 2225 4619 Quoniam
2247 4554 2338 4624 qui
2372 4553 2593 4606 seminat
2613 4554 2670 4606 in
2697 4571 2852 4608 carne
2879 4573 2997 4622 sua,
3023 4558 3086 4612 de
3112 4575 3270 4614 carne
3295 4571 3341 4616 et
3366 4579 3469 4617 mc-

1892 4653 1962 4697 tet
1993 4643 2398 4712 corruptionem.
2431 4642 2545 4696 Hoc
2575 4643 2707 4696 dicit
2754 4644 2818 4699 de
2845 4647 3177 4702 amatoribus
3223 4649 3467 4722 volupta—

1893 4745 2006 4790 tum
2053 4734 2226 4804 magis
2280 4747 2440 4802 quam
2471 4732 2586 4788 Dei.
2620 4731 2678 4786 In
2702 4748 2864 4789 carne
2884 4733 3031 4790 enim
3064 4753 3158 4792 sua
3213 4741 3465 4808 seminat,

1894 4825 1984 4894 qui
2010 4824 2189 4879 omnia
2232 4837 2352 4893 quae
2381 4821 2529 4890 fecit,
2561 4824 2774 4879 etiamsi
2826 4825 2962 4880 bona
2991 4827 3299 4896 videantur,
3331 4847 3459 4901 pro-

1892 4923 2076 4984 pterea
2105 4919 2284 4967 tamen
2306 4912 2439 4967 facit
2459 4921 2520 4967 ut
2537 4914 2826 4969 carnaliter
2855 4916 2902 4968 ei
2925 4915 3061 4971 bene
3087 4918 3174 4973 sit.

1967 5004 2072 5070 Qui
2099 5013 2275 5057 autem
2305 5005 2526 5057 seminat
2573 5005 2628 5058 in
2652 5005 2862 5074 spiritu,
2898 5007 2962 5061 de
2994 5009 3180 5078 spiritu
3213 5020 3368 5065 metet
3394 5015 3468 5068 vi-

1897 5108 2003 5151 tant
2055 5104 2322 5150 (sternant.
2360 5092 2658 5150 Seminatio
2687 5095 2738 5149 in
2767 5097 2958 5166 spiritu
3013 5106 3096 5153 est
3124 5113 3191 5154 ex
3221 5100 3324 5155 ﬁde
3343 5117 3466 5157 cum

1896 5191 2161 5246 charitate
2183 5189 2390 5245 servire
2414 5189 2656 5260 iustitiae,
2690 5197 2746 5242 et
2780 5204 2884 5243 non
2932 5189 3151 5244 obedire
3180 5191 3465 5248 desideriis

1895 5280 2120 5350 peccati,
2147 5278 2392 5348 quamvis
2413 5278 2482 5332 de
2503 5277 2712 5332 mortali
2743 5291 2906 5332 carne
2930 5278 3302 5335 existentibus.
3335 5279 3470 5336 Mes-

1895 5372 1971 5426 sis
1995 5381 2178 5444 autem
2214 5371 2335 5425 vita:
2379 5376 2596 5425 aeterna:
2637 5382 2759 5422 cum
2801 5367 3018 5422 inimica
3063 5370 3355 5427 novissime
3377 5371 3471 5426 de-

1893 5469 2134 5518 struetur
2185 5475 2355 5526 mors,
2386 5467 2442 5514 et
2485 5459 2863 5515 absorbebitur
2911 5459 3140 5515 mortale
3175 5476 3206 5514 a
3251 5461 3383 5529 vita,
3412 5471 3468 5516 et

1892 5552 2242 5624 corruptibile
2277 5553 2380 5607 hoc
2407 5552 2592 5607 induet
2627 5551 3102 5621 incorruptionem.
3137 5549 3193 5607 In
3215 5553 3316 5609 hoc
3337 5568 3468 5623 ergo

1893 5646 2052 5700 tertio
2077 5643 2268 5713 gradu,
2292 5656 2400 5712 quo
2420 5642 2520 5697 sub
2557 5642 2728 5714 gratia
2777 5657 2984 5708 sumus,
3009 5642 3276 5698 seminare
3305 5642 3470 5698 debe-

1897 5752 2013 5792 mus
2045 5749 2208 5808 Opera
2230 5735 2370 5789 bona
2419 5749 2539 5806 quze
2561 5749 2723 5806 supra
2752 5733 2866 5805 jam
2904 5734 3048 5788 dicta
3075 5743 3219 5790 sunt.
3253 5733 3466 5788 Aliter:

2950 5847 3026 5910 .‘29
