3940 6180
412 383 518 437 907

1472 357 1748 415 CLAUDII
1786 349 2247 409 TAURINENSIS
2287 353 2595 410 EPISCOPI

3566 353 3668 410 908

408 496 510 562 Qui
539 494 710 563 legem
748 483 1039 542 carnaliter
1089 475 1360 543 intelligit,
1391 469 1836 546 repromissiones
1857 479 1987 533 quo-
2014 466 2062 523 A
2082 461 2321 563 iusserat
2335 463 2653 563 ministrari.
2672 460 2875 563 Deinde
2901 459 3348 563 cum‘d‘ocuissent
3367 476 3534 531 opera
3561 463 3669 563 ipsa

410 560 514 654 qum
537 560 801 641 carnales,
824 583 879 629 et
897 587 1017 642 qua:
1059 571 1110 623 in
1138 564 1388 638 prmsenti
1418 560 1614 616 smculo
1629 569 1992 654 corrumpun-

411 649 518 736 tur,
545 672 843 737 exspectat.
874 661 976 729 Qui
999 667 1180 715 autem
1233 652 1494 725 spiritalis
1538 649 1752 704 auditor
1779 653 1884 708 est,
1913 657 1995 696 se-

411 764 582 817 minat
612 759 666 813 in
694 755 910 826 spiritu,
935 762 992 806 et
1016 751 1083 806 de
1102 747 1296 818 spiritu
1321 750 1488 799 metet
1521 741 1685 795 vitam
1709 746 1987 826 aeternam.

413 850 585 909 Simul
615 825 879 903 notandus
904 845 1039 899 ordo
1063 838 1349 901 sermonis,
1385 843 1442 888 et
1465 847 1588 888 cum
1623 825 1994 899 superioribus

411 939 762 1012 copulandas,
788 935 932 1005 quod
951 935 1114 988 homo
1142 934 1371 983 vocatur
1394 925 1448 979 in
1477 920 1669 1012 spiritu
1697 916 1992 1012 seminans,

411 1005 501 1100 qui
528 1027 744 1100 quando
765 1021 1170 1094 cmperitvitam
1193 1025 1396 1070 metere
1422 1009 1810 1100 sempiternam
1833 1005 1994 1058 homo

413 1097 646 1176 fortasse
666 1130 787 1170 esse
808 1112 1051 1167 desistet.
1089 1107 1218 1161 lllud
1265 1104 1428 1158 etiam
1463 1100 1666 1170 pariter
1709 1097 1998 1151 observan-

414 1215 540 1267 dum
563 1206 811 1280 quodqui
839 1203 1071 1259 seminat
1103 1200 1156 1254 in
1181 1211 1342 1252 carne
1353 1208 1481 1248 cum
1497 1190 1864 1280 additameuto
1887 1199 1997 1240 suae

415 1279 593 1360 carnis
641 1297 884 1369 ponitur.
939 1291 1043 1356 Qui
1089 1298 1260 1342 autem
1310 1283 1532 1338 seminat
1570 1282 1625 1333 in
1656 1279 1847 1375 spiritu
1889 1290 1997 1375 non

412 1390 612 1447 dicitur
641 1364 695 1441 in
722 1383 915 1454 spiritu
945 1394 1064 1443 suo,
1095 1375 1189 1432 sed
1224 1372 1540 1444 simpliciter
1576 1370 1627 1422 in
1657 1367 1870 1436 spiritu.
1895 1364 1997 1430 Qui

414 1479 558 1534 enim
588 1478 729 1532 bona
753 1471 986 1528 seminat
1020 1483 1127 1522 non
1171 1465 1224 1519 in
1252 1478 1350 1520 suo
1396 1460 1673 1530 quopiam,
1709 1457 1805 1511 sed
1827 1455 1882 1509 in
1903 1454 2000 1508 Dei

415 1569 609 1640 spiritu
636 1564 888 1627 seminat,
921 1560 988 1615 de
1017 1571 1123 1628 quo
1146 1563 1202 1611 et
1225 1554 1391 1609 vitam
1434 1559 1518 1605 est
1550 1562 1829 1604 messurus
1851 1553 2001 1601 aeter-

416 1676 563 1717 nam.

489 1751 694 1804 Bonum
721 1755 895 1801 autem
935 1742 1210 1812 facientes,
1255 1754 1356 1792 non
1404 1733 1733 1804 deﬁciamus.
1809 1728 2003 1783 lndeli-

2092 555 2255 626 legis,
2287 570 2408 624 quae
2450 554 2690 608 salubria
2720 560 2847 606 sunt
2874 559 2928 604 et
2970 550 3038 604 ad
3070 551 3241 606 bonos
3285 567 3471 606 mores
3515 556 3675 622 perti-

2091 653 2244 710 nent,
2261 644 2546 698 dilectione
2568 642 2691 697 tidei
2714 655 2874 711 posse
2901 640 3276 695 tantummodo
3302 641 3540 710 impleri,
3570 659 3675 698 non

2093 735 2288 788 timore
2347 732 2563 797 servili,
2613 731 2755 785 redit
2801 730 2868 784 ad
2929 729 3096 797 illud,
3150 731 3297 785 unde
3349 741 3464 787 tota
3512 749 3680 790 causa

2097 823 2294 895 agitur.

2173 912 2355 968 Videte
2387 913 2632 984 qualibus
2670 912 2858 967 litteris
2893 915 3081 983 scripsi
3131 915 3275 969 vobis
3331 932 3448 970 mea
3495 934 3682 972 manu.

2095 1002 2162 1058 Hi
2183 1004 2275 1074 qui
2298 1003 2615 1060 circumcidi
2645 1002 2864 1058 Galatas
2889 1004 3160 1068 volebant,
3191 1005 3689 1061 disseminaversnt

2096 1093 2201 1147 alia
2256 1092 2484 1147 Paulum
2535 1091 2714 1148 facere
2740 1133 2756 1159 ,
2791 1093 2896 1148 alia
2951 1097 3270 1164 praedicare,
3303 1105 3360 1151 et
3385 1113 3489 1153 suo
3518 1114 3690 1168 opere

2097 1181 2382 1236 destruere
2407 1197 2744 1247 sermonem,
2768 1183 2912 1252 quod
2941 1184 3034 1252 qui
3060 1185 3234 1255 legem
3260 1197 3535 1242 assereret
3559 1189 3692 1243 abo-

2098 1269 2272 1335 litam,
2301 1270 2418 1340 ipse
2446 1271 2780 1324 inveniretur
2804 1271 2860 1325 in
2883 1271 3021 1342 lege.
3050 1272 3203 1328 Hanc
3224 1275 3539 1343 opinionem
3559 1277 3689 1345 quia

2099 1374 2206 1415 non
2234 1369 2445 1430 poterat
2473 1361 2672 1417 Paulus
2714 1363 2857 1432 apud
2884 1379 3076 1418 omnes
3110 1380 3354 1434 praesens
3395 1368 3516 1437 ipse
3557 1368 3690 1422 sub-

2100 1460 2314 1506 vertere
2333 1450 2745 1522 (prohibebatur
2762 1453 2960 1524 quippe
2982 1455 3236 1520 vinculis,
3259 1472 3384 1525 quze
3396 1459 3469 1512 ob
3486 1456 3692 1512 Christi

2103 1542 2421 1613 martyrium
2451 1543 2790 1615 sustinebat),
2835 1546 3073 1616 seipsum
3113 1562 3210 1616 per
3245 1548 3460 1604 litteras
3488 1565 3692 1620 reprae-

2103 1639 2301 1696 sentat,
2333 1640 2388 1686 et
2417 1647 2484 1686 ne
2507 1633 2686 1703 aliqua
2728 1637 3020 1705 supposita:
3045 1637 3300 1706 Epistolaa
3325 1642 3572 1710 suspicio
3597 1659 3695 1696 na-

2105 1731 2374 1789 sceretur,
2397 1725 2466 1777 ab
2493 1725 2596 1780 hoc
2627 1726 2744 1781 loco
2765 1743 2937 1796 usque
2970 1728 3038 1783 ad
3064 1728 3227 1784 tinem
3255 1746 3421 1785 manu
3449 1749 3551 1786 sua
3582 1734 3698 1803 ipse

415 1795 821 1905 deuntem-ergo
861 1795 1128 1900 justitiam
1157 1795 1480 1882 indcticiens'
1513 1821 1792 1893 praemium
1823 1817 2005 1871 subse-
2035 1795 2078 1853 Β
2106 1817 2444 1886 perscripsit,
2480 1818 2774 1873 ostendens
2826 1821 3107 1889 superiora
3161 1823 3229 1876 ab
3281 1823 3392 1878 alio
3442 1834 3696 1880 exarata.

418 1940 634 2003 qnetur.
683 1927 1009 1981 Cohortatur
1051 1935 1145 1974 eos
1176 1918 1242 1972 ad
1289 1916 1533 1970 studium.
1561 1908 2000 1982 perseverantiae,

419 2023 513 2094 qui
541 2021 594 2076 in
640 2019 741 2073 hac
765 2017 874 2070 vita
912 2012 1215 2068 mercedem
1263 2008 1390 2062 boni
1432 2005 1610 2074 cperis
1661 2008 2002 2094 exspectant,

423 2091 727 2168 nescientes
755 2107 880 2178 quia
909 2106 1050 2160 sicut
1084 2103 1137 2156 in
1168 2099 1375 2154 semine
1414 2095 1560 2150 aliud
1581 2093 1826 2157 sationis,
1859 2091 2004 2145 aliud

425 2200 619 2256 messis
657 2204 742 2254 e'st
773 2207 984 2265 tempus
1012 2211 1026 2247 :
1058 2193 1139 2247 sic
1165 2199 1220 2246 et
1247 2190 1300 2243 in
1328 2186 1582 2258 praesenti
1613 2185 1724 2238 vita
1750 2182 2006 2238 sementis

425 2302 508 2349 est
534 2305 721 2361 opera,
761 2303 883 2358 quae
911 2300 1056 2340 nunc
1080 2283 1163 2338 vel
1213 2282 1266 2336 in
1303 2279 1497 2350 spiritu
1526 2277 1611 2332 vel
1649 2277 1703 2330 in
1723 2289 1893 2330 carne
1915 2288 2006 2328 se-

424 2391 637 2438 runtur.
695 2380 886 2437 ﬂessis
915 2392 1044 2432 vero
1081 2389 1308 2446 Operum
1338 2371 1577 2426 futurum
1621 2368 1886 2440 judicium
1909 2384 1926 2418 :
1954 2374 2010 2420 et

421 2474 686 2546 qualitate
711 2469 971 2527 sementis
1000 2467 1103 2539 [sic
1127 2474 1182 2520 et
1208 2465 1262 2519 in
1282 2461 1532 2534 praesenti
1560 2460 1670 2515 vita
1708 2467 2008 2515 sementem

424 2583 545 2626 esse
569 2579 733 2637 opera
758 2577 877 2634 qua:
898 2560 984 2616 vel
1011 2560 1066 2614 in
1091 2557 1283 2628 spiritu
1308 2554 1392 2611 vel
1432 2554 1486 2608 in
1517 2566 1682 2608 carne
1711 2557 2006 2613 metantur,

424 2671 660 2714 messem
686 2667 812 2708 vero
837 2650 1078 2706 futurum
1101 2646 1378 2717 judicium,
1416 2651 1472 2700 et
1508 2658 1608 2714 pro
1633 2641 1896 2712 qualitate
1925 2638 2010 2694 vel

424 2747 737 2804 diversitate
767 2743 1052 2807 sementis,
1077 2738 1211 2816 etc.]
1251 2739 1496 2794 diversas
1518 2751 1620 2792 nos
1644 2734 1824 2790 facere
1856 2749 2010 2790 men-

424 2854 600 2903 suras,
651 2835 1028 2897 centesimum,
1097 2829 1514 2902 sexagesimum,
1569 2833 1624 2879 ct
1672 2824 2010 2879 tricesimum

424 2929 699 2982 fructum:
735 2940 897 2995 quam
939 2929 1178 2994 segetem
1223 2933 1382 2976 nemo
1412 2923 1593 2988 potest
1639 2922 1844 2970 metere
1881 2915 2013 2970 deﬂ-

425 3017 595 3075 cicns.
630 3015 732 3083 Qui
780 3015 923 3070 enim
970 3012 1376 3084 perseveraverit
1425 3025 1586 3079 usque
1617 3007 1670 3061 in
1719 3005 1897 3075 ﬁnem,
1927 3005 2010 3058 hic

424 3106 601 3162 satvus
653 3104 750 3158 erit
812 3102 1026 3175 (Matth.
1083 3095 1160 3171 ι).
1197 3098 1366 3165 Quale
1415 3104 1500 3152 est
1553 3102 1757 3158 autem,
1798 3103 1857 3148 ut
1888 3109 2010 3149 cum

425 3204 740 3267 peccatores
787 3193 1030 3263 quotidie
1065 3191 1119 3246 in
1171 3189 1328 3243 malis
1381 3187 1633 3258 operibus
1689 3194 2011 3256 augeantur,

428 3299 530 3342 nos
557 3286 611 3339 in
640 3284 780 3338 bono
809 3296 971 3351 opere
1007 3277 1313 3334 lassemur?

505 3372 754 3444 Tempore
777 3372 916 3425 enim
946 3387 1042 3425 suo
1082 3379 1364 3432 metemus,
1397 3384 1498 3421 non
1525 3367 1842 3436 deﬁcientes.
1862 3367 2013 3424 Nunc

430 3478 645 3536 tempus
679 3462 980 3519 scmiuaudi
1024 3469 1127 3526 est,
1171 3475 1276 3514 non
1321 3459 1578 3513 metendi.
1610 3457 1727 3513 Non
1767 3475 1897 3531 ergo
1925 3460 2014 3515 hic

429 3567 676 3617 nostram
708 3556 1013 3613 mercedem
1047 3568 1356 3625 quaeramus
1406 3551 1684 3622 accipere,
1724 3566 1793 3605 ne
1835 3553 2014 3607 hieme

428 3661 619 3706 tenera
651 3648 820 3704 herba
849 3647 1074 3703 dimissa
1129 3645 1184 3700 in
1218 3645 1506 3716 przesenti,
1545 3651 1606 3698 ut
1658 3644 1853 3700 acerba
1904 3662 2012 3702 non

430 3738 639 3810 prosit,
665 3745 721 3793 et
747 3752 853 3792 non
881 3736 952 3790 sit
977 3734 1120 3806 quod
1152 3734 1206 3788 in
1254 3732 1434 3787 futuro
1489 3742 1743 3788 metatur.
1793 3734 2018 3791 Dicetur

431 3831 578 3886 enim
621 3829 810 3896 nobis,
849 3827 1134 3898 Rccepistis
1179 3825 1316 3880 bona
1351 3834 1523 3880 vestra
1565 3827 1622 3880 in
1667 3828 1772 3881 vita
1821 3837 2011 3882 vestra.

433 3921 498 3975 Et
541 3921 771 3987 iterum,
826 3927 1124 3990 receperunt
1171 3916 1460 3978 mercedem
1489 3933 1640 3971 suam
1691 3916 1844 3990 (Luc.
1888 3936 2010 3986 xvn,

434 4012 632 4068 Matth.
668 4013 744 4084 v).

506 4102 651 4174 Ergo
689 4103 813 4158 dum
851 4112 1052 4173 tempus
1085 4103 1370 4171 habemus,
1395 4121 1671 4176 operemur
1700 4106 1893 4161 bonum
1917 4108 2013 4167 ,ad

435 4209 633 4249 omnes.
650 4192 1181 4263 Tempussementis,
1197 4194 1528 4259 utdiximus,
1553 4204 1764 4266 tempus
1784 4204 1868 4252 est
1879 4211 2018 4266 prse-

437 4300 584 4351 sens,
607 4285 784 4340 etvita
805 4299 966 4354 quam
982 4286 1253 4342 currimus
1281 4305 1295 4340 :
1326 4287 1382 4341 in
1404 4287 1508 4342 hac
1537 4287 1665 4343 licet
1691 4288 1850 4343 nobis
1871 4290 2016 4358 quod

436 4375 684 4432 volumus
699 4375 1000 4442 seminare;
1029 4389 1151 4430 cum
1174 4375 1280 4430 ista
1295 4377 1404 4432 vita
1428 4377 1730 4445 transierit,
1753 4379 2016 4447 opersndi

437 4479 650 4556 tempus
676 4464 970 4520 auferetur.
1023 4464 1178 4521 Unde
1215 4474 1270 4520 et
1283 4465 1534 4522 Salvator
1559 4468 1675 4522 ait:
1704 4465 2011 4539 Operamini
2039 4497 2092 4556 Β

434 4557 560 4614 dum
581 4555 691 4612 dies
721 4565 816 4621 est,
851 4557 1015 4613 veniet
1049 4572 1184 4623 nos,
1228 4556 1442 4629 quando
1463 4557 1584 4626 jam
1611 4557 1796 4613 nullus
1821 4560 2010 4629 poterit

435 4648 644 4715 operari
667 4647 850 4720 (Joan.
876 4645 977 4720 ιι).

510 4737 565 4795 51
570 4741 742 4794 exime
767 4748 942 4810 autem
967 4739 1036 4794 ad
1066 4739 1375 4794 domesticos
1401 4740 1548 4810 ﬁdei.
1599 4741 1746 4808 Quos
1777 4742 1867 4797 hic
1893 4757 2012 4797 ore-

435 4831 668 4889 deudum
693 4839 800 4896 est,
827 4830 928 4885 nisi
957 4830 1295 4885 Christianos
1323 4831 1654 4902 signiﬁcari?
1680 4831 1814 4886 Nam
1837 4834 2013 4888 omni-

435 4923 538 4978 bus
557 4921 868 4977 hominibus
891 4929 947 4976 et
973 4919 1192 4986 Iudaeis,
1209 4930 1266 4975 et
1291 4922 1533 4993 paganis,
1565 4929 1728 4994 atque
1745 4925 2012 4980 Christia-

436 5015 523 5070 nis
542 5053 557 5080 ,
587 5021 644 5067 et
666 5011 855 5076 bonis,
895 5020 958 5068 et
984 5011 1173 5078 malis,
1215 5013 1603 5069 misericordiae
1645 5030 1782 5085 opus
1813 5015 2018 5083 impen-

434 5111 567 5164 dere
585 5107 846 5165 debemus
873 5121 891 5161 :
920 5123 988 5164 ne
1026 5107 1108 5163 eis
1129 5108 1273 5177 quod
1299 5107 1444 5163 Deus
1468 5123 1574 5162 non
1603 5117 1764 5179 negat
1791 5123 1891 5163 nos
1921 5123 2017 5162 ne-

435 5217 567 5272 gate
591 5200 875 5256 videamur
917 5217 931 5253 :
961 5197 1197 5253 maxime
1231 5208 1411 5253 tamen
1440 5197 1525 5252 his
1555 5199 1648 5268 qui
1687 5197 2014 5267 peculiarem

435 5291 718 5350 nobiscum
750 5289 1046 5347 Deo'lidem
1071 5290 1330 5344 exhibent
1367 5287 1706 5342 famulatum.
1751 5287 2016 5344 Omnibus

435 5383 582 5440 enim
602 5381 719 5454 pari
743 5382 1031 5439 dilectione
1043 5381 1154 5435 vita
1177 5388 1380 5435 aeterna
1401 5379 1636 5448 optanda
1655 5385 1756 5442 est,
1781 5378 2014 5455 sed.non

435 5474 689 5532 erunibus
709 5473 896 5530 eadem
925 5481 1150 5543 possunt
1177 5469 1426 5527 exhiberi
1467 5469 1775 5525 dilectionis
1814 5468 2011 5524 oﬂicia.

443 5566 664 5621 Videtur
693 5565 823 5620 mihi
847 5565 998 5622 locus
1026 5565 1128 5620 iste
1161 5579 1322 5634 posse
1355 5570 1412 5618 et
1438 5562 1807 5632 superioribus
1835 5562 2015 5618 cohae-

443 5670 586 5718 rere,
607 5665 666 5709 ut
694 5656 1019 5713 donnesticos
1049 5657 1173 5712 ﬁdei
1199 5657 1486 5726 magistros
1523 5655 1782 5719 nominet,
1815 5655 2014 5725 quibus

447 5759 608 5814 supra
632 5747 809 5798 omnia
838 5763 960 5814 qua:
986 5755 1245 5814 putantur
1267 5749 1405 5802 bona
1439 5746 1506 5804 ab
1535 5747 1872 5804 auditoribus
1901 5747 2015 5805 suis

2107 1908 2262 1976 Quod
2287 1917 2469 1964 autem
2495 1909 2596 1964 sub
2622 1911 2842 1965 nomine
2864 1909 2980 1978 ejus
3009 1928 3038 1965 a
3061 1911 3212 1968 falsis
3239 1913 3556 1970 doctoribus
3583 1917 3703 1987 epi-

2107 2000 2258 2055 stola:
2308 2001 2675 2068 mitterentur,
2706 2003 2774 2057 ad
2809 2002 3325 2060 Thessalonicenses
3355 2021 3576 2076 quoque
3606 2007 3704 2061 de—

2107 2101 2376 2147 monstrat
2401 2093 2649 2147 scribens
2687 2112 2700 2146 :
2731 2092 3001 2163 Rogamus
3023 2103 3199 2148 autem
3222 2111 3333 2158 vos,
3363 2096 3584 2166 fratres,
3607 2114 3707 2167 per

2108 2183 2389 2238 adventum
2419 2183 2635 2238 Domini
2660 2185 2825 2238 nostri
2852 2184 2981 2239 Iesu
3006 2183 3233 2251 Christi,
3262 2195 3309 2240 et
3340 2196 3535 2241 nostra
3580 2204 3710 2241 conv

2107 2276 2429 2346 gregationis
2449 2278 2503 2331 in
2531 2279 2701 2348 ipsum
2743 2288 2799 2332 ut
2824 2296 2929 2334 non
2966 2281 3068 2334 cito
3112 2282 3425 2336 moveamini
3463 2300 3498 2335 α
3525 2294 3710 2337 oestro

2107 2382 2296 2431 sensu,
2337 2384 2500 2438 neque
2525 2370 2852 2435 terreamini,
2883 2387 3047 2442 neque
3094 2389 3187 2442 per
3229 2373 3496 2444 spiritum,
3529 2391 3713 2445 neque

2109 2473 2201 2527 per
2221 2473 2535 2524 sermonem,
2564 2476 2726 2530 neque
2765 2477 2858 2531 per
2883 2461 3177 2532 Epistulam
3206 2473 3458 2535 tanquam
3478 2482 3580 2534 per
3611 2483 3715 2521 nos

2109 2548 2348 2614 missam,
2378 2549 2531 2619 quasi
2555 2548 2709 2604 instet
2734 2551 2846 2605 dies
2868 2544 3102 2619 Domini,
3127 2571 3190 2607 ne
3207 2555 3325 2624 quis
3348 2571 3436 2609 vos
3475 2556 3717 2610 seducet

2111 2635 2220 2690 ullo
2249 2639 2403 2691 modo
2431 2637 2517 2710 (ΙΙ
2542 2629 2692 2693 Thes.
2726 2638 2811 2712 ιι).
2841 2639 2908 2695 Et
2936 2650 2996 2696 ut
3019 2651 3187 2698 totam
3211 2643 3506 2714 Epistulam
3527 2660 3719 2715 quam

2111 2727 2362 2783 mittebat
2388 2743 2419 2782 a
2449 2730 2757 2800 suspicione
2777 2740 2997 2787 erueret
3018 2733 3294 2801 falsitatis,
3320 2751 3484 2790 manu
3512 2753 3625 2791 sua
3659 2739 3720 2793 in

2113 2816 2219 2872 ﬁne
2241 2818 2565 2888 subscripsit
2588 2820 2776 2876 dicens
2817 2839 2830 2874 :
2869 2821 3136 2877 Salutatio
3167 2842 3283 2879 mea
3311 2843 3470 2879 manu
3498 2824 3688 2882 Pauli
3703 2869 3723 2895 ,

2110 2909 2251 2978 quod
2273 2918 2347 2964 est
2374 2911 2583 2981 signum
2608 2912 2828 2966 inomni
2852 2912 3116 2984 Epistola.
3162 2914 3218 2971 Id
3265 2924 3368 2980 est,
3414 2918 3564 2986 quod
3613 2934 3726 2990 ap-

2114 3003 2268 3073 posui
2335 3020 2451 3058 mea
2510 3021 2671 3058 manu
2704 3045 2719 3071 ,
2796 3005 3085 3077 intelligite
3145 3022 3306 3077 quam
3371 3007 3728 3066 ﬁducialiter

2115 3097 2456 3168 scripserim,
2509 3106 2565 3153 et
2616 3098 2888 3154 neminem
2935 3099 3309 3169 pertimuerim
3336 3141 3351 3164 ,
3401 3101 3494 3169 qui
3541 3100 3724 3157 litte-

2120 3203 2208 3242 ras
2262 3202 2382 3242 mea
2439 3203 2602 3242 manu
2659 3188 2872 3258 scripsi.
2929 3187 3056 3244 Sive
3109 3193 3270 3259 o‘pera
3333 3189 3727 3259 intelligamus

2115 3279 2170 3334 in
2205 3279 2494 3344 manibus,
2552 3293 2715 3348 quam
2759 3280 2828 3335 ob
2870 3294 3088 3335 causam
3134 3280 3327 3336 crebro
3371 3289 3426 3335 et
3477 3282 3529 3334 in
3567 3297 3723 3351 pm-

2114 3371 2293 3439 phetis
2331 3371 2567 3436 dicitur,
2629 3368 2814 3424 Sermo
2873 3369 3084 3424 Domini
3136 3372 3226 3442 qui
3283 3371 3454 3440 factus
3507 3384 3595 3427 ess
3661 3377 3726 3431 iss

2114 3478 2276 3516 manu
2306 3462 2574 3527 Jercmiaa,
2610 3462 2725 3517 sive
2750 3461 2931 3533 Aggtei
2975 3478 2994 3516 :
3025 3469 3087 3516 ut
3111 3463 3178 3517 ad
3206 3463 3343 3517 hanc
3384 3462 3727 3521 similitudi-

2116 3568 2240 3608 nem
2269 3554 2323 3607 in
2346 3568 2509 3610 manu
2543 3567 2760 3624 quoque
2800 3552 2950 3608 Pauli
2979 3551 3181 3609 factum
3201 3553 3295 3609 Dei
3320 3555 3554 3610 sciamus
3581 3572 3725 3614 esse

2116 3659 2444 3700 sermonem.

2191 3735 2500 3807 Quicunque
2535 3738 2675 3791 enim
2697 3736 2877 3792 uolunt
2899 3737 3106 3810 placere
3131 3739 3187 3792 in
3217 3753 3391 3802 carne,
3426 3737 3484 3790 Ιιὶ
3504 3751 3722 3809 cogant

2116 3844 2206 3882 vos
2232 3827 2541 3882 circumcidi
2573 3843 2593 3880 :
2625 3838 2832 3884 tantum
2867 3839 2924 3884 ut
2949 3832 3120 3885 crucis
3156 3828 3350 3886 Christi
3383 3835 3722 3901 persecutio-

2117 3934 2236 3972 nem
2277 3935 2381 3972 non
2425 3920 2719 3990 patiantur.
2769 3919 2994 3974 Multum
3033 3923 3498 3990 persequebantur
3523 3920 3716 3978 Judai

2116 4023 2213 4064 eos
2239 4009 2331 4078 qui
2359 4009 2685 4065 videbantur
2717 4010 2976 4068 deserere
3022 4012 3246 4066 traditas
3284 4013 3488 4067 homini
3513 4015 3721 4070 obser-

2117 4102 2383 4166 vationes,
2415 4118 2556 4172 quos
2585 4103 2704 4173 ipse
2724 4119 2886 4173 quam
2914 4104 3099 4159 timeat
3125 4105 3258 4159 satis
3284 4105 3540 4169 ostendit,
3575 4123 3720 4164 cum

2120 4192 2256 4249 tales
2284 4193 2496 4249 litteras
2517 4194 2682 4250 etiam
2711 4210 2810 4249 sua
2835 4209 3002 4249 manu
3021 4196 3262 4250 scribere
3307 4196 3493 4250 voluit.
3527 4197 3723 4256 Docet

2118 4287 2248 4355 ergo
2291 4283 2544 4340 timorem
2580 4285 2758 4340 adhuc
2787 4285 2843 4339 in
2888 4286 3008 4340 istis
3039 4287 3276 4357 operari,
3307 4296 3562 4356 tanquam
3604 4294 3722 4348 sub

2118 4373 2237 4446 lege
2267 4376 2598 4442 constitutis,
2623 4377 2716 4448 qui
2736 4378 2806 4432 ad
2827 4379 3294 4434 circumcisionem
3316 4389 3506 4449 gentes
3531 4395 3722 4454 θυεμ

2120 4474 2263 4520 rent.
2308 4465 2376 4520 Et
2402 4466 2524 4521 ideo
2548 4469 2798 4537 superius
2822 4468 2937 4538 jam
2966 4470 3204 4524 ostendit
3228 4485 3292 4524 ex
3313 4484 3419 4539 quo
3450 4469 3573 4525 loco
3606 4489 3722 4530 sua

2117 4557 2497 4627 subscripserit
2516 4573 2698 4624 manu,
2717 4568 2773 4614 et
2794 4576 2939 4616 nunc
2959 4563 3089 4631 quid
3119 4563 3495 4634 subscripserit
3529 4567 3718 4636 repli-

2115 4657 2223 4702 cat.
2251 4647 2415 4704 Caius
2443 4647 2644 4717 Caesar,
2671 4660 2726 4706 et
2744 4650 3074 4709 Octavianus
3105 4656 3404 4725 Augustus,
3450 4666 3508 4710 et
3533 4656 3719 4716 Tibe—

2114 4743 2230 4794 rius
2265 4755 2549 4795 successor
2571 4741 2797 4812 Augusti
2838 4744 2986 4815 leges
3013 4748 3488 4818 promulgaverunt
3520 4757 3581 4802 ut
3617 4750 3722 4806 Ju-

2115 4831 2218 4886 daei
2249 4831 2344 4900 qui
2368 4842 2528 4888 erant
2567 4834 2623 4888 in
2649 4843 2763 4890 toto
2794 4835 3021 4902 Romani
3068 4838 3277 4908 imperii
3304 4840 3433 4894 orbe
3463 4840 3718 4911 dispersi

2117 4924 2337 4994 proprio
2365 4924 2473 4978 ritu
2505 4925 2768 4991 viverent,
2813 4935 2868 4981 et
2896 4927 3116 4981 Patrum
3144 4928 3482 4984 caeremoniis
3514 4933 3719 4988 descr-

2117 5015 2314 5070 virent.
2351 5015 2674 5087 Quicunque
2702 5018 2865 5088 igitur
2889 5019 3244 5075 circumcisus
3284 5028 3441 5085 erat,
3478 5019 3614 5077 licet
3655 5025 3716 5080 in

2119 5105 2394 5162 Christum
2432 5108 2713 5174 crederet,
2753 5109 2910 5178 quasi
2936 5108 3152 5165 Judaeus
3190 5110 3542 5167 habebatura
3569 5129 3699 5184 gen-

2119 5196 2282 5251 tibus.
2325 5196 2429 5263 Qui
2458 5212 2588 5253 vero
2620 5199 2826 5269 absque
2854 5199 3269 5258 circumcisione
3314 5219 3375 5259 se
3420 5220 3530 5260 non
3575 5221 3716 5262 esse

2121 5290 2364 5346 Judseum
2392 5292 2654 5362 praeputio
2688 5292 3038 5362 praeferebat,
3065 5299 3536 5366 persecutionibus
3585 5308 3716 5358 latr.

2124 5383 2404 5456 gentilium
2427 5399 2590 5453 quam
2618 5382 2924 5440 .ludreorum
2956 5385 3119 5442 ﬁebat
3143 5388 3429 5444 obnoxius.
3463 5388 3578 5444 Has
3607 5393 3717 5462 ἰδῇ

2121 5485 2210 5531 tur
2230 5475 2633 5546 persecutiones
2662 5476 2719 5531 hi
2757 5478 2850 5546 qui
2897 5476 3120 5534 Galatas
3147 5479 3510 5548 depravarant
3531 5479 3708 5537 decli-

2122 5581 2254 5621 nare
2266 5565 2564 5635 cupientcs,
2595 5566 3063 5623 circumcisionem
3080 5584 3178 5638 pro
3199 5570 3513 5626 defensione
3534 5571 3710 5628 disci-

2119 5655 2260 5726 pulis
2286 5656 2685 5725 persuadebant
2701 5697 2716 5722 ,
2746 5672 2907 5726 quam
2938 5674 3082 5714 nunc
3104 5660 3393 5729 Apostolus
3417 5659 3713 5717 conﬁden-

2125 5747 2256 5802 tiam
2271 5747 2325 5802 in
2355 5761 2517 5804 carne
2538 5756 2715 5813 vocat,
2741 5749 2882 5818 quod
2905 5749 3109 5806 scilicet
3131 5761 3237 5807 tam
3264 5752 3530 5824 gentibus,
3557 5765 3706 5823 quos
