3940 6180
255 312 359 367 900

1181 307 1434 364 ENARR.
1479 310 1544 364 IN
1587 307 1803 364 EPIST.
1850 308 1914 361 D.
1957 303 2163 359 PAULI
2201 305 2292 360 AD
2331 304 2576 360 GALAT.

3407 309 3510 364 910

256 428 537 489 timebant,
569 440 728 494 quam
773 422 1005 490 Iudicis,
1064 427 1262 494 quibus
1312 427 1564 481 volebant
1591 427 1818 496 placere,

1935 437 2040 476 non
2095 423 2328 491 appetit,
2385 422 2539 492 quasi
2584 431 2829 477 mortuus
2881 432 3152 480 mortuum
3199 439 3307 480 non
3337 435 3516 482 atten-

253 519 718 573 circumcisionem
761 518 813 572 in
860 522 1241 587 persecutione
1268 527 1650 590 proponerent.
1696 517 1831 572 Nam

253 625 352 663 nec
371 608 538 664 Judaei
568 611 820 680 prosequi
855 624 949 664 eos
974 619 1249 680 poterant,
1274 627 1374 665 nec
1407 611 1657 682 gentiles,
1695 623 1832 680 quos

250 701 506 756 videhaut
529 708 584 754 et
637 701 939 772 proselytos
984 702 1394 767 circumcidere,
1445 710 1500 758 et
1526 702 1672 772 ipsos
1697 699 1832 770 legis

246 800 517 862 prmcepta
545 806 785 846 servare.

319 883 506 952 Neque
534 882 669 936 enim
697 883 787 953 qui
829 883 1273 937 circumciduntur
1291 881 1455 954 legem
1494 875 1827 946 custodiunt;

246 973 340 1025 sed
368 971 546 1026 volunt
575 989 661 1026 vos
691 973 1014 1026 circumcidi.
1063 973 1158 1027 Vcl
1191 973 1238 1027 si
1283 972 1625 1028 circumcisio
1655 971 1829 1043 legem

249 1065 460 1119 faceret
503 1064 788 1129 custodiri,
818 1065 1023 1135 aliquid
1067 1065 1343 1120 videretur
1369 1065 1571 1120 habere
1603 1062 1829 1118 rationis

246 1159 353 1212 ista
382 1157 683 1227 persuasio,
709 1157 802 1211 sed
824 1164 1046 1228 propter
1069 1165 1340 1212 terrenam
1368 1155 1704 1222 felicitatem,
1741 1154 1828 1211 vel

243 1247 544 1315 cupiditate
572 1247 923 1316 adipiscendi,
951 1247 1036 1302 vel
1063 1263 1250 1302 amore
1275 1248 1575 1303 amittendi.
1602 1247 1669 1302 Et
1705 1247 1828 1302 ideo

243 1354 355 1393 non
393 1351 524 1391 vere
570 1338 880 1392 custodiunt
911 1355 924 1392 :
958 1340 1214 1408 quoniam
1249 1341 1484 1396 carnalis
1533 1341 1825 1412 cupiditas,

240 1445 350 1498 qua
378 1437 633 1498 peccator
656 1438 894 1485 mutatur
919 1432 1100 1500 potius
1143 1448 1306 1502 quam
1335 1441 1585 1504 augetur,
1614 1434 1824 1504 cupidi-

247 1527 358 1573 tate
395 1518 499 1572 alia
527 1534 631 1572 non
674 1529 894 1574 sanatur
923 1538 937 1576 :
969 1520 1095 1590 quia
1121 1521 1250 1576 facit
1279 1537 1374 1579 eos
1402 1525 1637 1579 carnalis
1668 1526 1830 1580 timor

243 1617 300 1663 et
330 1609 600 1678 cupiditas
631 1625 817 1665 servos
856 1611 947 1680 qui
987 1612 1281 1668 carnaliter
1317 1623 1512 1670 cuncta
1537 1615 1830 1670 observare

244 1715 302 1754 se
343 1699 591 1754 credunt.
642 1700 794 1755 Unde
849 1702 952 1755 hoc
1010 1711 1097 1758 est
1153 1719 1316 1760 omne
1370 1705 1514 1774 quod
1571 1707 1822 1772 student,

1935 513 2032 566 dit.
2071 513 2207 580 Quia
2259 514 2424 583 igitur
2467 529 2566 569 nec
2615 514 2812 570 Paulus
2847 517 3029 571 mundi
3083 517 3312 588 gloriam
3366 533 3514 588 quae-

1936 604 2129 669 rebat,
2171 619 2270 658 nec
2301 620 2331 658 a
2362 605 2547 660 mundi
2587 606 2758 676 gloria
2803 608 2914 676 ipse
2952 609 3326 676 quaerebatur,
3366 617 3420 665 et
3457 626 3518 666 se

1933 695 2134 750 mundo
2178 702 2232 750 ct
2287 695 2547 750 mundum
2608 697 2711 752 sibi
2773 698 3093 754 crucifixum
3154 713 3274 754 esse
3323 699 3519 771 gloria-

1935 791 2039 838 tur.
2078 783 2231 852 Quod
2283 786 2411 856 quia
2449 787 2606 840 multi
2651 796 2930 857 appetunt,
2963 789 3057 844 sed
3106 798 3286 844 tamen
3344 807 3518 862 usque

1932 874 2000 929 ad
2023 874 2239 930 culmen
2273 875 2657 931 exstinctionis
2685 877 3010 933 omnimodae
3039 894 3146 933 non
3190 889 3514 952 assurgunt,

1931 965 2052 1021 ideo
2075 965 2151 1020 ait
2184 983 2198 1019 ε

2001 1055 2069 1110 In
2097 1054 2306 1111 Christo
2361 1059 2498 1112 enim
2552 1058 2682 1113 Jesu
2738 1076 2902 1132 neque
2954 1061 3283 1116 circumcisio
3313 1061 3516 1134 aliquid

1930 1145 2088 1211 valet,
2113 1164 2276 1218 neque
2301 1151 2634 1220 prwputium.
2663 1148 2778 1205 Hoc
2800 1158 3046 1220 tempore
3077 1166 3256 1220 neque
3281 1153 3517 1209 circum-

1930 1236 2063 1291 cisio
2093 1238 2347 1306 prodest,
2385 1253 2558 1308 neque
2589 1241 2914 1310 praeputium
2945 1249 3133 1306 nocet,
3173 1243 3267 1296 sed
3292 1244 3396 1298 hoc
3425 1259 3517 1299 so-

1930 1326 2038 1381 lum
2066 1328 2334 1397 prodest:
2382 1327 2439 1383 Si
2484 1329 2606 1399 quis
2641 1338 2862 1384 renatus
2913 1345 3051 1384 nova
3099 1331 3516 1388 circumcisione

1931 1427 2132 1473 utatur.
2162 1418 2598 1476 Servathocloco
2611 1420 2901 1491 Apostolus
2921 1437 3093 1491 usque
3109 1423 3164 1476 in
3180 1422 3340 1477 ﬁnem
3365 1424 3514 1478 illam

1929 1508 2374 1576 indifferentiam,
2408 1525 2475 1566 ne
2492 1512 2614 1582 quis
2641 1528 2766 1567 eum
2793 1521 3011 1583 putaret
3037 1513 3121 1567 vel
3158 1514 3214 1568 in
3242 1515 3514 1569 Timothei

1929 1600 2346 1658 circumcisione
2367 1603 2622 1659 simulate
2654 1604 2858 1674 aliquid
2889 1606 3084 1676 egisse,
3129 1604 3215 1660 vel
3254 1606 3306 1660 in
3335 1606 3515 1676 cujus-

1929 1705 2091 1760 quam
2134 1706 2316 1762 agere,
2353 1692 2400 1746 si
2427 1691 2566 1747 forte
2591 1693 2772 1762 aliqua
2803 1693 2924 1750 talis
2971 1709 3135 1749 causa
3188 1695 3509 1750 exstitisset.

243 1791 392 1861 quod
441 1799 609 1859 agunt
630 1831 644 1853 ,
679 1793 821 1861 quod
865 1792 1114 1848 nituntur
1140 1835 1155 1860 ,
1200 1805 1259 1850 ut
1303 1796 1445 1864 apud
1491 1795 1706 1853 Iudaeos
1758 1798 1826 1853 de
1853 1784 1900 1844 B
1929 1784 2180 1842 Ostendit
2202 1790 2346 1843 enim
2369 1803 2475 1842 non
2499 1789 2679 1857 ipsam
2705 1790 3173 1845 circumcisionem
3200 1789 3394 1845 ulcesse
3415 1789 3514 1844 ali-

243 1888 431 1958 vestra
489 1880 666 1934 carnis
728 1881 922 1952 injuria
971 1883 1271 1953 glorientur
1323 1895 1380 1942 et
1421 1887 1675 1959 jactitent
1727 1903 1826 1943 suo

243 1979 433 2042 gentes
476 1972 788 2042 magisterio
839 1974 1210 2032 circumcisos.
1255 1977 1368 2034 Hoc
1417 1989 1599 2036 autem
1653 1988 1823 2035 totum

242 2066 452 2120 faciunt
497 2075 554 2120 ut
594 2066 794 2123 ludatis
843 2069 1136 2138 placeant,
1195 2082 1250 2126 et
1296 2083 1641 2145 expugnante
1689 2075 1824 2148 legis

242 2155 446 2214 invidia
470 2159 858 2229 conquiescant
878 2161 958 2233 [et
977 2174 1293 2234 expugnatae
1315 2165 1446 2236 legis
1471 2169 1667 2223 invidia
1695 2185 1824 2225 con-

240 2249 574 2322 quiescant].
599 2248 724 2304 Sive
743 2251 902 2307 aliter
927 2271 939 2304 :

316 2339 503 2411 Neque
537 2340 676 2394 enim
721 2342 811 2411 qui
843 2342 1290 2398 circumciduntur
1311 2343 1473 2415 legem
1497 2349 1817 2404 custodiunt.

234 2431 396 2486 Illam
425 2432 572 2487 enim
614 2433 744 2488 dicit
784 2433 1199 2489 custoditionem
1229 2435 1384 2503 legis,
1419 2453 1526 2492 non
1553 2439 1818 2503 occidere,

233 2537 348 2577 non
374 2522 660 2588 mmchari,
695 2538 804 2577 non
828 2522 1020 2578 falsum
1049 2525 1417 2579 testimonium
1444 2526 1647 2593 dicere,
1679 2537 1733 2582 et
1775 2530 1822 2585 si

230 2626 345 2681 qua
401 2611 608 2666 homini
650 2612 717 2667 ad
747 2614 920 2669 bonos
958 2628 1137 2670 mores
1164 2616 1437 2685 pertinere
1471 2617 1821 2675 manifestum

229 2710 350 2766 est;
389 2702 521 2772 quia
548 2703 650 2758 nisi
677 2704 944 2760 charitate
972 2715 1028 2761 et
1061 2721 1156 2777 spe
1191 2707 1457 2763 bonorum
1492 2717 1821 2766 aeternorum

225 2809 356 2864 qum
385 2807 491 2862 per
528 2794 686 2851 fidem
715 2797 1074 2867 accipiuntur,
1119 2799 1332 2871 impleri
1364 2817 1472 2856 non
1506 2817 1666 2872 posse
1705 2802 1820 2872 jam

228 2881 448 2937 dictum
479 2892 580 2939 est.

306 2970 382 3025 Ut
425 2973 478 3026 in
517 2991 675 3029 carne
712 2986 883 3032 vestra
920 2979 1228 3048 glorientur.
1273 2984 1330 3039 Id
1358 2992 1476 3050 est,
1509 2993 1569 3040 ιιι
1596 3001 1704 3041 non
1734 3001 1822 3042 so-

229 3062 346 3118 lum
372 3078 484 3118 non
505 3066 782 3135 patiantur
810 3074 1238 3138 persecutionem
1263 3091 1292 3130 a
1312 3074 1528 3145 Judzeis,
1555 3079 1646 3148 qui
1672 3080 1818 3136 nullo

232 3155 402 3210 modo
431 3154 681 3212 ferebant
705 3159 1101 3220 incircumcisis
1124 3165 1294 3234 legem
1319 3170 1508 3238 prodi,
1541 3172 1634 3226 sed
1655 3172 1819 3226 etiam

227 3248 542 3318 glorientur
579 3251 722 3320 apud
772 3267 902 3319 eos,
937 3257 1079 3324 quod
1121 3261 1474 3322 tammultos
1517 3263 1820 3334 proselytos

227 3339 490 3394 fecerint.
539 3340 610 3396 Ut
665 3343 810 3398 enim
862 3361 1032 3402 unum
1076 3349 1407 3422 proselytum
1437 3352 1683 3408 facerent
1719 3353 1818 3410 Ju-

221 3432 352 3498 daei,
381 3449 540 3489 mare
586 3444 640 3491 et
681 3445 883 3494 terram
929 3456 1024 3498 eos
1063 3444 1299 3503 circuire
1337 3447 1512 3506 solere
1557 3451 1820 3510 Dominus

225 3522 367 3592 dixi}
405 3525 629 3596 (Matth.
674 3530 854 3602 χχιιι).

297 3614 441 3671 ΔΗΙιὶ
471 3626 652 3672 autem
684 3620 817 3674 absit
845 3621 1100 3692 gloriari,
1150 3628 1254 3682 nisi
1307 3629 1359 3684 in
1406 3648 1562 3688 cruce
1605 3633 1818 3691 Domini

222 3704 393 3757 nostri
419 3703 558 3759 Iesu
586 3704 813 3774 Christi,
837 3727 930 3780 per
947 3727 1100 3782 quem
1127 3715 1256 3768 mihi
1276 3719 1501 3774 mundus
1531 3722 1817 3792 cruciﬁxus

219 3802 318 3859 est,
353 3804 402 3848 et
431 3812 537 3866 ego
573 3798 791 3854 mundo.
824 3799 940 3856 Non
973 3802 1029 3857 in
1057 3806 1273 3874 propria
1309 3807 1521 3876 iustitia
1546 3852 1561 3876 ,
1612 3813 1698 3869 vel
1727 3815 1819 3872 do.-

217 3885 395 3941 ctrina
423 3928 438 3952 ,
486 3889 590 3942 sed
613 3888 667 3943 in
698 3888 803 3946 {ide
823 3893 1004 3948 crucis
1025 3910 1124 3964 per
1148 3911 1310 3966 quam
1333 3899 1463 3954 mihi
1483 3902 1664 3957 omnia
1691 3918 1816 3973 pec-

216 3982 338 4029 cata
375 3976 614 4032 dimissa
643 3987 788 4034 sunt.
823 3981 894 4037 Ut
926 3999 1027 4053 ego
1055 3987 1258 4042 mundo
1297 4003 1559 4055 morerer,
1587 3998 1648 4045 ut
1690 4007 1814 4048 eum

217 4079 322 4121 non
372 4075 627 4136 teneam,
658 4070 711 4124 id
741 4080 844 4137 est,
895 4082 956 4128 ut
1001 4090 1175 4145 neque
1200 4078 1430 4134 mundus
1459 4080 1589 4135 mihi
1618 4097 1816 4140 nocere

214 4159 420 4226 possit,
448 4175 640 4230 neque
661 4177 760 4232 ego
789 4165 855 4220 de
877 4167 1079 4222 mundo
1106 4169 1309 4239 aliquid
1326 4172 1562 4241 cupiam.
1595 4173 1696 4242 Qui
1717 4191 1817 4232 au-

215 4255 322 4302 tem
369 4251 424 4306 in
469 4267 648 4308 cruce
685 4253 885 4310 Christi
915 4256 1193 4328 gloriatur,
1229 4275 1334 4316 non
1362 4262 1474 4318 vult
1508 4263 1722 4334 placere
1757 4267 1812 4322 in

214 4351 400 4406 carne,
424 4342 567 4412 quia
594 4346 997 4413 persecutiones
1025 4349 1318 4405 carnalium
1343 4367 1450 4408 non
1475 4354 1648 4420 timet,
1677 4371 1814 4426 quas

215 4430 387 4497 prior,
447 4442 512 4487 ut
556 4433 998 4505 cruciﬁgeretur,
1031 4439 1120 4494 ille
1171 4442 1454 4510 sustinuit,
1482 4453 1546 4500 ut
1587 4448 1812 4519 vestigia

221 4532 315 4573 sua
369 4521 720 4578 sectantibus
779 4526 1046 4594 praeberet
1095 4531 1419 4600 exemplum.
1473 4533 1600 4591 Sive
1651 4537 1813 4594 aliter

221 4612 457 4668 mundus
487 4613 541 4667 ei
601 4613 892 4670 crucifixus
937 4615 1134 4684 fuerat,
1167 4621 1292 4690 quia
1343 4623 1489 4680 hunc
1534 4627 1684 4683 cordi
1713 4645 1812 4684 suo

213 4695 326 4765 jam
359 4709 644 4756 mortuum
686 4718 792 4759 non
829 4707 1082 4762 amabat:
1118 4711 1210 4776 sed
1243 4721 1298 4766 et
1328 4728 1386 4768 se
1414 4714 1586 4784 ipsum
1611 4721 1812 4776 mundo

219 4789 600 4860 crucifixerat,
626 4793 750 4862 quia
784 4795 946 4849 talem
976 4811 1034 4852 se
1056 4798 1103 4852 ei
1127 4801 1380 4857 exhibere
1409 4805 1634 4871 studuit,
1661 4817 1721 4862 ut
1744 4811 1811 4866 ab

219 4890 281 4929 eo
309 4880 467 4947 quasi
523 4889 773 4937 mortuus
822 4883 1125 4954 concupisci
1164 4903 1267 4942 non
1325 4892 1514 4959 possit.
1574 4892 1629 4948 Si
1665 4897 1810 4955 enim

220 4981 326 5021 uno
351 4969 406 5023 in
441 4970 569 5026 loco
605 4970 714 5025 sint
745 4981 990 5030 mortuus
1034 4984 1089 5031 et
1134 4979 1354 5046 vivens,
1397 4991 1451 5037 et
1480 4984 1525 5039 si
1567 4996 1812 5045 mortuus

219 5057 398 5113 vivum
425 5077 537 5116 non
568 5061 748 5127 videt,
795 5064 950 5120 vivus
979 5075 1158 5122 tamen
1209 5080 1482 5128 mortuum
1534 5075 1700 5131 videt.
1748 5076 1808 5134 Si

219 5162 346 5205 vero
376 5153 608 5223 utrique
631 5162 757 5207 sunt
781 5156 1000 5222 mortui,
1044 5157 1180 5214 alter
1201 5160 1429 5217 alterum
1460 5181 1806 5238 nequaquam

218 5237 384 5293 videt.
413 5240 497 5296 Ita
522 5241 620 5312 qui
644 5241 757 5313 jam
788 5246 1046 5301 mundum
1077 5264 1184 5304 non
1205 5260 1386 5318 amat,
1415 5255 1509 5310 sed
1535 5237 1712 5313 tamen
1739 5261 1808 5315 ab

219 5324 308 5382 illo
334 5346 444 5385 non
477 5333 677 5388 videns
698 5343 913 5389 amatur
935 5377 949 5402 ,
987 5345 1043 5392 et
1067 5338 1181 5410 ipse
1205 5343 1354 5397 velut
1387 5354 1633 5402 mortuus
1654 5365 1807 5406 mun-

219 5413 343 5468 dum
375 5433 487 5473 non
520 5420 674 5475 videt
706 5441 717 5476 :
751 5422 895 5480 hunc
946 5433 1123 5482 tamen
1173 5432 1404 5488 mundus
1451 5434 1626 5491 adhuc
1665 5454 1810 5493 mor-

219 5512 340 5563 tuus
368 5510 541 5566 videt.
583 5510 644 5568 Si
683 5529 815 5571 vero
837 5532 939 5572 nec
963 5517 1152 5589 ipsein
1188 5537 1373 5579 amore
1400 5527 1656 5582 mundum
1685 5531 1808 5584 reti-

217 5607 325 5665 net,
366 5617 472 5658 nec
503 5619 724 5661 rursum
753 5623 782 5662 a
810 5610 992 5664 mundi
1021 5625 1204 5666 amore
1229 5615 1524 5684 retinetur,
1565 5619 1802 5675 vicissim

216 5687 314 5744 sibi
345 5701 586 5765 uterque
611 5700 862 5756 exstincti
891 5711 1034 5762 sunt,
1066 5704 1189 5772 quia
1226 5704 1350 5760 dum
1396 5708 1532 5762 alter
1571 5709 1801 5766 alterum

1848 3139 1892 3202 C

1931 1879 2061 1949 quid
2090 1879 2454 1943 credentibus,
2487 1879 2582 1935 sed
2611 1895 2760 1949 spem
2798 1881 2988 1936 salutis
3015 1881 3070 1935 in
3100 1881 3296 1962 talibus
3320 1883 3512 1938 obser-

1929 1973 2235 2028 vationibus
2266 1973 2582 2028 constituta.
2615 1972 2753 2027 Nam
2782 1980 2836 2027 et
2871 1971 3098 2029 Actibus
3142 1975 3512 2045 apostolorum

1929 2062 2034 2117 hoc
2084 2061 2246 2117 modo
2283 2061 2639 2117 inveniuntur
2669 2061 2743 2117 illi
2782 2063 3253 2118 circumcisionem
3285 2079 3514 2134 persua-

1929 2152 2057 2207 dere
2076 2193 2090 2217 ,
2115 2160 2176 2206 ut
2201 2151 2361 2207 aliter
2383 2166 2479 2208 eos
2501 2152 2591 2222 qui
2619 2166 2687 2207 ex
2722 2153 2973 2222 gentibus
3000 2154 3359 2222 crediderant,
3407 2155 3514 2209 sal-

1927 2260 2023 2299 vos
2076 2245 2195 2300 ﬁeri
2247 2252 2448 2317 negent
2499 2260 2680 2317 posse.
2734 2244 2854 2301 Non
2902 2262 3031 2317 ergo
3079 2248 3251 2319 ipsius
3290 2249 3471 2320 operis
3495 2289 3510 2314 ,

1927 2337 2022 2390 sed
2073 2335 2237 2404 hujus
2295 2335 2502 2392 erroris
2557 2336 2855 2408 perniciem
2915 2338 3112 2394 refellit
3174 2339 3465 2410 Apostolus
3494 2381 3511 2406 ,

1927 2439 2051 2478 cum
2096 2425 2230 2480 dicit
2270 2443 2282 2478 :
2331 2425 2514 2497 Neque
2549 2428 2880 2482 circumcisio
2929 2429 3132 2501 aliquid
3184 2439 3301 2495 est,
3349 2448 3513 2504 neque

1928 2515 2264 2583 prmputium.

2000 2604 2107 2662 Sed
2141 2624 2272 2662 nava
2303 2617 2569 2664 creatura.
2612 2608 2820 2665 Novam
2847 2618 3154 2666 creaturam
3182 2613 3312 2669 dicit
3342 2615 3511 2670 vitam

1927 2713 2123 2754 novam
2151 2713 2250 2768 per
2273 2699 2433 2755 ﬁdem
2457 2699 2584 2756 Iesu
2608 2700 2834 2765 Christi,
2859 2701 2914 2756 in
2947 2717 3052 2771 qua
3083 2718 3220 2757 nova
3261 2714 3512 2762 creatura

1928 2787 2402 2860 transﬁgurabitur
2422 2804 2618 2861 corpus
2639 2789 2962 2845 humilitatis
2982 2799 3180 2846 nostrae
3201 2793 3510 2865 conﬁgura-

1929 2890 2043 2936 tum
2059 2883 2271 2952 corpori
2286 2883 2552 2940 claritatis
2573 2884 2798 2951 Christi,
2822 2899 2945 2940 cum
2966 2893 3151 2942 vetera
3169 2887 3508 2954 transierint,

1925 2979 1983 3028 ct
2005 2971 2147 3028 facta
2171 2974 2374 3031 fuerint
2396 2975 2577 3031 omnia
2606 2991 2764 3032 nova.

1997 3064 2067 3118 Et
2095 3067 2390 3138 quicunque
2436 3066 2572 3122 hanc
2602 3067 2840 3138 regulam
2884 3077 3191 3138 sequuntur,
3222 3086 3328 3140 pax
3355 3087 3512 3141 super

1923 3154 2068 3223 illos,
2096 3165 2145 3212 et
2166 3157 2560 3224 misericordia,
2585 3167 2632 3211 et
2663 3175 2820 3229 super
2843 3157 3016 3212 Israel
3044 3158 3163 3214 Dei.
3192 3159 3248 3213 Id
3273 3169 3376 3225 est,
3414 3175 3509 3215 eos

1925 3248 2018 3318 qui
2046 3262 2174 3304 vere
2201 3249 2269 3304 ad
2298 3249 2561 3305 visionem
2594 3250 2691 3304 Dei
2717 3259 3112 3321 praeparantur,
3142 3269 3250 3308 non
3285 3254 3376 3323 qui
3404 3269 3503 3308 vo-

1923 3346 2118 3392 cantur
2141 3337 2245 3393 hoc
2270 3339 2488 3394 nomine
2515 3347 2569 3393 et
2592 3340 2797 3394 carnali
2825 3341 3068 3396 caecitate
3097 3342 3280 3398 videre
3328 3345 3502 3400 Deum

1922 3425 2129 3487 nolunt,
2166 3427 2381 3497 quando
2407 3428 2638 3498 gratiam
2685 3425 2802 3496 ejus
2831 3439 3149 3501 reSpuentes
3170 3473 3186 3498 ,
3218 3433 3361 3488 servi
3387 3448 3510 3490 esse

1921 3527 2225 3590 temporum
2250 3517 2490 3588 cupiunt.
2522 3519 2616 3574 Dei
2643 3536 2773 3576 vero
2799 3520 2965 3578 Israel
2988 3523 3166 3578 dictus
3191 3532 3275 3578 est
3304 3526 3371 3578 ad
3400 3524 3508 3580 dis-

1921 3608 2236 3663 tinctionem
2271 3608 2388 3678 ejus
2430 3609 2522 3679 qui
2552 3609 2647 3663 Dei
2677 3609 2844 3665 Israel
2873 3624 2993 3664 esse
3016 3612 3271 3666 cessavit.
3308 3613 3506 3668 Dicunt

1920 3698 2062 3751 enim
2089 3712 2146 3752 se
2176 3713 2296 3754 esse
2326 3696 2558 3766 Iudaeos,
2585 3708 2640 3754 et
2668 3716 2776 3756 non
2804 3707 2932 3756 sunt
2965 3718 2978 3754 :
3013 3701 3107 3755 sed
3141 3703 3500 3767 mentiuntur,

1919 3802 2043 3843 cum
2074 3787 2183 3841 sint
2213 3788 2279 3842 de
2306 3803 2574 3858 synagoga
2605 3788 2841 3844 Satanze.
2871 3789 2981 3843 Nec
3013 3791 3318 3846 mirandum
3348 3803 3431 3848 est
3455 3795 3502 3848 si

1919 3876 1988 3931 ad
2007 3874 2409 3931 distinctionem
2442 3875 2703 3946 spiritalis
2723 3876 2886 3932 Israel
2917 3879 3154 3934 carnalis
3173 3879 3338 3935 Israel
3369 3883 3502 3937 dici-

1919 3974 2023 4027 tur,
2054 3965 2146 4034 qui
2179 3980 2282 4020 nec
2303 3965 2742 4036 pacchiabeat,
2789 3982 2890 4023 nec
2945 3970 3402 4040 misericordiam,
3434 3977 3503 4029 de

1918 4070 2026 4125 quo
2055 4063 2112 4112 et
2134 4055 2202 4110 ad
2227 4054 2540 4114 Corinthios
2569 4058 2827 4114 scribitur
2861 4078 2873 4112 :
2907 4057 3089 4116 Videte
3124 4061 3297 4118 Israel
3319 4083 3504 4122 secun-

1917 4145 2042 4199 dum
2071 4163 2280 4200 carnem
2312 4145 2373 4219 (Ι
2402 4147 2523 4203 Cor.
2554 4148 2630 4218 ιι).

1985 4237 2065 4292 De
2091 4247 2277 4293 ccetero
2301 4256 2450 4293 nemo
2472 4239 2600 4294 mihi
2627 4241 2872 4296 molestus
2900 4244 2986 4299 sit.
3059 4243 3230 4301 Nemo
3271 4263 3356 4301 me
3383 4263 3498 4302 am-

1916 4326 2055 4396 plius
2081 4328 2401 4399 interroget,
2439 4330 2593 4398 quasi
2618 4330 2869 4386 dubitans
2913 4347 2926 4385 :
2959 4349 3174 4390 omnem
3213 4337 3354 4391 enim
3381 4336 3495 4407 jam

1917 4422 2139 4494 exposui
2178 4423 2481 4478 veritatem.
2561 4422 2767 4478 Idcirco
2791 4424 2894 4480 hoc
2917 4426 3050 4482 dicit
3082 4430 3206 4498 quia
3231 4447 3336 4485 non
3369 4425 3496 4487 'vuIt

1841 4490 1890 4549 D
1915 4490 2012 4585 per
2060 4515 2396 4570 turbulentas
2440 4516 2812 4570 contentiones
2861 4518 3077 4572 taedium
3099 4490 3221 4574 -sibi
3253 4519 3367 4575 fieri
3399 4523 3494 4578 de-

1912 4607 2040 4662 bere
2069 4617 2327 4678 quantum
2352 4608 2488 4664 satis
2519 4616 2638 4664 erat
2685 4610 2925 4679 exposita
2970 4612 3193 4668 materia
3225 4628 3346 4668 cum
3375 4611 3490 4683 jam

1913 4697 1968 4751 in
2009 4695 2245 4767 Epistula
2271 4713 2432 4769 quam
2455 4699 2523 4753 ad
2544 4697 2816 4756 Romanos
2841 4701 3074 4773 scripsit,
3133 4710 3245 4758 tum
3291 4705 3342 4758 in
3388 4704 3491 4760 hac

1913 4803 2047 4859 ipsa.

1984 4898 2098 4971 Ego
2119 4905 2256 4956 enim
2276 4903 2522 4974 stigmata
2533 4904 2661 4960 Iesu
2682 4909 2739 4963 in
2756 4923 2970 4975 corpore
2984 4926 3097 4963 meo
3110 4919 3280 4978 porto.
3304 4911 3360 4966 Id
3383 4922 3485 4977 est,

1913 5006 2013 5060 ego
2045 4993 2194 5064 signa
2225 5003 2280 5049 et
2309 4997 2676 5062 characteres,
2729 5014 2834 5054 non
2881 5001 3342 5070 circumcisiouis,
3392 5007 3487 5060 sed

1912 5085 2091 5140 crucis
2145 5099 2243 5154 per
2294 5086 2600 5155 passionem
2639 5089 2692 5142 in
2719 5105 2946 5159 corpore
2979 5107 3099 5147 meo
3136 5093 3484 5158 circumfero,

1910 5180 1966 5227 et
1991 5173 2175 5243 plagas
2218 5173 2300 5229 vel
2347 5173 2719 5246 ﬂagella,qute
2767 5188 2988 5249 propter
3035 5179 3306 5237 Christum
3366 5199 3485 5240 sus-

1914 5264 2075 5327 tineo,
2132 5274 2186 5320 et
2227 5265 2404 5322 habeo
2442 5266 2579 5322 alios
2607 5266 2905 5334 conﬂictus,
2959 5277 3014 5324 et
3041 5273 3336 5328 certamina
3359 5289 3483 5331 cum

1912 5371 2075 5411 carne
2124 5371 2241 5410 mea
2272 5396 2286 5421 ,
2337 5372 2457 5426 quae
2511 5358 2565 5411 in
2617 5359 3083 5427 persecutionibus
3133 5379 3268 5433 quas
3310 5369 3487 5436 patior

1912 5461 2120 5501 mecum
2170 5445 2448 5500 dimicant.
2534 5446 2800 5519 Stigmata
2839 5450 2983 5504 enim
3043 5451 3294 5510 dicuntur
3345 5467 3486 5513 nota;

1908 5533 2151 5604 quadam
2174 5549 2452 5603 pcenarum
2493 5536 2790 5604 servilium,
2815 5549 2874 5593 ut
2899 5541 2944 5595 si
2965 5544 3090 5612 quis
3121 5546 3270 5601 verbi
3306 5550 3479 5618 gratia

1914 5638 2101 5679 servus
2123 5624 2176 5677 in
2211 5626 2556 5694 compedibus
2585 5626 2748 5683 fuerit
2781 5640 3002 5702 propter
3046 5651 3264 5703 noxam,
3305 5638 3356 5693 id
3379 5651 3484 5706 est,

1909 5722 2126 5784 propter
2145 5714 2376 5784 culpam,
2424 5716 2505 5770 vel
2524 5716 2827 5788 huiusmodi
2857 5723 3056 5794 aliquid
3075 5741 3269 5796 passus
3298 5728 3480 5794 fuerit,
