3922 6180
500 319 594 377 9ἶί

1565 307 1841 364 CLAUDII
1880 303 2346 363 TAURINENSIS
2384 300 2696 360 EPISCOPI

3598 316 3682 372 9ιῖ

497 426 769 502 stigmata
796 427 997 482 habere
1026 425 1257 480 dicatur.
1316 422 1392 478 Et
1414 424 1533 479 ideo
1556 423 1611 477 in
1629 421 1755 490 jure
1791 422 2085 477 manumis—
2189 421 2416 476 lationes
2456 436 2564 476 non
2592 420 2641 475 ei
2667 418 2920 476 valebant
2945 420 3014 476 ad
3039 423 3335 492 perniciem,
3366 427 3453 482 sed
3485 431 3544 484 ad
3567 447 3691 491 com.

498 522 670 579 sionis
704 516 979 574 inferioris
1012 524 1096 571 est
1139 514 1364 571 ordinis.
1419 514 1574 571 Nunc
1620 530 1749 587 ergo
1798 513 2088 586 Apostolus

497 607 752 684 stigmata
799 608 968 663 voluit
1027 607 1321 680 appellare,
1375 607 1531 677 quasi
1586 616 1746 662 notas
1801 619 2086 678 poenarum

497 707 564 762 de
586 699 1056 776 persecutionibus
1080 714 1216 770 quas
1268 700 1595 771 patiebatur.
1624 697 1850 769 Propter
1870 699 2081 768 culpam

495 795 640 849 enim
684 793 1081 866 persecutionis
1128 808 1234 864 qua
1284 803 1602 865 persecutus
1649 805 1771 850 erat
1817 794 2086 850 Ecclesias

495 883 722 949 Christi,
749 885 866 939 bzcc
911 880 1023 939 sibi"
1059 884 1285 940 retribui
1314 892 1664 956 cognoverat,
1692 882 1833 940 sicut
1873 884 1943 941 ab
1969 883 2086 955 ipso

497 974 727 1030 Domino
752 976 958 1031 dictum
979 985 1065 1041 est
1086 976 1331 1040 Ananiae,
1363 975 1650 1030 cumidem
1675 975 1823 1029 illum
1846 970 2087 1028 Ananiae

502 1074 755 1137 tanquam
802 1074 1210 1135 persecutorem
1268 1065 1701 1121 Christianorum
1745 1064 2083 1121 formidaret.

499 1155 615 1229 Ego
642 1156 722 1212 illi
749 1156 1042 1224 ostendam,
1079 1157 1274 1228 inquit,
1307 1170 1426 1228 quin
1454 1165 1691 1228 oporteat
1713 1173 1831 1211 eum
1858 1157 1971 1228 pati
1992 1172 2087 1227 pro

502 1248 711 1327 nomine
736 1265 868 1304 meo.
912 1247 1297 1304 Verumtamen
1320 1255 1545 1322 prepter
1566 1247 1942 1303 remissionem
1972 1262 2092 1318 pec-

503 1346 773 1404 catorum,
819 1339 873 1394 in
899 1354 1004 1409 qua
1025 1339 1330 1410 baptizatus
1378 1348 1520 1405 erat,
1567 1350 1757 1395 omnes
1785 1338 1889 1394 illae
1921 1338 2092 1393 tribu-

1298 1590 2060 1707 CLAUDII

2189 529 2314 569 nam
2361 513 2603 568 victoria:
2642 512 3016 584 proﬁciebant.
3054 512 3327 571 Conclusio
3350 518 3572 589 Epistolas
3597 532 3689 579 tan-

2188 623 2353 678 quam
2379 607 2706 676 subscriptio
2734 604 3020 661 manifesta
3042 614 3141 661 est.
3173 606 3301 662 Nam
3320 618 3371 664 et
3400 612 3448 666 in
3469 615 3688 671 nonnullis

2190 697 2310 753 aliis
2340 694 2594 768 Epistolis
2619 698 2723 752 hac
2760 696 2835 751 ita
2863 696 3068 751 utitur:

2261 787 2455 843 Gratia
2484 787 2697 841 Domini
2732 788 2899 842 nostri
2924 786 3055 842 Iesu
3085 787 3272 844 Christi
3300 806 3407 843 cum
3430 792 3591 859 spiritu
3627 811 3691 849 νιν

2190 889 2331 946 stro,
2381 876 2567 932 Amen.
2622 876 2964 947 Subscriptio
3008 876 3157 931 Pauli
3185 877 3302 933 talis
3341 887 3434 933 est.
3463 879 3599 951 Optat
3623 898 3692 937 au-

2195 978 2303 1026 tem
2341 977 2403 1024 ut
2432 969 2607 1040 gratia
2642 984 2767 1025 cum
2804 969 2886 1024 eis
2929 969 3171 1035 Domini,
3218 985 3321 1025 non
3367 969 3487 1042 legis
3529 988 3690 1043 opera,

2193 1061 2500 1116 comitetur.
2537 1058 2675 1115 Cum
2721 1060 2949 1131 spiritu,
2986 1059 3196 1130 inquit,
3241 1076 3341 1116 non
3389 1077 3496 1116 cum
3531 1079 3688 1120 came:

2194 1152 2250 1207 iu
2279 1150 2433 1221 cujus
2458 1138 2889 1207 circumcisione
2921 1152 3219 1223 gloriantur
3240 1138 3486 1208 carnales.
3510 1154 3600 1209 V'os
3618 1169 3690 1208 su-

2197 1251 2308 1299 tem
2343 1243 2658 1315 spiritaliter
2676 1241 2984 1299 circumcisi
3011 1242 3174 1308 estis,
3207 1253 3261 1298 et
3291 1242 3570 1313 spiritaliter
3596 1260 3692 1299 coa-

2195 1337 2492 1394 versamini
2505 1376 2513 1386 .

2139 1584 2977 1705 EPISCOPI

927 1804 1519 1967 EXPllSI'l‘lll
1624 1806 2085 1966 EPISTOL

2288 1806 2447 1960 ΑΙ)
2553 1802 3340 1960 ΙἯΙΙιΕΜθΝΕΜ.

1809 2053 1906 2116 (Ex
1934 2054 2045 2106 Maii
2067 2053 2237 2119 Sptcll.
2265 2058 2380 2105 tom.
2411 2051 2520 2116 ix.)

1942 2188 2320 2211 ψ

955 2260 1277 2321 MONITUM
1314 2258 1655 2320 EDITORIS.

580 2400 811 2459 Claudii-
840 2396 1192 2455 Taurinensis
1240 2398 1507 2466 episcopi,
1557 2396 1649 2466 qui
1697 2396 1797 2452 sub
1820 2396 2091 2453 Ludovico

509 2473 606 2530 Pio
634 2472 799 2551 vixit,
837 2468 1206 2551 expositiones
1237 2466 1797 2551 EpistolarumuPauli
1841 2467 2086 2551 apostoli,

509 2560 631 2598 cum
675 2541 802 2596 alibi
851 2536 964 2594 tuin
991 2539 1044 2594 in
1097 2536 1332 2608 antiquis
1377 2539 1557 2608 etiam
1595 2536 2091 2608 Vaticanus—biblio-

510 2615 682 2690 theca:
707 2608 983 2690 codicibus
1021 2605 1368 2690 jacentz'llas
1415 2605 1692 2690 divulgare
1717 2606 1857 2690 olim.
1888 2609 2092 2690 cogita-

506 2684 651 2749 bam,
691 2696 798 2750 quo
824 2677 1064 2750 tempore
1112 2678 1394 2750 prologum
1435 2678 1490 2733 in
1518 2677 1754 2750 priorem
1790 2678 1857 2734 ad
1899 2677 2091 2733 corin-

510 2754 655 2808 thios
681 2748 823 2806 edidi
847 2748 1179 2819 Script:vet.
1210 2748 1409 2819 T.'Vll,
1445 2764 1501 2819 p.
1528 2748 1652 2804 274.
1705 2749 2089 2804 Verumtamen

510 2822 665 2879 lectis
686 2817 1191 2892 posteastudiosius
1217 2817 1555 2892 hisClaudii
1576 2819 1812 2892 scriptis,
1845 2818 1975 2892 mihi
1998 2820 2090 2892 d_e_-

510 2907 657 2947 mum
680 2887 932 2954 innotuit,
969 2890 1103 2945 nihil
1154 2887 1364 2960 fereibi
1388 2904 1507 2945 esse
1538 2887 1801 2959 (exceptis
1828 2888 2087 2960 prologis)

512 2963 613 3016 nisi
644 2978 711 3016 ex
731 2961 962 3031 cognitis
1008 2960 1241 3031 aliorum
1266 2959 1487 3031 Patrum
1537 2959 1950 3031 commentariis
1966 2960 2091 3031 bre-

508 3032 655 3086 viata
682 3027 971 3101 exeérpta;
1019 3031 1163 3101 quod
1195 3029 1395 3101 alioqui
1422 3029 1637 3086 Claudii
1672 3030 1865 3085 vitium
1917 3027 2091 3101 Simo-

510 3103 633 3155 nius
655 3110 817 3171 atque
853 3098 1212 3171 Trumbellius
1226 3098 1438 3168 jamdiu
1482 3107 1882 3171 persenserant.
1922 3099 2091 3171 igitur

509 3171 683 3240 delegi
712 3170 929 3240 unicum
956 3169 1163 3225 Claudii
1196 3169 1644 3240 commentarium
1678 3184 1842 3240 super
1880 3169 2089 3240 bret'is-

508 3237 655 3310 sima
672 3239 738 3292 ad
767 3237 1136 3294 Pliilrmonem
1154 3238 1413 3310 Epistola,
1446 3250 1605 3310 quem
1636 3237 1756 3294 hoc'
1780 3240 1905 3295 loco
1930 3239 2091 3296 lecto-

508 3308 662 3365 ribus
708 3317 1056 3377 reprim-teuto,
1112 3317 1173 3362 ut
1202 3308 1429 3363 'mecum
1468 3308 1698 3363 videant
1744 3309 1878 3364 nihil
1928 3309 2088 3365 Clau-

511 3377 915 3449 diu_m_hab::re
955 3378 1122 3449 Aquod
1164 3377 1414 3449 uberius_
1434 3387 1597 3449 atque
1654 3378 1983 3449 splendidius
2031 3380 2087 3434 in

511 3446 617 3502 divi
640 3445 969 3569 lHieronymi
998 3445 1077 3503 ad
1103 3447 1347 3506 eamdem
1368 3445 2087 3516 Epistolam’commentario

511 3532 616 3569 non
656 3525 865 3569 cuntur.

508 3532 616 3573 non
640 3525 865 3588 legatur.

772 3663 1171 3742 INCIPIT
1264 3664 1840 3744 EXPOSITIO.

570 3817 871 3873 Philemoni
908 3817 1205 3876 familiares
1245 3818 1455 3877 litteras
1505 3819 1636 3878 facit
1680 3837 1780 3894 pro
1834 3820 2089 3880 Ouesimo

503 3926 662 3967 servo
693 3908 829 3979 ejus.
859 3909 1090 3982 Scripsit
1122 3921 1301 3968 autem
1330 3914 1381 3970 ei
1407 3914 1495 3996 ab.
1517 3915 1651 3971 urbe
1672 3914 1845 3971 Roma
1874 3916 1940 3971 de
1960 3930 2089 3972 ear—

501 4017 646 4066 cere,
679 4010 734 4057 et
779 4000 881 4057 hoc
923 4004 1042 4074 ejus
1084 4003 1411 4075 principium
1458 4013 1543 4060 est
1578 4023 1591 4059 :
1634 4002 1842 4061 Paulus
1885 4007 2088 4062 vinctus

502 4089 630 4145 .lesu
686 4089 899 4144 Christi.
924 4088 986 4144 lu
1012 4091 1156 4145 nulla
1192 4092 1428 4161 Epistola
1469 4094 1573 4149 hoc
1590 4096 1908 4168 cognomine
1955 4112 2090 4153 usus

499 4189 606 4245 est,
640 4179 763 4233 licet
794 4181 848 4234 in
880 4194 1107 4250 corpore
1134 4182 1503 4252 epistolarum,
1536 4185 1602 4240 ad
1632 4184 1896 4256 Ephesios
1937 4187 2087 4243 vide—

502 4266 630 4320 licet
655 4273 710 4318 et
730 4262 1102 4335 Philippenses
1127 4274 1180 4319 et
1217 4265 1590 4334 Colossenses,
1618 4285 1738 4326 esse
1765 4286 1826 4327 se
1854 4271 1911 4326 in
1967 4271 2087 4327 vin-

501 4354 640 4412 culis
679 4370 778 4425 pro
809 4353 1151 4412 confessione
1181 4364 1427 4413 testetur.
1481 4358 1700 4432 Maioris
1744 4368 1922 4416 autem
1950 4362 2083 4418 mihi

376 4443 388 4455 '
500 4445 714 4501 videtur
733 4445 1036 4516 supercilii,
1086 4446 1326 4503 vinctum
1369 4446 1500 4504 iesu
1545 4449 1750 4506 Christi
1799 4467 1856 4507 se
1902 4452 2085 4508 dicere

499 4550 663 4606 quam
693 4535 991 4605 apostolum
1026 4554 1040 4592 :
1071 4536 1445 4609 gloriabantur
1465 4539 1663 4611 quippe
1690 4541 1920 4613 apostoli
1940 4542 2084 4613 quod

500 4628 644 4698 digni
668 4628 843 4683 habiti
873 4638 1000 4685 sunt
1024 4646 1125 4701 pro
1144 4633 1364 4687 nomine
1389 4629 1520 4689 Jesu
1547 4635 1925 4689 contumeliam
1944 4637 2080 4704 pati.

500 4715 607 4771 Sed
632 4719 939 4773 necessaria
963 4729 1047 4774 est
1071 4721 1364 4776 auctoritas
1392 4721 1750 4776 vinculorum.
1774 4723 2084 4795 Rogaturus

501 4820 600 4877 pro
625 4805 900 4874 Onesimo,
925 4808 1050 4863 talis
1065 4823 1258 4879 rogare
1279 4809 1462 4865 debuit
1481 4810 1571 4879 qui
1584 4818 1776 4880 posset
1793 4812 2083 4883 impetrare

498 4898 640 4969 quod
673 4907 939 4969 posceret.
967 4899 1118 4955 Felix
1144 4900 1419 4966 nimirum,
1451 4902 1543 4973 qui
1572 4917 1681 4958 non
1707 4903 1765 4957 in
1791 4906 2077 4974 sapientia,

2115 2265 2165 2325 B
2195 2260 2288 2316 illo
2330 2259 2703 2332 perseveravit
2742 2277 2755 2313 :
2811 2273 2920 2330 quo
2962 2266 3214 2329 tempore
3255 2256 3488 2313 videntur
3531 2256 3584 2313 ad
3605 2255 3694 2313 Phi-

2193 2354 2483 2425 lippenses,
2520 2352 2869 2409 Colossenses
2892 2359 2948 2406 et
2974 2351 3043 2406 ad
3069 2350 3331 2422 Ephesios
3368 2349 3584 2420 Epistolis
3609 2363 3696 2406 esse

2191 2442 2425 2500 dictatas.
2462 2441 2744 2517 (Vers.2.)
2781 2439 3087 2497 Philemoni
3124 2441 3310 2496 dilecto
3355 2451 3399 2495 et
3423 2440 3617 2515 adjutori
3632 2453 3699 2493 ro-

2189 2544 2322 2601 stro,
2371 2544 2420 2591 et
2470 2534 2652 2607 Appiae
2694 2534 2868 2589 sorori
2917 2532 3269 2587 charissima.
3320 2530 3548 2613 Scribant
3579 2529 3698 2600 igitur

2190 2624 2389 2682 Paulus
2416 2633 2472 2683 et
2492 2626 2811 2682 Timotheus
2829 2624 3138 2681 Philemoni
3164 2624 3472 2681 charissima
3488 2632 3534 2677 et
3555 2634 3698 2691 coope-

2189 2720 2380 2784 ratori,
2417 2720 2508 2791 qui
2535 2719 2655 2774 ideo
2677 2718 3030 2774 cbarissimus
3068 2716 3247 2772 dictus
3267 2724 3364 2781 est,
3404 2713 3527 2785 quod
3550 2713 3593 2766 in
3634 2725 3699 2765 eo.

2190 2809 2314 2864 dem
2363 2806 2568 2863 Christi
2590 2821 2756 2879 opere
2807 2814 3084 2862 versetur.
3117 2806 3303 2877 Appia:
3341 2816 3530 2876 quoque
3553 2799 3695 2861 sorori.

2189 2916 2310 2972 quas
2352 2900 2438 2958 vel
2458 2916 2614 2957 soror
2642 2900 2727 2957 vel
2752 2899 2949 2969 coniux
2975 2900 3101 2971 ejus
3148 2899 3388 2956 creditur
3423 2912 3544 2954 esse.
3591 2893 3699 2948 inter

2190 2993 2326 3050 duos
2371 2994 2569 3065 quippe
2604 2994 2754 3049 viros
2776 3001 2834 3049 et
2876 2992 3232 3063 apostolicos,
3283 2993 3417 3048 inter
3456 2995 3699 3060 cooperato-

2189 3100 2306 3141 rem
2349 3083 2501 3140 Pauli
2537 3091 2593 3139 et
2637 3082 3064 3139 commilitonem
3114 3081 3254 3152 ejus,
3302 3079 3519 3136 medium
3563 3072 3699 3145 Appia

2188 3188 2386 3229 nomen
2436 3172 2719 3239 inseritur,
2769 3179 2832 3227 ut
2893 3171 2990 3226 tali
3024 3185 3098 3227 ex
3155 3179 3384 3241 utroque
3434 3169 3577 3223 latere
3603 3162 3698 3217 fulta

2188 3264 2469 3331 comitatu,
2496 3279 2602 3320 non
2648 3264 2897 3319 videatur
2922 3263 3176 3320 ordinem
3217 3277 3376 3319 sexus
3422 3253 3696 3322 habere,setl

2188 3355 2387 3412 meriti.
2412 3352 2481 3410 Et
2502 3353 2760 3426 Archippo
2781 3351 3128 3409 commilitoni
3155 3363 3349 3408 nostra.
3378 3351 3514 3406 Hunc
3531 3344 3699 3415 Archip-

2186 3461 2321 3518 pum
2342 3446 2714 3501 arbitrandum
2742 3451 2827 3501 est
2847 3458 2974 3500 cum
2990 3443 3167 3500 Paulo
3192 3451 3249 3500 et
3282 3439 3543 3497 Timotheo
3559 3440 3696 3495 contra

2188 3536 2528 3593 adversarios
2547 3549 2646 3606 pro
2665 3534 2866 3590 Christi
2890 3533 3115 3589 nomine
3135 3532 3471 3588 dimicantem
3491 3525 3698 3583 exstitisse

2114 3638 2160 3700 ρ
2189 3627 2453 3683 victorem
2474 3667 2489 3693 ,
2546 3632 2605 3681 et
2647 3631 2935 3695 propterea
2978 3639 3127 3680 nunc
3177 3621 3568 3680 commilitonem
3596 3615 3696 3677 dici.

2190 3720 2335 3792 quod
2364 3720 2419 3774 in
2447 3718 2636 3774 eodem
2665 3718 2960 3773 certamine
2988 3715 3244 3788 belloque
3293 3712 3606 3786 superaverit.
3645 3704 3694 3760 Et

2189 3811 2420 3867 ecclesiae
2454 3825 2574 3882 quo:
2618 3819 2696 3865 est
2732 3809 2787 3864 in
2825 3808 2981 3864 domo
3035 3818 3152 3864 tua.
3218 3807 3477 3865 Scribitur
3518 3797 3697 3861 ecclesi:

2189 3914 2310 3971 qua:
2349 3902 2404 3955 in
2435 3901 2596 3956 domo
2623 3899 2741 3971 ejus
2778 3908 2879 3956 est.
2916 3898 3120 3955 Verum
3163 3900 3267 3957 hoc
3311 3898 3587 3968 ambiguum
3621 3895 3694 3949 est.

2189 3999 2374 4046 utrum
2416 3990 2663 4046 ecclesiae
2691 4005 2810 4060 qua:
2862 3991 2917 4045 in
2972 3990 3139 4048 domo
3186 3989 3438 4061 Archippi
3477 3986 3555 4050 sit,
3591 3977 3695 4037 anei

2189 4096 2309 4153 quae
2347 4082 2404 4137 in
2448 4083 2608 4138 domo
2648 4081 3016 4147 Philemonis;
3073 4083 3173 4138 sed
3202 4089 3264 4137 ut
3298 4080 3486 4136 certius
3509 4080 3692 4147 putatur.

2187 4189 2298 4230 non
2326 4173 2395 4229 ad
2417 4173 2698 4243 Archippi,
2729 4174 2824 4229 sed
2852 4173 2919 4228 ad
2953 4170 3295 4228 Philemonis
3320 4168 3617 4234 referendum
3638 4167 3697 4216 est

2186 4278 2496 4338 personam,
2524 4265 2612 4320 cui
2642 4266 2758 4335 ipsa
2787 4278 3002 4335 quoque
3030 4263 3261 4335 epistola
3287 4264 3565 4333 deputatur.

2259 4356 2437 4431 (Vera.
2460 4355 2540 4427 '5.)
2570 4353 2755 4411 Gratia
2780 4354 2920 4411 vobis
2944 4365 2993 4410 et
3029 4372 3140 4427 pax
3177 4371 3210 4410 α
3239 4354 3347 4409 Deo
3388 4350 3533 4406 Patre
3568 4351 3694 4401 nostra

2184 4457 2236 4504 et
2265 4448 2491 4503 Domino
2529 4449 2658 4504 Iesu
2687 4446 2917 4502 Christo.
2964 4446 3160 4503 Adhuc
3187 4463 3216 4501 a
3242 4446 3445 4501 duobus
3484 4441 3541 4495 ad
3564 4437 3695 4508 plures

2187 4540 2464 4606 scribitur,
2497 4548 2553 4596 et
2585 4540 2640 4593 in
2666 4539 2917 4594 omnibus
2942 4553 3081 4609 pene
3109 4536 3364 4608 Epistolis
3390 4530 3570 4604 :equale
3586 4525 3694 4597 prin-

2188 4632 2385 4702 cipium
2406 4637 2509 4697 est,
2555 4638 2615 4685 ut
2643 4630 2872 4701 gratiam
2913 4637 2971 4684 et
3014 4642 3207 4700 pacem
3232 4643 3265 4683 a
3294 4629 3401 4684 Deo
3424 4625 3582 4684 Patre,
3604 4623 3645 4671 et
3672 4625 3695 4665 ³

2186 4720 2406 4778 Christo
2429 4719 2656 4778 Domino
2678 4722 3022 4801 imprecetur.
3049 4720 3130 4778 Ex
3149 4732 3259 4792 quo
3278 4717 3557 4776 ostenditur
3576 4716 3693 4801 uanam

2184 4812 2308 4869 Filii
2333 4813 2618 4885 Patrisque
2636 4827 2758 4869 esse
2776 4794 3047 4881 naturam,
3069 4828 3195 4868 cum
3217 4812 3359 4868 idem
3383 4814 3542 4882 potest
3572 4794 3697 4856 Filius

2182 4915 2441 4978 praestare
2489 4906 2631 4976 quod
2677 4904 2860 4971 Pater,
2891 4910 2946 4960 et
2982 4905 3037 4960 id
3073 4904 3277 4982 dicitur
3304 4902 3458 4959 Pater
3492 4899 3695 4969 prrsum

498 5004 603 5044 non
630 4990 684 5044 in
730 4990 953 5056 divitiis,
983 5000 1091 5046 neu
1119 4991 1176 5045 in
1204 4990 1509 5061 eloquentia
1555 5001 1612 5048 et
1637 4995 1884 5064 potentia
1908 5010 2079 5051 saecu-
2104 4995 2160 5057 D
2184 4997 2329 5068 quod
2345 4995 2533 5053 Filius.
2551 4995 2737 5053 Gratia
2762 5000 2942 5051 autem
2965 5004 3070 5063 est,
3100 4996 3230 5065 quia
3258 4993 3400 5050 nullo
3420 4989 3607 5048 merito,
3622 4991 3693 5035 nec

496 5082 615 5146 iuri,
645 5083 740 5138 sed
764 5082 817 5137 in
842 5081 1046 5139 Christi
1071 5082 1414 5153 passionibus
1446 5084 1733 5156 gloriatur!
1766 5084 1881 5141 Non
1902 5086 2082 5142 omnis

496 5180 678 5228 autem
707 5172 800 5242 qui
829 5173 1043 5229 vinctus
1070 5181 1174 5241 est,
1217 5174 1430 5229 vinctus
1454 5182 1539 5230 est
1578 5174 1814 5242 Christi;
1840 5175 1935 5232 sed
1959 5176 2080 5246 qui-

494 5280 706 5336 cunque
730 5280 830 5335 pro
850 5265 1056 5323 Christi
1084 5266 1322 5333 nomine,
1347 5274 1403 5322 et
1423 5282 1523 5338 pro
1546 5267 1715 5337 ipsius
1737 5266 2077 5325 confessione

492 5359 749 5427 vincitur,
780 5362 869 5417 ille
901 5374 1030 5418 vere
1067 5364 1283 5419 vinctus
1309 5360 1505 5418 dicitur
1554 5360 1683 5417 Jesu
1730 5361 1965 5430 Christi;
2018 5371 2078 5418 ut

494 5453 714 5523 sanguis
739 5451 1047 5509 eil‘ususille
1075 5463 1285 5509 tantum
1322 5462 1620 5525 martyrem
1653 5451 1802 5519 facit,
1832 5454 1923 5525 qui
1975 5466 2076 5525 pro

492 5540 694 5597 Christi
713 5543 928 5598 nomine
972 5544 1232 5601 funditur.
1278 5545 1346 5599 Et
1374 5545 1673 5600 Timotheus
1722 5546 1905 5617 frater.
1962 5542 2077 5601 Hoc

495 5628 618 5687 ideo
641 5638 701 5682 ut
752 5632 1011 5698 sciamus,
1043 5636 1185 5690 hanc
1207 5651 1423 5706 quoque
1466 5637 1533 5691 de
1587 5653 1808 5693 carcere
1836 5649 1892 5692 et
1934 5638 2077 5692 inter

496 5718 704 5774 lvincula
741 5719 915 5774 fuisse
937 5722 1215 5791 dictatam,
1243 5725 1333 5779 ubi
1359 5741 1572 5797 semper
1596 5727 1911 5785 Timotheus
1952 5743 2077 5782 cum

2182 5099 2346 5158 Opere
2393 5087 2686 5142 solvamur.
2717 5086 2853 5154 Pax,
2901 5093 3008 5156 qua
3057 5070 3469 5140 reconciliamur
3510 5076 3601 5130 Deo
3622 5081 3692 5140 per

2180 5172 2455 5233 Christum
2501 5190 2678 5233 suum.
2710 5177 2864 5233 Licet
2909 5176 3108 5232 Paulus
3131 5184 3189 5231 et
3214 5174 3511 5231 Timotheus
3538 5163 3692 5237 pariter

2181 5267 2442 5334 scribant,
2470 5275 2525 5322 et
2553 5267 2621 5323 ad
2651 5265 3040 5332 Philemonem,
3064 5278 3119 5323 et
3149 5267 3394 5338 Appiam,
3440 5270 3490 5316 et
3513 5252 3691 5318 Archip-

2180 5374 2327 5433 pum,
2360 5370 2539 5418 tamen
2573 5363 2628 5418 in
2675 5364 3024 5433 sequentibus
3048 5360 3376 5434 approbatur
3402 5352 3572 5411 Paulus
3604 5358 3689 5400 tan—

2181 5453 2551 5529 tantummodo
2581 5440 2649 5507 ad
2673 5452 3041 5508 Philemonem
3063 5450 3321 5516 scribere,
3352 5456 3404 5504 et
3431 5456 3574 5500 unum
3595 5445 3690 5490 cum

2176 5562 2284 5602 uno
2304 5530 2674 5602 sermocinari.
2700 5544 2879 5619 (Vers.
2893 5546 2970 5622 4.)
2993 5542 3206 5601 Gratias
3221 5560 3318 5614 ago
3335 5536 3434 5595 Deo
3459 5550 3574 5595 meo.

2174 5636 2577 5710 permemoriam
2603 5637 2679 5690 tui
2692 5638 2891 5706 faciens
2912 5639 2965 5691 in
2991 5635 3313 5692 orationibus
3335 5628 3469 5684 meis.
3490 5624 3688 5715 Πεεοὶίξω

2175 5742 2282 5782 non
2310 5737 2369 5782 ut
2395 5725 2615 5792 Paulus,
2664 5735 2720 5783 et
2743 5727 3061 5786 Timotheus
3086 5723 3402 5788 Philemoni,
3429 5727 3477 5774 et
3499 5719 3684 5771 carioris,
