  <div class='ocr_page' id='page_1' title='image "/cluster/home/n/w/nwhite01/storage/ocr_20150623/104/hvd.32044052819794/462.png"; bbox 0 0 3940 6180; ppageno 0'>
   <div class='ocr_carea' id='block_1_1' title="bbox 210 361 312 420">
    <p class='ocr_par' dir='ltr' id='par_1_1' title="bbox 210 361 312 420">
     <span class='ocr_line' id='line_1_1' title="bbox 210 361 312 420; baseline -0.059 0"><span class='ocrx_word' id='word_1_1' title='bbox 210 361 312 420; x_wconf 74' lang='grc'><strong>913</strong></span> 
     </span>
    </p>
   </div>
   <div class='ocr_carea' id='block_1_2' title="bbox 1300 352 2350 412">
    <p class='ocr_par' dir='ltr' id='par_1_2' title="bbox 1300 352 2350 412">
     <span class='ocr_line' id='line_1_2' title="bbox 1300 352 2350 412; baseline -0.005 -3"><span class='ocrx_word' id='word_1_2' title='bbox 1300 366 1308 373; x_wconf 88' lang='lat'><strong><em>‘</em></strong></span> <span class='ocrx_word' id='word_1_3' title='bbox 1372 353 1623 412; x_wconf 72' lang='lat' dir='ltr'><strong>EXPOS.</strong></span> <span class='ocrx_word' id='word_1_4' title='bbox 1668 353 1889 411; x_wconf 84' lang='lat' dir='ltr'><strong>EPIST.</strong></span> <span class='ocrx_word' id='word_1_5' title='bbox 1931 354 2024 410; x_wconf 76' lang='lat' dir='ltr'><strong>AD</strong></span> <span class='ocrx_word' id='word_1_6' title='bbox 2064 352 2350 410; x_wconf 72' lang='lat' dir='ltr'><strong>PlllLEM.</strong></span> 
     </span>
    </p>
   </div>
   <div class='ocr_carea' id='block_1_3' title="bbox 3378 362 3495 419">
    <p class='ocr_par' dir='ltr' id='par_1_3' title="bbox 3378 362 3495 419">
     <span class='ocr_line' id='line_1_3' title="bbox 3378 362 3495 419; baseline -0.009 -1"><span class='ocrx_word' id='word_1_7' title='bbox 3378 362 3495 419; x_wconf 69' lang='grc' dir='ltr'><strong>θω-</strong></span> 
     </span>
    </p>
   </div>
   <div class='ocr_carea' id='block_1_4' title="bbox 209 464 3488 539">
    <p class='ocr_par' dir='ltr' id='par_1_4' title="bbox 209 464 3488 539">
     <span class='ocr_line' id='line_1_4' title="bbox 209 464 3488 539; baseline -0.005 -8"><span class='ocrx_word' id='word_1_8' title='bbox 209 471 303 531; x_wconf 87' lang='lat' dir='ltr'><strong>sed</strong></span> <span class='ocrx_word' id='word_1_9' title='bbox 353 469 500 529; x_wconf 88' lang='lat' dir='ltr'><strong>solus</strong></span> <span class='ocrx_word' id='word_1_10' title='bbox 543 466 742 525; x_wconf 83' lang='lat' dir='ltr'><strong>Paulus</strong></span> <span class='ocrx_word' id='word_1_11' title='bbox 771 469 838 524; x_wconf 87' lang='lat' dir='ltr'><strong>ad</strong></span> <span class='ocrx_word' id='word_1_12' title='bbox 881 468 1060 525; x_wconf 88' lang='lat' dir='ltr'><strong>solum</strong></span> <span class='ocrx_word' id='word_1_13' title='bbox 1105 466 1481 525; x_wconf 83' lang='lat' dir='ltr'><strong>Philemonem</strong></span> <span class='ocrx_word' id='word_1_14' title='bbox 1533 467 1799 539; x_wconf 57' lang='lat' dir='ltr'><strong>loquitur,</strong></span> <span class='ocrx_word' id='word_1_15' title='bbox 1822 469 1876 529; x_wconf 80' lang='grc' dir='ltr'><strong>Α</strong></span> <span class='ocrx_word' id='word_1_16' title='bbox 1901 466 2037 522; x_wconf 88' lang='lat' dir='ltr'><strong>riam</strong></span> <span class='ocrx_word' id='word_1_17' title='bbox 2071 466 2414 536; x_wconf 81' lang='lat' dir='ltr'><strong>prodegerat.</strong></span> <span class='ocrx_word' id='word_1_18' title='bbox 2445 464 2558 519; x_wconf 82' lang='lat' dir='ltr'><strong>lloc</strong></span> <span class='ocrx_word' id='word_1_19' title='bbox 2597 481 2665 519; x_wconf 88' lang='lat' dir='ltr'><strong>ne</strong></span> <span class='ocrx_word' id='word_1_20' title='bbox 2710 464 2839 535; x_wconf 78' lang='lat' dir='ltr'><strong>quis</strong></span> <span class='ocrx_word' id='word_1_21' title='bbox 2882 474 3035 535; x_wconf 86' lang='lat' dir='ltr'><strong>putet</strong></span> <span class='ocrx_word' id='word_1_22' title='bbox 3063 476 3285 538; x_wconf 65' lang='lat' dir='ltr'><strong>temere,</strong></span> <span class='ocrx_word' id='word_1_23' title='bbox 3324 486 3379 528; x_wconf 73' lang='grc' dir='ltr'><strong>ει</strong></span> <span class='ocrx_word' id='word_1_24' title='bbox 3424 488 3488 530; x_wconf 54' lang='lat' dir='ltr'><strong>ut</strong></span> 
     </span>
    </p>
   </div>
   <div class='ocr_carea' id='block_1_5' title="bbox 208 556 1786 627">
    <p class='ocr_par' dir='ltr' id='par_1_5' title="bbox 208 556 1786 627">
     <span class='ocr_line' id='line_1_5' title="bbox 208 556 1786 627; baseline -0.005 -7"><span class='ocrx_word' id='word_1_25' title='bbox 208 564 362 620; x_wconf 77' lang='lat' dir='ltr'><strong>Hunc</strong></span> <span class='ocrx_word' id='word_1_26' title='bbox 385 569 564 617; x_wconf 87' lang='lat' dir='ltr'><strong>autem</strong></span> <span class='ocrx_word' id='word_1_27' title='bbox 585 575 794 616; x_wconf 89' lang='lat' dir='ltr'><strong>morem</strong></span> <span class='ocrx_word' id='word_1_28' title='bbox 817 557 1094 617; x_wconf 81' lang='lat' dir='ltr'><strong>scribendi</strong></span> <span class='ocrx_word' id='word_1_29' title='bbox 1131 557 1187 614; x_wconf 90' lang='lat' dir='ltr'><strong>in</strong></span> <span class='ocrx_word' id='word_1_30' title='bbox 1222 557 1344 613; x_wconf 88' lang='lat' dir='ltr'><strong>aliis</strong></span> <span class='ocrx_word' id='word_1_31' title='bbox 1366 557 1622 627; x_wconf 83' lang='lat' dir='ltr'><strong>Epistolis</strong></span> <span class='ocrx_word' id='word_1_32' title='bbox 1668 556 1786 627; x_wconf 84' lang='lat' dir='ltr'><strong>ejus</strong></span> 
     </span>
    </p>
   </div>
   <div class='ocr_carea' id='block_1_6' title="bbox 206 647 1788 722">
    <p class='ocr_par' dir='ltr' id='par_1_6' title="bbox 206 647 1788 722">
     <span class='ocr_line' id='line_1_6' title="bbox 206 647 1788 722; baseline -0.005 -12"><span class='ocrx_word' id='word_1_33' title='bbox 206 653 448 710; x_wconf 86' lang='lat' dir='ltr'><strong>invenire</strong></span> <span class='ocrx_word' id='word_1_34' title='bbox 473 665 785 722; x_wconf 86' lang='lat' dir='ltr'><strong>possumus,</strong></span> <span class='ocrx_word' id='word_1_35' title='bbox 806 650 951 720; x_wconf 91' lang='lat' dir='ltr'><strong>quod</strong></span> <span class='ocrx_word' id='word_1_36' title='bbox 972 664 1097 705; x_wconf 90' lang='lat' dir='ltr'><strong>cum</strong></span> <span class='ocrx_word' id='word_1_37' title='bbox 1121 647 1191 704; x_wconf 90' lang='lat' dir='ltr'><strong>ad</strong></span> <span class='ocrx_word' id='word_1_38' title='bbox 1211 647 1397 718; x_wconf 81' lang='lat' dir='ltr'><strong>plures</strong></span> <span class='ocrx_word' id='word_1_39' title='bbox 1419 655 1478 703; x_wconf 92' lang='lat' dir='ltr'><strong>et</strong></span> <span class='ocrx_word' id='word_1_40' title='bbox 1514 647 1700 717; x_wconf 80' lang='lat' dir='ltr'><strong>plures</strong></span> <span class='ocrx_word' id='word_1_41' title='bbox 1732 647 1788 702; x_wconf 91' lang='lat' dir='ltr'><strong>in</strong></span> 
     </span>
    </p>
   </div>
   <div class='ocr_carea' id='block_1_7' title="bbox 202 739 1790 817">
    <p class='ocr_par' dir='ltr' id='par_1_7' title="bbox 202 739 1790 817">
     <span class='ocr_line' id='line_1_7' title="bbox 202 739 1790 817; baseline -0.005 -15"><span class='ocrx_word' id='word_1_42' title='bbox 202 744 520 817; x_wconf 64' lang='lat' dir='ltr'><strong>praefatione</strong></span> <span class='ocrx_word' id='word_1_43' title='bbox 548 750 841 815; x_wconf 90' lang='lat' dir='ltr'><strong>ponantur,</strong></span> <span class='ocrx_word' id='word_1_44' title='bbox 884 750 1074 813; x_wconf 86' lang='lat' dir='ltr'><strong>postea</strong></span> <span class='ocrx_word' id='word_1_45' title='bbox 1108 755 1210 811; x_wconf 91' lang='lat' dir='ltr'><strong>per</strong></span> <span class='ocrx_word' id='word_1_46' title='bbox 1234 748 1410 797; x_wconf 88' lang='lat' dir='ltr'><strong>totum</strong></span> <span class='ocrx_word' id='word_1_47' title='bbox 1435 755 1634 809; x_wconf 89' lang='lat' dir='ltr'><strong>corpus</strong></span> <span class='ocrx_word' id='word_1_48' title='bbox 1662 739 1790 809; x_wconf 88' lang='lat' dir='ltr'><strong>Epi-</strong></span> 
     </span>
    </p>
   </div>
   <div class='ocr_carea' id='block_1_8' title="bbox 203 830 1789 905">
    <p class='ocr_par' dir='ltr' id='par_1_8' title="bbox 203 830 1789 905">
     <span class='ocr_line' id='line_1_8' title="bbox 203 830 1789 905; baseline -0.007 -10"><span class='ocrx_word' id='word_1_49' title='bbox 203 837 381 904; x_wconf 60' lang='lat' dir='ltr'><strong>stolas,</strong></span> <span class='ocrx_word' id='word_1_50' title='bbox 404 851 549 892; x_wconf 88' lang='lat' dir='ltr'><strong>unus</strong></span> <span class='ocrx_word' id='word_1_51' title='bbox 571 834 854 905; x_wconf 83' lang='lat' dir='ltr'><strong>disputans</strong></span> <span class='ocrx_word' id='word_1_52' title='bbox 878 833 1182 889; x_wconf 73' lang='lat' dir='ltr'><strong>inducatur.</strong></span> <span class='ocrx_word' id='word_1_53' title='bbox 1212 831 1367 900; x_wconf 82' lang='lat' dir='ltr'><strong>Quod</strong></span> <span class='ocrx_word' id='word_1_54' title='bbox 1384 845 1513 888; x_wconf 89' lang='lat' dir='ltr'><strong>vero</strong></span> <span class='ocrx_word' id='word_1_55' title='bbox 1540 830 1639 895; x_wconf 86' lang='lat' dir='ltr'><strong>ait,</strong></span> <span class='ocrx_word' id='word_1_56' title='bbox 1664 846 1789 900; x_wconf 86' lang='lat' dir='ltr'><strong>gra-</strong></span> 
     </span>
    </p>
   </div>
   <div class='ocr_carea' id='block_1_9' title="bbox 203 919 1786 998">
    <p class='ocr_par' dir='ltr' id='par_1_9' title="bbox 203 919 1786 998">
     <span class='ocr_line' id='line_1_9' title="bbox 203 919 1786 998; baseline -0.006 -14"><span class='ocrx_word' id='word_1_57' title='bbox 203 929 306 984; x_wconf 85' lang='lat' dir='ltr'><strong>tias</strong></span> <span class='ocrx_word' id='word_1_58' title='bbox 327 942 433 998; x_wconf 89' lang='lat' dir='ltr'><strong>ago</strong></span> <span class='ocrx_word' id='word_1_59' title='bbox 454 925 569 981; x_wconf 82' lang='lat' dir='ltr'><strong>Deo</strong></span> <span class='ocrx_word' id='word_1_60' title='bbox 591 940 715 981; x_wconf 86' lang='lat' dir='ltr'><strong>meo</strong></span> <span class='ocrx_word' id='word_1_61' title='bbox 743 939 980 994; x_wconf 83' lang='lat' dir='ltr'><strong>semper,</strong></span> <span class='ocrx_word' id='word_1_62' title='bbox 1010 930 1067 979; x_wconf 90' lang='lat' dir='ltr'><strong>et</strong></span> <span class='ocrx_word' id='word_1_63' title='bbox 1090 923 1413 979; x_wconf 78' lang='lat' dir='ltr'><strong>memoriam</strong></span> <span class='ocrx_word' id='word_1_64' title='bbox 1444 920 1522 977; x_wconf 88' lang='lat' dir='ltr'><strong>tui</strong></span> <span class='ocrx_word' id='word_1_65' title='bbox 1568 919 1708 977; x_wconf 91' lang='lat' dir='ltr'><strong>facio</strong></span> <span class='ocrx_word' id='word_1_66' title='bbox 1730 920 1786 975; x_wconf 89' lang='lat' dir='ltr'><strong>in</strong></span> 
     </span>
    </p>
   </div>
   <div class='ocr_carea' id='block_1_10' title="bbox 200 1012 1788 1089">
    <p class='ocr_par' dir='ltr' id='par_1_10' title="bbox 200 1012 1788 1089">
     <span class='ocr_line' id='line_1_10' title="bbox 200 1012 1788 1089; baseline -0.005 -12"><span class='ocrx_word' id='word_1_67' title='bbox 200 1020 540 1077; x_wconf 79' lang='lat' dir='ltr'><strong>orationibus</strong></span> <span class='ocrx_word' id='word_1_68' title='bbox 560 1018 719 1083; x_wconf 87' lang='lat' dir='ltr'><strong>meis,</strong></span> <span class='ocrx_word' id='word_1_69' title='bbox 743 1017 994 1089; x_wconf 79' lang='lat' dir='ltr'><strong>ambigue</strong></span> <span class='ocrx_word' id='word_1_70' title='bbox 1020 1017 1225 1073; x_wconf 87' lang='lat' dir='ltr'><strong>dictum</strong></span> <span class='ocrx_word' id='word_1_71' title='bbox 1249 1022 1334 1071; x_wconf 85' lang='lat' dir='ltr'><strong>est</strong></span> <span class='ocrx_word' id='word_1_72' title='bbox 1358 1022 1543 1071; x_wconf 86' lang='lat' dir='ltr'><strong>utrum</strong></span> <span class='ocrx_word' id='word_1_73' title='bbox 1586 1012 1788 1085; x_wconf 76' lang='lat' dir='ltr'><strong>gratias</strong></span> 
     </span>
    </p>
   </div>
   <div class='ocr_carea' id='block_1_11' title="bbox 199 1104 1786 1186">
    <p class='ocr_par' dir='ltr' id='par_1_11' title="bbox 199 1104 1786 1186">
     <span class='ocr_line' id='line_1_11' title="bbox 199 1104 1786 1186; baseline -0.005 -18"><span class='ocrx_word' id='word_1_74' title='bbox 199 1120 327 1186; x_wconf 83' lang='lat' dir='ltr'><strong>agat</strong></span> <span class='ocrx_word' id='word_1_75' title='bbox 349 1113 463 1168; x_wconf 89' lang='lat' dir='ltr'><strong>Deo</strong></span> <span class='ocrx_word' id='word_1_76' title='bbox 502 1125 737 1181; x_wconf 82' lang='lat' dir='ltr'><strong>semper,</strong></span> <span class='ocrx_word' id='word_1_77' title='bbox 776 1125 845 1165; x_wconf 85' lang='lat' dir='ltr'><strong>an</strong></span> <span class='ocrx_word' id='word_1_78' title='bbox 879 1110 1194 1165; x_wconf 82' lang='lat' dir='ltr'><strong>memoriam</strong></span> <span class='ocrx_word' id='word_1_79' title='bbox 1228 1105 1346 1176; x_wconf 88' lang='lat' dir='ltr'><strong>ejus</strong></span> <span class='ocrx_word' id='word_1_80' title='bbox 1374 1104 1539 1162; x_wconf 83' lang='lat' dir='ltr'><strong>faciat</strong></span> <span class='ocrx_word' id='word_1_81' title='bbox 1568 1106 1623 1162; x_wconf 87' lang='lat' dir='ltr'><strong>in</strong></span> <span class='ocrx_word' id='word_1_82' title='bbox 1656 1122 1786 1162; x_wconf 89' lang='lat' dir='ltr'><strong>ora-</strong></span> 
     </span>
    </p>
   </div>
   <div class='ocr_carea' id='block_1_12' title="bbox 197 1197 1787 1270">
    <p class='ocr_par' dir='ltr' id='par_1_12' title="bbox 197 1197 1787 1270">
     <span class='ocr_line' id='line_1_12' title="bbox 197 1197 1787 1270; baseline -0.005 -9"><span class='ocrx_word' id='word_1_83' title='bbox 197 1204 436 1261; x_wconf 82' lang='lat' dir='ltr'><strong>tionibus</strong></span> <span class='ocrx_word' id='word_1_84' title='bbox 473 1202 585 1257; x_wconf 87' lang='lat' dir='ltr'><strong>suis</strong></span> <span class='ocrx_word' id='word_1_85' title='bbox 628 1215 862 1270; x_wconf 83' lang='lat' dir='ltr'><strong>semper.</strong></span> <span class='ocrx_word' id='word_1_86' title='bbox 895 1200 1003 1257; x_wconf 88' lang='lat' dir='ltr'><strong>Sed</strong></span> <span class='ocrx_word' id='word_1_87' title='bbox 1031 1209 1212 1256; x_wconf 89' lang='lat' dir='ltr'><strong>tamen</strong></span> <span class='ocrx_word' id='word_1_88' title='bbox 1243 1206 1536 1269; x_wconf 87' lang='lat' dir='ltr'><strong>utrumque</strong></span> <span class='ocrx_word' id='word_1_89' title='bbox 1562 1197 1787 1270; x_wconf 85' lang='lat' dir='ltr'><strong>intelligi</strong></span> 
     </span>
    </p>
   </div>
   <div class='ocr_carea' id='block_1_13' title="bbox 194 1288 1786 1365">
    <p class='ocr_par' dir='ltr' id='par_1_13' title="bbox 194 1288 1786 1365">
     <span class='ocr_line' id='line_1_13' title="bbox 194 1288 1786 1365; baseline -0.003 -17"><span class='ocrx_word' id='word_1_90' title='bbox 194 1299 401 1365; x_wconf 84' lang='lat' dir='ltr'><strong>potest,</strong></span> <span class='ocrx_word' id='word_1_91' title='bbox 428 1290 572 1362; x_wconf 79' lang='lat' dir='ltr'><strong>quod</strong></span> <span class='ocrx_word' id='word_1_92' title='bbox 601 1290 689 1346; x_wconf 91' lang='lat' dir='ltr'><strong>ille</strong></span> <span class='ocrx_word' id='word_1_93' title='bbox 718 1290 811 1360; x_wconf 88' lang='lat' dir='ltr'><strong>qui</strong></span> <span class='ocrx_word' id='word_1_94' title='bbox 845 1290 1104 1361; x_wconf 69' lang='lat' dir='ltr'><strong>praecepit</strong></span> <span class='ocrx_word' id='word_1_95' title='bbox 1147 1288 1291 1355; x_wconf 89' lang='lat' dir='ltr'><strong>aliis,</strong></span> <span class='ocrx_word' id='word_1_96' title='bbox 1335 1296 1397 1343; x_wconf 89' lang='lat' dir='ltr'><strong>ut</strong></span> <span class='ocrx_word' id='word_1_97' title='bbox 1441 1289 1497 1344; x_wconf 89' lang='lat' dir='ltr'><strong>in</strong></span> <span class='ocrx_word' id='word_1_98' title='bbox 1534 1289 1786 1346; x_wconf 88' lang='lat' dir='ltr'><strong>omnibus</strong></span> 
     </span>
    </p>
   </div>
   <div class='ocr_carea' id='block_1_14' title="bbox 192 1378 1784 1455">
    <p class='ocr_par' dir='ltr' id='par_1_14' title="bbox 192 1378 1784 1455">
     <span class='ocr_line' id='line_1_14' title="bbox 192 1378 1784 1455; baseline -0.003 -17"><span class='ocrx_word' id='word_1_99' title='bbox 192 1383 404 1455; x_wconf 79' lang='lat' dir='ltr'><strong>gratias</strong></span> <span class='ocrx_word' id='word_1_100' title='bbox 429 1388 593 1453; x_wconf 82' lang='lat' dir='ltr'><strong>agant</strong></span> <span class='ocrx_word' id='word_1_101' title='bbox 619 1381 753 1446; x_wconf 88' lang='lat' dir='ltr'><strong>Deo,</strong></span> <span class='ocrx_word' id='word_1_102' title='bbox 783 1380 946 1434; x_wconf 85' lang='lat' dir='ltr'><strong>nullis</strong></span> <span class='ocrx_word' id='word_1_103' title='bbox 975 1379 1242 1448; x_wconf 82' lang='lat' dir='ltr'><strong>angustiis</strong></span> <span class='ocrx_word' id='word_1_104' title='bbox 1267 1379 1470 1448; x_wconf 89' lang='lat' dir='ltr'><strong>poterit</strong></span> <span class='ocrx_word' id='word_1_105' title='bbox 1491 1378 1784 1444; x_wconf 86' lang='lat' dir='ltr'><strong>coarctnri,</strong></span> 
     </span>
    </p>
   </div>
   <div class='ocr_carea' id='block_1_15' title="bbox 189 1469 1786 1547">
    <p class='ocr_par' dir='ltr' id='par_1_15' title="bbox 189 1469 1786 1547">
     <span class='ocr_line' id='line_1_15' title="bbox 189 1469 1786 1547; baseline -0.004 -17"><span class='ocrx_word' id='word_1_106' title='bbox 189 1483 248 1530; x_wconf 89' lang='lat' dir='ltr'><strong>ut</strong></span> <span class='ocrx_word' id='word_1_107' title='bbox 270 1474 482 1547; x_wconf 83' lang='lat' dir='ltr'><strong>gratias</strong></span> <span class='ocrx_word' id='word_1_108' title='bbox 507 1488 720 1543; x_wconf 84' lang='lat' dir='ltr'><strong>semper</strong></span> <span class='ocrx_word' id='word_1_109' title='bbox 739 1472 851 1528; x_wconf 86' lang='lat' dir='ltr'><strong>Deo</strong></span> <span class='ocrx_word' id='word_1_110' title='bbox 876 1473 992 1542; x_wconf 87' lang='lat' dir='ltr'><strong>ipse</strong></span> <span class='ocrx_word' id='word_1_111' title='bbox 1017 1486 1124 1525; x_wconf 91' lang='lat' dir='ltr'><strong>non</strong></span> <span class='ocrx_word' id='word_1_112' title='bbox 1152 1470 1371 1527; x_wconf 82' lang='lat' dir='ltr'><strong>referat.</strong></span> <span class='ocrx_word' id='word_1_113' title='bbox 1396 1469 1454 1526; x_wconf 89' lang='lat' dir='ltr'><strong>Si</strong></span> <span class='ocrx_word' id='word_1_114' title='bbox 1483 1479 1664 1526; x_wconf 88' lang='lat' dir='ltr'><strong>autem</strong></span> <span class='ocrx_word' id='word_1_115' title='bbox 1684 1484 1786 1539; x_wconf 90' lang='lat' dir='ltr'><strong>pro</strong></span> 
     </span>
    </p>
   </div>
   <div class='ocr_carea' id='block_1_16' title="bbox 187 1562 1786 1633">
    <p class='ocr_par' dir='ltr' id='par_1_16' title="bbox 187 1562 1786 1633">
     <span class='ocr_line' id='line_1_16' title="bbox 187 1562 1786 1633; baseline -0.005 -10"><span class='ocrx_word' id='word_1_116' title='bbox 187 1565 401 1623; x_wconf 78' lang='lat' dir='ltr'><strong>sanctis</strong></span> <span class='ocrx_word' id='word_1_117' title='bbox 424 1573 480 1620; x_wconf 87' lang='lat' dir='ltr'><strong>et</strong></span> <span class='ocrx_word' id='word_1_118' title='bbox 519 1563 833 1619; x_wconf 87' lang='lat' dir='ltr'><strong>melioribus</strong></span> <span class='ocrx_word' id='word_1_119' title='bbox 870 1563 1172 1633; x_wconf 83' lang='lat' dir='ltr'><strong>quibusque</strong></span> <span class='ocrx_word' id='word_1_120' title='bbox 1197 1562 1397 1617; x_wconf 88' lang='lat' dir='ltr'><strong>Paulus</strong></span> <span class='ocrx_word' id='word_1_121' title='bbox 1419 1576 1635 1631; x_wconf 86' lang='lat' dir='ltr'><strong>semper</strong></span> <span class='ocrx_word' id='word_1_122' title='bbox 1660 1575 1786 1615; x_wconf 83' lang='lat' dir='ltr'><strong>ora-</strong></span> 
     </span>
    </p>
   </div>
   <div class='ocr_carea' id='block_1_17' title="bbox 184 1655 1784 1725">
    <p class='ocr_par' dir='ltr' id='par_1_17' title="bbox 184 1655 1784 1725">
     <span class='ocr_line' id='line_1_17' title="bbox 184 1655 1784 1725; baseline -0.003 -11"><span class='ocrx_word' id='word_1_123' title='bbox 184 1658 305 1725; x_wconf 88' lang='lat' dir='ltr'><strong>bat,</strong></span> <span class='ocrx_word' id='word_1_124' title='bbox 343 1665 567 1714; x_wconf 85' lang='lat' dir='ltr'><strong>sanctus</strong></span> <span class='ocrx_word' id='word_1_125' title='bbox 605 1664 787 1712; x_wconf 85' lang='lat' dir='ltr'><strong>autem</strong></span> <span class='ocrx_word' id='word_1_126' title='bbox 812 1664 869 1711; x_wconf 92' lang='lat' dir='ltr'><strong>et</strong></span> <span class='ocrx_word' id='word_1_127' title='bbox 889 1656 1173 1712; x_wconf 85' lang='lat' dir='ltr'><strong>Philemon</strong></span> <span class='ocrx_word' id='word_1_128' title='bbox 1199 1664 1315 1721; x_wconf 89' lang='lat' dir='ltr'><strong>est,</strong></span> <span class='ocrx_word' id='word_1_129' title='bbox 1346 1660 1555 1711; x_wconf 84' lang='lat' dir='ltr'><strong>tantam</strong></span> <span class='ocrx_word' id='word_1_130' title='bbox 1576 1655 1784 1713; x_wconf 88' lang='lat' dir='ltr'><strong>habens</strong></span> 
     </span>
    </p>
   </div>
   <div class='ocr_carea' id='block_1_18' title="bbox 186 1745 1776 1813">
    <p class='ocr_par' dir='ltr' id='par_1_18' title="bbox 186 1745 1776 1813">
     <span class='ocr_line' id='line_1_18' title="bbox 186 1745 1776 1813; baseline -0.003 -9"><span class='ocrx_word' id='word_1_131' title='bbox 186 1749 242 1804; x_wconf 86' lang='lat' dir='ltr'><strong>in</strong></span> <span class='ocrx_word' id='word_1_132' title='bbox 289 1764 353 1805; x_wconf 88' lang='lat' dir='ltr'><strong>se</strong></span> <span class='ocrx_word' id='word_1_133' title='bbox 399 1749 565 1804; x_wconf 77' lang='lat' dir='ltr'><strong>ﬁdens</strong></span> <span class='ocrx_word' id='word_1_134' title='bbox 588 1755 645 1802; x_wconf 86' lang='lat' dir='ltr'><strong>et</strong></span> <span class='ocrx_word' id='word_1_135' title='bbox 668 1747 1014 1813; x_wconf 87' lang='lat' dir='ltr'><strong>charitatem,</strong></span> <span class='ocrx_word' id='word_1_136' title='bbox 1043 1754 1104 1801; x_wconf 92' lang='lat' dir='ltr'><strong>ut</strong></span> <span class='ocrx_word' id='word_1_137' title='bbox 1132 1762 1240 1802; x_wconf 92' lang='lat' dir='ltr'><strong>non</strong></span> <span class='ocrx_word' id='word_1_138' title='bbox 1283 1745 1456 1802; x_wconf 89' lang='lat' dir='ltr'><strong>solum</strong></span> <span class='ocrx_word' id='word_1_139' title='bbox 1485 1746 1670 1802; x_wconf 87' lang='lat' dir='ltr'><strong>auditu</strong></span> <span class='ocrx_word' id='word_1_140' title='bbox 1701 1745 1776 1812; x_wconf 91' lang='lat' dir='ltr'><strong>ei,</strong></span> 
     </span>
    </p>
   </div>
   <div class='ocr_carea' id='block_1_19' title="bbox 1891 556 3486 635">
    <p class='ocr_par' dir='ltr' id='par_1_19' title="bbox 1891 556 3486 635">
     <span class='ocr_line' id='line_1_19' title="bbox 1891 556 3486 635; baseline 0.007 -25"><span class='ocrx_word' id='word_1_141' title='bbox 1891 557 2024 614; x_wconf 88' lang='lat' dir='ltr'><strong>libet</strong></span> <span class='ocrx_word' id='word_1_142' title='bbox 2045 574 2076 617; x_wconf 85' lang='lat' dir='ltr'><strong>a</strong></span> <span class='ocrx_word' id='word_1_143' title='bbox 2106 558 2262 615; x_wconf 90' lang='lat' dir='ltr'><strong>nobis</strong></span> <span class='ocrx_word' id='word_1_144' title='bbox 2284 558 2490 622; x_wconf 90' lang='lat' dir='ltr'><strong>ﬁctum,</strong></span> <span class='ocrx_word' id='word_1_145' title='bbox 2520 556 2572 612; x_wconf 89' lang='lat' dir='ltr'><strong>in</strong></span> <span class='ocrx_word' id='word_1_146' title='bbox 2602 558 2954 626; x_wconf 78' lang='lat' dir='ltr'><strong>sequentibus</strong></span> <span class='ocrx_word' id='word_1_147' title='bbox 2977 559 3169 614; x_wconf 84' lang='lat' dir='ltr'><strong>discat.</strong></span> <span class='ocrx_word' id='word_1_148' title='bbox 3194 562 3486 635; x_wconf 81' lang='lat' dir='ltr'><strong>Nunquam</strong></span> 
     </span>
    </p>
   </div>
   <div class='ocr_carea' id='block_1_20' title="bbox 1890 648 3482 722">
    <p class='ocr_par' dir='ltr' id='par_1_20' title="bbox 1890 648 3482 722">
     <span class='ocr_line' id='line_1_20' title="bbox 1890 648 3482 722; baseline 0.003 -17"><span class='ocrx_word' id='word_1_149' title='bbox 1890 650 2034 709; x_wconf 87' lang='lat' dir='ltr'><strong>enim</strong></span> <span class='ocrx_word' id='word_1_150' title='bbox 2067 649 2269 705; x_wconf 83' lang='lat' dir='ltr'><strong>Paulus</strong></span> <span class='ocrx_word' id='word_1_151' title='bbox 2311 649 2536 713; x_wconf 86' lang='lat' dir='ltr'><strong>diceret,</strong></span> <span class='ocrx_word' id='word_1_152' title='bbox 2570 648 2628 703; x_wconf 92' lang='lat' dir='ltr'><strong>Si</strong></span> <span class='ocrx_word' id='word_1_153' title='bbox 2659 649 2787 718; x_wconf 83' lang='lat' dir='ltr'><strong>quid</strong></span> <span class='ocrx_word' id='word_1_154' title='bbox 2816 650 2993 704; x_wconf 87' lang='lat' dir='ltr'><strong>nocuit</strong></span> <span class='ocrx_word' id='word_1_155' title='bbox 3019 650 3132 716; x_wconf 87' lang='lat' dir='ltr'><strong>tibi,</strong></span> <span class='ocrx_word' id='word_1_156' title='bbox 3160 662 3251 706; x_wconf 86' lang='lat' dir='ltr'><strong>aut</strong></span> <span class='ocrx_word' id='word_1_157' title='bbox 3309 655 3482 722; x_wconf 81' lang='lat' dir='ltr'><strong>debet,</strong></span> 
     </span>
    </p>
   </div>
   <div class='ocr_carea' id='block_1_21' title="bbox 1889 740 3482 818">
    <p class='ocr_par' dir='ltr' id='par_1_21' title="bbox 1889 740 3482 818">
     <span class='ocr_line' id='line_1_21' title="bbox 1889 740 3482 818; baseline 0.004 -22"><span class='ocrx_word' id='word_1_158' title='bbox 1889 743 1985 797; x_wconf 89' lang='lat' dir='ltr'><strong>hoc</strong></span> <span class='ocrx_word' id='word_1_159' title='bbox 2008 742 2141 796; x_wconf 83' lang='lat' dir='ltr'><strong>mihi</strong></span> <span class='ocrx_word' id='word_1_160' title='bbox 2170 742 2391 812; x_wconf 80' lang='lat' dir='ltr'><strong>imputo.</strong></span> <span class='ocrx_word' id='word_1_161' title='bbox 2421 740 2535 812; x_wconf 82' lang='lat' dir='ltr'><strong>Ego</strong></span> <span class='ocrx_word' id='word_1_162' title='bbox 2563 740 2768 795; x_wconf 80' lang='lat' dir='ltr'><strong>Paulus</strong></span> <span class='ocrx_word' id='word_1_163' title='bbox 2801 743 2989 812; x_wconf 80' lang='lat' dir='ltr'><strong>scripsi</strong></span> <span class='ocrx_word' id='word_1_164' title='bbox 3013 759 3129 797; x_wconf 86' lang='lat' dir='ltr'><strong>mea</strong></span> <span class='ocrx_word' id='word_1_165' title='bbox 3155 761 3341 811; x_wconf 85' lang='lat' dir='ltr'><strong>manu,</strong></span> <span class='ocrx_word' id='word_1_166' title='bbox 3387 764 3482 818; x_wconf 87' lang='lat' dir='ltr'><strong>ego</strong></span> 
     </span>
    </p>
   </div>
   <div class='ocr_carea' id='block_1_22' title="bbox 1890 829 3484 902">
    <p class='ocr_par' dir='ltr' id='par_1_22' title="bbox 1890 829 3484 902">
     <span class='ocr_line' id='line_1_22' title="bbox 1890 829 3484 902; baseline 0.004 -16"><span class='ocrx_word' id='word_1_167' title='bbox 1890 831 2149 898; x_wconf 83' lang='lat' dir='ltr'><strong>reddam;</strong></span> <span class='ocrx_word' id='word_1_168' title='bbox 2190 846 2294 887; x_wconf 90' lang='lat' dir='ltr'><strong>nec</strong></span> <span class='ocrx_word' id='word_1_169' title='bbox 2334 846 2564 902; x_wconf 86' lang='lat' dir='ltr'><strong>sponsor</strong></span> <span class='ocrx_word' id='word_1_170' title='bbox 2589 829 2667 886; x_wconf 92' lang='lat' dir='ltr'><strong>rei</strong></span> <span class='ocrx_word' id='word_1_171' title='bbox 2689 830 2843 886; x_wconf 87' lang='lat' dir='ltr'><strong>ﬁeret</strong></span> <span class='ocrx_word' id='word_1_172' title='bbox 2869 832 3080 899; x_wconf 62' lang='lat' dir='ltr'><strong>ablatas,</strong></span> <span class='ocrx_word' id='word_1_173' title='bbox 3122 834 3227 889; x_wconf 88' lang='lat' dir='ltr'><strong>nisi</strong></span> <span class='ocrx_word' id='word_1_174' title='bbox 3251 844 3396 892; x_wconf 89' lang='lat' dir='ltr'><strong>esset</strong></span> <span class='ocrx_word' id='word_1_175' title='bbox 3428 836 3484 893; x_wconf 90' lang='lat' dir='ltr'><strong>id</strong></span> 
     </span>
    </p>
   </div>
   <div class='ocr_carea' id='block_1_23' title="bbox 1889 920 3484 996">
    <p class='ocr_par' dir='ltr' id='par_1_23' title="bbox 1889 920 3484 996">
     <span class='ocr_line' id='line_1_23' title="bbox 1889 920 3484 996; baseline 0.003 -19"><span class='ocrx_word' id='word_1_176' title='bbox 1889 922 2034 991; x_wconf 86' lang='lat' dir='ltr'><strong>quod</strong></span> <span class='ocrx_word' id='word_1_177' title='bbox 2058 921 2298 978; x_wconf 89' lang='lat' dir='ltr'><strong>ablatum</strong></span> <span class='ocrx_word' id='word_1_178' title='bbox 2333 920 2514 976; x_wconf 84' lang='lat' dir='ltr'><strong>fuerat</strong></span> <span class='ocrx_word' id='word_1_179' title='bbox 2539 922 2881 992; x_wconf 89' lang='lat' dir='ltr'><strong>dissipatum.</strong></span> <span class='ocrx_word' id='word_1_180' title='bbox 2924 922 3025 978; x_wconf 80' lang='lat' dir='ltr'><strong>llic</strong></span> <span class='ocrx_word' id='word_1_181' title='bbox 3054 924 3221 996; x_wconf 84' lang='lat' dir='ltr'><strong>igitur</strong></span> <span class='ocrx_word' id='word_1_182' title='bbox 3243 943 3365 983; x_wconf 89' lang='lat' dir='ltr'><strong>cum</strong></span> <span class='ocrx_word' id='word_1_183' title='bbox 3413 930 3484 983; x_wconf 86' lang='lat' dir='ltr'><strong>oh</strong></span> 
     </span>
    </p>
   </div>
   <div class='ocr_carea' id='block_1_24' title="bbox 1888 1008 3482 1085">
    <p class='ocr_par' dir='ltr' id='par_1_24' title="bbox 1888 1008 3482 1085">
     <span class='ocr_line' id='line_1_24' title="bbox 1888 1008 3482 1085; baseline 0.005 -18"><span class='ocrx_word' id='word_1_184' title='bbox 1888 1008 2284 1068; x_wconf 85' lang='lat' dir='ltr'><strong>confessionem</strong></span> <span class='ocrx_word' id='word_1_185' title='bbox 2313 1011 2519 1071; x_wconf 85' lang='lat' dir='ltr'><strong>Christi</strong></span> <span class='ocrx_word' id='word_1_186' title='bbox 2547 1013 2747 1068; x_wconf 88' lang='lat' dir='ltr'><strong>Paulus</strong></span> <span class='ocrx_word' id='word_1_187' title='bbox 2772 1013 2955 1070; x_wconf 62' lang='lat' dir='ltr'><strong>Romae</strong></span> <span class='ocrx_word' id='word_1_188' title='bbox 2979 1024 3127 1071; x_wconf 87' lang='lat' dir='ltr'><strong>esset</strong></span> <span class='ocrx_word' id='word_1_189' title='bbox 3157 1017 3210 1073; x_wconf 90' lang='lat' dir='ltr'><strong>in</strong></span> <span class='ocrx_word' id='word_1_190' title='bbox 3237 1033 3482 1085; x_wconf 80' lang='lat' dir='ltr'><strong>carcere,</strong></span> 
     </span>
    </p>
   </div>
   <div class='ocr_carea' id='block_1_25' title="bbox 1887 1102 3479 1181">
    <p class='ocr_par' dir='ltr' id='par_1_25' title="bbox 1887 1102 3479 1181">
     <span class='ocr_line' id='line_1_25' title="bbox 1887 1102 3479 1181; baseline 0.006 -24"><span class='ocrx_word' id='word_1_191' title='bbox 1887 1102 2115 1159; x_wconf 86' lang='lat' dir='ltr'><strong>credidit</strong></span> <span class='ocrx_word' id='word_1_192' title='bbox 2131 1103 2185 1158; x_wconf 90' lang='lat' dir='ltr'><strong>in</strong></span> <span class='ocrx_word' id='word_1_193' title='bbox 2209 1104 2495 1159; x_wconf 89' lang='lat' dir='ltr'><strong>Dominum</strong></span> <span class='ocrx_word' id='word_1_194' title='bbox 2517 1102 2723 1170; x_wconf 71' lang='lat' dir='ltr'><strong>Iesum,</strong></span> <span class='ocrx_word' id='word_1_195' title='bbox 2742 1105 2877 1160; x_wconf 86' lang='lat' dir='ltr'><strong>etab</strong></span> <span class='ocrx_word' id='word_1_196' title='bbox 2890 1120 2957 1160; x_wconf 89' lang='lat' dir='ltr'><strong>eo</strong></span> <span class='ocrx_word' id='word_1_197' title='bbox 2987 1105 3296 1177; x_wconf 85' lang='lat' dir='ltr'><strong>baptizatus</strong></span> <span class='ocrx_word' id='word_1_198' title='bbox 3318 1110 3479 1181; x_wconf 84' lang='lat' dir='ltr'><strong>digna</strong></span> 
     </span>
    </p>
   </div>
   <div class='ocr_carea' id='block_1_26' title="bbox 1886 1193 3478 1266">
    <p class='ocr_par' dir='ltr' id='par_1_26' title="bbox 1886 1193 3478 1266">
     <span class='ocr_line' id='line_1_26' title="bbox 1886 1193 3478 1266; baseline 0.006 -18"><span class='ocrx_word' id='word_1_199' title='bbox 1886 1193 2205 1264; x_wconf 74' lang='lat' dir='ltr'><strong>ptenitentia</strong></span> <span class='ocrx_word' id='word_1_200' title='bbox 2227 1195 2470 1251; x_wconf 87' lang='lat' dir='ltr'><strong>maculas</strong></span> <span class='ocrx_word' id='word_1_201' title='bbox 2498 1196 2622 1251; x_wconf 72' lang='lat' dir='ltr'><strong>vita:</strong></span> <span class='ocrx_word' id='word_1_202' title='bbox 2647 1196 2846 1266; x_wconf 88' lang='lat' dir='ltr'><strong>prioris</strong></span> <span class='ocrx_word' id='word_1_203' title='bbox 2868 1195 3144 1265; x_wconf 89' lang='lat' dir='ltr'><strong>abstersit,</strong></span> <span class='ocrx_word' id='word_1_204' title='bbox 3176 1199 3231 1255; x_wconf 90' lang='lat' dir='ltr'><strong>in</strong></span> <span class='ocrx_word' id='word_1_205' title='bbox 3268 1209 3478 1259; x_wconf 84' lang='lat' dir='ltr'><strong>tantum</strong></span> 
     </span>
    </p>
   </div>
   <div class='ocr_carea' id='block_1_27' title="bbox 1885 1285 3479 1364">
    <p class='ocr_par' dir='ltr' id='par_1_27' title="bbox 1885 1285 3479 1364">
     <span class='ocr_line' id='line_1_27' title="bbox 1885 1285 3479 1364; baseline 0.008 -25"><span class='ocrx_word' id='word_1_206' title='bbox 1885 1292 1948 1339; x_wconf 91' lang='lat' dir='ltr'><strong>ut</strong></span> <span class='ocrx_word' id='word_1_207' title='bbox 1999 1285 2290 1355; x_wconf 81' lang='lat' dir='ltr'><strong>Apostolus</strong></span> <span class='ocrx_word' id='word_1_208' title='bbox 2345 1288 2777 1343; x_wconf 80' lang='lat' dir='ltr'><strong>conversationis</strong></span> <span class='ocrx_word' id='word_1_209' title='bbox 2822 1288 2940 1359; x_wconf 85' lang='lat' dir='ltr'><strong>ejus</strong></span> <span class='ocrx_word' id='word_1_210' title='bbox 2985 1292 3143 1347; x_wconf 90' lang='lat' dir='ltr'><strong>testis</strong></span> <span class='ocrx_word' id='word_1_211' title='bbox 3174 1292 3350 1359; x_wconf 91' lang='lat' dir='ltr'><strong>ﬁeret,</strong></span> <span class='ocrx_word' id='word_1_212' title='bbox 3382 1297 3479 1364; x_wconf 89' lang='lat' dir='ltr'><strong>qui</strong></span> 
     </span>
    </p>
   </div>
   <div class='ocr_carea' id='block_1_28' title="bbox 1885 1374 3477 1451">
    <p class='ocr_par' dir='ltr' id='par_1_28' title="bbox 1885 1374 3477 1451">
     <span class='ocr_line' id='line_1_28' title="bbox 1885 1374 3477 1451; baseline 0.008 -23"><span class='ocrx_word' id='word_1_213' title='bbox 1885 1374 2155 1444; x_wconf 90' lang='lat' dir='ltr'><strong>quondam</strong></span> <span class='ocrx_word' id='word_1_214' title='bbox 2172 1375 2390 1433; x_wconf 91' lang='lat' dir='ltr'><strong>Petrum</strong></span> <span class='ocrx_word' id='word_1_215' title='bbox 2405 1376 2868 1446; x_wconf 89' lang='lat' dir='ltr'><strong>inerepueratnon</strong></span> <span class='ocrx_word' id='word_1_216' title='bbox 2891 1387 3043 1435; x_wconf 90' lang='lat' dir='ltr'><strong>recto</strong></span> <span class='ocrx_word' id='word_1_217' title='bbox 3068 1382 3204 1451; x_wconf 88' lang='lat' dir='ltr'><strong>pede</strong></span> <span class='ocrx_word' id='word_1_218' title='bbox 3226 1383 3282 1438; x_wconf 90' lang='lat' dir='ltr'><strong>in</strong></span> <span class='ocrx_word' id='word_1_219' title='bbox 3301 1383 3477 1440; x_wconf 86' lang='lat' dir='ltr'><strong>Evan-</strong></span> 
     </span>
    </p>
   </div>
   <div class='ocr_carea' id='block_1_29' title="bbox 1884 1467 3476 1547">
    <p class='ocr_par' dir='ltr' id='par_1_29' title="bbox 1884 1467 3476 1547">
     <span class='ocr_line' id='line_1_29' title="bbox 1884 1467 3476 1547; baseline 0.008 -26"><span class='ocrx_word' id='word_1_220' title='bbox 1884 1467 2009 1537; x_wconf 89' lang='lat' dir='ltr'><strong>gelii</strong></span> <span class='ocrx_word' id='word_1_221' title='bbox 2039 1469 2267 1523; x_wconf 86' lang='lat' dir='ltr'><strong>veritate</strong></span> <span class='ocrx_word' id='word_1_222' title='bbox 2292 1469 2652 1538; x_wconf 86' lang='lat' dir='ltr'><strong>gradientem.</strong></span> <span class='ocrx_word' id='word_1_223' title='bbox 2677 1469 2950 1537; x_wconf 89' lang='lat' dir='ltr'><strong>Quantum</strong></span> <span class='ocrx_word' id='word_1_224' title='bbox 2983 1474 3154 1545; x_wconf 83' lang='lat' dir='ltr'><strong>igitur</strong></span> <span class='ocrx_word' id='word_1_225' title='bbox 3183 1476 3252 1531; x_wconf 86' lang='lat' dir='ltr'><strong>ad</strong></span> <span class='ocrx_word' id='word_1_226' title='bbox 3282 1493 3476 1547; x_wconf 87' lang='lat' dir='ltr'><strong>pecca-</strong></span> 
     </span>
    </p>
   </div>
   <div class='ocr_carea' id='block_1_30' title="bbox 1885 1558 3476 1633">
    <p class='ocr_par' dir='ltr' id='par_1_30' title="bbox 1885 1558 3476 1633">
     <span class='ocr_line' id='line_1_30' title="bbox 1885 1558 3476 1633; baseline 0.006 -20"><span class='ocrx_word' id='word_1_227' title='bbox 1885 1565 1998 1613; x_wconf 90' lang='lat' dir='ltr'><strong>tum</strong></span> <span class='ocrx_word' id='word_1_228' title='bbox 2033 1566 2088 1613; x_wconf 88' lang='lat' dir='ltr'><strong>et</strong></span> <span class='ocrx_word' id='word_1_229' title='bbox 2114 1558 2183 1614; x_wconf 89' lang='lat' dir='ltr'><strong>ad</strong></span> <span class='ocrx_word' id='word_1_230' title='bbox 2218 1558 2431 1615; x_wconf 81' lang='lat' dir='ltr'><strong>facinus</strong></span> <span class='ocrx_word' id='word_1_231' title='bbox 2473 1560 2711 1630; x_wconf 89' lang='lat' dir='ltr'><strong>pertinet</strong></span> <span class='ocrx_word' id='word_1_232' title='bbox 2756 1562 2898 1631; x_wconf 89' lang='lat' dir='ltr'><strong>quod</strong></span> <span class='ocrx_word' id='word_1_233' title='bbox 2946 1564 3193 1622; x_wconf 86' lang='lat' dir='ltr'><strong>homines</strong></span> <span class='ocrx_word' id='word_1_234' title='bbox 3236 1568 3476 1633; x_wconf 62' lang='lat' dir='ltr'><strong>lzeserat,</strong></span> 
     </span>
    </p>
   </div>
   <div class='ocr_carea' id='block_1_31' title="bbox 1882 1647 3479 1730">
    <p class='ocr_par' dir='ltr' id='par_1_31' title="bbox 1882 1647 3479 1730">
     <span class='ocr_line' id='line_1_31' title="bbox 1882 1647 3479 1730; baseline 0.009 -28"><span class='ocrx_word' id='word_1_235' title='bbox 1882 1647 2100 1703; x_wconf 83' lang='lat' dir='ltr'><strong>veniam</strong></span> <span class='ocrx_word' id='word_1_236' title='bbox 2137 1663 2247 1705; x_wconf 89' lang='lat' dir='ltr'><strong>non</strong></span> <span class='ocrx_word' id='word_1_237' title='bbox 2298 1656 2564 1705; x_wconf 88' lang='lat' dir='ltr'><strong>meretur.</strong></span> <span class='ocrx_word' id='word_1_238' title='bbox 2622 1650 2897 1719; x_wconf 84' lang='lat' dir='ltr'><strong>Quantum</strong></span> <span class='ocrx_word' id='word_1_239' title='bbox 2939 1670 3072 1712; x_wconf 84' lang='lat' dir='ltr'><strong>vero</strong></span> <span class='ocrx_word' id='word_1_240' title='bbox 3119 1658 3186 1712; x_wconf 89' lang='lat' dir='ltr'><strong>ad</strong></span> <span class='ocrx_word' id='word_1_241' title='bbox 3233 1658 3479 1730; x_wconf 88' lang='lat' dir='ltr'><strong>Apostoli</strong></span> 
     </span>
    </p>
   </div>
   <div class='ocr_carea' id='block_1_32' title="bbox 1883 1740 3475 1816">
    <p class='ocr_par' dir='ltr' id='par_1_32' title="bbox 1883 1740 3475 1816">
     <span class='ocr_line' id='line_1_32' title="bbox 1883 1740 3475 1816; baseline 0.009 -24"><span class='ocrx_word' id='word_1_242' title='bbox 1883 1740 2251 1797; x_wconf 89' lang='lat' dir='ltr'><strong>testimonium</strong></span> <span class='ocrx_word' id='word_1_243' title='bbox 2294 1741 2387 1811; x_wconf 89' lang='lat' dir='ltr'><strong>qui</strong></span> <span class='ocrx_word' id='word_1_244' title='bbox 2442 1744 2549 1799; x_wconf 84' lang='lat' dir='ltr'><strong>scit</strong></span> <span class='ocrx_word' id='word_1_245' title='bbox 2586 1758 2712 1799; x_wconf 88' lang='lat' dir='ltr'><strong>eum</strong></span> <span class='ocrx_word' id='word_1_246' title='bbox 2740 1745 2902 1816; x_wconf 87' lang='lat' dir='ltr'><strong>plene</strong></span> <span class='ocrx_word' id='word_1_247' title='bbox 2952 1763 3076 1804; x_wconf 90' lang='lat' dir='ltr'><strong>esse</strong></span> <span class='ocrx_word' id='word_1_248' title='bbox 3128 1764 3475 1814; x_wconf 85' lang='lat' dir='ltr'><strong>conversum,</strong></span> 
     </span>
    </p>
   </div>
   <div class='ocr_carea' id='block_1_33' title="bbox 184 1832 3488 1910">
    <p class='ocr_par' dir='ltr' id='par_1_33' title="bbox 184 1832 3488 1910">
     <span class='ocr_line' id='line_1_33' title="bbox 184 1832 3488 1910; baseline 0.002 -17"><span class='ocrx_word' id='word_1_249' title='bbox 184 1854 379 1894; x_wconf 82' lang='lat' dir='ltr'><strong>verum</strong></span> <span class='ocrx_word' id='word_1_250' title='bbox 399 1853 563 1908; x_wconf 85' lang='lat' dir='ltr'><strong>opere</strong></span> <span class='ocrx_word' id='word_1_251' title='bbox 590 1844 941 1903; x_wconf 88' lang='lat' dir='ltr'><strong>nosceretur;</strong></span> <span class='ocrx_word' id='word_1_252' title='bbox 978 1845 1035 1893; x_wconf 90' lang='lat' dir='ltr'><strong>et</strong></span> <span class='ocrx_word' id='word_1_253' title='bbox 1067 1850 1167 1908; x_wconf 90' lang='lat' dir='ltr'><strong>pro</strong></span> <span class='ocrx_word' id='word_1_254' title='bbox 1195 1836 1511 1895; x_wconf 83' lang='lat' dir='ltr'><strong>Philemone</strong></span> <span class='ocrx_word' id='word_1_255' title='bbox 1550 1836 1779 1893; x_wconf 89' lang='lat' dir='ltr'><strong>Paulum</strong></span> <span class='ocrx_word' id='word_1_256' title='bbox 1806 1832 1854 1891; x_wconf 90' lang='lat' dir='ltr'><strong>B</strong></span> <span class='ocrx_word' id='word_1_257' title='bbox 1882 1832 2071 1902; x_wconf 83' lang='lat' dir='ltr'><strong>grandi</strong></span> <span class='ocrx_word' id='word_1_258' title='bbox 2096 1833 2336 1905; x_wconf 90' lang='lat' dir='ltr'><strong>pondere</strong></span> <span class='ocrx_word' id='word_1_259' title='bbox 2366 1836 2635 1905; x_wconf 88' lang='lat' dir='ltr'><strong>premitur</strong></span> <span class='ocrx_word' id='word_1_260' title='bbox 2664 1838 2762 1909; x_wconf 87' lang='lat' dir='ltr'><strong>qui</strong></span> <span class='ocrx_word' id='word_1_261' title='bbox 2789 1847 3043 1909; x_wconf 80' lang='lat' dir='ltr'><strong>rogatur;</strong></span> <span class='ocrx_word' id='word_1_262' title='bbox 3077 1841 3205 1910; x_wconf 86' lang='lat' dir='ltr'><strong>quia</strong></span> <span class='ocrx_word' id='word_1_263' title='bbox 3244 1856 3279 1897; x_wconf 91' lang='lat' dir='ltr'><strong>e</strong></span> <span class='ocrx_word' id='word_1_264' title='bbox 3316 1856 3488 1901; x_wconf 69' lang='lat' dir='ltr'><strong>servo</strong></span> 
     </span>
    </p>
   </div>
   <div class='ocr_carea' id='block_1_34' title="bbox 185 1926 1782 1999">
    <p class='ocr_par' dir='ltr' id='par_1_34' title="bbox 185 1926 1782 1999">
     <span class='ocr_line' id='line_1_34' title="bbox 185 1926 1782 1999; baseline -0.003 -15"><span class='ocrx_word' id='word_1_265' title='bbox 185 1943 405 1999; x_wconf 79' lang='lat' dir='ltr'><strong>semper</strong></span> <span class='ocrx_word' id='word_1_266' title='bbox 454 1940 641 1984; x_wconf 83' lang='lat' dir='ltr'><strong>orasse</strong></span> <span class='ocrx_word' id='word_1_267' title='bbox 681 1927 943 1984; x_wconf 87' lang='lat' dir='ltr'><strong>credibile</strong></span> <span class='ocrx_word' id='word_1_268' title='bbox 967 1935 1076 1993; x_wconf 86' lang='lat' dir='ltr'><strong>est,</strong></span> <span class='ocrx_word' id='word_1_269' title='bbox 1121 1941 1231 1997; x_wconf 91' lang='lat' dir='ltr'><strong>quo</strong></span> <span class='ocrx_word' id='word_1_270' title='bbox 1280 1926 1492 1983; x_wconf 83' lang='lat' dir='ltr'><strong>scilicet</strong></span> <span class='ocrx_word' id='word_1_271' title='bbox 1543 1926 1677 1982; x_wconf 89' lang='lat' dir='ltr'><strong>ﬁdes</strong></span> <span class='ocrx_word' id='word_1_272' title='bbox 1724 1932 1782 1981; x_wconf 90' lang='lat' dir='ltr'><strong>et</strong></span> 
     </span>
    </p>
   </div>
   <div class='ocr_carea' id='block_1_35' title="bbox 182 2015 1780 2087">
    <p class='ocr_par' dir='ltr' id='par_1_35' title="bbox 182 2015 1780 2087">
     <span class='ocr_line' id='line_1_35' title="bbox 182 2015 1780 2087; baseline -0.001 -13"><span class='ocrx_word' id='word_1_273' title='bbox 182 2018 429 2074; x_wconf 87' lang='lat' dir='ltr'><strong>charitas</strong></span> <span class='ocrx_word' id='word_1_274' title='bbox 457 2032 622 2087; x_wconf 85' lang='lat' dir='ltr'><strong>quam</strong></span> <span class='ocrx_word' id='word_1_275' title='bbox 650 2016 889 2073; x_wconf 87' lang='lat' dir='ltr'><strong>habebat</strong></span> <span class='ocrx_word' id='word_1_276' title='bbox 906 2017 964 2073; x_wconf 90' lang='lat' dir='ltr'><strong>in</strong></span> <span class='ocrx_word' id='word_1_277' title='bbox 985 2015 1225 2082; x_wconf 89' lang='lat' dir='ltr'><strong>Christo,</strong></span> <span class='ocrx_word' id='word_1_278' title='bbox 1265 2024 1320 2073; x_wconf 89' lang='lat' dir='ltr'><strong>et</strong></span> <span class='ocrx_word' id='word_1_279' title='bbox 1362 2017 1417 2073; x_wconf 88' lang='lat' dir='ltr'><strong>in</strong></span> <span class='ocrx_word' id='word_1_280' title='bbox 1436 2032 1627 2074; x_wconf 89' lang='lat' dir='ltr'><strong>omnes</strong></span> <span class='ocrx_word' id='word_1_281' title='bbox 1654 2032 1780 2074; x_wconf 86' lang='lat' dir='ltr'><strong>san-</strong></span> 
     </span>
    </p>
   </div>
   <div class='ocr_carea' id='block_1_36' title="bbox 182 2108 1779 2181">
    <p class='ocr_par' dir='ltr' id='par_1_36' title="bbox 182 2108 1779 2181">
     <span class='ocr_line' id='line_1_36' title="bbox 182 2108 1779 2181; baseline 0 -16"><span class='ocrx_word' id='word_1_282' title='bbox 182 2118 305 2166; x_wconf 84' lang='lat' dir='ltr'><strong>ctos</strong></span> <span class='ocrx_word' id='word_1_283' title='bbox 364 2109 506 2181; x_wconf 68' lang='lat' dir='ltr'><strong>eius,</strong></span> <span class='ocrx_word' id='word_1_284' title='bbox 557 2123 657 2180; x_wconf 88' lang='lat' dir='ltr'><strong>per</strong></span> <span class='ocrx_word' id='word_1_285' title='bbox 708 2108 1257 2167; x_wconf 86' lang='lat' dir='ltr'><strong>communicationem</strong></span> <span class='ocrx_word' id='word_1_286' title='bbox 1309 2108 1455 2176; x_wconf 87' lang='lat' dir='ltr'><strong>ﬁdei,</strong></span> <span class='ocrx_word' id='word_1_287' title='bbox 1487 2118 1545 2165; x_wconf 91' lang='lat' dir='ltr'><strong>et</strong></span> <span class='ocrx_word' id='word_1_288' title='bbox 1585 2124 1779 2180; x_wconf 86' lang='lat' dir='ltr'><strong>opera-</strong></span> 
     </span>
    </p>
   </div>
   <div class='ocr_carea' id='block_1_37' title="bbox 180 2199 1779 2273">
    <p class='ocr_par' dir='ltr' id='par_1_37' title="bbox 180 2199 1779 2273">
     <span class='ocr_line' id='line_1_37' title="bbox 180 2199 1779 2273; baseline 0.001 -13"><span class='ocrx_word' id='word_1_289' title='bbox 180 2201 389 2260; x_wconf 79' lang='lat' dir='ltr'><strong>tionem</strong></span> <span class='ocrx_word' id='word_1_290' title='bbox 411 2200 708 2273; x_wconf 80' lang='lat' dir='ltr'><strong>agnitionis</strong></span> <span class='ocrx_word' id='word_1_291' title='bbox 727 2200 784 2259; x_wconf 88' lang='lat' dir='ltr'><strong>iu</strong></span> <span class='ocrx_word' id='word_1_292' title='bbox 803 2200 953 2259; x_wconf 83' lang='lat' dir='ltr'><strong>omni</strong></span> <span class='ocrx_word' id='word_1_293' title='bbox 978 2201 1140 2266; x_wconf 84' lang='lat' dir='ltr'><strong>bono,</strong></span> <span class='ocrx_word' id='word_1_294' title='bbox 1171 2199 1376 2261; x_wconf 83' lang='lat' dir='ltr'><strong>Christi</strong></span> <span class='ocrx_word' id='word_1_295' title='bbox 1403 2201 1779 2261; x_wconf 85' lang='lat' dir='ltr'><strong>misericordia</strong></span> 
     </span>
    </p>
   </div>
   <div class='ocr_carea' id='block_1_38' title="bbox 178 2300 516 2346">
    <p class='ocr_par' dir='ltr' id='par_1_38' title="bbox 178 2300 516 2346">
     <span class='ocr_line' id='line_1_38' title="bbox 178 2300 516 2346; baseline 0 -1"><span class='ocrx_word' id='word_1_296' title='bbox 178 2300 516 2346; x_wconf 70' lang='lat' dir='ltr'><strong>cenaretur.</strong></span> 
     </span>
    </p>
   </div>
   <div class='ocr_carea' id='block_1_39' title="bbox 250 2378 1775 2453">
    <p class='ocr_par' dir='ltr' id='par_1_39' title="bbox 250 2378 1775 2453">
     <span class='ocr_line' id='line_1_39' title="bbox 250 2378 1775 2453; baseline 0 -18"><span class='ocrx_word' id='word_1_297' title='bbox 250 2379 440 2453; x_wconf 74' lang='lat' dir='ltr'><strong>(Vero.</strong></span> <span class='ocrx_word' id='word_1_298' title='bbox 477 2379 558 2450; x_wconf 81' lang='lat'><strong>5.)</strong></span> <span class='ocrx_word' id='word_1_299' title='bbox 583 2379 819 2436; x_wconf 73' lang='lat' dir='ltr'><strong>Audiens</strong></span> <span class='ocrx_word' id='word_1_300' title='bbox 837 2379 1150 2435; x_wconf 77' lang='lat' dir='ltr'><strong>cheritatent</strong></span> <span class='ocrx_word' id='word_1_301' title='bbox 1170 2386 1341 2445; x_wconf 72' lang='lat' dir='ltr'><strong>tuens,</strong></span> <span class='ocrx_word' id='word_1_302' title='bbox 1361 2387 1410 2435; x_wconf 84' lang='lat' dir='ltr'><strong>et</strong></span> <span class='ocrx_word' id='word_1_303' title='bbox 1433 2378 1592 2447; x_wconf 80' lang='lat' dir='ltr'><strong>fidem</strong></span> <span class='ocrx_word' id='word_1_304' title='bbox 1613 2396 1775 2450; x_wconf 80' lang='lat' dir='ltr'><strong>quam</strong></span> 
     </span>
    </p>
   </div>
   <div class='ocr_carea' id='block_1_40' title="bbox 175 2469 1782 2537">
    <p class='ocr_par' dir='ltr' id='par_1_40' title="bbox 175 2469 1782 2537">
     <span class='ocr_line' id='line_1_40' title="bbox 175 2469 1782 2537; baseline 0 -10"><span class='ocrx_word' id='word_1_305' title='bbox 175 2472 345 2527; x_wconf 58' lang='lat' dir='ltr'><strong>debes</strong></span> <span class='ocrx_word' id='word_1_306' title='bbox 390 2472 446 2526; x_wconf 82' lang='lat' dir='ltr'><strong>in</strong></span> <span class='ocrx_word' id='word_1_307' title='bbox 489 2471 720 2527; x_wconf 82' lang='lat' dir='ltr'><strong>Domino</strong></span> <span class='ocrx_word' id='word_1_308' title='bbox 768 2470 923 2535; x_wconf 71' lang='lat' dir='ltr'><strong>Iesu,</strong></span> <span class='ocrx_word' id='word_1_309' title='bbox 950 2479 999 2526; x_wconf 79' lang='lat' dir='ltr'><strong>et</strong></span> <span class='ocrx_word' id='word_1_310' title='bbox 1046 2471 1105 2525; x_wconf 81' lang='lat' dir='ltr'><strong>in</strong></span> <span class='ocrx_word' id='word_1_311' title='bbox 1131 2486 1310 2525; x_wconf 69' lang='lat' dir='ltr'><strong>omnes</strong></span> <span class='ocrx_word' id='word_1_312' title='bbox 1346 2479 1577 2527; x_wconf 82' lang='lat' dir='ltr'><strong>sanctos.</strong></span> <span class='ocrx_word' id='word_1_313' title='bbox 1623 2469 1782 2537; x_wconf 84' lang='lat' dir='ltr'><strong>Quod</strong></span> 
     </span>
    </p>
   </div>
   <div class='ocr_carea' id='block_1_41' title="bbox 170 2560 1782 2629">
    <p class='ocr_par' dir='ltr' id='par_1_41' title="bbox 170 2560 1782 2629">
     <span class='ocr_line' id='line_1_41' title="bbox 170 2560 1782 2629; baseline 0 -10"><span class='ocrx_word' id='word_1_314' title='bbox 170 2562 511 2619; x_wconf 83' lang='lat' dir='ltr'><strong>cbaritatem</strong></span> <span class='ocrx_word' id='word_1_315' title='bbox 534 2562 762 2618; x_wconf 87' lang='lat' dir='ltr'><strong>haberet</strong></span> <span class='ocrx_word' id='word_1_316' title='bbox 793 2561 1076 2619; x_wconf 88' lang='lat' dir='ltr'><strong>Philemon</strong></span> <span class='ocrx_word' id='word_1_317' title='bbox 1099 2563 1154 2620; x_wconf 89' lang='lat' dir='ltr'><strong>in</strong></span> <span class='ocrx_word' id='word_1_318' title='bbox 1182 2562 1429 2629; x_wconf 85' lang='lat' dir='ltr'><strong>Domino,</strong></span> <span class='ocrx_word' id='word_1_319' title='bbox 1488 2577 1595 2619; x_wconf 87' lang='lat' dir='ltr'><strong>non</strong></span> <span class='ocrx_word' id='word_1_320' title='bbox 1644 2560 1782 2619; x_wconf 75' lang='lat' dir='ltr'><strong>dim-</strong></span> 
     </span>
    </p>
   </div>
   <div class='ocr_carea' id='block_1_42' title="bbox 170 2652 1777 2724">
    <p class='ocr_par' dir='ltr' id='par_1_42' title="bbox 170 2652 1777 2724">
     <span class='ocr_line' id='line_1_42' title="bbox 170 2652 1777 2724; baseline 0 -18"><span class='ocrx_word' id='word_1_321' title='bbox 170 2652 307 2707; x_wconf 81' lang='lat' dir='ltr'><strong>cilis</strong></span> <span class='ocrx_word' id='word_1_322' title='bbox 358 2652 735 2723; x_wconf 85' lang='lat' dir='ltr'><strong>interpretatio</strong></span> <span class='ocrx_word' id='word_1_323' title='bbox 760 2660 866 2719; x_wconf 87' lang='lat' dir='ltr'><strong>est,</strong></span> <span class='ocrx_word' id='word_1_324' title='bbox 896 2653 1025 2723; x_wconf 85' lang='lat' dir='ltr'><strong>quia</strong></span> <span class='ocrx_word' id='word_1_325' title='bbox 1072 2661 1196 2724; x_wconf 84' lang='lat' dir='ltr'><strong>post</strong></span> <span class='ocrx_word' id='word_1_326' title='bbox 1217 2652 1386 2710; x_wconf 81' lang='lat' dir='ltr'><strong>Deum</strong></span> <span class='ocrx_word' id='word_1_327' title='bbox 1414 2652 1640 2724; x_wconf 82' lang='lat' dir='ltr'><strong>diligere</strong></span> <span class='ocrx_word' id='word_1_328' title='bbox 1685 2652 1777 2724; x_wconf 86' lang='lat' dir='ltr'><strong>ju-</strong></span> 
     </span>
    </p>
   </div>
   <div class='ocr_carea' id='block_1_43' title="bbox 168 2742 1783 2812">
    <p class='ocr_par' dir='ltr' id='par_1_43' title="bbox 168 2742 1783 2812">
     <span class='ocr_line' id='line_1_43' title="bbox 168 2742 1783 2812; baseline 0.003 -17"><span class='ocrx_word' id='word_1_329' title='bbox 168 2742 381 2798; x_wconf 87' lang='lat' dir='ltr'><strong>hemur</strong></span> <span class='ocrx_word' id='word_1_330' title='bbox 411 2751 467 2797; x_wconf 90' lang='lat' dir='ltr'><strong>et</strong></span> <span class='ocrx_word' id='word_1_331' title='bbox 501 2742 812 2812; x_wconf 71' lang='lat' dir='ltr'><strong>proximos;</strong></span> <span class='ocrx_word' id='word_1_332' title='bbox 847 2750 904 2800; x_wconf 90' lang='lat' dir='ltr'><strong>et</strong></span> <span class='ocrx_word' id='word_1_333' title='bbox 940 2760 1050 2800; x_wconf 90' lang='lat' dir='ltr'><strong>non</strong></span> <span class='ocrx_word' id='word_1_334' title='bbox 1087 2743 1261 2801; x_wconf 83' lang='lat' dir='ltr'><strong>solum</strong></span> <span class='ocrx_word' id='word_1_335' title='bbox 1291 2744 1451 2803; x_wconf 88' lang='lat' dir='ltr'><strong>ﬁdem</strong></span> <span class='ocrx_word' id='word_1_336' title='bbox 1491 2754 1548 2802; x_wconf 91' lang='lat' dir='ltr'><strong>et</strong></span> <span class='ocrx_word' id='word_1_337' title='bbox 1601 2745 1783 2803; x_wconf 80' lang='lat' dir='ltr'><strong>chari-</strong></span> 
     </span>
    </p>
   </div>
   <div class='ocr_carea' id='block_1_44' title="bbox 167 2832 1782 2909">
    <p class='ocr_par' dir='ltr' id='par_1_44' title="bbox 167 2832 1782 2909">
     <span class='ocr_line' id='line_1_44' title="bbox 167 2832 1782 2909; baseline 0.004 -21"><span class='ocrx_word' id='word_1_338' title='bbox 167 2842 351 2890; x_wconf 87' lang='lat' dir='ltr'><strong>tatem</strong></span> <span class='ocrx_word' id='word_1_339' title='bbox 392 2832 447 2887; x_wconf 91' lang='lat' dir='ltr'><strong>in</strong></span> <span class='ocrx_word' id='word_1_340' title='bbox 499 2834 694 2901; x_wconf 85' lang='lat' dir='ltr'><strong>Deum,</strong></span> <span class='ocrx_word' id='word_1_341' title='bbox 745 2844 805 2892; x_wconf 89' lang='lat' dir='ltr'><strong>et</strong></span> <span class='ocrx_word' id='word_1_342' title='bbox 830 2836 885 2892; x_wconf 92' lang='lat' dir='ltr'><strong>in</strong></span> <span class='ocrx_word' id='word_1_343' title='bbox 916 2844 1136 2893; x_wconf 85' lang='lat' dir='ltr'><strong>sanctos</strong></span> <span class='ocrx_word' id='word_1_344' title='bbox 1188 2839 1308 2909; x_wconf 83' lang='lat' dir='ltr'><strong>ejus</strong></span> <span class='ocrx_word' id='word_1_345' title='bbox 1337 2836 1583 2894; x_wconf 75' lang='lat' dir='ltr'><strong>sufﬁcere</strong></span> <span class='ocrx_word' id='word_1_346' title='bbox 1622 2839 1782 2895; x_wconf 86' lang='lat' dir='ltr'><strong>nobis</strong></span> 
     </span>
    </p>
   </div>
   <div class='ocr_carea' id='block_1_45' title="bbox 166 2924 1781 2998">
    <p class='ocr_par' dir='ltr' id='par_1_45' title="bbox 166 2924 1781 2998">
     <span class='ocr_line' id='line_1_45' title="bbox 166 2924 1781 2998; baseline 0.005 -20"><span class='ocrx_word' id='word_1_347' title='bbox 166 2937 337 2992; x_wconf 86' lang='lat' dir='ltr'><strong>posse</strong></span> <span class='ocrx_word' id='word_1_348' title='bbox 369 2924 680 2991; x_wconf 88' lang='lat' dir='ltr'><strong>credamus,</strong></span> <span class='ocrx_word' id='word_1_349' title='bbox 706 2926 800 2980; x_wconf 90' lang='lat' dir='ltr'><strong>sed</strong></span> <span class='ocrx_word' id='word_1_350' title='bbox 826 2934 886 2981; x_wconf 88' lang='lat' dir='ltr'><strong>ut</strong></span> <span class='ocrx_word' id='word_1_351' title='bbox 912 2927 966 2983; x_wconf 90' lang='lat' dir='ltr'><strong>id</strong></span> <span class='ocrx_word' id='word_1_352' title='bbox 985 2927 1131 2997; x_wconf 89' lang='lat' dir='ltr'><strong>quod</strong></span> <span class='ocrx_word' id='word_1_353' title='bbox 1154 2928 1430 2983; x_wconf 86' lang='lat' dir='ltr'><strong>credimus</strong></span> <span class='ocrx_word' id='word_1_354' title='bbox 1452 2943 1617 2998; x_wconf 90' lang='lat' dir='ltr'><strong>opere</strong></span> <span class='ocrx_word' id='word_1_355' title='bbox 1637 2943 1781 2985; x_wconf 86' lang='lat' dir='ltr'><strong>com-</strong></span> 
     </span>
    </p>
   </div>
   <div class='ocr_carea' id='block_1_46' title="bbox 168 3014 1781 3089">
    <p class='ocr_par' dir='ltr' id='par_1_46' title="bbox 168 3014 1781 3089">
     <span class='ocr_line' id='line_1_46' title="bbox 168 3014 1781 3089; baseline 0.007 -21"><span class='ocrx_word' id='word_1_356' title='bbox 168 3016 417 3084; x_wconf 86' lang='lat' dir='ltr'><strong>pleatur.</strong></span> <span class='ocrx_word' id='word_1_357' title='bbox 448 3014 629 3087; x_wconf 83' lang='lat' dir='ltr'><strong>(Vers.</strong></span> <span class='ocrx_word' id='word_1_358' title='bbox 662 3016 741 3089; x_wconf 84' lang='lat'><strong>6.)</strong></span> <span class='ocrx_word' id='word_1_359' title='bbox 776 3015 842 3072; x_wconf 88' lang='lat' dir='ltr'><strong>Ut</strong></span> <span class='ocrx_word' id='word_1_360' title='bbox 876 3020 1282 3074; x_wconf 79' lang='lat' dir='ltr'><strong>communicatio</strong></span> <span class='ocrx_word' id='word_1_361' title='bbox 1302 3020 1428 3089; x_wconf 77' lang='lat' dir='ltr'><strong>ﬁdei</strong></span> <span class='ocrx_word' id='word_1_362' title='bbox 1446 3029 1552 3078; x_wconf 77' lang='lat' dir='ltr'><strong>tuor</strong></span> <span class='ocrx_word' id='word_1_363' title='bbox 1571 3022 1781 3079; x_wconf 80' lang='lat' dir='ltr'><strong>evidens</strong></span> 
     </span>
    </p>
   </div>
   <div class='ocr_carea' id='block_1_47' title="bbox 168 3106 1783 3178">
    <p class='ocr_par' dir='ltr' id='par_1_47' title="bbox 168 3106 1783 3178">
     <span class='ocr_line' id='line_1_47' title="bbox 168 3106 1783 3178; baseline 0.004 -17"><span class='ocrx_word' id='word_1_364' title='bbox 168 3106 264 3175; x_wconf 80' lang='lat' dir='ltr'><strong>ﬁat</strong></span> <span class='ocrx_word' id='word_1_365' title='bbox 287 3106 347 3160; x_wconf 77' lang='lat' dir='ltr'><strong>in</strong></span> <span class='ocrx_word' id='word_1_366' title='bbox 386 3107 663 3177; x_wconf 77' lang='lat' dir='ltr'><strong>agnitione</strong></span> <span class='ocrx_word' id='word_1_367' title='bbox 677 3108 846 3163; x_wconf 82' lang='lat' dir='ltr'><strong>omnis</strong></span> <span class='ocrx_word' id='word_1_368' title='bbox 875 3108 997 3163; x_wconf 80' lang='lat' dir='ltr'><strong>boni</strong></span> <span class='ocrx_word' id='word_1_369' title='bbox 1024 3109 1078 3163; x_wconf 91' lang='lat' dir='ltr'><strong>in</strong></span> <span class='ocrx_word' id='word_1_370' title='bbox 1113 3107 1322 3165; x_wconf 77' lang='lat' dir='ltr'><strong>Christo</strong></span> <span class='ocrx_word' id='word_1_371' title='bbox 1347 3109 1500 3165; x_wconf 73' lang='lat' dir='ltr'><strong>Iesu.</strong></span> <span class='ocrx_word' id='word_1_372' title='bbox 1550 3110 1783 3178; x_wconf 82' lang='lat' dir='ltr'><strong>Quantis</strong></span> 
     </span>
    </p>
   </div>
   <div class='ocr_carea' id='block_1_48' title="bbox 165 3182 1851 3270">
    <p class='ocr_par' dir='ltr' id='par_1_48' title="bbox 165 3182 1851 3270">
     <span class='ocr_line' id='line_1_48' title="bbox 165 3182 1851 3270; baseline 0.005 -19"><span class='ocrx_word' id='word_1_373' title='bbox 165 3197 441 3265; x_wconf 82' lang='lat' dir='ltr'><strong>gradibus</strong></span> <span class='ocrx_word' id='word_1_374' title='bbox 462 3196 787 3267; x_wconf 88' lang='lat' dir='ltr'><strong>quantisque</strong></span> <span class='ocrx_word' id='word_1_375' title='bbox 808 3196 1137 3268; x_wconf 80' lang='lat' dir='ltr'><strong>profectibus</strong></span> <span class='ocrx_word' id='word_1_376' title='bbox 1161 3199 1495 3270; x_wconf 87' lang='lat' dir='ltr'><strong>apostolicus</strong></span> <span class='ocrx_word' id='word_1_377' title='bbox 1514 3201 1570 3256; x_wconf 91' lang='lat' dir='ltr'><strong>in</strong></span> <span class='ocrx_word' id='word_1_378' title='bbox 1583 3201 1777 3260; x_wconf 84' lang='lat' dir='ltr'><strong>altiora</strong></span> <span class='ocrx_word' id='word_1_379' title='bbox 1805 3182 1851 3246; x_wconf 65' lang='grc' dir='ltr'>Ε</span> 
     </span>
    </p>
   </div>
   <div class='ocr_carea' id='block_1_49' title="bbox 165 3287 1770 3359">
    <p class='ocr_par' dir='ltr' id='par_1_49' title="bbox 165 3287 1770 3359">
     <span class='ocr_line' id='line_1_49' title="bbox 165 3287 1770 3359; baseline 0.004 -18"><span class='ocrx_word' id='word_1_380' title='bbox 165 3301 355 3342; x_wconf 72' lang='lat' dir='ltr'><strong>sermo</strong></span> <span class='ocrx_word' id='word_1_381' title='bbox 402 3300 468 3341; x_wconf 86' lang='lat' dir='ltr'><strong>se</strong></span> <span class='ocrx_word' id='word_1_382' title='bbox 496 3287 703 3342; x_wconf 86' lang='lat' dir='ltr'><strong>tendit!</strong></span> <span class='ocrx_word' id='word_1_383' title='bbox 760 3296 818 3343; x_wconf 90' lang='lat' dir='ltr'><strong>ut</strong></span> <span class='ocrx_word' id='word_1_384' title='bbox 870 3288 1134 3359; x_wconf 86' lang='lat' dir='ltr'><strong>quidquid</strong></span> <span class='ocrx_word' id='word_1_385' title='bbox 1166 3289 1293 3344; x_wconf 90' lang='lat' dir='ltr'><strong>boni</strong></span> <span class='ocrx_word' id='word_1_386' title='bbox 1350 3290 1405 3344; x_wconf 89' lang='lat' dir='ltr'><strong>in</strong></span> <span class='ocrx_word' id='word_1_387' title='bbox 1452 3290 1770 3347; x_wconf 84' lang='lat' dir='ltr'><strong>Philemone</strong></span> 
     </span>
    </p>
   </div>
   <div class='ocr_carea' id='block_1_50' title="bbox 164 3378 1781 3450">
    <p class='ocr_par' dir='ltr' id='par_1_50' title="bbox 164 3378 1781 3450">
     <span class='ocr_line' id='line_1_50' title="bbox 164 3378 1781 3450; baseline 0.004 -18"><span class='ocrx_word' id='word_1_388' title='bbox 164 3378 456 3441; x_wconf 75' lang='lat' dir='ltr'><strong>laudatur,</strong></span> <span class='ocrx_word' id='word_1_389' title='bbox 489 3378 557 3434; x_wconf 89' lang='lat' dir='ltr'><strong>de</strong></span> <span class='ocrx_word' id='word_1_390' title='bbox 584 3379 954 3449; x_wconf 74' lang='lat' dir='ltr'><strong>apostolorum</strong></span> <span class='ocrx_word' id='word_1_391' title='bbox 981 3379 1231 3450; x_wconf 74' lang='lat' dir='ltr'><strong>exemplo</strong></span> <span class='ocrx_word' id='word_1_392' title='bbox 1256 3387 1506 3437; x_wconf 81' lang='lat' dir='ltr'><strong>sumatur</strong></span> <span class='ocrx_word' id='word_1_393' title='bbox 1533 3398 1546 3434; x_wconf 90' lang='lat'><strong>:</strong></span> <span class='ocrx_word' id='word_1_394' title='bbox 1577 3389 1635 3436; x_wconf 89' lang='lat' dir='ltr'><strong>et</strong></span> <span class='ocrx_word' id='word_1_395' title='bbox 1652 3381 1781 3438; x_wconf 90' lang='lat' dir='ltr'><strong>inde</strong></span> 
     </span>
    </p>
   </div>
   <div class='ocr_carea' id='block_1_51' title="bbox 162 3470 1777 3544">
    <p class='ocr_par' dir='ltr' id='par_1_51' title="bbox 162 3470 1777 3544">
     <span class='ocr_line' id='line_1_51' title="bbox 162 3470 1777 3544; baseline -0.001 -17"><span class='ocrx_word' id='word_1_396' title='bbox 162 3472 373 3527; x_wconf 86' lang='lat' dir='ltr'><strong>bonum</strong></span> <span class='ocrx_word' id='word_1_397' title='bbox 400 3471 502 3536; x_wconf 88' lang='lat' dir='ltr'><strong>sit,</strong></span> <span class='ocrx_word' id='word_1_398' title='bbox 532 3472 658 3541; x_wconf 86' lang='lat' dir='ltr'><strong>quia</strong></span> <span class='ocrx_word' id='word_1_399' title='bbox 687 3472 753 3528; x_wconf 89' lang='lat' dir='ltr'><strong>de</strong></span> <span class='ocrx_word' id='word_1_400' title='bbox 779 3471 982 3528; x_wconf 88' lang='lat' dir='ltr'><strong>Christi</strong></span> <span class='ocrx_word' id='word_1_401' title='bbox 1016 3471 1167 3528; x_wconf 87' lang='lat' dir='ltr'><strong>fonte</strong></span> <span class='ocrx_word' id='word_1_402' title='bbox 1203 3470 1457 3527; x_wconf 81' lang='lat' dir='ltr'><strong>ducatur.</strong></span> <span class='ocrx_word' id='word_1_403' title='bbox 1487 3472 1668 3544; x_wconf 77' lang='lat' dir='ltr'><strong>(Vers.</strong></span> <span class='ocrx_word' id='word_1_404' title='bbox 1698 3471 1777 3544; x_wconf 89' lang='lat'><strong>7.)</strong></span> 
     </span>
    </p>
   </div>
   <div class='ocr_carea' id='block_1_52' title="bbox 166 3560 1780 3633">
    <p class='ocr_par' dir='ltr' id='par_1_52' title="bbox 166 3560 1780 3633">
     <span class='ocr_line' id='line_1_52' title="bbox 166 3560 1780 3633; baseline 0.002 -18"><span class='ocrx_word' id='word_1_405' title='bbox 166 3562 449 3617; x_wconf 79' lang='lat' dir='ltr'><strong>Gaudium</strong></span> <span class='ocrx_word' id='word_1_406' title='bbox 502 3563 644 3616; x_wconf 82' lang='lat' dir='ltr'><strong>enim</strong></span> <span class='ocrx_word' id='word_1_407' title='bbox 682 3578 932 3633; x_wconf 78' lang='lat' dir='ltr'><strong>magnum</strong></span> <span class='ocrx_word' id='word_1_408' title='bbox 957 3560 1152 3627; x_wconf 80' lang='lat' dir='ltr'><strong>habui,</strong></span> <span class='ocrx_word' id='word_1_409' title='bbox 1177 3570 1226 3617; x_wconf 83' lang='lat' dir='ltr'><strong>et</strong></span> <span class='ocrx_word' id='word_1_410' title='bbox 1265 3561 1676 3618; x_wconf 81' lang='lat' dir='ltr'><strong>consolationem</strong></span> <span class='ocrx_word' id='word_1_411' title='bbox 1721 3563 1780 3621; x_wconf 78' lang='lat' dir='ltr'><strong>in</strong></span> 
     </span>
    </p>
   </div>
   <div class='ocr_carea' id='block_1_53' title="bbox 167 3652 1778 3724">
    <p class='ocr_par' dir='ltr' id='par_1_53' title="bbox 167 3652 1778 3724">
     <span class='ocr_line' id='line_1_53' title="bbox 167 3652 1778 3724; baseline 0.002 -18"><span class='ocrx_word' id='word_1_412' title='bbox 167 3653 442 3707; x_wconf 82' lang='lat' dir='ltr'><strong>charitate</strong></span> <span class='ocrx_word' id='word_1_413' title='bbox 500 3660 618 3718; x_wconf 86' lang='lat' dir='ltr'><strong>tua,</strong></span> <span class='ocrx_word' id='word_1_414' title='bbox 664 3652 790 3724; x_wconf 84' lang='lat' dir='ltr'><strong>quia</strong></span> <span class='ocrx_word' id='word_1_415' title='bbox 829 3653 1028 3707; x_wconf 80' lang='lat' dir='ltr'><strong>uiscera</strong></span> <span class='ocrx_word' id='word_1_416' title='bbox 1065 3661 1369 3706; x_wconf 79' lang='lat' dir='ltr'><strong>sanctorum</strong></span> <span class='ocrx_word' id='word_1_417' title='bbox 1412 3654 1778 3723; x_wconf 82' lang='lat' dir='ltr'><strong>requieverunt</strong></span> 
     </span>
    </p>
   </div>
   <div class='ocr_carea' id='block_1_54' title="bbox 164 3738 1784 3811">
    <p class='ocr_par' dir='ltr' id='par_1_54' title="bbox 164 3738 1784 3811">
     <span class='ocr_line' id='line_1_54' title="bbox 164 3738 1784 3811; baseline 0.001 -16"><span class='ocrx_word' id='word_1_418' title='bbox 164 3751 356 3811; x_wconf 83' lang='lat' dir='ltr'><strong>perte,</strong></span> <span class='ocrx_word' id='word_1_419' title='bbox 385 3741 582 3811; x_wconf 77' lang='lat' dir='ltr'><strong>frater.</strong></span> <span class='ocrx_word' id='word_1_420' title='bbox 610 3740 831 3797; x_wconf 85' lang='lat' dir='ltr'><strong>Plenius</strong></span> <span class='ocrx_word' id='word_1_421' title='bbox 870 3738 1109 3797; x_wconf 85' lang='lat' dir='ltr'><strong>inculcat</strong></span> <span class='ocrx_word' id='word_1_422' title='bbox 1135 3748 1193 3795; x_wconf 87' lang='lat' dir='ltr'><strong>et</strong></span> <span class='ocrx_word' id='word_1_423' title='bbox 1217 3740 1411 3796; x_wconf 85' lang='lat' dir='ltr'><strong>edocet</strong></span> <span class='ocrx_word' id='word_1_424' title='bbox 1437 3754 1609 3811; x_wconf 87' lang='lat' dir='ltr'><strong>quare</strong></span> <span class='ocrx_word' id='word_1_425' title='bbox 1628 3740 1784 3796; x_wconf 77' lang='lat' dir='ltr'><strong>dixe-</strong></span> 
     </span>
    </p>
   </div>
   <div class='ocr_carea' id='block_1_55' title="bbox 166 3831 1789 3903">
    <p class='ocr_par' dir='ltr' id='par_1_55' title="bbox 166 3831 1789 3903">
     <span class='ocr_line' id='line_1_55' title="bbox 166 3831 1789 3903; baseline 0.001 -16"><span class='ocrx_word' id='word_1_426' title='bbox 166 3834 240 3888; x_wconf 87' lang='lat' dir='ltr'><strong>rit</strong></span> <span class='ocrx_word' id='word_1_427' title='bbox 264 3832 499 3889; x_wconf 78' lang='lat' dir='ltr'><strong>Gratias</strong></span> <span class='ocrx_word' id='word_1_428' title='bbox 523 3849 623 3903; x_wconf 84' lang='lat' dir='ltr'><strong>ago</strong></span> <span class='ocrx_word' id='word_1_429' title='bbox 664 3831 778 3887; x_wconf 84' lang='lat' dir='ltr'><strong>Deo</strong></span> <span class='ocrx_word' id='word_1_430' title='bbox 803 3849 941 3897; x_wconf 85' lang='lat' dir='ltr'><strong>meo,</strong></span> <span class='ocrx_word' id='word_1_431' title='bbox 998 3848 1204 3903; x_wconf 66' lang='lat' dir='ltr'><strong>semper</strong></span> <span class='ocrx_word' id='word_1_432' title='bbox 1227 3833 1538 3889; x_wconf 67' lang='lat' dir='ltr'><strong>memoriam</strong></span> <span class='ocrx_word' id='word_1_433' title='bbox 1577 3833 1659 3887; x_wconf 87' lang='lat' dir='ltr'><strong>tui</strong></span> <span class='ocrx_word' id='word_1_434' title='bbox 1696 3832 1789 3903; x_wconf 72' lang='lat' dir='ltr'><strong>{tt--</strong></span> 
     </span>
    </p>
   </div>
   <div class='ocr_carea' id='block_1_56' title="bbox 164 3924 1778 3996">
    <p class='ocr_par' dir='ltr' id='par_1_56' title="bbox 164 3924 1778 3996">
     <span class='ocr_line' id='line_1_56' title="bbox 164 3924 1778 3996; baseline 0 -17"><span class='ocrx_word' id='word_1_435' title='bbox 164 3926 310 3982; x_wconf 82' lang='lat' dir='ltr'><strong>ciens</strong></span> <span class='ocrx_word' id='word_1_436' title='bbox 337 3927 395 3983; x_wconf 88' lang='lat' dir='ltr'><strong>in</strong></span> <span class='ocrx_word' id='word_1_437' title='bbox 418 3925 752 3987; x_wconf 81' lang='lat' dir='ltr'><strong>orationibus</strong></span> <span class='ocrx_word' id='word_1_438' title='bbox 777 3925 930 3981; x_wconf 86' lang='lat' dir='ltr'><strong>meis.</strong></span> <span class='ocrx_word' id='word_1_439' title='bbox 957 3925 1190 3996; x_wconf 84' lang='lat' dir='ltr'><strong>Dignum</strong></span> <span class='ocrx_word' id='word_1_440' title='bbox 1213 3924 1483 3995; x_wconf 82' lang='lat' dir='ltr'><strong>siquidem</strong></span> <span class='ocrx_word' id='word_1_441' title='bbox 1512 3932 1635 3980; x_wconf 80' lang='lat' dir='ltr'><strong>erat</strong></span> <span class='ocrx_word' id='word_1_442' title='bbox 1653 3940 1778 3995; x_wconf 86' lang='lat' dir='ltr'><strong>age-</strong></span> 
     </span>
    </p>
   </div>
   <div class='ocr_carea' id='block_1_57' title="bbox 165 4015 1777 4088">
    <p class='ocr_par' dir='ltr' id='par_1_57' title="bbox 165 4015 1777 4088">
     <span class='ocr_line' id='line_1_57' title="bbox 165 4015 1777 4088; baseline 0.001 -15"><span class='ocrx_word' id='word_1_443' title='bbox 165 4031 227 4073; x_wconf 87' lang='lat' dir='ltr'><strong>re</strong></span> <span class='ocrx_word' id='word_1_444' title='bbox 250 4018 473 4088; x_wconf 86' lang='lat' dir='ltr'><strong>gratias</strong></span> <span class='ocrx_word' id='word_1_445' title='bbox 502 4015 618 4075; x_wconf 85' lang='lat' dir='ltr'><strong>Deo</strong></span> <span class='ocrx_word' id='word_1_446' title='bbox 643 4031 858 4086; x_wconf 79' lang='lat' dir='ltr'><strong>semper</strong></span> <span class='ocrx_word' id='word_1_447' title='bbox 880 4030 982 4086; x_wconf 86' lang='lat' dir='ltr'><strong>pro</strong></span> <span class='ocrx_word' id='word_1_448' title='bbox 1006 4015 1273 4071; x_wconf 87' lang='lat' dir='ltr'><strong>charitate</strong></span> <span class='ocrx_word' id='word_1_449' title='bbox 1291 4015 1644 4082; x_wconf 82' lang='lat' dir='ltr'><strong>Philemonis,</strong></span> <span class='ocrx_word' id='word_1_450' title='bbox 1682 4015 1777 4085; x_wconf 88' lang='lat' dir='ltr'><strong>qui</strong></span> 
     </span>
    </p>
   </div>
   <div class='ocr_carea' id='block_1_58' title="bbox 164 4107 1781 4179">
    <p class='ocr_par' dir='ltr' id='par_1_58' title="bbox 164 4107 1781 4179">
     <span class='ocr_line' id='line_1_58' title="bbox 164 4107 1781 4179; baseline 0.001 -16"><span class='ocrx_word' id='word_1_451' title='bbox 164 4108 452 4166; x_wconf 83' lang='lat' dir='ltr'><strong>internum</strong></span> <span class='ocrx_word' id='word_1_452' title='bbox 482 4109 668 4165; x_wconf 87' lang='lat' dir='ltr'><strong>cordis</strong></span> <span class='ocrx_word' id='word_1_453' title='bbox 688 4107 964 4174; x_wconf 65' lang='lat' dir='ltr'><strong>allectum,</strong></span> <span class='ocrx_word' id='word_1_454' title='bbox 985 4116 1041 4164; x_wconf 91' lang='lat' dir='ltr'><strong>et</strong></span> <span class='ocrx_word' id='word_1_455' title='bbox 1055 4107 1354 4179; x_wconf 85' lang='lat' dir='ltr'><strong>profundos</strong></span> <span class='ocrx_word' id='word_1_456' title='bbox 1381 4108 1548 4165; x_wconf 86' lang='lat' dir='ltr'><strong>animi</strong></span> <span class='ocrx_word' id='word_1_457' title='bbox 1568 4116 1781 4165; x_wconf 88' lang='lat' dir='ltr'><strong>sancto-</strong></span> 
     </span>
    </p>
   </div>
   <div class='ocr_carea' id='block_1_59' title="bbox 165 4198 1408 4272">
    <p class='ocr_par' dir='ltr' id='par_1_59' title="bbox 165 4198 1408 4272">
     <span class='ocr_line' id='line_1_59' title="bbox 165 4198 1408 4272; baseline 0.002 -18"><span class='ocrx_word' id='word_1_458' title='bbox 165 4214 286 4256; x_wconf 89' lang='lat' dir='ltr'><strong>rum</strong></span> <span class='ocrx_word' id='word_1_459' title='bbox 309 4217 582 4258; x_wconf 82' lang='lat' dir='ltr'><strong>recessus</strong></span> <span class='ocrx_word' id='word_1_460' title='bbox 607 4201 952 4272; x_wconf 73' lang='lat' dir='ltr'><strong>suseipieudo</strong></span> <span class='ocrx_word' id='word_1_461' title='bbox 974 4198 1408 4272; x_wconf 86' lang='lat' dir='ltr'><strong>relrigeraverat.</strong></span> 
     </span>
    </p>
   </div>
   <div class='ocr_carea' id='block_1_60' title="bbox 235 4308 1776 4382">
    <p class='ocr_par' dir='ltr' id='par_1_60' title="bbox 235 4308 1776 4382">
     <span class='ocr_line' id='line_1_60' title="bbox 235 4308 1776 4382; baseline 0.002 -17"><span class='ocrx_word' id='word_1_462' title='bbox 235 4311 427 4382; x_wconf 70' lang='grc' dir='ltr'><strong>(νει-ε.</strong></span> <span class='ocrx_word' id='word_1_463' title='bbox 456 4311 520 4376; x_wconf 87' lang='lat'><strong>8,</strong></span> <span class='ocrx_word' id='word_1_464' title='bbox 552 4308 633 4380; x_wconf 86' lang='lat'><strong>9.)</strong></span> <span class='ocrx_word' id='word_1_465' title='bbox 651 4309 875 4379; x_wconf 84' lang='lat' dir='ltr'><strong>Propter</strong></span> <span class='ocrx_word' id='word_1_466' title='bbox 896 4309 1037 4380; x_wconf 84' lang='lat' dir='ltr'><strong>quod</strong></span> <span class='ocrx_word' id='word_1_467' title='bbox 1065 4308 1287 4364; x_wconf 76' lang='lat' dir='ltr'><strong>multum</strong></span> <span class='ocrx_word' id='word_1_468' title='bbox 1308 4310 1561 4380; x_wconf 77' lang='lat' dir='ltr'><strong>ﬁduciam</strong></span> <span class='ocrx_word' id='word_1_469' title='bbox 1582 4312 1776 4368; x_wconf 82' lang='lat' dir='ltr'><strong>habens</strong></span> 
     </span>
    </p>
   </div>
   <div class='ocr_carea' id='block_1_61' title="bbox 164 4399 1776 4473">
    <p class='ocr_par' dir='ltr' id='par_1_61' title="bbox 164 4399 1776 4473">
     <span class='ocr_line' id='line_1_61' title="bbox 164 4399 1776 4473; baseline 0.002 -20"><span class='ocrx_word' id='word_1_470' title='bbox 164 4401 221 4455; x_wconf 88' lang='lat' dir='ltr'><strong>in</strong></span> <span class='ocrx_word' id='word_1_471' title='bbox 248 4401 475 4457; x_wconf 78' lang='lat' dir='ltr'><strong>Christo</strong></span> <span class='ocrx_word' id='word_1_472' title='bbox 500 4399 635 4455; x_wconf 80' lang='lat' dir='ltr'><strong>Jesu</strong></span> <span class='ocrx_word' id='word_1_473' title='bbox 655 4399 949 4470; x_wconf 86' lang='lat' dir='ltr'><strong>imperandi</strong></span> <span class='ocrx_word' id='word_1_474' title='bbox 968 4399 1062 4455; x_wconf 84' lang='lat' dir='ltr'><strong>tibi</strong></span> <span class='ocrx_word' id='word_1_475' title='bbox 1097 4400 1238 4471; x_wconf 87' lang='lat' dir='ltr'><strong>quod</strong></span> <span class='ocrx_word' id='word_1_476' title='bbox 1262 4401 1333 4455; x_wconf 87' lang='lat' dir='ltr'><strong>ad</strong></span> <span class='ocrx_word' id='word_1_477' title='bbox 1358 4417 1466 4455; x_wconf 82' lang='lat' dir='ltr'><strong>rem</strong></span> <span class='ocrx_word' id='word_1_478' title='bbox 1520 4403 1776 4473; x_wconf 86' lang='lat' dir='ltr'><strong>pertinet;</strong></span> 
     </span>
    </p>
   </div>
   <div class='ocr_carea' id='block_1_62' title="bbox 166 4491 1778 4563">
    <p class='ocr_par' dir='ltr' id='par_1_62' title="bbox 166 4491 1778 4563">
     <span class='ocr_line' id='line_1_62' title="bbox 166 4491 1778 4563; baseline 0.003 -20"><span class='ocrx_word' id='word_1_479' title='bbox 166 4500 213 4543; x_wconf 85' lang='lat' dir='ltr'><strong>et</strong></span> <span class='ocrx_word' id='word_1_480' title='bbox 235 4502 462 4563; x_wconf 87' lang='lat' dir='ltr'><strong>propter</strong></span> <span class='ocrx_word' id='word_1_481' title='bbox 481 4491 799 4547; x_wconf 81' lang='lat' dir='ltr'><strong>charitatem</strong></span> <span class='ocrx_word' id='word_1_482' title='bbox 836 4493 1003 4563; x_wconf 81' lang='lat' dir='ltr'><strong>magis</strong></span> <span class='ocrx_word' id='word_1_483' title='bbox 1034 4492 1266 4559; x_wconf 88' lang='lat' dir='ltr'><strong>obsecro,</strong></span> <span class='ocrx_word' id='word_1_484' title='bbox 1289 4509 1409 4546; x_wconf 85' lang='lat' dir='ltr'><strong>cum</strong></span> <span class='ocrx_word' id='word_1_485' title='bbox 1432 4492 1505 4548; x_wconf 84' lang='lat' dir='ltr'><strong>sis</strong></span> <span class='ocrx_word' id='word_1_486' title='bbox 1525 4492 1669 4559; x_wconf 88' lang='lat' dir='ltr'><strong>talis,</strong></span> <span class='ocrx_word' id='word_1_487' title='bbox 1718 4501 1778 4548; x_wconf 86' lang='lat' dir='ltr'><strong>ut</strong></span> 
     </span>
    </p>
   </div>
   <div class='ocr_carea' id='block_1_63' title="bbox 167 4580 1773 4650">
    <p class='ocr_par' dir='ltr' id='par_1_63' title="bbox 167 4580 1773 4650">
     <span class='ocr_line' id='line_1_63' title="bbox 167 4580 1773 4650; baseline 0.005 -17"><span class='ocrx_word' id='word_1_488' title='bbox 167 4580 378 4639; x_wconf 81' lang='lat' dir='ltr'><strong>Paulus</strong></span> <span class='ocrx_word' id='word_1_489' title='bbox 428 4600 618 4650; x_wconf 68' lang='lat' dir='ltr'><strong>unca,</strong></span> <span class='ocrx_word' id='word_1_490' title='bbox 648 4600 786 4638; x_wconf 85' lang='lat' dir='ltr'><strong>nunc</strong></span> <span class='ocrx_word' id='word_1_491' title='bbox 824 4594 999 4638; x_wconf 81' lang='lat' dir='ltr'><strong>autem</strong></span> <span class='ocrx_word' id='word_1_492' title='bbox 1040 4594 1090 4639; x_wconf 88' lang='lat' dir='ltr'><strong>ct</strong></span> <span class='ocrx_word' id='word_1_493' title='bbox 1137 4585 1339 4640; x_wconf 77' lang='lat' dir='ltr'><strong>vinctus</strong></span> <span class='ocrx_word' id='word_1_494' title='bbox 1381 4584 1512 4641; x_wconf 75' lang='lat' dir='ltr'><strong>Iesu</strong></span> <span class='ocrx_word' id='word_1_495' title='bbox 1558 4583 1773 4641; x_wconf 81' lang='lat' dir='ltr'><strong>Christi.</strong></span> 
     </span>
    </p>
   </div>
   <div class='ocr_carea' id='block_1_64' title="bbox 170 4674 1775 4749">
    <p class='ocr_par' dir='ltr' id='par_1_64' title="bbox 170 4674 1775 4749">
     <span class='ocr_line' id='line_1_64' title="bbox 170 4674 1775 4749; baseline 0.006 -23"><span class='ocrx_word' id='word_1_496' title='bbox 170 4674 355 4731; x_wconf 76' lang='lat' dir='ltr'><strong>Multis</strong></span> <span class='ocrx_word' id='word_1_497' title='bbox 413 4690 556 4749; x_wconf 79' lang='lat' dir='ltr'><strong>erga</strong></span> <span class='ocrx_word' id='word_1_498' title='bbox 584 4675 956 4731; x_wconf 87' lang='lat' dir='ltr'><strong>Philemonem</strong></span> <span class='ocrx_word' id='word_1_499' title='bbox 987 4677 1236 4734; x_wconf 88' lang='lat' dir='ltr'><strong>laudibus</strong></span> <span class='ocrx_word' id='word_1_500' title='bbox 1284 4686 1409 4733; x_wconf 87' lang='lat' dir='ltr'><strong>ante</strong></span> <span class='ocrx_word' id='word_1_501' title='bbox 1457 4679 1775 4748; x_wconf 65' lang='lat' dir='ltr'><strong>praemissis,</strong></span> 
     </span>
    </p>
   </div>
   <div class='ocr_carea' id='block_1_65' title="bbox 166 4767 1780 4840">
    <p class='ocr_par' dir='ltr' id='par_1_65' title="bbox 166 4767 1780 4840">
     <span class='ocr_line' id='line_1_65' title="bbox 166 4767 1780 4840; baseline 0.002 -19"><span class='ocrx_word' id='word_1_502' title='bbox 166 4783 290 4821; x_wconf 89' lang='lat' dir='ltr'><strong>cum</strong></span> <span class='ocrx_word' id='word_1_503' title='bbox 322 4784 418 4823; x_wconf 88' lang='lat' dir='ltr'><strong>res</strong></span> <span class='ocrx_word' id='word_1_504' title='bbox 451 4767 586 4822; x_wconf 86' lang='lat' dir='ltr'><strong>talis</strong></span> <span class='ocrx_word' id='word_1_505' title='bbox 612 4767 680 4822; x_wconf 86' lang='lat' dir='ltr'><strong>sit</strong></span> <span class='ocrx_word' id='word_1_506' title='bbox 712 4783 812 4837; x_wconf 89' lang='lat' dir='ltr'><strong>pro</strong></span> <span class='ocrx_word' id='word_1_507' title='bbox 839 4783 945 4837; x_wconf 89' lang='lat' dir='ltr'><strong>qua</strong></span> <span class='ocrx_word' id='word_1_508' title='bbox 973 4776 1262 4838; x_wconf 80' lang='lat' dir='ltr'><strong>rogaturus</strong></span> <span class='ocrx_word' id='word_1_509' title='bbox 1291 4778 1395 4833; x_wconf 88' lang='lat' dir='ltr'><strong>est,</strong></span> <span class='ocrx_word' id='word_1_510' title='bbox 1421 4784 1543 4838; x_wconf 63' lang='lat' dir='ltr'><strong>quae</strong></span> <span class='ocrx_word' id='word_1_511' title='bbox 1563 4777 1617 4823; x_wconf 88' lang='lat' dir='ltr'><strong>et</strong></span> <span class='ocrx_word' id='word_1_512' title='bbox 1638 4786 1780 4840; x_wconf 76' lang='lat' dir='ltr'><strong>prae-</strong></span> 
     </span>
    </p>
   </div>
   <div class='ocr_carea' id='block_1_66' title="bbox 167 4860 1780 4931">
    <p class='ocr_par' dir='ltr' id='par_1_66' title="bbox 167 4860 1780 4931">
     <span class='ocr_line' id='line_1_66' title="bbox 167 4860 1780 4931; baseline 0.001 -18"><span class='ocrx_word' id='word_1_513' title='bbox 167 4862 334 4916; x_wconf 82' lang='lat' dir='ltr'><strong>stanti</strong></span> <span class='ocrx_word' id='word_1_514' title='bbox 362 4862 442 4916; x_wconf 88' lang='lat' dir='ltr'><strong>sit</strong></span> <span class='ocrx_word' id='word_1_515' title='bbox 470 4860 629 4915; x_wconf 89' lang='lat' dir='ltr'><strong>utilis</strong></span> <span class='ocrx_word' id='word_1_516' title='bbox 657 4869 711 4915; x_wconf 92' lang='lat' dir='ltr'><strong>et</strong></span> <span class='ocrx_word' id='word_1_517' title='bbox 733 4861 968 4931; x_wconf 81' lang='lat' dir='ltr'><strong>roganti,</strong></span> <span class='ocrx_word' id='word_1_518' title='bbox 1015 4868 1225 4930; x_wconf 90' lang='lat' dir='ltr'><strong>poterat</strong></span> <span class='ocrx_word' id='word_1_519' title='bbox 1250 4860 1449 4916; x_wconf 89' lang='lat' dir='ltr'><strong>Paulus</strong></span> <span class='ocrx_word' id='word_1_520' title='bbox 1476 4861 1650 4929; x_wconf 88' lang='lat' dir='ltr'><strong>magis</strong></span> <span class='ocrx_word' id='word_1_521' title='bbox 1675 4861 1780 4915; x_wconf 86' lang='lat' dir='ltr'><strong>im-</strong></span> 
     </span>
    </p>
   </div>
   <div class='ocr_carea' id='block_1_67' title="bbox 167 4950 1778 5021">
    <p class='ocr_par' dir='ltr' id='par_1_67' title="bbox 167 4950 1778 5021">
     <span class='ocr_line' id='line_1_67' title="bbox 167 4950 1778 5021; baseline 0.001 -16"><span class='ocrx_word' id='word_1_522' title='bbox 167 4966 366 5019; x_wconf 86' lang='lat' dir='ltr'><strong>perare</strong></span> <span class='ocrx_word' id='word_1_523' title='bbox 397 4966 577 5021; x_wconf 87' lang='lat' dir='ltr'><strong>quam</strong></span> <span class='ocrx_word' id='word_1_524' title='bbox 602 4959 822 5020; x_wconf 83' lang='lat' dir='ltr'><strong>petere;</strong></span> <span class='ocrx_word' id='word_1_525' title='bbox 875 4951 971 5005; x_wconf 88' lang='lat' dir='ltr'><strong>sed</strong></span> <span class='ocrx_word' id='word_1_526' title='bbox 1014 4952 1118 5007; x_wconf 91' lang='lat' dir='ltr'><strong>hoc</strong></span> <span class='ocrx_word' id='word_1_527' title='bbox 1146 4967 1213 5006; x_wconf 77' lang='lat' dir='ltr'><strong>ex</strong></span> <span class='ocrx_word' id='word_1_528' title='bbox 1244 4950 1439 5007; x_wconf 84' lang='lat' dir='ltr'><strong>fiducia</strong></span> <span class='ocrx_word' id='word_1_529' title='bbox 1470 4950 1562 5005; x_wconf 89' lang='lat' dir='ltr'><strong>illa</strong></span> <span class='ocrx_word' id='word_1_530' title='bbox 1592 4952 1778 5007; x_wconf 78' lang='lat' dir='ltr'><strong>venie-</strong></span> 
     </span>
    </p>
   </div>
   <div class='ocr_carea' id='block_1_68' title="bbox 169 5039 1773 5112">
    <p class='ocr_par' dir='ltr' id='par_1_68' title="bbox 169 5039 1773 5112">
     <span class='ocr_line' id='line_1_68' title="bbox 169 5039 1773 5112; baseline 0.002 -20"><span class='ocrx_word' id='word_1_531' title='bbox 169 5040 281 5105; x_wconf 84' lang='lat' dir='ltr'><strong>bat,</strong></span> <span class='ocrx_word' id='word_1_532' title='bbox 305 5040 459 5112; x_wconf 86' lang='lat' dir='ltr'><strong>quod</strong></span> <span class='ocrx_word' id='word_1_533' title='bbox 489 5040 588 5111; x_wconf 87' lang='lat' dir='ltr'><strong>qui</strong></span> <span class='ocrx_word' id='word_1_534' title='bbox 631 5048 778 5095; x_wconf 89' lang='lat' dir='ltr'><strong>tanta</strong></span> <span class='ocrx_word' id='word_1_535' title='bbox 813 5039 885 5095; x_wconf 89' lang='lat' dir='ltr'><strong>ob</strong></span> <span class='ocrx_word' id='word_1_536' title='bbox 906 5039 1180 5096; x_wconf 87' lang='lat' dir='ltr'><strong>Christum</strong></span> <span class='ocrx_word' id='word_1_537' title='bbox 1216 5055 1380 5112; x_wconf 87' lang='lat' dir='ltr'><strong>opera</strong></span> <span class='ocrx_word' id='word_1_538' title='bbox 1410 5049 1773 5111; x_wconf 87' lang='lat' dir='ltr'><strong>perpetrarat,</strong></span> 
     </span>
    </p>
   </div>
   <div class='ocr_carea' id='block_1_69' title="bbox 170 5129 1779 5203">
    <p class='ocr_par' dir='ltr' id='par_1_69' title="bbox 170 5129 1779 5203">
     <span class='ocr_line' id='line_1_69' title="bbox 170 5129 1779 5203; baseline 0.001 -18"><span class='ocrx_word' id='word_1_539' title='bbox 170 5130 366 5203; x_wconf 88' lang='lat' dir='ltr'><strong>utique</strong></span> <span class='ocrx_word' id='word_1_540' title='bbox 406 5131 598 5201; x_wconf 85' lang='lat' dir='ltr'><strong>impar</strong></span> <span class='ocrx_word' id='word_1_541' title='bbox 626 5131 710 5186; x_wconf 89' lang='lat' dir='ltr'><strong>sui</strong></span> <span class='ocrx_word' id='word_1_542' title='bbox 763 5131 816 5185; x_wconf 90' lang='lat' dir='ltr'><strong>in</strong></span> <span class='ocrx_word' id='word_1_543' title='bbox 867 5131 1077 5186; x_wconf 72' lang='lat' dir='ltr'><strong>cmtcris</strong></span> <span class='ocrx_word' id='word_1_544' title='bbox 1100 5146 1222 5187; x_wconf 89' lang='lat' dir='ltr'><strong>esse</strong></span> <span class='ocrx_word' id='word_1_545' title='bbox 1274 5147 1381 5187; x_wconf 89' lang='lat' dir='ltr'><strong>non</strong></span> <span class='ocrx_word' id='word_1_546' title='bbox 1409 5139 1642 5201; x_wconf 89' lang='lat' dir='ltr'><strong>poterat.</strong></span> <span class='ocrx_word' id='word_1_547' title='bbox 1671 5129 1779 5187; x_wconf 88' lang='lat' dir='ltr'><strong>Sed</strong></span> 
     </span>
    </p>
   </div>
   <div class='ocr_carea' id='block_1_70' title="bbox 173 5223 1778 5296">
    <p class='ocr_par' dir='ltr' id='par_1_70' title="bbox 173 5223 1778 5296">
     <span class='ocr_line' id='line_1_70' title="bbox 173 5223 1778 5296; baseline 0.002 -21"><span class='ocrx_word' id='word_1_548' title='bbox 173 5224 291 5279; x_wconf 77' lang='lat' dir='ltr'><strong>vult</strong></span> <span class='ocrx_word' id='word_1_549' title='bbox 322 5226 509 5296; x_wconf 85' lang='lat' dir='ltr'><strong>magis</strong></span> <span class='ocrx_word' id='word_1_550' title='bbox 554 5232 741 5293; x_wconf 88' lang='lat' dir='ltr'><strong>petere</strong></span> <span class='ocrx_word' id='word_1_551' title='bbox 766 5239 928 5293; x_wconf 87' lang='lat' dir='ltr'><strong>quam</strong></span> <span class='ocrx_word' id='word_1_552' title='bbox 949 5224 1164 5295; x_wconf 84' lang='lat' dir='ltr'><strong>jubere,</strong></span> <span class='ocrx_word' id='word_1_553' title='bbox 1188 5224 1377 5296; x_wconf 84' lang='lat' dir='ltr'><strong>grandi</strong></span> <span class='ocrx_word' id='word_1_554' title='bbox 1421 5223 1652 5293; x_wconf 88' lang='lat' dir='ltr'><strong>petentis</strong></span> <span class='ocrx_word' id='word_1_555' title='bbox 1679 5239 1778 5279; x_wconf 82' lang='lat' dir='ltr'><strong>au-</strong></span> 
     </span>
    </p>
   </div>
   <div class='ocr_carea' id='block_1_71' title="bbox 174 5315 1778 5384">
    <p class='ocr_par' dir='ltr' id='par_1_71' title="bbox 174 5315 1778 5384">
     <span class='ocr_line' id='line_1_71' title="bbox 174 5315 1778 5384; baseline -0.002 -13"><span class='ocrx_word' id='word_1_556' title='bbox 174 5316 438 5372; x_wconf 84' lang='lat' dir='ltr'><strong>ctoritate</strong></span> <span class='ocrx_word' id='word_1_557' title='bbox 474 5315 783 5384; x_wconf 83' lang='lat' dir='ltr'><strong>proposita,</strong></span> <span class='ocrx_word' id='word_1_558' title='bbox 842 5328 941 5384; x_wconf 85' lang='lat' dir='ltr'><strong>per</strong></span> <span class='ocrx_word' id='word_1_559' title='bbox 987 5330 1151 5383; x_wconf 86' lang='lat' dir='ltr'><strong>quam</strong></span> <span class='ocrx_word' id='word_1_560' title='bbox 1190 5315 1480 5384; x_wconf 81' lang='lat' dir='ltr'><strong>Apostolus</strong></span> <span class='ocrx_word' id='word_1_561' title='bbox 1505 5316 1778 5379; x_wconf 86' lang='lat' dir='ltr'><strong>obsecrat,</strong></span> 
     </span>
    </p>
   </div>
   <div class='ocr_carea' id='block_1_72' title="bbox 173 5404 1782 5474">
    <p class='ocr_par' dir='ltr' id='par_1_72' title="bbox 173 5404 1782 5474">
     <span class='ocr_line' id='line_1_72' title="bbox 173 5404 1782 5474; baseline 0.001 -15"><span class='ocrx_word' id='word_1_562' title='bbox 173 5415 228 5459; x_wconf 88' lang='lat' dir='ltr'><strong>et</strong></span> <span class='ocrx_word' id='word_1_563' title='bbox 258 5421 431 5461; x_wconf 76' lang='lat' dir='ltr'><strong>senex</strong></span> <span class='ocrx_word' id='word_1_564' title='bbox 460 5413 523 5461; x_wconf 86' lang='lat' dir='ltr'><strong>et</strong></span> <span class='ocrx_word' id='word_1_565' title='bbox 556 5405 771 5460; x_wconf 83' lang='lat' dir='ltr'><strong>vinctus</strong></span> <span class='ocrx_word' id='word_1_566' title='bbox 820 5404 947 5460; x_wconf 83' lang='lat' dir='ltr'><strong>Jesu</strong></span> <span class='ocrx_word' id='word_1_567' title='bbox 975 5406 1199 5460; x_wconf 85' lang='lat' dir='ltr'><strong>Christi.</strong></span> <span class='ocrx_word' id='word_1_568' title='bbox 1228 5406 1423 5460; x_wconf 84' lang='lat' dir='ltr'><strong>Totum</strong></span> <span class='ocrx_word' id='word_1_569' title='bbox 1451 5412 1633 5460; x_wconf 89' lang='lat' dir='ltr'><strong>autem</strong></span> <span class='ocrx_word' id='word_1_570' title='bbox 1681 5420 1782 5474; x_wconf 90' lang='lat' dir='ltr'><strong>pro</strong></span> 
     </span>
    </p>
   </div>
   <div class='ocr_carea' id='block_1_73' title="bbox 173 5492 1784 5565">
    <p class='ocr_par' dir='ltr' id='par_1_73' title="bbox 173 5492 1784 5565">
     <span class='ocr_line' id='line_1_73' title="bbox 173 5492 1784 5565; baseline 0.002 -18"><span class='ocrx_word' id='word_1_571' title='bbox 173 5509 283 5564; x_wconf 89' lang='lat' dir='ltr'><strong>quo</strong></span> <span class='ocrx_word' id='word_1_572' title='bbox 316 5501 507 5565; x_wconf 86' lang='lat' dir='ltr'><strong>rogat,</strong></span> <span class='ocrx_word' id='word_1_573' title='bbox 570 5493 702 5551; x_wconf 85' lang='lat' dir='ltr'><strong>illud</strong></span> <span class='ocrx_word' id='word_1_574' title='bbox 729 5502 833 5549; x_wconf 90' lang='lat' dir='ltr'><strong>est.</strong></span> <span class='ocrx_word' id='word_1_575' title='bbox 885 5493 1170 5550; x_wconf 85' lang='lat' dir='ltr'><strong>Onesimus</strong></span> <span class='ocrx_word' id='word_1_576' title='bbox 1213 5510 1401 5550; x_wconf 87' lang='lat' dir='ltr'><strong>servus</strong></span> <span class='ocrx_word' id='word_1_577' title='bbox 1451 5492 1784 5551; x_wconf 87' lang='lat' dir='ltr'><strong>Philemonis</strong></span> 
     </span>
    </p>
   </div>
   <div class='ocr_carea' id='block_1_74' title="bbox 177 5582 1782 5654">
    <p class='ocr_par' dir='ltr' id='par_1_74' title="bbox 177 5582 1782 5654">
     <span class='ocr_line' id='line_1_74' title="bbox 177 5582 1782 5654; baseline 0.001 -19"><span class='ocrx_word' id='word_1_578' title='bbox 177 5584 362 5653; x_wconf 84' lang='lat' dir='ltr'><strong>fugam</strong></span> <span class='ocrx_word' id='word_1_579' title='bbox 402 5584 562 5637; x_wconf 83' lang='lat' dir='ltr'><strong>furto</strong></span> <span class='ocrx_word' id='word_1_580' title='bbox 583 5584 867 5639; x_wconf 85' lang='lat' dir='ltr'><strong>cumnlans</strong></span> <span class='ocrx_word' id='word_1_581' title='bbox 899 5584 1144 5654; x_wconf 74' lang='lat' dir='ltr'><strong>quaedam</strong></span> <span class='ocrx_word' id='word_1_582' title='bbox 1171 5583 1248 5638; x_wconf 86' lang='lat' dir='ltr'><strong>rei</strong></span> <span class='ocrx_word' id='word_1_583' title='bbox 1300 5582 1608 5639; x_wconf 68' lang='lat' dir='ltr'><strong>domestica:</strong></span> <span class='ocrx_word' id='word_1_584' title='bbox 1635 5598 1782 5638; x_wconf 86' lang='lat' dir='ltr'><strong>com-</strong></span> 
     </span>
    </p>
   </div>
   <div class='ocr_carea' id='block_1_75' title="bbox 175 5674 1783 5747">
    <p class='ocr_par' dir='ltr' id='par_1_75' title="bbox 175 5674 1783 5747">
     <span class='ocr_line' id='line_1_75' title="bbox 175 5674 1783 5747; baseline 0.002 -20"><span class='ocrx_word' id='word_1_585' title='bbox 175 5674 398 5743; x_wconf 84' lang='lat' dir='ltr'><strong>pilarat.</strong></span> <span class='ocrx_word' id='word_1_586' title='bbox 453 5675 563 5729; x_wconf 79' lang='lat' dir='ltr'><strong>llic</strong></span> <span class='ocrx_word' id='word_1_587' title='bbox 591 5689 818 5747; x_wconf 82' lang='lat' dir='ltr'><strong>pergens</strong></span> <span class='ocrx_word' id='word_1_588' title='bbox 844 5676 910 5732; x_wconf 89' lang='lat' dir='ltr'><strong>ad</strong></span> <span class='ocrx_word' id='word_1_589' title='bbox 931 5675 1163 5742; x_wconf 86' lang='lat' dir='ltr'><strong>Italiam,</strong></span> <span class='ocrx_word' id='word_1_590' title='bbox 1198 5690 1266 5729; x_wconf 89' lang='lat' dir='ltr'><strong>ne</strong></span> <span class='ocrx_word' id='word_1_591' title='bbox 1285 5676 1351 5731; x_wconf 90' lang='lat' dir='ltr'><strong>de</strong></span> <span class='ocrx_word' id='word_1_592' title='bbox 1372 5677 1621 5747; x_wconf 78' lang='lat' dir='ltr'><strong>proximo</strong></span> <span class='ocrx_word' id='word_1_593' title='bbox 1651 5674 1783 5731; x_wconf 89' lang='lat' dir='ltr'><strong>faci-</strong></span> 
     </span>
    </p>
   </div>
   <div class='ocr_carea' id='block_1_76' title="bbox 178 5762 1783 5835">
    <p class='ocr_par' dir='ltr' id='par_1_76' title="bbox 178 5762 1783 5835">
     <span class='ocr_line' id='line_1_76' title="bbox 178 5762 1783 5835; baseline 0.004 -21"><span class='ocrx_word' id='word_1_594' title='bbox 178 5762 281 5819; x_wconf 87' lang='lat' dir='ltr'><strong>lius</strong></span> <span class='ocrx_word' id='word_1_595' title='bbox 308 5772 506 5834; x_wconf 86' lang='lat' dir='ltr'><strong>posset</strong></span> <span class='ocrx_word' id='word_1_596' title='bbox 534 5764 892 5834; x_wconf 82' lang='lat' dir='ltr'><strong>apprehendi,</strong></span> <span class='ocrx_word' id='word_1_597' title='bbox 943 5765 1229 5835; x_wconf 85' lang='lat' dir='ltr'><strong>pccnniam</strong></span> <span class='ocrx_word' id='word_1_598' title='bbox 1259 5765 1461 5821; x_wconf 88' lang='lat' dir='ltr'><strong>domini</strong></span> <span class='ocrx_word' id='word_1_599' title='bbox 1504 5780 1601 5834; x_wconf 84' lang='lat' dir='ltr'><strong>per</strong></span> <span class='ocrx_word' id='word_1_600' title='bbox 1628 5764 1783 5821; x_wconf 75' lang='lat' dir='ltr'><strong>luxu-</strong></span> 
     </span>
    </p>
   </div>
   <div class='ocr_carea' id='block_1_77' title="bbox 1876 1924 3473 2002">
    <p class='ocr_par' dir='ltr' id='par_1_77' title="bbox 1876 1924 3473 2002">
     <span class='ocr_line' id='line_1_77' title="bbox 1876 1924 3473 2002; baseline 0.009 -25"><span class='ocrx_word' id='word_1_601' title='bbox 1876 1924 2109 1997; x_wconf 81' lang='lat' dir='ltr'><strong>tugitivo</strong></span> <span class='ocrx_word' id='word_1_602' title='bbox 2136 1933 2301 1997; x_wconf 88' lang='lat' dir='ltr'><strong>atque</strong></span> <span class='ocrx_word' id='word_1_603' title='bbox 2346 1936 2567 1999; x_wconf 88' lang='lat' dir='ltr'><strong>raptore</strong></span> <span class='ocrx_word' id='word_1_604' title='bbox 2594 1929 2848 1986; x_wconf 89' lang='lat' dir='ltr'><strong>minister</strong></span> <span class='ocrx_word' id='word_1_605' title='bbox 2873 1932 3103 2002; x_wconf 86' lang='lat' dir='ltr'><strong>apostoli</strong></span> <span class='ocrx_word' id='word_1_606' title='bbox 3132 1932 3307 1992; x_wconf 87' lang='lat' dir='ltr'><strong>factus</strong></span> <span class='ocrx_word' id='word_1_607' title='bbox 3332 1944 3473 1993; x_wconf 87' lang='lat' dir='ltr'><strong>erat.</strong></span> 
     </span>
    </p>
   </div>
   <div class='ocr_carea' id='block_1_78' title="bbox 1877 2013 3489 2093">
    <p class='ocr_par' dir='ltr' id='par_1_78' title="bbox 1877 2013 3489 2093">
     <span class='ocr_line' id='line_1_78' title="bbox 1877 2013 3489 2093; baseline 0.008 -23"><span class='ocrx_word' id='word_1_608' title='bbox 1877 2013 2033 2086; x_wconf 88' lang='lat' dir='ltr'><strong>Quod</strong></span> <span class='ocrx_word' id='word_1_609' title='bbox 2062 2024 2247 2072; x_wconf 88' lang='lat' dir='ltr'><strong>autem</strong></span> <span class='ocrx_word' id='word_1_610' title='bbox 2295 2018 2442 2074; x_wconf 91' lang='lat' dir='ltr'><strong>aliud</strong></span> <span class='ocrx_word' id='word_1_611' title='bbox 2493 2019 2731 2076; x_wconf 88' lang='lat' dir='ltr'><strong>habebat</strong></span> <span class='ocrx_word' id='word_1_612' title='bbox 2753 2019 3048 2092; x_wconf 82' lang='lat' dir='ltr'><strong>Apostolus</strong></span> <span class='ocrx_word' id='word_1_613' title='bbox 3090 2024 3489 2093; x_wconf 63' lang='lat' dir='ltr'><strong>ministerium,</strong></span> 
     </span>
    </p>
   </div>
   <div class='ocr_carea' id='block_1_79' title="bbox 1872 2107 3481 2187">
    <p class='ocr_par' dir='ltr' id='par_1_79' title="bbox 1872 2107 3481 2187">
     <span class='ocr_line' id='line_1_79' title="bbox 1872 2107 3481 2187; baseline 0.009 -25"><span class='ocrx_word' id='word_1_614' title='bbox 1872 2107 1982 2163; x_wconf 86' lang='lat' dir='ltr'><strong>nisi</strong></span> <span class='ocrx_word' id='word_1_615' title='bbox 2028 2107 2311 2179; x_wconf 83' lang='lat' dir='ltr'><strong>Evangelii</strong></span> <span class='ocrx_word' id='word_1_616' title='bbox 2360 2108 2566 2167; x_wconf 81' lang='lat' dir='ltr'><strong>Christi</strong></span> <span class='ocrx_word' id='word_1_617' title='bbox 2614 2110 2780 2169; x_wconf 83' lang='lat' dir='ltr'><strong>Jesu?</strong></span> <span class='ocrx_word' id='word_1_618' title='bbox 2827 2111 2950 2171; x_wconf 76' lang='lat' dir='ltr'><strong>1am</strong></span> <span class='ocrx_word' id='word_1_619' title='bbox 2989 2130 3099 2171; x_wconf 91' lang='lat' dir='ltr'><strong>non</strong></span> <span class='ocrx_word' id='word_1_620' title='bbox 3125 2117 3279 2187; x_wconf 79' lang='lat' dir='ltr'><strong>quasi</strong></span> <span class='ocrx_word' id='word_1_621' title='bbox 3312 2134 3344 2173; x_wconf 91' lang='lat' dir='ltr'><strong>a</strong></span> <span class='ocrx_word' id='word_1_622' title='bbox 3382 2120 3481 2177; x_wconf 87' lang='lat' dir='ltr'><strong>do-</strong></span> 
     </span>
    </p>
   </div>
   <div class='ocr_carea' id='block_1_80' title="bbox 1877 2198 3485 2281">
    <p class='ocr_par' dir='ltr' id='par_1_80' title="bbox 1877 2198 3485 2281">
     <span class='ocr_line' id='line_1_80' title="bbox 1877 2198 3485 2281; baseline 0.007 -25"><span class='ocrx_word' id='word_1_623' title='bbox 1877 2198 2046 2265; x_wconf 85' lang='lat' dir='ltr'><strong>mino,</strong></span> <span class='ocrx_word' id='word_1_624' title='bbox 2100 2199 2197 2256; x_wconf 84' lang='lat' dir='ltr'><strong>sed</strong></span> <span class='ocrx_word' id='word_1_625' title='bbox 2238 2200 2392 2269; x_wconf 87' lang='lat' dir='ltr'><strong>quasi</strong></span> <span class='ocrx_word' id='word_1_626' title='bbox 2430 2217 2461 2255; x_wconf 89' lang='lat' dir='ltr'><strong>a</strong></span> <span class='ocrx_word' id='word_1_627' title='bbox 2514 2217 2780 2259; x_wconf 87' lang='lat' dir='ltr'><strong>conservo</strong></span> <span class='ocrx_word' id='word_1_628' title='bbox 2807 2212 2863 2259; x_wconf 90' lang='lat' dir='ltr'><strong>et</strong></span> <span class='ocrx_word' id='word_1_629' title='bbox 2891 2206 3298 2278; x_wconf 85' lang='lat' dir='ltr'><strong>coevangelista</strong></span> <span class='ocrx_word' id='word_1_630' title='bbox 3326 2209 3485 2281; x_wconf 72' lang='lat' dir='ltr'><strong>igno-</strong></span> 
     </span>
    </p>
   </div>
   <div class='ocr_carea' id='block_1_81' title="bbox 1878 2289 3487 2360">
    <p class='ocr_par' dir='ltr' id='par_1_81' title="bbox 1878 2289 3487 2360">
     <span class='ocr_line' id='line_1_81' title="bbox 1878 2289 3487 2360; baseline 0.008 -17"><span class='ocrx_word' id='word_1_631' title='bbox 1878 2298 2123 2345; x_wconf 84' lang='lat' dir='ltr'><strong>seeretur</strong></span> <span class='ocrx_word' id='word_1_632' title='bbox 2151 2290 2203 2346; x_wconf 90' lang='lat' dir='ltr'><strong>ei</strong></span> <span class='ocrx_word' id='word_1_633' title='bbox 2227 2289 2321 2360; x_wconf 91' lang='lat' dir='ltr'><strong>qui</strong></span> <span class='ocrx_word' id='word_1_634' title='bbox 2349 2304 2544 2346; x_wconf 83' lang='lat' dir='ltr'><strong>servus</strong></span> <span class='ocrx_word' id='word_1_635' title='bbox 2588 2299 2737 2348; x_wconf 87' lang='lat' dir='ltr'><strong>esset</strong></span> <span class='ocrx_word' id='word_1_636' title='bbox 2764 2291 2967 2351; x_wconf 85' lang='lat' dir='ltr'><strong>Christi</strong></span> <span class='ocrx_word' id='word_1_637' title='bbox 2996 2295 3251 2355; x_wconf 88' lang='lat' dir='ltr'><strong>similiter</strong></span> <span class='ocrx_word' id='word_1_638' title='bbox 3278 2307 3334 2354; x_wconf 86' lang='lat' dir='ltr'><strong>et</strong></span> <span class='ocrx_word' id='word_1_639' title='bbox 3375 2302 3487 2356; x_wconf 77' lang='lat' dir='ltr'><strong>mi-</strong></span> 
     </span>
    </p>
   </div>
   <div class='ocr_carea' id='block_1_82' title="bbox 1879 2379 2077 2437">
    <p class='ocr_par' dir='ltr' id='par_1_82' title="bbox 1879 2379 2077 2437">
     <span class='ocr_line' id='line_1_82' title="bbox 1879 2379 2077 2437; baseline -0.02 0"><span class='ocrx_word' id='word_1_640' title='bbox 1879 2379 2077 2437; x_wconf 85' lang='lat' dir='ltr'><strong>nister.</strong></span> 
     </span>
    </p>
   </div>
   <div class='ocr_carea' id='block_1_83' title="bbox 1952 2488 3487 2570">
    <p class='ocr_par' dir='ltr' id='par_1_83' title="bbox 1952 2488 3487 2570">
     <span class='ocr_line' id='line_1_83' title="bbox 1952 2488 3487 2570; baseline 0.007 -26"><span class='ocrx_word' id='word_1_641' title='bbox 1952 2488 2130 2559; x_wconf 81' lang='lat' dir='ltr'><strong>(Vers.</strong></span> <span class='ocrx_word' id='word_1_642' title='bbox 2168 2488 2280 2562; x_wconf 76' lang='grc'><strong>10.)</strong></span> <span class='ocrx_word' id='word_1_643' title='bbox 2310 2489 2536 2546; x_wconf 82' lang='lat' dir='ltr'><strong>Obsecro</strong></span> <span class='ocrx_word' id='word_1_644' title='bbox 2557 2501 2608 2547; x_wconf 85' lang='lat' dir='ltr'><strong>te</strong></span> <span class='ocrx_word' id='word_1_645' title='bbox 2634 2509 2730 2563; x_wconf 87' lang='lat' dir='ltr'><strong>pro</strong></span> <span class='ocrx_word' id='word_1_646' title='bbox 2760 2509 2875 2547; x_wconf 81' lang='lat' dir='ltr'><strong>meo</strong></span> <span class='ocrx_word' id='word_1_647' title='bbox 2894 2494 3011 2564; x_wconf 74' lang='lat' dir='ltr'><strong>[illo</strong></span> <span class='ocrx_word' id='word_1_648' title='bbox 3033 2513 3187 2568; x_wconf 72' lang='lat' dir='ltr'><strong>quem</strong></span> <span class='ocrx_word' id='word_1_649' title='bbox 3212 2502 3371 2570; x_wconf 80' lang='lat' dir='ltr'><strong>genui</strong></span> <span class='ocrx_word' id='word_1_650' title='bbox 3416 2504 3487 2560; x_wconf 82' lang='lat' dir='ltr'><strong>in.</strong></span> 
     </span>
    </p>
   </div>
   <div class='ocr_carea' id='block_1_84' title="bbox 1880 2577 3597 2661">
    <p class='ocr_par' dir='ltr' id='par_1_84' title="bbox 1880 2577 3597 2661">
     <span class='ocr_line' id='line_1_84' title="bbox 1880 2577 3597 2661; baseline 0.005 -29"><span class='ocrx_word' id='word_1_651' title='bbox 1880 2577 2102 2634; x_wconf 78' lang='lat' dir='ltr'><strong>vinculis</strong></span> <span class='ocrx_word' id='word_1_652' title='bbox 2123 2577 2391 2637; x_wconf 84' lang='lat' dir='ltr'><strong>Onesimo.</strong></span> <span class='ocrx_word' id='word_1_653' title='bbox 2436 2582 2639 2638; x_wconf 80' lang='lat' dir='ltr'><strong>Volens</strong></span> <span class='ocrx_word' id='word_1_654' title='bbox 2683 2583 2978 2653; x_wconf 81' lang='lat' dir='ltr'><strong>impetrare</strong></span> <span class='ocrx_word' id='word_1_655' title='bbox 3030 2590 3173 2657; x_wconf 90' lang='lat' dir='ltr'><strong>quod</strong></span> <span class='ocrx_word' id='word_1_656' title='bbox 3216 2591 3476 2661; x_wconf 85' lang='lat' dir='ltr'><strong>postulat,</strong></span> <span class='ocrx_word' id='word_1_657' title='bbox 3574 2636 3597 2641; x_wconf 82' lang='lat'><strong>-</strong></span> 
     </span>
    </p>
   </div>
   <div class='ocr_carea' id='block_1_85' title="bbox 1872 2667 3495 2748">
    <p class='ocr_par' dir='ltr' id='par_1_85' title="bbox 1872 2667 3495 2748">
     <span class='ocr_line' id='line_1_85' title="bbox 1872 2667 3495 2748; baseline 0.008 -23"><span class='ocrx_word' id='word_1_658' title='bbox 1872 2667 1988 2739; x_wconf 84' lang='lat' dir='ltr'><strong>jam</strong></span> <span class='ocrx_word' id='word_1_659' title='bbox 2017 2686 2123 2726; x_wconf 85' lang='lat' dir='ltr'><strong>non</strong></span> <span class='ocrx_word' id='word_1_660' title='bbox 2150 2687 2250 2744; x_wconf 87' lang='lat' dir='ltr'><strong>pro</strong></span> <span class='ocrx_word' id='word_1_661' title='bbox 2270 2687 2428 2729; x_wconf 86' lang='lat' dir='ltr'><strong>servo</strong></span> <span class='ocrx_word' id='word_1_662' title='bbox 2470 2673 2821 2741; x_wconf 87' lang='lat' dir='ltr'><strong>Philemonis,</strong></span> <span class='ocrx_word' id='word_1_663' title='bbox 2854 2679 2950 2734; x_wconf 90' lang='lat' dir='ltr'><strong>sed</strong></span> <span class='ocrx_word' id='word_1_664' title='bbox 2993 2693 3093 2748; x_wconf 87' lang='lat' dir='ltr'><strong>pro</strong></span> <span class='ocrx_word' id='word_1_665' title='bbox 3121 2679 3234 2735; x_wconf 88' lang='lat' dir='ltr'><strong>ﬁlio</strong></span> <span class='ocrx_word' id='word_1_666' title='bbox 3262 2697 3363 2738; x_wconf 90' lang='lat' dir='ltr'><strong>suo</strong></span> <span class='ocrx_word' id='word_1_667' title='bbox 3418 2698 3495 2740; x_wconf 80' lang='lat' dir='ltr'><strong>se</strong></span> 
     </span>
    </p>
   </div>
   <div class='ocr_carea' id='block_1_86' title="bbox 1883 2761 3478 2840">
    <p class='ocr_par' dir='ltr' id='par_1_86' title="bbox 1883 2761 3478 2840">
     <span class='ocr_line' id='line_1_86' title="bbox 1883 2761 3478 2840; baseline 0.009 -25"><span class='ocrx_word' id='word_1_668' title='bbox 1883 2761 2076 2816; x_wconf 82' lang='lat' dir='ltr'><strong>asserit</strong></span> <span class='ocrx_word' id='word_1_669' title='bbox 2099 2761 2407 2834; x_wconf 89' lang='lat' dir='ltr'><strong>deprecari,</strong></span> <span class='ocrx_word' id='word_1_670' title='bbox 2434 2772 2491 2820; x_wconf 81' lang='lat' dir='ltr'><strong>et</strong></span> <span class='ocrx_word' id='word_1_671' title='bbox 2511 2765 2602 2820; x_wconf 89' lang='lat' dir='ltr'><strong>illo</strong></span> <span class='ocrx_word' id='word_1_672' title='bbox 2637 2766 2748 2823; x_wconf 89' lang='lat' dir='ltr'><strong>ﬁlio</strong></span> <span class='ocrx_word' id='word_1_673' title='bbox 2791 2783 2951 2838; x_wconf 80' lang='lat' dir='ltr'><strong>quem</strong></span> <span class='ocrx_word' id='word_1_674' title='bbox 2982 2781 3246 2840; x_wconf 86' lang='lat' dir='ltr'><strong>genuerat</strong></span> <span class='ocrx_word' id='word_1_675' title='bbox 3276 2773 3331 2829; x_wconf 90' lang='lat' dir='ltr'><strong>in</strong></span> <span class='ocrx_word' id='word_1_676' title='bbox 3357 2775 3478 2831; x_wconf 83' lang='lat' dir='ltr'><strong>vin-</strong></span> 
     </span>
    </p>
   </div>
   <div class='ocr_carea' id='block_1_87' title="bbox 1881 2849 3500 2936">
    <p class='ocr_par' dir='ltr' id='par_1_87' title="bbox 1881 2849 3500 2936">
     <span class='ocr_line' id='line_1_87' title="bbox 1881 2849 3500 2936; baseline 0.009 -30"><span class='ocrx_word' id='word_1_677' title='bbox 1881 2849 2021 2906; x_wconf 84' lang='lat' dir='ltr'><strong>culis</strong></span> <span class='ocrx_word' id='word_1_678' title='bbox 2046 2850 2344 2923; x_wconf 81' lang='lat' dir='ltr'><strong>Evangelii,</strong></span> <span class='ocrx_word' id='word_1_679' title='bbox 2376 2853 2479 2921; x_wconf 89' lang='lat' dir='ltr'><strong>hoc</strong></span> <span class='ocrx_word' id='word_1_680' title='bbox 2506 2863 2593 2911; x_wconf 87' lang='lat' dir='ltr'><strong>est</strong></span> <span class='ocrx_word' id='word_1_681' title='bbox 2634 2870 2798 2926; x_wconf 89' lang='lat' dir='ltr'><strong>quem</strong></span> <span class='ocrx_word' id='word_1_682' title='bbox 2820 2872 2921 2927; x_wconf 91' lang='lat' dir='ltr'><strong>pro</strong></span> <span class='ocrx_word' id='word_1_683' title='bbox 2946 2858 3151 2916; x_wconf 83' lang='lat' dir='ltr'><strong>Christi</strong></span> <span class='ocrx_word' id='word_1_684' title='bbox 3182 2861 3500 2936; x_wconf 70' lang='lat' dir='ltr'><strong>Evangelia-</strong></span> 
     </span>
    </p>
   </div>
   <div class='ocr_carea' id='block_1_88' title="bbox 1882 2941 3477 3022">
    <p class='ocr_par' dir='ltr' id='par_1_88' title="bbox 1882 2941 3477 3022">
     <span class='ocr_line' id='line_1_88' title="bbox 1882 2941 3477 3022; baseline 0.009 -27"><span class='ocrx_word' id='word_1_685' title='bbox 1882 2941 2206 2998; x_wconf 89' lang='lat' dir='ltr'><strong>sustinebat.</strong></span> <span class='ocrx_word' id='word_1_686' title='bbox 2262 2941 2442 3015; x_wconf 81' lang='lat' dir='ltr'><strong>(Vers.</strong></span> <span class='ocrx_word' id='word_1_687' title='bbox 2494 2946 2608 3016; x_wconf 79' lang='grc' dir='ltr'><strong>Η.)</strong></span> <span class='ocrx_word' id='word_1_688' title='bbox 2650 2945 2757 3014; x_wconf 83' lang='lat' dir='ltr'><strong>Qui</strong></span> <span class='ocrx_word' id='word_1_689' title='bbox 2804 2948 2897 3002; x_wconf 86' lang='lat' dir='ltr'><strong>tibi</strong></span> <span class='ocrx_word' id='word_1_690' title='bbox 2939 2949 3227 3022; x_wconf 84' lang='lat' dir='ltr'><strong>aliquando</strong></span> <span class='ocrx_word' id='word_1_691' title='bbox 3273 2955 3477 3010; x_wconf 82' lang='lat' dir='ltr'><strong>inutilis</strong></span> 
     </span>
    </p>
   </div>
   <div class='ocr_carea' id='block_1_89' title="bbox 1883 3031 3476 3105">
    <p class='ocr_par' dir='ltr' id='par_1_89' title="bbox 1883 3031 3476 3105">
     <span class='ocr_line' id='line_1_89' title="bbox 1883 3031 3476 3105; baseline 0.01 -20"><span class='ocrx_word' id='word_1_692' title='bbox 1883 3031 2002 3102; x_wconf 67' lang='lat' dir='ltr'><strong>luit.</strong></span> <span class='ocrx_word' id='word_1_693' title='bbox 2030 3031 2170 3101; x_wconf 91' lang='lat' dir='ltr'><strong>Tibi,</strong></span> <span class='ocrx_word' id='word_1_694' title='bbox 2198 3034 2396 3105; x_wconf 88' lang='lat' dir='ltr'><strong>inquit,</strong></span> <span class='ocrx_word' id='word_1_695' title='bbox 2425 3035 2548 3102; x_wconf 90' lang='lat' dir='ltr'><strong>soli,</strong></span> <span class='ocrx_word' id='word_1_696' title='bbox 2573 3053 2682 3093; x_wconf 89' lang='lat' dir='ltr'><strong>non</strong></span> <span class='ocrx_word' id='word_1_697' title='bbox 2709 3040 2942 3094; x_wconf 68' lang='lat' dir='ltr'><strong>caneris.</strong></span> <span class='ocrx_word' id='word_1_698' title='bbox 2967 3040 3120 3097; x_wconf 86' lang='lat' dir='ltr'><strong>Nunc</strong></span> <span class='ocrx_word' id='word_1_699' title='bbox 3141 3059 3174 3098; x_wconf 92' lang='lat' dir='ltr'><strong>e</strong></span> <span class='ocrx_word' id='word_1_700' title='bbox 3201 3047 3476 3101; x_wconf 87' lang='lat' dir='ltr'><strong>contrario</strong></span> 
     </span>
    </p>
   </div>
   <div class='ocr_carea' id='block_1_90' title="bbox 1880 3124 3600 3201">
    <p class='ocr_par' dir='ltr' id='par_1_90' title="bbox 1880 3124 3600 3201">
     <span class='ocr_line' id='line_1_90' title="bbox 1880 3124 3600 3201; baseline 0.009 -23"><span class='ocrx_word' id='word_1_701' title='bbox 1880 3124 2135 3180; x_wconf 88' lang='lat' dir='ltr'><strong>utilitatis</strong></span> <span class='ocrx_word' id='word_1_702' title='bbox 2160 3128 2619 3195; x_wconf 88' lang='lat' dir='ltr'><strong>compensatione,</strong></span> <span class='ocrx_word' id='word_1_703' title='bbox 2652 3144 2760 3200; x_wconf 90' lang='lat' dir='ltr'><strong>qua</strong></span> <span class='ocrx_word' id='word_1_704' title='bbox 2786 3137 2842 3184; x_wconf 88' lang='lat' dir='ltr'><strong>et</strong></span> <span class='ocrx_word' id='word_1_705' title='bbox 2863 3130 2965 3201; x_wconf 88' lang='lat' dir='ltr'><strong>ipsi</strong></span> <span class='ocrx_word' id='word_1_706' title='bbox 2992 3133 3213 3188; x_wconf 91' lang='lat' dir='ltr'><strong>domino</strong></span> <span class='ocrx_word' id='word_1_707' title='bbox 3234 3142 3289 3189; x_wconf 89' lang='lat' dir='ltr'><strong>et</strong></span> <span class='ocrx_word' id='word_1_708' title='bbox 3307 3134 3501 3193; x_wconf 63' lang='lat' dir='ltr'><strong>Paulo.</strong></span> <span class='ocrx_word' id='word_1_709' title='bbox 3588 3174 3600 3193; x_wconf 70' lang='grc' dir='ltr'><strong>τ</strong></span> 
     </span>
    </p>
   </div>
   <div class='ocr_carea' id='block_1_91' title="bbox 1882 3214 3477 3292">
    <p class='ocr_par' dir='ltr' id='par_1_91' title="bbox 1882 3214 3477 3292">
     <span class='ocr_line' id='line_1_91' title="bbox 1882 3214 3477 3292; baseline 0.01 -25"><span class='ocrx_word' id='word_1_710' title='bbox 1882 3214 2033 3271; x_wconf 89' lang='lat' dir='ltr'><strong>utilis</strong></span> <span class='ocrx_word' id='word_1_711' title='bbox 2072 3222 2180 3282; x_wconf 87' lang='lat' dir='ltr'><strong>est,</strong></span> <span class='ocrx_word' id='word_1_712' title='bbox 2229 3216 2552 3287; x_wconf 64' lang='lat' dir='ltr'><strong>catenisque</strong></span> <span class='ocrx_word' id='word_1_713' title='bbox 2595 3234 2695 3289; x_wconf 91' lang='lat' dir='ltr'><strong>per</strong></span> <span class='ocrx_word' id='word_1_714' title='bbox 2722 3218 2973 3287; x_wconf 87' lang='lat' dir='ltr'><strong>Paulum,</strong></span> <span class='ocrx_word' id='word_1_715' title='bbox 3019 3223 3141 3292; x_wconf 87' lang='lat' dir='ltr'><strong>plus</strong></span> <span class='ocrx_word' id='word_1_716' title='bbox 3191 3225 3477 3283; x_wconf 85' lang='lat' dir='ltr'><strong>charitatis</strong></span> 
     </span>
    </p>
   </div>
   <div class='ocr_carea' id='block_1_92' title="bbox 1881 3309 3473 3375">
    <p class='ocr_par' dir='ltr' id='par_1_92' title="bbox 1881 3309 3473 3375">
     <span class='ocr_line' id='line_1_92' title="bbox 1881 3309 3473 3375; baseline 0.01 -17"><span class='ocrx_word' id='word_1_717' title='bbox 1881 3313 2142 3371; x_wconf 86' lang='lat' dir='ltr'><strong>meretur,</strong></span> <span class='ocrx_word' id='word_1_718' title='bbox 2174 3320 2337 3375; x_wconf 88' lang='lat' dir='ltr'><strong>quam</strong></span> <span class='ocrx_word' id='word_1_719' title='bbox 2357 3309 2466 3365; x_wconf 89' lang='lat' dir='ltr'><strong>odii</strong></span> <span class='ocrx_word' id='word_1_720' title='bbox 2504 3317 2631 3365; x_wconf 88' lang='lat' dir='ltr'><strong>ante</strong></span> <span class='ocrx_word' id='word_1_721' title='bbox 2668 3320 2962 3369; x_wconf 86' lang='lat' dir='ltr'><strong>meruerat.</strong></span> <span class='ocrx_word' id='word_1_722' title='bbox 2998 3313 3151 3371; x_wconf 87' lang='lat' dir='ltr'><strong>Unde</strong></span> <span class='ocrx_word' id='word_1_723' title='bbox 3174 3316 3251 3371; x_wconf 88' lang='lat' dir='ltr'><strong>ait</strong></span> <span class='ocrx_word' id='word_1_724' title='bbox 3278 3335 3292 3370; x_wconf 89' lang='lat'><strong><em>:</em></strong></span> <span class='ocrx_word' id='word_1_725' title='bbox 3326 3335 3473 3374; x_wconf 82' lang='lat' dir='ltr'><strong>nunc</strong></span> 
     </span>
    </p>
   </div>
   <div class='ocr_carea' id='block_1_93' title="bbox 1880 3395 3485 3477">
    <p class='ocr_par' dir='ltr' id='par_1_93' title="bbox 1880 3395 3485 3477">
     <span class='ocr_line' id='line_1_93' title="bbox 1880 3395 3485 3477; baseline 0.008 -29"><span class='ocrx_word' id='word_1_726' title='bbox 1880 3401 2056 3449; x_wconf 82' lang='lat' dir='ltr'><strong>autem</strong></span> <span class='ocrx_word' id='word_1_727' title='bbox 2104 3404 2154 3451; x_wconf 87' lang='lat' dir='ltr'><strong>et</strong></span> <span class='ocrx_word' id='word_1_728' title='bbox 2175 3395 2272 3450; x_wconf 85' lang='lat' dir='ltr'><strong>tibi</strong></span> <span class='ocrx_word' id='word_1_729' title='bbox 2312 3406 2361 3453; x_wconf 89' lang='lat' dir='ltr'><strong>et</strong></span> <span class='ocrx_word' id='word_1_730' title='bbox 2392 3399 2523 3454; x_wconf 81' lang='lat' dir='ltr'><strong>mihi</strong></span> <span class='ocrx_word' id='word_1_731' title='bbox 2551 3400 2699 3459; x_wconf 81' lang='lat' dir='ltr'><strong>utilis</strong></span> <span class='ocrx_word' id='word_1_732' title='bbox 2725 3403 2905 3474; x_wconf 84' lang='lat' dir='ltr'><strong>(Vers.</strong></span> <span class='ocrx_word' id='word_1_733' title='bbox 2936 3403 3084 3477; x_wconf 67' lang='lat'><strong>12.);</strong></span> <span class='ocrx_word' id='word_1_734' title='bbox 3132 3408 3260 3477; x_wconf 86' lang='lat' dir='ltr'><strong>quia</strong></span> <span class='ocrx_word' id='word_1_735' title='bbox 3296 3408 3390 3464; x_wconf 87' lang='lat' dir='ltr'><strong>illo</strong></span> <span class='ocrx_word' id='word_1_736' title='bbox 3417 3411 3485 3466; x_wconf 66' lang='lat' dir='ltr'><strong>in.</strong></span> 
     </span>
    </p>
   </div>
   <div class='ocr_carea' id='block_1_94' title="bbox 1880 3487 3471 3571">
    <p class='ocr_par' dir='ltr' id='par_1_94' title="bbox 1880 3487 3471 3571">
     <span class='ocr_line' id='line_1_94' title="bbox 1880 3487 3471 3571; baseline 0.01 -29"><span class='ocrx_word' id='word_1_737' title='bbox 1880 3500 2101 3543; x_wconf 87' lang='lat' dir='ltr'><strong>earcere</strong></span> <span class='ocrx_word' id='word_1_738' title='bbox 2125 3487 2461 3561; x_wconf 85' lang='lat' dir='ltr'><strong>vinculisque</strong></span> <span class='ocrx_word' id='word_1_739' title='bbox 2505 3493 2753 3561; x_wconf 87' lang='lat' dir='ltr'><strong>detento,</strong></span> <span class='ocrx_word' id='word_1_740' title='bbox 2786 3503 2974 3565; x_wconf 84' lang='lat' dir='ltr'><strong>posset</strong></span> <span class='ocrx_word' id='word_1_741' title='bbox 2997 3497 3048 3552; x_wconf 87' lang='lat' dir='ltr'><strong>ei</strong></span> <span class='ocrx_word' id='word_1_742' title='bbox 3088 3499 3143 3553; x_wconf 91' lang='lat' dir='ltr'><strong>in</strong></span> <span class='ocrx_word' id='word_1_743' title='bbox 3176 3499 3471 3571; x_wconf 80' lang='lat' dir='ltr'><strong>Evangelio</strong></span> 
     </span>
    </p>
   </div>
   <div class='ocr_carea' id='block_1_95' title="bbox 1878 3575 3470 3660">
    <p class='ocr_par' dir='ltr' id='par_1_95' title="bbox 1878 3575 3470 3660">
     <span class='ocr_line' id='line_1_95' title="bbox 1878 3575 3470 3660; baseline 0.008 -27"><span class='ocrx_word' id='word_1_744' title='bbox 1878 3575 2213 3634; x_wconf 83' lang='lat' dir='ltr'><strong>ministrare.</strong></span> <span class='ocrx_word' id='word_1_745' title='bbox 2252 3578 2331 3633; x_wconf 87' lang='lat' dir='ltr'><strong>Tu</strong></span> <span class='ocrx_word' id='word_1_746' title='bbox 2357 3589 2533 3637; x_wconf 83' lang='lat' dir='ltr'><strong>autem</strong></span> <span class='ocrx_word' id='word_1_747' title='bbox 2561 3581 2714 3639; x_wconf 77' lang='lat' dir='ltr'><strong>illum</strong></span> <span class='ocrx_word' id='word_1_748' title='bbox 2766 3594 2825 3639; x_wconf 83' lang='lat' dir='ltr'><strong>ut</strong></span> <span class='ocrx_word' id='word_1_749' title='bbox 2862 3601 2980 3640; x_wconf 65' lang='lat' dir='ltr'><strong>mea</strong></span> <span class='ocrx_word' id='word_1_750' title='bbox 3008 3586 3207 3641; x_wconf 78' lang='lat' dir='ltr'><strong>viscera</strong></span> <span class='ocrx_word' id='word_1_751' title='bbox 3239 3592 3470 3660; x_wconf 82' lang='lat' dir='ltr'><strong>suscipe.</strong></span> 
     </span>
    </p>
   </div>
   <div class='ocr_carea' id='block_1_96' title="bbox 1880 3663 3474 3749">
    <p class='ocr_par' dir='ltr' id='par_1_96' title="bbox 1880 3663 3474 3749">
     <span class='ocr_line' id='line_1_96' title="bbox 1880 3663 3474 3749; baseline 0.01 -30"><span class='ocrx_word' id='word_1_752' title='bbox 1880 3663 2101 3723; x_wconf 75' lang='lat' dir='ltr'><strong>Viscera</strong></span> <span class='ocrx_word' id='word_1_753' title='bbox 2125 3668 2433 3739; x_wconf 77' lang='lat' dir='ltr'><strong>signiﬁcant</strong></span> <span class='ocrx_word' id='word_1_754' title='bbox 2451 3671 2726 3729; x_wconf 87' lang='lat' dir='ltr'><strong>interdum</strong></span> <span class='ocrx_word' id='word_1_755' title='bbox 2759 3675 2941 3731; x_wconf 83' lang='lat' dir='ltr'><strong>cordis</strong></span> <span class='ocrx_word' id='word_1_756' title='bbox 2964 3673 3239 3743; x_wconf 75' lang='lat' dir='ltr'><strong>affectum,</strong></span> <span class='ocrx_word' id='word_1_757' title='bbox 3280 3686 3338 3733; x_wconf 90' lang='lat' dir='ltr'><strong>et</strong></span> <span class='ocrx_word' id='word_1_758' title='bbox 3359 3680 3474 3749; x_wconf 85' lang='lat' dir='ltr'><strong>ple-</strong></span> 
     </span>
    </p>
   </div>
   <div class='ocr_carea' id='block_1_97' title="bbox 1878 3757 3469 3837">
    <p class='ocr_par' dir='ltr' id='par_1_97' title="bbox 1878 3757 3469 3837">
     <span class='ocr_line' id='line_1_97' title="bbox 1878 3757 3469 3837; baseline 0.009 -28"><span class='ocrx_word' id='word_1_759' title='bbox 1878 3769 2007 3809; x_wconf 86' lang='lat' dir='ltr'><strong>nam</strong></span> <span class='ocrx_word' id='word_1_760' title='bbox 2036 3769 2106 3810; x_wconf 77' lang='lat' dir='ltr'><strong>ex</strong></span> <span class='ocrx_word' id='word_1_761' title='bbox 2145 3757 2328 3813; x_wconf 87' lang='lat' dir='ltr'><strong>animo</strong></span> <span class='ocrx_word' id='word_1_762' title='bbox 2361 3759 2718 3827; x_wconf 78' lang='lat' dir='ltr'><strong>voluntatem,</strong></span> <span class='ocrx_word' id='word_1_763' title='bbox 2759 3778 2886 3819; x_wconf 88' lang='lat' dir='ltr'><strong>cum</strong></span> <span class='ocrx_word' id='word_1_764' title='bbox 2928 3771 3101 3819; x_wconf 90' lang='lat' dir='ltr'><strong>totum</strong></span> <span class='ocrx_word' id='word_1_765' title='bbox 3136 3767 3399 3837; x_wconf 67' lang='lat' dir='ltr'><strong>quidqtiid</strong></span> <span class='ocrx_word' id='word_1_766' title='bbox 3438 3786 3469 3824; x_wconf 88' lang='lat' dir='ltr'><strong>a</strong></span> 
     </span>
    </p>
   </div>
   <div class='ocr_carea' id='block_1_98' title="bbox 1878 3847 3473 3924">
    <p class='ocr_par' dir='ltr' id='par_1_98' title="bbox 1878 3847 3473 3924">
     <span class='ocr_line' id='line_1_98' title="bbox 1878 3847 3473 3924; baseline 0.009 -21"><span class='ocrx_word' id='word_1_767' title='bbox 1878 3847 2035 3903; x_wconf 86' lang='lat' dir='ltr'><strong>nobis</strong></span> <span class='ocrx_word' id='word_1_768' title='bbox 2072 3855 2159 3907; x_wconf 81' lang='lat' dir='ltr'><strong>est</strong></span> <span class='ocrx_word' id='word_1_769' title='bbox 2187 3850 2483 3919; x_wconf 82' lang='lat' dir='ltr'><strong>suscipitur</strong></span> <span class='ocrx_word' id='word_1_770' title='bbox 2518 3866 2549 3905; x_wconf 88' lang='lat' dir='ltr'><strong>a</strong></span> <span class='ocrx_word' id='word_1_771' title='bbox 2579 3860 2787 3922; x_wconf 87' lang='lat' dir='ltr'><strong>rogato.</strong></span> <span class='ocrx_word' id='word_1_772' title='bbox 2815 3854 2993 3909; x_wconf 84' lang='lat' dir='ltr'><strong>Aliter</strong></span> <span class='ocrx_word' id='word_1_773' title='bbox 3018 3865 3224 3924; x_wconf 88' lang='lat' dir='ltr'><strong>autem,</strong></span> <span class='ocrx_word' id='word_1_774' title='bbox 3275 3876 3473 3917; x_wconf 87' lang='lat' dir='ltr'><strong>omnes</strong></span> 
     </span>
    </p>
   </div>
   <div class='ocr_carea' id='block_1_99' title="bbox 1876 3932 3470 4022">
    <p class='ocr_par' dir='ltr' id='par_1_99' title="bbox 1876 3932 3470 4022">
     <span class='ocr_line' id='line_1_99' title="bbox 1876 3932 3470 4022; baseline 0.01 -32"><span class='ocrx_word' id='word_1_775' title='bbox 1876 3932 2034 3997; x_wconf 84' lang='lat' dir='ltr'><strong>liberi</strong></span> <span class='ocrx_word' id='word_1_776' title='bbox 2073 3935 2285 3995; x_wconf 80' lang='lat' dir='ltr'><strong>viscera</strong></span> <span class='ocrx_word' id='word_1_777' title='bbox 2309 3947 2437 3995; x_wconf 88' lang='lat' dir='ltr'><strong>sunt</strong></span> <span class='ocrx_word' id='word_1_778' title='bbox 2463 3939 2809 4012; x_wconf 83' lang='lat' dir='ltr'><strong>intelligenda</strong></span> <span class='ocrx_word' id='word_1_779' title='bbox 2836 3953 3144 4014; x_wconf 77' lang='lat' dir='ltr'><strong>parentum.</strong></span> <span class='ocrx_word' id='word_1_780' title='bbox 3183 3947 3349 4013; x_wconf 81' lang='lat' dir='ltr'><strong>Quom</strong></span> <span class='ocrx_word' id='word_1_781' title='bbox 3373 3968 3470 4022; x_wconf 83' lang='lat' dir='ltr'><strong>ego</strong></span> 
     </span>
    </p>
   </div>
   <div class='ocr_carea' id='block_1_100' title="bbox 1880 4023 3473 4105">
    <p class='ocr_par' dir='ltr' id='par_1_100' title="bbox 1880 4023 3473 4105">
     <span class='ocr_line' id='line_1_100' title="bbox 1880 4023 3473 4105; baseline 0.011 -25"><span class='ocrx_word' id='word_1_782' title='bbox 1880 4023 2150 4082; x_wconf 78' lang='lat' dir='ltr'><strong>noluerant</strong></span> <span class='ocrx_word' id='word_1_783' title='bbox 2197 4045 2403 4087; x_wconf 75' lang='lat' dir='ltr'><strong>mecum</strong></span> <span class='ocrx_word' id='word_1_784' title='bbox 2427 4033 2670 4099; x_wconf 77' lang='lat' dir='ltr'><strong>retinere,</strong></span> <span class='ocrx_word' id='word_1_785' title='bbox 2700 4042 2757 4089; x_wconf 88' lang='lat' dir='ltr'><strong>ut</strong></span> <span class='ocrx_word' id='word_1_786' title='bbox 2778 4052 2875 4105; x_wconf 89' lang='lat' dir='ltr'><strong>pro</strong></span> <span class='ocrx_word' id='word_1_787' title='bbox 2913 4045 2962 4090; x_wconf 85' lang='lat' dir='ltr'><strong>te</strong></span> <span class='ocrx_word' id='word_1_788' title='bbox 2983 4039 3110 4092; x_wconf 81' lang='lat' dir='ltr'><strong>mihi</strong></span> <span class='ocrx_word' id='word_1_789' title='bbox 3149 4040 3473 4101; x_wconf 78' lang='lat' dir='ltr'><strong>ministraret</strong></span> 
     </span>
    </p>
   </div>
   <div class='ocr_carea' id='block_1_101' title="bbox 1876 4117 3471 4198">
    <p class='ocr_par' dir='ltr' id='par_1_101' title="bbox 1876 4117 3471 4198">
     <span class='ocr_line' id='line_1_101' title="bbox 1876 4117 3471 4198; baseline 0.013 -28"><span class='ocrx_word' id='word_1_790' title='bbox 1876 4117 1935 4171; x_wconf 90' lang='lat' dir='ltr'><strong>in</strong></span> <span class='ocrx_word' id='word_1_791' title='bbox 1958 4117 2177 4174; x_wconf 79' lang='lat' dir='ltr'><strong>uinculis</strong></span> <span class='ocrx_word' id='word_1_792' title='bbox 2217 4118 2490 4192; x_wconf 81' lang='lat' dir='ltr'><strong>Evangelii</strong></span> <span class='ocrx_word' id='word_1_793' title='bbox 2526 4122 2702 4196; x_wconf 82' lang='lat' dir='ltr'><strong>(Vers.</strong></span> <span class='ocrx_word' id='word_1_794' title='bbox 2737 4125 3078 4198; x_wconf 71' lang='lat' dir='ltr'><strong>13.)1Jcirco</strong></span> <span class='ocrx_word' id='word_1_795' title='bbox 3100 4130 3275 4187; x_wconf 88' lang='lat' dir='ltr'><strong>ﬁlium</strong></span> <span class='ocrx_word' id='word_1_796' title='bbox 3306 4149 3471 4191; x_wconf 87' lang='lat' dir='ltr'><strong>suum</strong></span> 
     </span>
    </p>
   </div>
   <div class='ocr_carea' id='block_1_102' title="bbox 1880 4208 3472 4296">
    <p class='ocr_par' dir='ltr' id='par_1_102' title="bbox 1880 4208 3472 4296">
     <span class='ocr_line' id='line_1_102' title="bbox 1880 4208 3472 4296; baseline 0.013 -34"><span class='ocrx_word' id='word_1_797' title='bbox 1880 4215 1937 4262; x_wconf 90' lang='lat' dir='ltr'><strong>et</strong></span> <span class='ocrx_word' id='word_1_798' title='bbox 1966 4208 2136 4267; x_wconf 88' lang='lat' dir='ltr'><strong>ﬁlium</strong></span> <span class='ocrx_word' id='word_1_799' title='bbox 2160 4211 2494 4289; x_wconf 83' lang='lat' dir='ltr'><strong>vinculorum</strong></span> <span class='ocrx_word' id='word_1_800' title='bbox 2522 4224 2577 4271; x_wconf 91' lang='lat' dir='ltr'><strong>et</strong></span> <span class='ocrx_word' id='word_1_801' title='bbox 2596 4217 2904 4275; x_wconf 87' lang='lat' dir='ltr'><strong>ministrum</strong></span> <span class='ocrx_word' id='word_1_802' title='bbox 2934 4220 3212 4294; x_wconf 82' lang='lat' dir='ltr'><strong>Evangelii</strong></span> <span class='ocrx_word' id='word_1_803' title='bbox 3257 4224 3313 4279; x_wconf 90' lang='lat' dir='ltr'><strong>in</strong></span> <span class='ocrx_word' id='word_1_804' title='bbox 3352 4227 3472 4296; x_wconf 51' lang='lat' dir='ltr'><strong>vin-</strong></span> 
     </span>
    </p>
   </div>
   <div class='ocr_carea' id='block_1_103' title="bbox 1877 4299 3471 4381">
    <p class='ocr_par' dir='ltr' id='par_1_103' title="bbox 1877 4299 3471 4381">
     <span class='ocr_line' id='line_1_103' title="bbox 1877 4299 3471 4381; baseline 0.014 -26"><span class='ocrx_word' id='word_1_805' title='bbox 1877 4299 2014 4356; x_wconf 89' lang='lat' dir='ltr'><strong>culis</strong></span> <span class='ocrx_word' id='word_1_806' title='bbox 2041 4302 2320 4358; x_wconf 88' lang='lat' dir='ltr'><strong>constituti</strong></span> <span class='ocrx_word' id='word_1_807' title='bbox 2348 4304 2582 4362; x_wconf 87' lang='lat' dir='ltr'><strong>inculcat</strong></span> <span class='ocrx_word' id='word_1_808' title='bbox 2622 4318 2784 4378; x_wconf 86' lang='lat' dir='ltr'><strong>atque</strong></span> <span class='ocrx_word' id='word_1_809' title='bbox 2813 4311 3058 4381; x_wconf 85' lang='lat' dir='ltr'><strong>replicat,</strong></span> <span class='ocrx_word' id='word_1_810' title='bbox 3085 4324 3146 4370; x_wconf 90' lang='lat' dir='ltr'><strong>ut</strong></span> <span class='ocrx_word' id='word_1_811' title='bbox 3185 4315 3471 4378; x_wconf 81' lang='lat' dir='ltr'><strong>Philemon</strong></span> 
     </span>
    </p>
   </div>
   <div class='ocr_carea' id='block_1_104' title="bbox 1880 4390 3473 4477">
    <p class='ocr_par' dir='ltr' id='par_1_104' title="bbox 1880 4390 3473 4477">
     <span class='ocr_line' id='line_1_104' title="bbox 1880 4390 3473 4477; baseline 0.012 -32"><span class='ocrx_word' id='word_1_812' title='bbox 1880 4390 1969 4447; x_wconf 88' lang='lat' dir='ltr'><strong>ille</strong></span> <span class='ocrx_word' id='word_1_813' title='bbox 1994 4392 2287 4461; x_wconf 88' lang='lat' dir='ltr'><strong>prudenter</strong></span> <span class='ocrx_word' id='word_1_814' title='bbox 2318 4403 2375 4450; x_wconf 89' lang='lat' dir='ltr'><strong>et</strong></span> <span class='ocrx_word' id='word_1_815' title='bbox 2402 4396 2796 4467; x_wconf 85' lang='lat' dir='ltr'><strong>dispensatorie</strong></span> <span class='ocrx_word' id='word_1_816' title='bbox 2819 4411 3029 4458; x_wconf 86' lang='lat' dir='ltr'><strong>tantum</strong></span> <span class='ocrx_word' id='word_1_817' title='bbox 3065 4404 3120 4460; x_wconf 91' lang='lat' dir='ltr'><strong>in</strong></span> <span class='ocrx_word' id='word_1_818' title='bbox 3151 4408 3473 4477; x_wconf 67' lang='lat' dir='ltr'><strong>praefatiomi</strong></span> 
     </span>
    </p>
   </div>
   <div class='ocr_carea' id='block_1_105' title="bbox 1881 4480 3469 4560">
    <p class='ocr_par' dir='ltr' id='par_1_105' title="bbox 1881 4480 3469 4560">
     <span class='ocr_line' id='line_1_105' title="bbox 1881 4480 3469 4560; baseline 0.014 -26"><span class='ocrx_word' id='word_1_819' title='bbox 1881 4480 2150 4548; x_wconf 88' lang='lat' dir='ltr'><strong>laudatus,</strong></span> <span class='ocrx_word' id='word_1_820' title='bbox 2195 4498 2302 4539; x_wconf 91' lang='lat' dir='ltr'><strong>non</strong></span> <span class='ocrx_word' id='word_1_821' title='bbox 2342 4488 2567 4544; x_wconf 80' lang='lat' dir='ltr'><strong>auderet</strong></span> <span class='ocrx_word' id='word_1_822' title='bbox 2615 4506 2834 4560; x_wconf 88' lang='lat' dir='ltr'><strong>negare,</strong></span> <span class='ocrx_word' id='word_1_823' title='bbox 2867 4509 2935 4549; x_wconf 89' lang='lat' dir='ltr'><strong>ne</strong></span> <span class='ocrx_word' id='word_1_824' title='bbox 2963 4493 3076 4548; x_wconf 89' lang='lat' dir='ltr'><strong>suis</strong></span> <span class='ocrx_word' id='word_1_825' title='bbox 3106 4494 3360 4555; x_wconf 83' lang='lat' dir='ltr'><strong>laudibus</strong></span> <span class='ocrx_word' id='word_1_826' title='bbox 3389 4501 3469 4556; x_wconf 81' lang='lat' dir='ltr'><strong>vi-</strong></span> 
     </span>
    </p>
   </div>
   <div class='ocr_carea' id='block_1_106' title="bbox 1802 4533 3467 4654">
    <p class='ocr_par' dir='ltr' id='par_1_106' title="bbox 1802 4533 3467 4654">
     <span class='ocr_line' id='line_1_106' title="bbox 1906 4533 3467 4560; baseline 0.013 -26"><span class='ocrx_word' id='word_1_827' title='bbox 1906 4533 1915 4535; x_wconf 33' lang='lat'><strong>-</strong></span> <span class='ocrx_word' id='word_1_828' title='bbox 2196 4533 2302 4539; x_wconf 81' lang='lat'><strong>_----</strong></span> <span class='ocrx_word' id='word_1_829' title='bbox 2343 4533 2567 4544; x_wconf 48' lang='lat' dir='ltr'><strong>ﬂ--.“</strong></span> <span class='ocrx_word' id='word_1_830' title='bbox 2616 4533 2834 4560; x_wconf 60' lang='lat'><strong>..-,,...-,</strong></span> <span class='ocrx_word' id='word_1_831' title='bbox 2867 4533 2935 4549; x_wconf 74' lang='grc' dir='ltr'><strong>..ν</strong></span> <span class='ocrx_word' id='word_1_832' title='bbox 2963 4533 3076 4548; x_wconf 61' lang='grc' dir='ltr'><strong>,τωο</strong></span> <span class='ocrx_word' id='word_1_833' title='bbox 3107 4533 3360 4555; x_wconf 58' lang='grc' dir='ltr'><strong>..ι-κων...</strong></span> <span class='ocrx_word' id='word_1_834' title='bbox 3394 4533 3467 4556; x_wconf 71' lang='grc'><strong>..-</strong></span> 
     </span>
     <span class='ocr_line' id='line_1_107' title="bbox 1802 4533 3467 4654; baseline 0.01 -28"><span class='ocrx_word' id='word_1_835' title='bbox 1802 4533 1856 4594; x_wconf 79' lang='lat' dir='ltr'><strong><em>D</em></strong></span> <span class='ocrx_word' id='word_1_836' title='bbox 1884 4571 2108 4629; x_wconf 90' lang='lat' dir='ltr'><strong>deretnr</strong></span> <span class='ocrx_word' id='word_1_837' title='bbox 2152 4575 2425 4647; x_wconf 87' lang='lat' dir='ltr'><strong>indignus.</strong></span> <span class='ocrx_word' id='word_1_838' title='bbox 2474 4578 2652 4650; x_wconf 80' lang='lat' dir='ltr'><strong>(Vers.</strong></span> <span class='ocrx_word' id='word_1_839' title='bbox 2699 4581 2811 4654; x_wconf 70' lang='lat' dir='ltr'><strong>li.)</strong></span> <span class='ocrx_word' id='word_1_840' title='bbox 2843 4581 2971 4638; x_wconf 87' lang='lat' dir='ltr'><strong>Sine</strong></span> <span class='ocrx_word' id='word_1_841' title='bbox 3022 4586 3243 4640; x_wconf 63' lang='lat' dir='ltr'><strong>caluitio</strong></span> <span class='ocrx_word' id='word_1_842' title='bbox 3289 4599 3467 4645; x_wconf 85' lang='lat' dir='ltr'><strong>autem</strong></span> 
     </span>
    </p>
   </div>
   <div class='ocr_carea' id='block_1_107' title="bbox 1883 4664 3469 4737">
    <p class='ocr_par' dir='ltr' id='par_1_107' title="bbox 1883 4664 3469 4737">
     <span class='ocr_line' id='line_1_108' title="bbox 1883 4664 3469 4737; baseline 0.013 -20"><span class='ocrx_word' id='word_1_843' title='bbox 1883 4672 1974 4717; x_wconf 78' lang='lat' dir='ltr'><strong>tuo</strong></span> <span class='ocrx_word' id='word_1_844' title='bbox 1998 4664 2129 4718; x_wconf 82' lang='lat' dir='ltr'><strong>nihil</strong></span> <span class='ocrx_word' id='word_1_845' title='bbox 2158 4665 2297 4721; x_wconf 85' lang='lat' dir='ltr'><strong>volui</strong></span> <span class='ocrx_word' id='word_1_846' title='bbox 2322 4667 2528 4737; x_wconf 80' lang='lat' dir='ltr'><strong>facere;</strong></span> <span class='ocrx_word' id='word_1_847' title='bbox 2552 4671 2630 4725; x_wconf 87' lang='lat' dir='ltr'><strong>uti</strong></span> <span class='ocrx_word' id='word_1_848' title='bbox 2673 4688 2738 4727; x_wconf 83' lang='lat' dir='ltr'><strong>ne</strong></span> <span class='ocrx_word' id='word_1_849' title='bbox 2762 4672 2896 4728; x_wconf 83' lang='lat' dir='ltr'><strong>velut</strong></span> <span class='ocrx_word' id='word_1_850' title='bbox 2944 4691 3010 4729; x_wconf 75' lang='lat' dir='ltr'><strong>es;</strong></span> <span class='ocrx_word' id='word_1_851' title='bbox 3039 4680 3344 4736; x_wconf 81' lang='lat' dir='ltr'><strong>necessitate</strong></span> <span class='ocrx_word' id='word_1_852' title='bbox 3377 4682 3469 4736; x_wconf 86' lang='lat' dir='ltr'><strong>bo-</strong></span> 
     </span>
    </p>
   </div>
   <div class='ocr_carea' id='block_1_108' title="bbox 1885 4758 3469 4844">
    <p class='ocr_par' dir='ltr' id='par_1_108' title="bbox 1885 4758 3469 4844">
     <span class='ocr_line' id='line_1_109' title="bbox 1885 4758 3469 4844; baseline 0.015 -37"><span class='ocrx_word' id='word_1_853' title='bbox 1885 4769 2008 4808; x_wconf 82' lang='lat' dir='ltr'><strong>num</strong></span> <span class='ocrx_word' id='word_1_854' title='bbox 2034 4762 2182 4809; x_wconf 85' lang='lat' dir='ltr'><strong>tuum</strong></span> <span class='ocrx_word' id='word_1_855' title='bbox 2208 4767 2360 4823; x_wconf 85' lang='lat' dir='ltr'><strong>esset,</strong></span> <span class='ocrx_word' id='word_1_856' title='bbox 2397 4758 2489 4813; x_wconf 84' lang='lat' dir='ltr'><strong>sed</strong></span> <span class='ocrx_word' id='word_1_857' title='bbox 2513 4760 2882 4819; x_wconf 77' lang='lat' dir='ltr'><strong>voluntarium.</strong></span> <span class='ocrx_word' id='word_1_858' title='bbox 2915 4766 3096 4822; x_wconf 88' lang='lat' dir='ltr'><strong>Potuit</strong></span> <span class='ocrx_word' id='word_1_859' title='bbox 3126 4770 3305 4841; x_wconf 85' lang='lat' dir='ltr'><strong>itaque</strong></span> <span class='ocrx_word' id='word_1_860' title='bbox 3339 4789 3469 4844; x_wconf 59' lang='lat' dir='ltr'><strong>apo-</strong></span> 
     </span>
    </p>
   </div>
   <div class='ocr_carea' id='block_1_109' title="bbox 1882 4845 3468 4922">
    <p class='ocr_par' dir='ltr' id='par_1_109' title="bbox 1882 4845 3468 4922">
     <span class='ocr_line' id='line_1_110' title="bbox 1882 4845 3468 4922; baseline 0.015 -24"><span class='ocrx_word' id='word_1_861' title='bbox 1882 4845 2053 4901; x_wconf 83' lang='lat' dir='ltr'><strong>stolus</strong></span> <span class='ocrx_word' id='word_1_862' title='bbox 2071 4845 2267 4903; x_wconf 86' lang='lat' dir='ltr'><strong>Paulus</strong></span> <span class='ocrx_word' id='word_1_863' title='bbox 2288 4850 2491 4920; x_wconf 86' lang='lat' dir='ltr'><strong>absque</strong></span> <span class='ocrx_word' id='word_1_864' title='bbox 2513 4852 2786 4911; x_wconf 80' lang='lat' dir='ltr'><strong>voluntate</strong></span> <span class='ocrx_word' id='word_1_865' title='bbox 2807 4856 3136 4916; x_wconf 79' lang='lat' dir='ltr'><strong>Philemonis</strong></span> <span class='ocrx_word' id='word_1_866' title='bbox 3154 4861 3468 4922; x_wconf 86' lang='lat' dir='ltr'><strong>Onesimum</strong></span> 
     </span>
    </p>
   </div>
   <div class='ocr_carea' id='block_1_110' title="bbox 1884 4932 3469 5011">
    <p class='ocr_par' dir='ltr' id='par_1_110' title="bbox 1884 4932 3469 5011">
     <span class='ocr_line' id='line_1_111' title="bbox 1884 4932 3469 5011; baseline 0.015 -24"><span class='ocrx_word' id='word_1_867' title='bbox 1884 4932 1986 4989; x_wconf 87' lang='lat' dir='ltr'><strong>sibi</strong></span> <span class='ocrx_word' id='word_1_868' title='bbox 2012 4935 2319 4993; x_wconf 89' lang='lat' dir='ltr'><strong>ministrum</strong></span> <span class='ocrx_word' id='word_1_869' title='bbox 2346 4949 2651 5009; x_wconf 85' lang='lat' dir='ltr'><strong>retentare;</strong></span> <span class='ocrx_word' id='word_1_870' title='bbox 2681 4945 2774 5000; x_wconf 87' lang='lat' dir='ltr'><strong>sed</strong></span> <span class='ocrx_word' id='word_1_871' title='bbox 2801 4947 2846 5001; x_wconf 88' lang='lat' dir='ltr'><strong>si</strong></span> <span class='ocrx_word' id='word_1_872' title='bbox 2871 4948 2975 5003; x_wconf 90' lang='lat' dir='ltr'><strong>hoc</strong></span> <span class='ocrx_word' id='word_1_873' title='bbox 2996 4949 3112 5005; x_wconf 88' lang='lat' dir='ltr'><strong>sine</strong></span> <span class='ocrx_word' id='word_1_874' title='bbox 3136 4951 3469 5011; x_wconf 80' lang='lat' dir='ltr'><strong>Philemonis</strong></span> 
     </span>
    </p>
   </div>
   <div class='ocr_carea' id='block_1_111' title="bbox 1884 5023 3470 5110">
    <p class='ocr_par' dir='ltr' id='par_1_111' title="bbox 1884 5023 3470 5110">
     <span class='ocr_line' id='line_1_112' title="bbox 1884 5023 3470 5110; baseline 0.014 -33"><span class='ocrx_word' id='word_1_875' title='bbox 1884 5023 2159 5080; x_wconf 80' lang='lat' dir='ltr'><strong>voluntate</strong></span> <span class='ocrx_word' id='word_1_876' title='bbox 2180 5025 2418 5095; x_wconf 82' lang='lat' dir='ltr'><strong>fecisset,</strong></span> <span class='ocrx_word' id='word_1_877' title='bbox 2451 5032 2649 5087; x_wconf 89' lang='lat' dir='ltr'><strong>bonum</strong></span> <span class='ocrx_word' id='word_1_878' title='bbox 2670 5036 2885 5104; x_wconf 88' lang='lat' dir='ltr'><strong>quidem</strong></span> <span class='ocrx_word' id='word_1_879' title='bbox 2921 5046 3039 5092; x_wconf 86' lang='lat' dir='ltr'><strong>erat</strong></span> <span class='ocrx_word' id='word_1_880' title='bbox 3059 5039 3209 5110; x_wconf 77' lang='lat' dir='ltr'><strong>ejus,</strong></span> <span class='ocrx_word' id='word_1_881' title='bbox 3241 5045 3335 5098; x_wconf 87' lang='lat' dir='ltr'><strong>sed</strong></span> <span class='ocrx_word' id='word_1_882' title='bbox 3361 5060 3470 5099; x_wconf 86' lang='lat' dir='ltr'><strong>non</strong></span> 
     </span>
    </p>
   </div>
   <div class='ocr_carea' id='block_1_112' title="bbox 1887 5117 3469 5199">
    <p class='ocr_par' dir='ltr' id='par_1_112' title="bbox 1887 5117 3469 5199">
     <span class='ocr_line' id='line_1_113' title="bbox 1887 5117 3469 5199; baseline 0.013 -30"><span class='ocrx_word' id='word_1_883' title='bbox 1887 5117 2271 5177; x_wconf 84' lang='lat' dir='ltr'><strong>voluntarium.</strong></span> <span class='ocrx_word' id='word_1_884' title='bbox 2303 5121 2458 5188; x_wconf 90' lang='lat' dir='ltr'><strong>Quod</strong></span> <span class='ocrx_word' id='word_1_885' title='bbox 2478 5133 2789 5182; x_wconf 88' lang='lat' dir='ltr'><strong>autemnon</strong></span> <span class='ocrx_word' id='word_1_886' title='bbox 2808 5135 2929 5183; x_wconf 85' lang='lat' dir='ltr'><strong>erat</strong></span> <span class='ocrx_word' id='word_1_887' title='bbox 2947 5129 3331 5199; x_wconf 83' lang='lat' dir='ltr'><strong>voluntarium,</strong></span> <span class='ocrx_word' id='word_1_888' title='bbox 3362 5134 3469 5191; x_wconf 85' lang='lat' dir='ltr'><strong>alio</strong></span> 
     </span>
    </p>
   </div>
   <div class='ocr_carea' id='block_1_113' title="bbox 1886 5213 3469 5296">
    <p class='ocr_par' dir='ltr' id='par_1_113' title="bbox 1886 5213 3469 5296">
     <span class='ocr_line' id='line_1_114' title="bbox 1886 5213 3469 5296; baseline 0.013 -34"><span class='ocrx_word' id='word_1_889' title='bbox 1886 5222 2086 5277; x_wconf 86' lang='lat' dir='ltr'><strong>genere</strong></span> <span class='ocrx_word' id='word_1_890' title='bbox 2130 5213 2462 5281; x_wconf 87' lang='lat' dir='ltr'><strong>arguebatur</strong></span> <span class='ocrx_word' id='word_1_891' title='bbox 2513 5231 2620 5269; x_wconf 89' lang='lat' dir='ltr'><strong>non</strong></span> <span class='ocrx_word' id='word_1_892' title='bbox 2664 5230 2784 5275; x_wconf 87' lang='lat' dir='ltr'><strong>esse</strong></span> <span class='ocrx_word' id='word_1_893' title='bbox 2822 5216 3042 5273; x_wconf 89' lang='lat' dir='ltr'><strong>bonum.</strong></span> <span class='ocrx_word' id='word_1_894' title='bbox 3084 5220 3228 5277; x_wconf 87' lang='lat' dir='ltr'><strong>Nihil</strong></span> <span class='ocrx_word' id='word_1_895' title='bbox 3270 5223 3469 5296; x_wconf 80' lang='lat' dir='ltr'><strong>quippe</strong></span> 
     </span>
    </p>
   </div>
   <div class='ocr_carea' id='block_1_114' title="bbox 1888 5298 3470 5388">
    <p class='ocr_par' dir='ltr' id='par_1_114' title="bbox 1888 5298 3470 5388">
     <span class='ocr_line' id='line_1_115' title="bbox 1888 5298 3470 5388; baseline 0.011 -31"><span class='ocrx_word' id='word_1_896' title='bbox 1888 5298 2086 5357; x_wconf 83' lang='lat' dir='ltr'><strong>bonum</strong></span> <span class='ocrx_word' id='word_1_897' title='bbox 2117 5303 2225 5359; x_wconf 88' lang='lat' dir='ltr'><strong>dici</strong></span> <span class='ocrx_word' id='word_1_898' title='bbox 2244 5314 2442 5375; x_wconf 90' lang='lat' dir='ltr'><strong>potest,</strong></span> <span class='ocrx_word' id='word_1_899' title='bbox 2465 5309 2610 5377; x_wconf 88' lang='lat' dir='ltr'><strong>quod</strong></span> <span class='ocrx_word' id='word_1_900' title='bbox 2631 5307 2936 5366; x_wconf 90' lang='lat' dir='ltr'><strong>ultroneum</strong></span> <span class='ocrx_word' id='word_1_901' title='bbox 2961 5320 3063 5368; x_wconf 88' lang='lat' dir='ltr'><strong>est.</strong></span> <span class='ocrx_word' id='word_1_902' title='bbox 3096 5313 3175 5369; x_wconf 81' lang='lat' dir='ltr'><strong>Ex</strong></span> <span class='ocrx_word' id='word_1_903' title='bbox 3198 5331 3309 5387; x_wconf 78' lang='lat' dir='ltr'><strong>quo</strong></span> <span class='ocrx_word' id='word_1_904' title='bbox 3327 5317 3470 5388; x_wconf 80' lang='lat' dir='ltr'><strong>Apo-</strong></span> 
     </span>
    </p>
   </div>
   <div class='ocr_carea' id='block_1_115' title="bbox 1888 5391 3467 5481">
    <p class='ocr_par' dir='ltr' id='par_1_115' title="bbox 1888 5391 3467 5481">
     <span class='ocr_line' id='line_1_116' title="bbox 1888 5391 3467 5481; baseline 0.015 -36"><span class='ocrx_word' id='word_1_905' title='bbox 1888 5391 2011 5446; x_wconf 90' lang='lat' dir='ltr'><strong>stoli</strong></span> <span class='ocrx_word' id='word_1_906' title='bbox 2041 5395 2432 5451; x_wconf 86' lang='lat' dir='ltr'><strong>consideranda</strong></span> <span class='ocrx_word' id='word_1_907' title='bbox 2471 5401 2780 5467; x_wconf 86' lang='lat' dir='ltr'><strong>prudentia,</strong></span> <span class='ocrx_word' id='word_1_908' title='bbox 2829 5405 2921 5473; x_wconf 89' lang='lat' dir='ltr'><strong>qui</strong></span> <span class='ocrx_word' id='word_1_909' title='bbox 2948 5404 3151 5463; x_wconf 90' lang='lat' dir='ltr'><strong>idcirco</strong></span> <span class='ocrx_word' id='word_1_910' title='bbox 3182 5407 3467 5481; x_wconf 77' lang='lat' dir='ltr'><strong>fugitivum</strong></span> 
     </span>
    </p>
   </div>
   <div class='ocr_carea' id='block_1_116' title="bbox 1888 5489 3469 5566">
    <p class='ocr_par' dir='ltr' id='par_1_116' title="bbox 1888 5489 3469 5566">
     <span class='ocr_line' id='line_1_117' title="bbox 1888 5489 3469 5566; baseline 0.014 -26"><span class='ocrx_word' id='word_1_911' title='bbox 1888 5499 2102 5543; x_wconf 82' lang='lat' dir='ltr'><strong>servum</strong></span> <span class='ocrx_word' id='word_1_912' title='bbox 2137 5489 2363 5544; x_wconf 85' lang='lat' dir='ltr'><strong>remittit</strong></span> <span class='ocrx_word' id='word_1_913' title='bbox 2402 5491 2469 5544; x_wconf 88' lang='lat' dir='ltr'><strong>ad</strong></span> <span class='ocrx_word' id='word_1_914' title='bbox 2494 5491 2794 5558; x_wconf 87' lang='lat' dir='ltr'><strong>dominum,</strong></span> <span class='ocrx_word' id='word_1_915' title='bbox 2843 5504 2903 5549; x_wconf 90' lang='lat' dir='ltr'><strong>ut</strong></span> <span class='ocrx_word' id='word_1_916' title='bbox 2930 5498 3102 5566; x_wconf 81' lang='lat' dir='ltr'><strong>possit</strong></span> <span class='ocrx_word' id='word_1_917' title='bbox 3127 5501 3344 5560; x_wconf 81' lang='lat' dir='ltr'><strong>domino</strong></span> <span class='ocrx_word' id='word_1_918' title='bbox 3370 5522 3469 5562; x_wconf 91' lang='lat' dir='ltr'><strong>suo</strong></span> 
     </span>
    </p>
   </div>
   <div class='ocr_carea' id='block_1_117' title="bbox 1885 5579 3467 5654">
    <p class='ocr_par' dir='ltr' id='par_1_117' title="bbox 1885 5579 3467 5654">
     <span class='ocr_line' id='line_1_118' title="bbox 1885 5579 3467 5654; baseline 0.012 -21"><span class='ocrx_word' id='word_1_919' title='bbox 1885 5579 2165 5649; x_wconf 85' lang='lat' dir='ltr'><strong>prodesse,</strong></span> <span class='ocrx_word' id='word_1_920' title='bbox 2196 5582 2285 5650; x_wconf 85' lang='lat' dir='ltr'><strong>qui</strong></span> <span class='ocrx_word' id='word_1_921' title='bbox 2316 5581 2575 5651; x_wconf 87' lang='lat' dir='ltr'><strong>prodesse</strong></span> <span class='ocrx_word' id='word_1_922' title='bbox 2600 5600 2706 5639; x_wconf 88' lang='lat' dir='ltr'><strong>non</strong></span> <span class='ocrx_word' id='word_1_923' title='bbox 2738 5594 2949 5654; x_wconf 88' lang='lat' dir='ltr'><strong>poterat</strong></span> <span class='ocrx_word' id='word_1_924' title='bbox 2977 5588 3023 5643; x_wconf 90' lang='lat' dir='ltr'><strong>si</strong></span> <span class='ocrx_word' id='word_1_925' title='bbox 3064 5590 3283 5648; x_wconf 84' lang='lat' dir='ltr'><strong>domino</strong></span> <span class='ocrx_word' id='word_1_926' title='bbox 3323 5603 3467 5653; x_wconf 85' lang='lat' dir='ltr'><strong>tene-</strong></span> 
     </span>
    </p>
   </div>
   <div class='ocr_carea' id='block_1_118' title="bbox 1889 5670 2302 5728">
    <p class='ocr_par' dir='ltr' id='par_1_118' title="bbox 1889 5670 2302 5728">
     <span class='ocr_line' id='line_1_119' title="bbox 1889 5670 2302 5728; baseline 0.005 -3"><span class='ocrx_word' id='word_1_927' title='bbox 1889 5681 2039 5727; x_wconf 89' lang='lat' dir='ltr'><strong>retur</strong></span> <span class='ocrx_word' id='word_1_928' title='bbox 2057 5670 2302 5728; x_wconf 86' lang='lat' dir='ltr'><strong>absente.</strong></span> 
     </span>
    </p>
   </div>
   <div class='ocr_carea' id='block_1_119' title="bbox 1959 5763 3465 5837">
    <p class='ocr_par' dir='ltr' id='par_1_119' title="bbox 1959 5763 3465 5837">
     <span class='ocr_line' id='line_1_120' title="bbox 1959 5763 3465 5837; baseline 0.007 -17"><span class='ocrx_word' id='word_1_929' title='bbox 1959 5763 2147 5835; x_wconf 82' lang='lat' dir='ltr'><strong>(Vcrs.</strong></span> <span class='ocrx_word' id='word_1_930' title='bbox 2176 5763 2235 5819; x_wconf 85' lang='lat' dir='ltr'><strong>l5</strong></span> <span class='ocrx_word' id='word_1_931' title='bbox 2253 5764 2299 5837; x_wconf 92' lang='lat'><strong>.)</strong></span> <span class='ocrx_word' id='word_1_932' title='bbox 2320 5763 2566 5822; x_wconf 80' lang='lat' dir='ltr'><strong>Forsitan</strong></span> <span class='ocrx_word' id='word_1_933' title='bbox 2592 5766 2707 5822; x_wconf 83' lang='lat' dir='ltr'><strong>ideo</strong></span> <span class='ocrx_word' id='word_1_934' title='bbox 2743 5768 2994 5827; x_wconf 81' lang='lat' dir='ltr'><strong>discessit.</strong></span> <span class='ocrx_word' id='word_1_935' title='bbox 3016 5771 3245 5831; x_wconf 71' lang='lat' dir='ltr'><strong>Pulrhrc</strong></span> <span class='ocrx_word' id='word_1_936' title='bbox 3286 5783 3465 5832; x_wconf 66' lang='lat' dir='ltr'><strong>auttm</strong></span> 
     </span>
    </p>
   </div>
  </div>
