3922 6180
208 283 307 337 9H

1535 273 1785 332 sumus
1823 232 2193 334 cunomci.

3369 279 3504 333 918-!

210 397 360 452 mino
387 399 447 447 ut
488 390 542 446 ιιι
592 397 704 446 toto
743 388 879 445 orbe
937 403 1075 445 nova
1123 386 1438 459 praedicatio
1489 387 1809 443 dissemina-
1839 392 1889 452 Α
1917 407 2060 455 rum,
2094 405 2215 446 eum
2261 391 2328 445 ad
2349 390 2718 446 Philemonem
2741 391 3041 461 Epistulam
3061 393 3339 456 scriberet,
3358 394 3498 449 hiar-

215 496 390 540 retur.

284 571 482 643 (Vers.
514 569 604 634 2'5,
636 567 763 641 24.)
801 567 1008 623 Salutat
1057 576 1105 622 te
1143 567 1421 638 Epaphras
1472 569 1810 640 concaptiuus

212 677 360 717 meus
391 659 444 713 in
474 657 681 712 Christo
720 656 870 722 Iesu,
895 657 1129 723 Marcus,
1152 657 1508 722 Aristarchus,
1528 656 1807 723 Demas,ct

213 751 407 815 Lucas,
432 749 705 820 adjutores
726 749 848 803 mei.
871 747 927 802 id
951 749 1091 818 quod
1115 748 1168 802 in
1189 747 1455 817 principio
1475 748 1804 814 dicebamus,

215 842 474 914 quoniam
504 840 574 896 ad
603 839 950 894 Colossenses
989 839 1284 909 Epistolam
1317 839 1506 894 eodem
1539 846 1806 910 tempore,

213 943 269 991 et
292 949 390 1006 per
409 932 660 988 eumdem
675 946 795 986 esse
819 931 1072 1002 scriptam
1098 931 1334 1001 bajulum
1361 931 1685 999 litterarum,
1701 949 1808 1004 quo

216 1028 285 1082 ad
305 1025 680 1081 Philemonem
703 1038 916 1093 quoque
937 1024 1141 1094 scripta
1160 1032 1266 1090 est,
1293 1025 1458 1080 etiam
1491 1040 1680 1080 eorum
1716 1025 1808 1096 qui

215 1118 539 1180 salutsntur,
579 1116 799 1170 nomina
837 1115 1218 1171 docentznam
1255 1117 1385 1171 etin
1427 1117 1542 1187 ipsa
1585 1118 1658 1172 ita
1699 1117 1812 1173 fere

214 1208 478 1266 scribitur
502 1225 516 1262 :
545 1205 760 1262 Salutat
777 1222 863 1261 vos
887 1207 1225 1262 Aristarchus
1270 1209 1600 1279 concaptivus
1641 1225 1810 1275 meus,

215 1314 269 1360 et
292 1301 509 1356 Marcus
532 1300 872 1356 consobrinus
893 1299 1177 1366 Barnabte,
1201 1310 1250 1354 et
1289 1299 1567 1371 Epaphras
1607 1301 1697 1371 qui
1735 1312 1810 1355 est

215 1411 287 1449 ea:
305 1392 449 1447 vobis
468 1408 648 1446 servus
673 1388 888 1446 Christi.
910 1391 978 1446 Et
996 1391 1156 1462 paulo
1193 1389 1422 1446 inferius
1445 1409 1459 1445 :
1486 1389 1692 1447 Salutat
1723 1410 1812 1447 vos

215 1485 396 1541 Lucas
415 1482 649 1537 medicus
665 1481 1026 1547 charissimus,
1043 1490 1089 1536 et
1105 1481 1318 1536 Demos.
1335 1479 1404 1534 Et
1425 1480 1578 1534 dicite
1592 1480 1815 1552 Archip-

215 1592 328 1648 po:
363 1572 493 1628 Vide
535 1572 887 1627 ministerium
925 1570 1065 1643 quod
1108 1570 1349 1640 accepisti
1385 1569 1442 1624 in
1466 1569 1711 1635 Domino,
1757 1579 1813 1624 ut

219 1663 360 1718 illud
384 1659 622 1732 impleas.
645 1660 716 1715 Et
739 1676 989 1714 memores
1015 1669 1175 1714 estote
1196 1657 1522 1714 vinculorum
1555 1675 1810 1712 meorum.

1906 494 2027 534 cum
2050 479 2218 547 ponit,
2241 493 2399 548 quem
2423 486 2552 548 puto
2572 478 2845 548 Evangelii
2871 479 3223 549 scriptorem;
3276 490 3330 536 et
3367 482 3463 538 Ari
3478 512 3497 525 -

1908 569 2204 633 starchum,
2221 567 2373 636 cujus
2387 584 2546 638 supra
2561 567 2786 623 fecimus
2799 570 3126 624 mentionem
3145 587 3159 635 ;
3180 580 3233 624 et
3247 572 3467 627 Damam
3481 613 3497 638 ,

1908 659 1975 714 de
1996 675 2102 729 quo
2143 659 2198 714 iu
2238 659 2345 714 alio
2385 659 2503 714 loco
2544 659 2708 715 dicit:
2735 661 2931 716 Demas
2972 677 3060 717 me
3097 661 3421 731 dereliquit;
3446 672 3510 717 et

1909 748 2110 804 Lucam
2132 749 2417 812 medicum,
2446 749 2538 818 qui
2559 749 2906 821 Evangelium
2943 759 2998 806 et
3035 751 3201 806 Actus
3240 752 3506 821 apostolo-

1910 856 2029 894 rum
2053 840 2306 896 Ecclesiis
2325 841 2611 896 scribendo
2636 842 2870 897 tradidit.
2897 841 3178 909 Quomodo
3200 843 3343 898 enim
3364 858 3503 912 apo-

1910 930 2033 986 stoli
2055 945 2084 984 e
2105 931 2461 1000 piscatoribus
2482 933 2710 1002 piscium
2730 934 3025 1000 piscatores
3056 935 3335 989 hominum
3373 935 3502 989 facti
3532 962 3537 966 -

1911 1032 2058 1090 sunt,
2082 1025 2155 1078 ita
2176 1025 2267 1080 hic
2287 1024 2352 1080 de
2372 1025 2582 1079 medico
2602 1040 2890 1095 corporum
2915 1027 2968 1079 in
3003 1027 3273 1082 medicum
3310 1040 3504 1082 versus

1911 1125 1996 1172 est
2013 1117 2344 1181 animarum;
2372 1117 2438 1172 de
2457 1132 2564 1185 quo
2584 1116 2715 1171 etin
2758 1117 2862 1172 alio
2901 1117 3018 1172 loco
3058 1118 3190 1172 dicit
3213 1133 3227 1170 ε
3257 1117 3502 1172 Misimus

1912 1224 2030 1261 cum
2052 1207 2144 1261 illo
2166 1207 2406 1277 fratrem,
2423 1207 2574 1278 cujus
2598 1207 2716 1262 laus
2739 1218 2812 1262 est
2835 1209 2889 1262 in
2912 1207 3199 1279 Evangelia
3217 1225 3310 1279 per
3323 1224 3506 1264 omnes

1913 1295 2178 1352 Ecclesias
2196 1314 2215 1362 ;
2235 1297 2388 1366 cujus
2411 1298 2547 1353 liber
2565 1299 2994 1368 quotiescunque
3014 1298 3210 1368 legitur
3236 1298 3292 1352 in
3328 1296 3506 1354 ecclo-

1913 1389 2016 1454 sia,
2040 1389 2200 1444 toties
2218 1387 2334 1456 ejus
2354 1389 2621 1444 medicina
2642 1405 2748 1444 non
2772 1397 2968 1444 cessat.

1986 1479 2176 1551 (Vers.
2198 1479 2288 1534 25.
2306 1479 2326 1551 )
2344 1478 2530 1534 Gratia
2551 1479 2762 1535 Domini
2782 1480 2947 1533 nostri
2979 1479 3109 1533 Iesu
3149 1478 3346 1534 Christi
3387 1495 3510 1535 cum

1913 1568 2099 1637 spiritu
2121 1576 2311 1622 vestro.
2329 1567 2464 1623 Cum
2485 1567 2628 1622 enim
2651 1568 2706 1622 in
2731 1568 2927 1637 spiritu
2966 1569 3138 1638 gratia
3161 1568 3342 1624 divina
3390 1567 3512 1624 fue-

1915 1658 2009 1724 rit,
2045 1667 2216 1713 totum
2262 1659 2536 1714 hominem
2586 1659 2719 1714 facit
2776 1660 3096 1730 spiritalem,
3138 1667 3197 1713 ut
3231 1659 3510 1715 adhaereat

219 1754 285 1812 Si
303 1753 460 1808 aliter
477 1767 545 1807 ex
571 1766 636 1807 eo
656 1751 856 1821 aliquis
880 1767 986 1806 non
1011 1758 1165 1822 putat
1184 1749 1392 1820 pariter
1404 1751 1656 1820 scriptas,
1671 1749 1815 1819 quod
1839 1764 1902 1824 Β,
1918 1748 2145 1803 Domino
2171 1755 2351 1804 mente
2381 1756 2437 1803 et
2464 1762 2709 1818 corpore,
2748 1757 2805 1803 et
2847 1749 3133 1817 impleatur
3171 1748 3227 1802 in
3277 1762 3342 1803 eo
3362 1746 3510 1817 quod

219 1845 296 1900 ad
316 1843 667 1899 Colossenses
686 1857 860 1912 pauca
883 1842 993 1898 sint
1013 1844 1231 1900 nomina
1250 1857 1373 1912 qua:
1394 1841 1482 1896 hic
1505 1857 1611 1897 non
1633 1840 1817 1897 feran-

219 1945 320 1990 tur
339 1933 596 2003 ascripta,
624 1933 761 1988 sciat
787 1948 892 1987 non
927 1948 1118 1990 omnes
1154 1931 1406 1989 omnibus
1459 1938 1553 1985 aut
1603 1931 1810 1985 amicos

221 2040 348 2082 esse
369 2033 462 2080 aut
486 2032 681 2091 notos;
702 2033 757 2079 et
778 2025 936 2079 aliter
955 2025 1223 2095 privatam
1245 2024 1312 2079 ad
1338 2039 1502 2078 unum
1519 2023 1816 2086 hominem,

223 2115 384 2171 aliter
421 2113 696 2186 publicam
741 2114 809 2168 ad
851 2114 1161 2169 universam
1199 2112 1495 2168 Ecclesiam
1534 2111 1820 2182 epistolam

226 2203 367 2259 ﬁeri.
393 2203 495 2270 Qui
515 2203 588 2258 sit
608 2210 788 2256 autem
822 2201 1104 2272 Epaphras
1141 2203 1495 2270 coneaptivus
1534 2201 1710 2265 Pauli,
1753 2215 1822 2256 ex

226 2310 294 2350 eo
316 2295 461 2364 quod
476 2295 567 2349 hic
589 2293 830 2348 additum
850 2301 973 2359 -est,
1014 2294 1071 2347 in
1106 2293 1312 2348 Christo
1345 2292 1495 2358 Iesu,
1537 2307 1824 2362 possumus

231 2383 524 2452 suspicari,
546 2383 736 2437 eadem
760 2397 885 2436 eum
904 2381 1090 2436 Romae
1113 2398 1211 2452 pro
1239 2381 1454 2437 Christo
1474 2382 1686 2436 vincula
1709 2397 1827 2436 sus—

233 2478 459 2533 tinuisse
481 2492 601 2547 quae
625 2476 880 2542 Paulum;
905 2486 961 2530 et
982 2477 1220 2531 vinctum
1252 2475 1479 2540 Christi,
1519 2474 1592 2528 ita
1632 2489 1827 2529 conca-

233 2568 441 2637 ptivum
463 2582 678 2637 quoque
699 2568 816 2638 ejus
837 2568 1077 2638 potuisse
1096 2567 1221 2623 dici.
1245 2567 1354 2621 Aut
1382 2574 1532 2622 certe
1570 2565 1647 2620 ita
1685 2565 1828 2635 quod

233 2657 431 2714 nobilis
449 2667 505 2713 et
522 2659 636 2730 ipse
658 2661 729 2715 sit
749 2660 802 2715 in
825 2659 1100 2730 apostolis,
1122 2668 1182 2714 ut
1197 2659 1536 2714 Andronicus
1555 2667 1607 2713 et
1629 2656 1784 2712 Iunia
1809 2675 1823 2723 ;

235 2749 304 2803 de
324 2749 520 2818 quibus
541 2750 798 2804 scribitur
831 2751 898 2804 ad
935 2751 1248 2805 Romanos:
1275 2747 1516 2804 Salutate
1556 2748 1826 2802 Androni-

238 2855 361 2894 cum
377 2848 425 2894 et
450 2838 671 2894 Iuniam
691 2850 940 2911 cognatos
963 2850 1011 2895 et
1038 2841 1367 2911 concaptivos
1400 2857 1558 2903 meos,
1594 2839 1685 2909 qui
1705 2847 1828 2894 sunt

234 2929 434 2986 nobiles
456 2933 513 2985 in
533 2931 804 3002 apostolis,
826 2933 918 3004 qui
939 2943 985 2987 et
1008 2941 1127 2987 ante
1147 2950 1228 2988 me
1259 2933 1470 3003 fuerunt
1503 2933 1558 2987 in
1598 2930 1826 2988 Christo.

236 3019 367 3077 Haec
389 3023 456 3078 de
475 3023 746 3094 Epaphra.

309 3109 578 3168 Caeterum
599 3123 978 3184 cooperatores
998 3115 1274 3187 Evangelii
1292 3124 1345 3172 et
1360 3115 1694 3172 vinculorum
1711 3132 1835 3172 suo-
1861 3109 1910 3171 C

1919 1838 2180 1908 scriptum
2202 1845 2320 1893 est:
2346 1837 2450 1904 Qui
2476 1839 2708 1894 adhwret
2729 1838 2974 1903 Domino,
3012 1855 3148 1893 unus
3179 1838 3392 1909 spiritus
3409 1847 3509 1894 est.

1917 1929 2342 2000 lnterpretantur
2363 1937 2544 1984 autem
2568 1930 2861 1985 secundum
2885 1929 3163 1996 Hebraeos,
3184 1930 3402 1996 Paulus,
3419 1929 3516 1986 ad-

1921 2021 2218 2086 mirabilis;
2242 2021 2576 2086 Timotheus,
2597 2021 2871 2076 benelicus
2891 2037 2904 2085 ;
2928 2020 3225 2086 Philemon,
3261 2021 3398 2076 mire
3419 2020 3516 2075 do-

1921 2121 2100 2178 natus,
2125 2112 2238 2167 sive
2259 2127 2321 2167 os
2338 2113 2512 2182 panis,
2534 2112 2602 2166 ab
2638 2126 2734 2165 ore
2765 2127 2872 2166 non
2905 2111 2974 2166 ab
2993 2127 3145 2178 osse;
3169 2111 3363 2180 Appia,
3385 2125 3516 2167 con-

1923 2203 2101 2258 tinens
2113 2210 2206 2257 aut
2218 2202 2442 2260 libertas
2459 2219 2472 2269 ;
2495 2202 2821 2271 Archippus,
2854 2202 3130 2274 longitudo
3144 2207 3352 2272 operis;
3375 2201 3521 2259 One-

1924 2295 2117 2361 simus,
2141 2296 2504 2365 respondens;
2527 2294 2830 2364 Epaphras,
2853 2293 3078 2364 frugifer
3095 2302 3144 2349 et
3181 2294 3372 2350 videns
3401 2293 3519 2349 sive

1926 2401 2309 2452 succreseens;
2351 2387 2584 2452 Marcus,
2621 2386 2854 2442 sublime
2889 2387 3237 2452 mandatum;
3274 2386 3520 2442 Aristar-

1926 2476 2082 2540 chus,
2105 2489 2261 2529 mons
2282 2475 2496 2544 operis;
2520 2474 2734 2538 Demas,
2761 2474 2959 2540 silens;
2999 2473 3193 2539 Lucas,
3240 2475 3354 2543 ipse
3393 2489 3522 2530 con-

1928 2581 2173 2636 surgens.
2199 2564 2330 2632 Quae
2348 2566 2568 2620 nomina
2587 2565 2632 2620 si
2649 2563 2802 2634 juxta
2835 2563 3336 2634 interpretationem
3359 2578 3516 2619 suam

1927 2666 2256 2720 voluerimus
2279 2665 2599 2734 intelligere,
2621 2679 2728 2719 non
2750 2671 2834 2720 est
2867 2661 3080 2719 dimeile
3105 2681 3119 2717 :
3143 2664 3522 2720 admirabilem

1930 2765 2092 2826 atque
2111 2754 2410 2812 beneﬁcum
2430 2755 2696 2826 praecipue
2715 2757 2783 2812 ad
2797 2771 2921 2810 eum
2943 2758 3179 2813 scribere
3195 2759 3279 2812 cui
3307 2758 3527 2812 univer-

1931 2861 1990 2903 sa
2010 2862 2264 2903 concessa
2289 2856 2418 2903 sunt
2436 2848 2590 2914 vitia,
2609 2855 2666 2902 et
2685 2863 2748 2902 os
2768 2847 2886 2918 ejus
2919 2857 3103 2918 pateat
3149 2849 3215 2904 ad
3239 2848 3518 2914 coelestia;

1931 2939 2126 2994 deinde
2145 2940 2210 2995 ad
2245 2940 2611 2996 continentem
2650 2945 2706 2994 et
2743 2938 2969 2995 liberam
3011 2948 3065 2996 et
3104 2940 3548 3012 longitudinem.

1932 3031 2185 3102 Explicit.

1209 3372 1704 3458 CLAUDII
1778 3375 2588 3468 CHRONOLOGI

298 3523 509 3599 Quem
545 3526 1013 3590 'l‘aurinensem
1051 3526 1432 3606 episcOpum
1471 3546 1601 3590 non
1643 3536 1888 3594 temere
1940 3535 2346 3614 suspicamur
2369 3582 2385 3612 ,
2430 3538 2546 3619 qui
2593 3556 2763 3604 anno
2795 3559 3067 3602 occcxrv
3100 3544 3415 3606 scribebat
3441 3587 3480 3619 ,.

1505 3667 1790 3730 BREVIS
1833 3670 2267 3735 CHRONICA.

1073 3806 1237 3869 (Apud
1258 3804 1510 3857 Labbeum
1559 3805 1868 3860 Bibliotheca
1893 3823 2016 3861 nova
2042 3815 2495 3881 manuscriptorum,
2524 3830 2569 3879 p.
2592 3816 2746 3878 309.).

320 4025 458 4094 Quia
485 4024 647 4097 igitur
675 4021 884 4078 fautore
905 4020 1016 4076 Deo
1044 4035 1216 4077 annos
1249 4035 1280 4076 a
1308 4023 1616 4080 conditione
1645 4027 1830 4082 mundi

242 4132 379 4172 cum
424 4116 564 4172 serie
605 4102 975 4185 generationis
1016 4110 1172 4180 juxta
1201 4111 1522 4169 Hebraicam
1546 4117 1831 4174 veritatem

243 4207 461 4277 pariter
495 4205 779 4259 adnotatos
807 4201 916 4256 Deo
942 4197 1167 4269 juvante
1211 4217 1406 4273 magna
1453 4218 1519 4258 ex
1548 4213 1704 4274 parte
1744 4223 1836 4262 su-

243 4297 437 4368 perius
463 4293 576 4364 jam
612 4293 971 4358 ostendimus,
997 4306 1140 4348 nunc
1168 4293 1388 4348 eosdem
1417 4293 1595 4350 denuo
1620 4298 1834 4369 recapi-

246 4387 476 4442 tulando
505 4386 668 4441 latins
694 4399 1045 4454 exponemus.

324 4480 495 4550 Igitur
534 4478 876 4546 omnipotens
902 4473 1131 4531 Creator
1157 4491 1282 4531 cum
1317 4477 1628 4533 universum
1656 4480 1837 4550 perl'e-

248 4570 424 4626 cisset
453 4567 635 4622 mundi
665 4573 940 4630 ornatum,
981 4566 1144 4621 tertia
1176 4567 1263 4623 die
1288 4577 1411 4636 post
1435 4578 1686 4624 ornatum
1716 4572 1840 4627 caeli

247 4665 501 4722 condidit
542 4663 838 4717 hominem.
879 4660 982 4728 Qui
1019 4667 1248 4716 ornatus
1274 4661 1420 4728 caeli,
1455 4663 1506 4716 id
1549 4672 1636 4718 est
1671 4665 1750 4720 sol
1787 4673 1844 4721 et

248 4754 406 4818 luna,
455 4761 511 4808 et
541 4751 730 4817 stellm,
764 4750 976 4805 ratione
1010 4749 1247 4804 veridica
1280 4751 1336 4804 in
1369 4752 1693 4820 aequinoctio
1723 4770 1844 4810 ver-

249 4843 367 4898 nali
409 4843 756 4897 inveniuntur
782 4841 960 4912 primo
997 4853 1120 4895 esse
1154 4848 1351 4895 creata:
1386 4843 1528 4910 quod
1559 4845 1700 4912 apud
1743 4858 1844 4900 nos

251 4933 555 4990 secundum
603 4932 719 4987 dies
779 4931 986 4986 solares
1041 4945 1120 4984 xu
1173 4929 1294 4984 Kal.
1343 4929 1548 4999 Aprilis
1606 4933 1843 4990 solemus

251 5038 575 5093 nuncupare
601 5037 615 5076 :
639 5031 695 5078 et
719 5023 793 5077 ita
820 5021 1027 5077 ratione
1054 5021 1284 5077 deducta
1309 5037 1340 5075 χ
1362 5021 1481 5076 Kal.
1498 5021 1700 5093 Aprilis
1719 5024 1844 5078 luna

254 5116 494 5186 septima
547 5115 756 5170 decima
829 5113 1102 5168 invenitur
1154 5113 1520 5182 protoplastus
1565 5113 1736 5169 Adam
1777 5131 1846 5170 ex

256 5213 426 5259 terra:
471 5205 600 5259 limo
640 5218 760 5260 esse
808 5202 1074 5259 formatus
1117 5203 1323 5273 pariter
1367 5211 1532 5274 atque
1577 5205 1847 5262 animatus

258 5295 559 5350 secundum
603 5297 745 5350 hanc
789 5303 1030 5350 nostram
1070 5297 1527 5364 supputationem.
1564 5296 1848 5353 Secundus

258 5382 438 5439 Adam
456 5384 706 5442 Christus
728 5385 825 5440 Dei
848 5385 1034 5448 Filius,
1051 5384 1194 5439 Deus
1217 5388 1425 5454 pariter
1439 5389 1689 5453 ethomo,
1708 5389 1850 5446 Deus

261 5481 396 5529 ante
425 5476 638 5542 saecula,
660 5478 822 5532 homo
860 5476 913 5530 in
946 5476 1052 5530 line
1077 5476 1420 5544 saeculorum,
1451 5478 1594 5534 Deus
1621 5480 1686 5534 de
1713 5481 1848 5547 Deo,

265 5566 435 5621 homo
458 5569 524 5623 de
547 5571 788 5635 homine,
812 5569 952 5624 Deus
974 5568 1040 5624 de
1057 5567 1218 5622 Patre
1243 5569 1358 5624 sine
1389 5567 1545 5625 initio
1571 5581 1626 5627 et
1652 5583 1846 5641 matre,

264 5656 435 5715 homo
489 5677 518 5714 a
569 5670 716 5717 certo
767 5661 920 5716 initio
969 5660 1034 5716 de
1081 5667 1254 5714 matre
1297 5661 1414 5716 sine
1454 5662 1670 5718 homine
1698 5674 1850 5736 patre

1937 4029 2129 4086 eodem
2158 4038 2420 4102 tempore,
2452 4032 2547 4088 sed
2587 4047 2694 4088 non
2724 4033 2911 4089 eadem
2963 4034 3116 4103 feria,
3148 4037 3200 4095 id
3230 4047 3314 4095 est
3339 4056 3372 4096 x
3402 4041 3523 4100 Kal.

1937 4122 2142 4192 Aprilis
2178 4123 2451 4178 invenitur
2487 4125 2852 4180 rosuri-exisse
2888 4142 2916 4181 a
2948 4129 3196 4186 mortuis.

2014 4210 2073 4267 Si
2105 4213 2232 4283 quis
2259 4212 2398 4268 forte
2436 4213 2614 4268 minus
2645 4212 3050 4286 Scripturarum
3079 4219 3382 4277 divinarum
3413 4231 3530 4279 stu-

1942 4300 2044 4356 diis
2078 4303 2321 4358 eruditus
2363 4303 2429 4359 de
2462 4303 2566 4359 hoc
2594 4319 2759 4375 opere
2797 4307 3046 4364 dubitare
3086 4315 3396 4381 tentavcrit,
3437 4330 3526 4372 re-

1865 4371 2070 4447 Ddeat
2113 4393 2183 4448 ad
2225 4393 2437 4449 divinos
2498 4371 2795 4450 secundum
2855 4396 3180 4455 ilebraicam
3241 4371 3526 4461 veritatem

1942 4481 2178 4552 scriptos
2224 4481 2414 4549 libros,
2454 4491 2511 4538 et
2547 4485 2808 4553 quidquid
2855 4486 3052 4541 ibidem
3104 4490 3391 4557 invenerit,
3435 4509 3532 4549 eos
3603 4472 3615 4482 ’

1943 4580 2127 4628 teneat
2167 4581 2222 4627 et
2263 4574 2473 4640 credat,
2512 4589 2709 4643 meque
2745 4575 3006 4632 damnare
3051 4579 3295 4637 desistat.
3344 4583 3531 4656 Neque

1942 4661 2086 4715 enim
2122 4662 2447 4722 Christianis
2496 4661 2580 4718 fas
2620 4673 2706 4719 est
2753 4665 2918 4721 talem
2961 4667 3095 4725 dare
3144 4674 3526 4732 auctoritatem

1943 4753 2221 4806 hominum
2276 4754 2586 4822 chronicis,
2639 4756 2814 4826 qualis
2861 4758 3038 4814 danda
3089 4770 3173 4815 est
3221 4763 3326 4818 illis
3377 4766 3531 4824 libris

1943 4843 2036 4911 qui
2066 4843 2300 4912 Spiritus
2345 4848 2518 4902 sancti
2565 4859 2693 4902 sunt
2737 4851 3062 4907 auctoritate
3100 4870 3199 4924 per
3235 4859 3530 4927 prophetas

1945 4935 2151 5005 scripti.
2191 4936 2258 4990 Et
2284 4937 2330 4990 si
2357 4935 2512 5006 cujus
2541 4937 2682 4994 forte
2718 4939 2772 4994 in
2803 4942 2905 4998 hac
2941 4958 2998 4996 re
3036 4943 3308 5001 obstinata
3335 4949 3534 5005 mentis

1946 5028 2202 5098 perdth
2249 5028 2511 5096 intentio,
2577 5041 2666 5086 eat
2703 5031 2769 5087 ad
2799 5031 3014 5089 Indicos
3053 5037 3308 5096 Ecclesia:
3350 5040 3533 5096 inimi-

1947 5133 2074 5186 cos,
2105 5128 2160 5175 et
2199 5120 2250 5174 in
2290 5135 2480 5176 eorum
2510 5119 2792 5178 codicibus
2831 5125 3055 5181 Hebraea
3094 5127 3277 5199 lingua
3311 5131 3533 5201 scriptis

1948 5223 2212 5266 annorum
2243 5225 2508 5266 summam
2537 5214 2800 5282 requirat,
2840 5224 2895 5269 et
2923 5217 3185 5286 quidquid
3220 5220 3418 5275 ibidem
3449 5223 3531 5276 in-

1948 5300 2176 5364 venerit,
2207 5301 2310 5356 hoc
2356 5301 2544 5356 credat
2581 5309 2636 5356 et
2679 5311 2876 5368 teneat,
2925 5306 3070 5374 quia,
3122 5317 3178 5361 ut
3228 5310 3302 5364 ait
3337 5312 3529 5368 beatus

1948 5387 2282 5458 Augustinus
2326 5390 2382 5444 in
2431 5391 2570 5445 libro
2607 5393 2674 5447 de
2711 5393 2940 5449 Civitate
2972 5397 3064 5452 Dei
3117 5417 3204 5464 xv,
3238 5403 3285 5456 ei
3329 5405 3526 5474 lingua:

1948 5477 2130 5547 potius
2173 5479 2426 5532 credatur
2466 5480 2608 5534 unde
2649 5490 2729 5536 est
2778 5483 2830 5536 in
2873 5484 3029 5539 aliam
3076 5504 3172 5559 per
3208 5492 3529 5564 interpretes

1955 5570 2094 5625 facta
2131 5568 2431 5624 translatio.

2024 5663 2194 5718 Adam
2229 5677 2256 5716 a
2290 5660 2375 5717 die
2406 5661 2728 5720 conditionis
2754 5681 2862 5722 sum
2889 5683 3029 5727 anno
3053 5673 3151 5730 150
3173 5679 3356 5744 genuit
3375 5678 3524 5734 Seth.
