3922 6180
369 263 473 322 [H9

1439 249 1720 309 CLAUDII
1760 246 1845 302 TA
1857 236 2224 302 URINENSIS
2263 242 2573 303 EPISCOPI

3531 242 3648 301 920

436 375 570 432 Seth
617 387 740 428 cum
785 377 931 426 esset
975 381 1244 423 annorum
1301 364 1426 430 105,
1481 340 1667 434 genuit
1705 360 1870 422 Enos,
1901 364 1957 410 et
1982 359 2034 418 A
2058 366 2113 414 et
2143 366 2368 428 quartus
2405 356 2688 427 epactalis,
2718 372 2834 411 χιιι
2868 354 3086 411 fuerunt
3124 356 3178 411 in
3205 355 3434 427 Epacta,
3463 365 3519 412 et
3545 355 3653 413 fuit

369 464 574 535 impleti
601 471 726 518 sunt
755 460 870 515 dies
895 458 1021 512 vitae
1052 456 1225 511 Adam
1263 457 1318 511 in
1342 455 1626 510 nativitate
1654 451 1800 505 Enos
1825 448 1951 503 255.

440 555 585 609 Enos
613 565 756 607 anno
793 549 916 604 vitae
951 562 1063 603 sua:
1088 546 1159 602 90
1192 546 1380 617 genuit
1402 544 1630 609 Cainan,
1662 551 1717 597 et
1753 539 1955 612 impleti

370 656 497 705 sunt
524 647 643 702 dies
664 646 792 700 vitae
816 644 989 698 Adam
1021 643 1076 697 in
1105 641 1389 696 nativitate
1414 639 1620 695 Cainan
1650 636 1775 692 525.

438 735 644 792 Cainan
672 749 815 790 anno
840 734 967 789 vita:
992 747 1103 788 suae
1129 731 1197 786 70
1225 730 1413 802 genuit
1438 726 1740 792 Malalehel,
1771 733 1827 781 et
1853 727 1955 780 im-

2058 466 2133 505 vu
2165 449 2292 504 ldus
2324 448 2501 503 Martii
2539 449 2742 504 mensis
2766 447 3084 512 Neomenia,
3114 448 3165 502 id
3202 456 3288 503 est
3327 464 3481 504 novae
3505 448 3653 505 luna

2063 540 2412 612 principium.
2458 540 2526 594 Et
2566 540 2684 595 haec
2722 536 2825 593 fuit
2865 539 3163 593 secundum
3195 538 3450 595 Hebraeos
3487 542 3650 612 primi

2066 636 2271 691 mensis
2299 635 2534 698 initium,
2563 643 2618 688 et
2647 633 2773 688 anni
2803 632 3149 703 principium.

2133 725 2298 781 Juxta
2342 728 2485 781 hanc
2528 733 2771 780 nostram
2820 723 3277 794 supputationem,
3305 738 3427 792 quae
3457 723 3517 778 lit
3556 738 3658 794 per

368 829 504 901 pleti
544 837 685 915 sunt
729 829 845 884 dies
880 826 1007 882 vitae
1046 825 1216 880 Adam
1266 826 1321 878 in
1364 822 1649 878 nativitate
1679 820 1959 878 Malalehel
2060 820 2176 876 dies
2209 819 2441 883 solares,
2474 818 2653 873 exisse
2685 815 3033 871 inveniuntur
3060 816 3125 871 de
3153 831 3283 871 arca
3316 814 3451 881 Noe,
3478 824 3535 871 et
3558 816 3657 871 lilii

369 923 723 1071 59fialalebel
752 1028 894 1069 anno
918 1013 1042 1067 vita:
1075 1027 1188 1068 suae
1211 1011 1282 1066 60
1309 1009 1495 1081 genuit
1521 1007 1729 1070 .Iareth,
1758 1013 1816 1061 et
1862 1006 1961 1061 im-

370 1107 499 1178 pleti
529 1114 656 1161 sunt
696 1105 821 1159 anni
870 1104 996 1158 vita:
1020 1102 1190 1157 Adam
1222 1102 1275 1156 in
1302 1100 1593 1155 nativitate
1620 1096 1806 1154 Jarcth
1832 1098 1957 1153 460.

2062 913 2179 983 ejus
2218 912 2409 982 quinto
2446 909 2632 964 Nonas
2677 907 2883 963 mensis
2914 903 3059 972 Maii,
3103 906 3230 960 luna
3255 906 3519 977 vigesima
3568 921 3660 961 se-

2060 1005 2251 1076 ptima,
2303 1002 2629 1070 stetisseque
2672 998 3027 1054 inveniuntur
3069 998 3125 1051 in
3172 1011 3301 1051 arca
3340 994 3497 1065 juxta
3540 997 3663 1053 dies

2063 1095 2267 1152 salares
2297 1108 2499 1149 annum
2531 1085 2832 1160 integrum,
2862 1089 2955 1159 qui
2998 1087 3131 1144 facit
3153 1088 3269 1143 dies
3293 1087 3398 1143 565
3425 1099 3481 1143 et
3517 1102 3657 1156 qua-

443 1195 631 1251 Jareth
668 1208 812 1248 anno
840 1194 963 1248 vitm
991 1208 1105 1247 sua:
1131 1191 1204 1246 62
1229 1190 1414 1261 genuit
1438 1190 1646 1255 Enoch,
1669 1198 1727 1244 et
1757 1188 1961 1258 impleti
2064 1188 2164 1243 dra
2198 1201 2326 1251 una,
2367 1184 2420 1240 id
2448 1194 2533 1239 est
2560 1185 2726 1238 horas
2757 1196 2875 1248 sex,
2910 1188 2967 1236 et
3003 1170 3370 1236 hebdomadas
3399 1189 3663 1251 quatuor,

372 1295 501 1344 sunt
526 1287 653 1342 anni
678 1286 805 1341 vitae
827 1284 1003 1340 Adam
1041 1284 1095 1338 in
1131 1283 1414 1338 nativitate
1439 1282 1626 1337 Enoch
1657 1280 1782 1336 622.

441 1379 629 1435 Enoch
673 1393 816 1433 anno
851 1377 978 1432 vitm
1023 1390 1135 1431 suae
1162 1374 1231 1430 65
1277 1373 1461 1444 genuit
1496 1372 1877 1433 Mathusalem,
1909 1377 1964 1424 et

2066 1277 2119 1333 id
2139 1284 2224 1331 est
2252 1273 2369 1330 dies
2396 1274 2498 1340 28;
2532 1280 2726 1344 quater
2762 1271 2905 1327 enim
2947 1280 3154 1340 septem
3186 1268 3323 1324 ﬁunt
3348 1269 3440 1325 28.

2140 1368 2268 1424 Sem
2299 1383 2423 1423 cum
2454 1373 2616 1422 esset
2646 1372 2871 1421 centum
2892 1379 3178 1429 annorum,
3207 1363 3393 1435 genuit
3420 1361 3667 1418 Artaxad

373 1468 581 1540 impleti
608 1475 735 1523 sunt
772 1467 899 1521 anni
922 1466 1048 1521 vita:
1073 1466 1243 1521 Adam
1288 1466 1346 1520 in
1377 1465 1659 1520 nativitate
1690 1463 1965 1527 Mathusa-
2066 1461 2291 1519 biennio
2339 1464 2465 1530 post
2507 1456 2789 1524 diluvium,
2826 1456 2955 1529 quia
2985 1454 3053 1512 98
3084 1471 3229 1512 anno
3272 1455 3401 1510 vitae
3429 1470 3542 1511 suae
3566 1470 3666 1510 ve-

371 1558 479 1613 lem
516 1558 643 1621 687,
670 1556 1073 1625 ambulavitque
1096 1556 1280 1611 Enoch
1310 1569 1496 1610 coram
1521 1555 1633 1609 Deo
1673 1561 1961 1624 postquam

375 1648 565 1719 genuit
602 1644 957 1700 Mathusalem
987 1644 1146 1700 annis
1171 1643 1298 1707 500,
1325 1651 1381 1697 et
1405 1658 1512 1698 non
1560 1641 1811 1712 apparuit
1837 1640 1965 1710 quia

375 1737 498 1792 tulit
535 1751 659 1791 eum
690 1736 835 1791 Deus
869 1750 1012 1790 anno
1040 1732 1106 1788 57
1154 1742 1278 1804 post
1306 1742 1537 1789 mortem
1562 1731 1711 1788 Adm.

450 1826 805 1883 Mathusalem
860 1840 1004 1880 anno
1044 1825 1111 1880 87
1158 1824 1344 1896 genuit
1362 1823 1619 1888 Lamech,
1665 1831 1721 1878 et
1759 1821 1969 1893 impleti

376 1929 503 1975 sunt
542 1917 685 1972 anni
738 1932 770 1971 a
819 1914 1130 1970 conditione
1178 1914 1365 1969 mundi
1411 1914 1467 1967 in
1514 1919 1703 1968 natum
1731 1911 1969 1967 Lamech

376 2010 483 2066 874
525 2016 580 2064 et
625 2007 761 2062 vixit
797 2006 989 2070 Adam,
1022 2012 1312 2076 postquam
1364 2011 1522 2058 natus
1571 2011 1657 2057 est
1712 2000 1966 2068 Lamech,

386 2102 545 2158 annis
570 2099 661 2156 56.

459 2192 693 2247 Lameeh
721 2189 1019 2246 anno’vitze
1054 2204 1165 2243 suae
1193 2186 1296 2243 182
1324 2186 1512 2256 genuit
1538 2185 1669 2250 Noe,
1699 2199 1843 2240 anno
1868 2184 1971 2238 125

379 2293 509 2356 post
535 2290 763 2337 mortem
787 2279 938 2344 Adae,
964 2286 1017 2333 et
1046 2277 1250 2347 impleti
1289 2284 1415 2331 sunt
1435 2276 1564 2331 anni
1604 2290 1637 2329 a
1662 2273 1971 2331 conditione

381 2372 566 2429 mundi
604 2371 659 2424 in
689 2368 1031 2425 nativitatem
1062 2365 1174 2420 Noe
1202 2363 1362 2419 1065.

455 2462 564 2518 Noe
599 2476 744 2517 anno
778 2459 905 2515 vitae
952 2471 1062 2513 suae
1117 2455 1225 2511 500
1263 2455 1449 2526 genuit
1495 2462 1606 2509 tres
1645 2453 1784 2509 ﬁlios
1819 2452 1969 2519 Seni,

380 2552 549 2608 Citam
581 2560 636 2606 et
661 2548 879 2620 Japhet,
914 2556 971 2603 et
997 2562 1141 2601 anno
1168 2551 1297 2602 vita:
1342 2545 1488 2599 illius
1524 2542 1630 2598 600
1656 2543 1803 2599 venit
1830 2542 1969 2598 dilu-

383 2646 529 2699 vium
559 2642 855 2698 secundum
880 2639 998 2694 dies
1036 2638 1276 2703 lunares,
1304 2651 1492 2692 mense
1515 2636 1711 2706 primo,
1742 2635 1969 2705 scptima

386 2735 599 2790 decima
645 2734 732 2788 die
774 2730 1012 2795 mensis;
1064 2728 1362 2784 secundum
1412 2727 1622 2783 soleres
1664 2742 1795 2782 vero
1832 2726 1967 2793 dies,

384 2823 639 2880 Kalendis
666 2821 891 2893 Aprilis,
936 2820 1067 2876 luna
1117 2819 1349 2890 septima
1377 2818 1621 2884 decima;
1672 2832 1835 2888 quem
1860 2815 1971 2872 He-

384 2914 537 2979 braei,
563 2913 658 2983 qui
688 2926 904 2967 menses
932 2926 1039 2966 non
1074 2926 1106 2964 a
1130 2908 1264 2976 sole,
1299 2908 1394 2965 sed
1423 2924 1455 2963 a
1482 2908 1604 2975 luna
1630 2915 1970 2979 computant,

384 3005 667 3074 septimum
709 3002 981 3058 decimum
1021 3002 1163 3060 diem
1223 3008 1553 3056 vocaverunt
1599 3000 1763 3070 primi
1820 3013 1973 3054 men-

2070 1551 2153 1607 nlt
2180 1548 2461 1605 diluvium.

2140 1640 2367 1696 Arfaxat
2394 1653 2538 1695 anno
2566 1639 2692 1694 vita:
2720 1652 2831 1694 sum
2875 1636 2944 1693 35
2976 1637 3163 1709 genuit
3193 1637 3351 1703 Sale;
3383 1638 3437 1692 in
3467 1636 3667 1694 nativi-

1995 1739 2044 1799 B
2074 1739 2185 1790 tate
2224 1731 2350 1787 Sale
2381 1729 2590 1802 impleti
2627 1739 2754 1787 sunt
2780 1730 2906 1786 anni
2936 1738 3063 1802 post
3095 1729 3355 1786 diluvium
3380 1729 3470 1786 57.

2144 1822 2270 1880 Sale
2321 1840 2465 1880 anno
2513 1816 2779 1879 vitm'snaa
2806 1821 2871 1877 31
2912 1821 3099 1895 genuit
3126 1819 3338 1886 Heber;
3377 1822 3429 1876 in
3458 1821 3664 1877 nativi-

2074 1927 2188 1973 tate
2217 1916 2396 1972 Heber
2424 1916 2631 1987 impleti
2661 1924 2787 1971 sunt
2812 1915 2938 1970 anni
2961 1922 3086 1984 post
3111 1913 3372 1969 diluvium
3400 1914 3490 1968 67.

2148 2006 2326 2062 Heber
2354 2021 2496 2061 anno
2523 2005 2651 2061 vitae
2696 2020 2807 2061 sum
2833 2004 2907 2060 54
2936 2004 3122 2076 genuit
3149 2002 3348 2074 Faleg;
3387 1998 3441 2059 in
3468 2003 3666 2059 nativi-

2073 2107 2197 2154 tate
2228 2096 2395 2169 Faleg
2445 2096 2698 2168 impletus
2726 2103 2811 2151 est
2850 2110 3027 2151 annus
3070 2105 3194 2166 post
3229 2095 3490 2151 diluvium
3540 2094 3667 2158 l0l,

2074 2191 2169 2263 qui
2205 2191 2308 2245 fuit
2336 2206 2510 2245 annus
2554 2189 2681 2244 vita:
2723 2188 2838 2245 Noe
2869 2187 3006 2253 70l;
3037 2194 3091 2243 et
3118 2190 3222 2243 hac
3263 2189 3474 2244 ratione
3500 2188 3666 2243 dedu-

2080 2294 2168 2340 cta
2196 2282 2399 2339 vixisse
2427 2282 2703 2339 invenitur
2736 2280 2851 2337 No‘e
2878 2287 3002 2350 post
3022 2279 3221 2335 factam
3246 2279 3557 2353 linguarum
3581 2281 3660 2335 di-

2073 2374 2336 2429 visionem
2375 2372 2532 2428 annis
2554 2371 2682 2428 249.

2144 2465 2310 2536 Faleg
2360 2464 2750 2534 interpretatur
2805 2461 3021 2527 divisio,
3061 2461 3148 2517 cui
3197 2471 3480 2533 propterea
3512 2471 3661 2531 pater

2074 2555 2182 2613 tale
2210 2570 2407 2612 nomen
2435 2553 2711 2624 imposuit,
2741 2553 2868 2625 quia
2897 2561 3138 2622 tempore
3164 2553 3464 2608 nativitatis
3493 2552 3660 2623 ipsius

2076 2658 2223 2705 terra
2273 2662 2373 2717 per
2424 2645 2732 2717 linguarum
2790 2642 3165 2699 confusionem
3215 2643 3387 2697 divisa
3427 2650 3531 2697 est.
3563 2641 3662 2709 Qui

2075 2752 2218 2792 anno
2266 2736 2390 2791 vita:
2432 2749 2545 2789 sua:
2573 2733 2643 2788 50
2669 2734 2859 2806 genuit
2900 2732 3051 2798 Reu;
3090 2733 3144 2788 in
3186 2733 3470 2789 nativitate
3520 2732 3656 2795 Reu,

2075 2828 2327 2899 impletus
2344 2834 2430 2882 est
2457 2841 2632 2881 annus
2658 2834 2789 2896 post
2822 2825 3083 2880 diluvium
3118 2824 3237 2879 151.

2144 2918 2261 2975 Rcu
2297 2933 2439 2973 anno
2468 2917 2595 2971 vitae
2617 2932 2729 2972 suae
2774 2916 2845 2971 52
2871 2906 3061 2987 genuit
3095 2915 3309 2971 Serucli
3335 2932 3348 2981 ;
3378 2916 3432 2970 in
3468 2916 3659 2969 nativi-

2074 3017 2185 3066 tate
2214 3009 2421 3065 Seruch
2451 3006 2656 3078 impleti
2682 3014 2810 3062 sunt
2833 3007 2957 3061 anni
2989 3015 3112 3076 post
3137 3006 3399 3061 diluvium
3433 3004 3559 3059 143.

382 3095 478 3159 sis,
506 3095 732 3163 septima
758 3090 916 3157 feria,
946 3107 1110 3160 quam
1134 3108 1232 3147 nos
1257 3092 1543 3147 sabbatum
1573 3106 1969 3162 nuncupamus,
2002 3101 2047 3162 ί]
2150 3099 2365 3156 semch
2416 3112 2558 3153 anno
2610 3097 2736 3152 vitae
2794 3111 2907 3153 sum
2969 3096 3038 3153 '50
3083 3097 3270 3168 genuit
3318 3096 3569 3161 Nachor;
3609 3096 3662 3150 in

382 3187 661 3255 ingressus
699 3191 783 3237 est
819 3182 934 3236 Noe
976 3182 1030 3235 in
1075 3197 1281 3247 arcam,
1326 3189 1382 3236 et
1417 3182 1520 3237 hac
1560 3181 1676 3251 ipsa
1712 3182 1799 3237 die
1827 3181 1978 3237 venit

390 3274 673 3330 diluvium.
709 3273 904 3329 Mirum
941 3273 1327 3342 omnipotentis
1351 3271 1450 3327 Dei
1485 3274 1747 3344 judicium
1782 3274 1837 3327 in
1875 3274 1976 3328 hu-

387 3378 609 3419 manum
642 3379 827 3432 genus,
855 3363 997 3433 quod
1021 3372 1119 3431 per
1142 3362 1315 3418 Adam
1342 3363 1470 3421 luna
1500 3363 1729 3433 septima
1758 3363 1976 3419 decima

388 3454 599 3525 accepit
633 3453 868 3517 initium,
900 3453 954 3506 in
999 3468 1105 3507 non
1141 3453 1494 3509 custodiendo
1523 3454 1617 3507 Dei
1647 3461 1974 3525 prmceptum

388 3543 613 3613 septima
643 3541 851 3597 decima
890 3543 945 3595 in
974 3540 1174 3597 diluvio
1202 3542 1508 3598 incurreret
1545 3542 1737 3598 mortis
1775 3542 1977 3614 suppli-

389 3649 555 3687 crum.

458 3723 614 3777 Anno
639 3722 765 3777 vitae
791 3721 905 3777 Noe
963 3721 1068 3776 600
1102 3721 1307 3792 impleti
1360 3730 1486 3777 sunt
1530 3722 1656 3775 anni
1704 3738 1735 3776 a
1783 3722 1973 3778 condi-

390 3813 538 3867 tione
563 3812 751 3867 mundi
782 3811 949 3877 1656;
991 3824 1057 3865 eo
1086 3811 1231 3865 enim
1260 3825 1405 3865 anno
1427 3826 1536 3880 quo
1565 3808 1826 3865 diluvium
1856 3809 1974 3877 fuit,

390 3919 569 3959 annus
610 3902 904 3958 bissextilis
944 3902 1196 3957 exstitit:
1228 3909 1284 3955 et
1316 3901 1362 3955 si
1400 3915 1551 3956 more
1594 3908 1783 3956 nostro
1825 3915 1974 3955 com-

388 4004 713 4067 putarentur
748 3994 901 4050 feriae
924 3994 1007 4049 vel
1042 3993 1315 4059 Kalendae,
1342 4000 1524 4048 essent
1554 3991 1674 4061 ipso
1707 4007 1850 4047 anno
1873 3990 1980 4046 Ka-

390 4088 564 4143 lendae
611 4086 815 4141 mensis
860 4085 1103 4141 Januarii
1157 4084 1292 4139 feria
1339 4092 1581 4156 quarta:
1621 4092 1677 4141 et
1711 4085 1836 4153 quia
1879 4083 1980 4140 fuit

393 4193 569 4233 annus
596 4178 733 4249 cycli
771 4178 966 4232 solaris
985 4176 1045 4241 4,
1093 4175 1296 4232 idcirco
1322 4193 1378 4233 ιι
1428 4175 1648 4233 fuerunt
1689 4177 1746 4232 in
1771 4177 1977 4248 Epacta

393 4277 452 4322 et
494 4282 595 4323 xm
623 4265 893 4320 Kalendas
917 4264 1122 4335 Aprilis
1162 4263 1265 4318 fuit
1292 4263 1607 4331 Neomenia,
1637 4265 1693 4323 id
1714 4275 1800 4322 est
1826 4282 1980 4322 nova:

395 4359 537 4415 lunae
573 4356 922 4429 principium,
962 4364 1020 4413 et
1054 4357 1223 4427 ipsius
1257 4357 1383 4413 anni
1430 4359 1727 4415 secundum
1764 4373 1980 4414 menses

393 4556 539 4595 anno
574 4539 699 4595 anui
734 4536 943 4595 Jubilmi
991 4553 1022 4594 a
1066 4539 1456 4594 constitutione
1496 4540 1682 4595 mundi
1713 4539 1805 4607 53,
1839 4540 1979 4611 cycli

393 4626 804 4686 decenmovales
827 4626 919 4692 82,
947 4625 1063 4681 dies
1086 4625 1396 4682 bissextiles
1423 4626 1549 4681 4M.

1155 4714 1219 4768 ll.

471 4806 719 4865 Secunda
762 4808 944 4866 saeculi
979 4815 1157 4873 aetatm
1196 4808 1376 4878 prima
1411 4805 1573 4876 hujus
1608 4807 1719 4874 die,
1751 4823 1872 4879 quae
1898 4819 1984 4865 est

397 4902 608 4957 decima
657 4901 884 4972 septima
930 4900 1045 4955 dies
1093 4899 1299 4956 mensis
1341 4900 1588 4967 secundi,
1609 4915 1862 4971 egressus
1896 4908 1982 4957 est

400 4992 517 5049 Noe
553 4993 619 5048 de
655 5006 802 5057 arca,
858 5005 997 5045 uxor
1025 4989 1163 5059 ejus,
1191 4997 1247 5045 et
1274 4990 1394 5055 ﬁlii,
1426 4999 1484 5046 et
1525 5005 1723 5047 uxores
1747 4990 1981 5046 filiorum

398 5081 536 5157 ejus,
563 5082 649 5139 die
679 5081 854 5153 prima
880 5078 1036 5145 feria,
1059 5095 1222 5150 quam
1252 5094 1351 5135 nos
1378 5089 1598 5150 propter
1620 5081 1982 5136 resurrectio-

397 5188 524 5229 nem
552 5172 765 5229 Domini
794 5170 1131 5227 Dominicam
1181 5184 1557 5239 nuncupamus
1592 5187 1605 5223 :
1646 5173 1792 5239 quia,
1841 5169 1985 5225 sicut

400 5279 564 5337 supra
593 5262 708 5333 jam
737 5261 870 5327 dixi,
900 5261 946 5316 si
975 5274 1132 5315 more
1169 5267 1360 5314 nostro
1396 5258 1516 5327 ipso
1546 5267 1791 5328 tempore
1834 5272 1982 5313 com-

396 5364 720 5425 putarentur
746 5355 892 5412 feriae
917 5354 1001 5410 vel
1023 5353 1293 5418 Kalendae,
1321 5361 1504 5409 essent
1541 5352 1657 5423 ipso
1684 5367 1847 5417 anno,
1873 5369 1983 5425 quo

398 5450 605 5520 egressi
641 5458 767 5506 sunt
791 5450 857 5505 de
896 5464 1044 5514 arca,
1079 5445 1334 5504 Kalendae
1371 5447 1575 5503 mensis
1598 5445 1867 5514 Januarii,
1899 5447 1981 5504 fe-

400 5542 483 5595 ria
509 5541 695 5607 quinta
731 5555 873 5593 anno
895 5540 1073 5608 primo
1102 5547 1224 5608 post
1251 5538 1570 5594 bissextum.
1613 5537 1682 5592 Et
1707 5539 1835 5609 quia
1879 5537 1982 5594 fuit

403 5640 580 5682 atauus
614 5626 831 5696 quintus
869 5625 1004 5695 cycli
1050 5627 1272 5693 solaris,
1304 5628 1396 5697 qui
1435 5637 1517 5683 est
1560 5627 1977 5693 deccmuovalis,

1466 5799 1605 5806 ...--σ

2079 3190 2363 3245 nativitate
2416 3187 2634 3244 Nachor
2696 3186 2900 3258 impleti
2955 3195 3082 3243 sunt
3150 3187 3280 3242 anni
3348 3195 3472 3258 post
3524 3187 3662 3241 dilu-

2079 3280 2225 3335 vium
2257 3279 2383 3336 195.

2148 3371 2367 3428 Nacbor
2422 3385 2567 3426 anno
2617 3370 2756 3447 .vitae
2810 3385 2922 3426 sum
2985 3370 3057 3426 28
3108 3370 3298 3442 genuit
3353 3369 3571 3433 Thare;
3610 3367 3664 3421 in

2077 3463 2358 3519 nativitate
2430 3461 2610 3517 Thare
2690 3458 2897 3535 impleti
2958 3469 3087 3517 sunt
3153 3460 3283 3515 anni
3336 3467 3464 3530 post
3525 3456 3661 3515 dih-

2077 3553 2225 3607 vium
2248 3552 2375 3606 222.

2151 3644 2330 3699 Thare
2378 3656 2522 3698 anno
2550 3643 2676 3696 vitae
2704 3657 2815 3697 sua:
2839 3641 2907 3697 70
2935 3642 3123 3714 genuit
3152 3641 3403 3707 Abram;
3446 3641 3502 3696 in
3532 3642 3669 3697 nati-

2084 3735 2254 3789 vitate
2283 3733 2443 3788 Abrae
2469 3732 2676 3803 impleti
2706 3742 2834 3790 sunt
2856 3734 2984 3789 anni
3009 3742 3134 3805 post
3154 3734 3419 3790 diluvium
3442 3735 3569 3790 292.

2149 3824 2306 3879 Anno
2350 3824 2477 3879 vitae
2503 3823 2617 3879 Noe
2662 3822 2769 3879 892
2788 3832 2950 3880 natus
2994 3833 3079 3881 est
3109 3825 3410 3891 Abraham,
3438 3827 3533 3896 qui
3575 3824 3674 3881 fuit

2080 3932 2253 3970 annus
2279 3916 2401 3969 vitae
2454 3913 2583 3971 Sem
2627 3914 2764 3982 590;
2802 3915 3004 3972 vixisse
3052 3917 3328 3973 invenitur
3373 3916 3512 3984 Noe,
3555 3924 3674 3988 post

2080 4006 2419 4061 nativitatem
2449 4004 2700 4071 Abrahae,
2732 4006 2892 4061 annis
2917 4005 3005 4063 58.

2150 4098 2315 4154 Fiunt
2347 4099 2530 4169 igitur,
2557 4097 2712 4167 juxta
2735 4099 3199 4170 supputationem,
3222 4114 3251 4153 a
3283 4099 3487 4154 diluvio
3502 4114 3671 4170 usque

2080 4189 2149 4245 ad
2200 4189 2539 4244 nativitatem
2569 4187 2825 4256 Abrahae,
2874 4189 3004 4244 anni
3060 4189 3192 4257 292,
3221 4198 3277 4245 et
3301 4205 3331 4244 a
3361 4191 3671 4246 conditione

2080 4280 2267 4336 mundi
2296 4279 2455 4337 1918.
2839 4348 2907 4403 m

338 4458 353 4471 ‘
392 4449 618 4507 lunares
645 4448 807 4519 primi
837 4448 1041 4505 mensis
1086 4448 1327 4514 initium,
1355 4448 1670 4519 impletique
1705 4457 1833 4505 sunt
1860 4449 1979 4520 ipso
2002 4458 2057 4517 1)
2152 4436 2336 4501 Tertia
2359 4442 2545 4497 mundi
2570 4451 2704 4499 tetas
2728 4457 2761 4497 ιι
2789 4444 3072 4499 nativitate
3108 4444 3274 4516 coepit
3311 4445 3550 4502 Abraha:
3577 4460 3670 4517 pa-

2082 4533 2356 4600 triarchae,
2392 4534 2486 4604 qui
2513 4549 2637 4590 cum
2664 4534 2736 4589 75
2765 4549 3033 4590 annorum
3067 4544 3233 4601 esset,
3280 4552 3425 4594 anno
3458 4538 3525 4592 l7
3547 4548 3666 4610 post

2082 4632 2313 4681 mortem
2366 4622 2499 4688 Noe,
2531 4624 2622 4694 qui
2656 4624 2760 4679 fuit
2785 4641 2961 4681 annus
2996 4626 3125 4681 vita:
3162 4625 3290 4682 Sem
3331 4627 3460 4693 465,
3492 4639 3550 4683 et
3572 4644 3667 4698 pa-

2082 4717 2182 4773 tris
2210 4718 2293 4771 sui
2319 4716 2499 4772 Thare
2550 4717 2676 4783 145,
2709 4718 2899 4774 relicta
2929 4729 3089 4791 gente
3136 4728 3193 4776 et
3218 4722 3395 4791 patria
3442 4738 3563 4787 sua,
3588 4736 3671 4779 se»

2082 4810 2316 4866 cundum
2347 4810 2587 4866 divinum
2638 4812 2941 4877 oraculum,
2993 4812 3139 4867 venit
3180 4814 3234 4868 in
3284 4821 3488 4869 terram
3518 4814 3668 4870 Cha—

2085 4916 2249 4966 naan,
2290 4902 2566 4970 accipiens
2593 4904 3011 4971 promissionem
3035 4907 3374 4960 nasciturum
3406 4907 3472 4961 de
3511 4907 3668 4963 semi-

2084 5009 2155 5049 ne
2194 5009 2294 5048 suo
2347 4992 2708 5059 Salvatorem,
2750 4995 2803 5049 in
2850 5011 2958 5066 quo
3004 4997 3459 5053 benedicerentur
3484 5014 3670 5054 omnes

2083 5094 2272 5154 gentes
2327 5086 2613 5141 creditura:
2653 5087 2710 5141 in
2755 5086 3049 5152 Christum,
3100 5097 3157 5143 et
3183 5090 3421 5159 seipsum
3461 5091 3517 5144 in
3542 5104 3670 5163 gen-

2084 5183 2194 5231 tem
2226 5190 2478 5246 magnam
2508 5190 2627 5231 esse
2664 5175 2905 5231 futurum
2937 5194 2950 5230 :
2983 5190 3215 5246 quarum
3252 5193 3358 5232 una
3386 5178 3669 5249 Spiritalis,

2087 5266 2258 5321 altera
2291 5274 2377 5321 est
2410 5267 2700 5336 promissio
2740 5266 2996 5322 carnalis.

2157 5356 2251 5411 llis
2290 5357 2622 5426 temporibus
2661 5357 2830 5412 Ninus
2879 5368 2935 5413 et
2974 5356 3296 5413 Semiramis
3329 5357 3385 5413 in
3434 5358 3670 5431 Assyriis

2086 5456 2466 5518 regnaverunt.

2153 5538 2426 5594 Abraham
2471 5555 2612 5593 anno
2642 5539 2765 5593 vitae
2813 5556 2924 5595 suae
2963 5541 3281 5605 centesimo,
3337 5541 3513 5612 patris
3542 5552 3665 5595 vero

2084 5629 2166 5684 sui
2198 5628 2375 5684 Thare
2410 5628 2528 5696 l70,
2560 5637 2614 5685 et
2658 5630 2784 5687 Scm
2814 5630 2941 5699 490,
2999 5630 3186 5702 genuit
3234 5631 3385 5687 lsaac
3426 5631 3497 5687 12
3522 5643 3660 5687 anno
