3940 6180
331 350 443 408 925

1123 350 1299 407 LOCA
1338 350 1653 418 QUIEDAM
1693 351 1785 406 EX
1824 349 1991 410 EJUS
2025 352 2366 411 OI’ERIBUS
2405 355 2794 413 EXCERPTA.

3474 362 3579 418 926

327 458 454 522 400,
480 464 537 511 ει
563 464 852 528 supersunt
872 455 1008 524 366;
1041 467 1238 528 quater
1261 461 1554 532 nonaginta
1578 461 1706 527 560,
1731 469 1786 517 et
1807 477 1900 517 su-
1929 467 1978 526 Α
2005 467 2288 532 erubesco,
2310 467 2434 536 quia
2457 469 2688 524 lectione
2726 486 2833 525 non
2865 469 3080 537 doceor,
3115 489 3214 529 nec
3235 475 3302 532 de
3339 477 3581 546 periculo

327 555 559 620 persunt
607 563 729 616 sex,
775 565 840 604 ex
881 550 1077 619 quibus
1111 566 1328 607 assume
1359 563 1590 622 quatuor
1632 562 1687 608 et
1725 569 1911 624 super-

327 645 455 694 sunt
481 638 627 694 duo:
673 653 913 708 praesens
941 639 1088 708 enim
1131 655 1325 707 annus,
1369 642 1462 711 qui
1507 657 1651 697 nunc
1689 651 1792 709 est,
1830 657 1911 698 se-

326 731 537 788 cundus
563 739 650 786 est
663 739 788 801 post
812 731 1128 787 bissextum.

397 815 534 873 Item
559 817 682 874 dic:
708 819 897 874 decem
923 819 1109 874 novies
1149 818 1368 874 ducenti
1413 819 1573 885 3800,
1623 829 1679 876 et
1721 837 1910 892 super-

328 917 457 964 sunt
481 908 620 975 966;
658 908 844 964 decem
876 909 1064 964 novies
1086 909 1474 980 quinquaginta
1494 910 1619 977 950,
1647 922 1703 967 et
1729 927 1912 981 super-

328 1006 457 1052 sunt
503 998 601 1064 46;
657 997 794 1053 adde
835 1014 999 1052 unum
1049 1006 1105 1053 et
1137 999 1271 1052 tlunt
1314 1000 1428 1054 l7:
1481 1015 1720 1071 przesens
1764 1002 1910 1057 enim

327 1104 525 1154 annus,
561 1089 654 1158 qui
691 1103 833 1143 nunc
863 1096 964 1152 est,
996 1087 1235 1144 decimus
1273 1089 1534 1159 septimus
1578 1106 1775 1158 annus,
1825 1103 1910 1148 est

327 1179 466 1250 cycli
493 1177 707 1244 solaris,
740 1179 832 1248 qui
855 1187 939 1234 est
977 1180 1389 1236 decemnovalis.
1435 1179 1708 1238 Subtrahe
1740 1200 1908 1239 unum

327 1279 384 1325 et
410 1278 692 1324 remanent
719 1269 818 1334 l6;
867 1279 1053 1324 sextus
1097 1269 1338 1326 decimus
1368 1287 1543 1328 annus
1585 1281 1670 1328 est
1705 1283 1910 1344 epactae

329 1362 556 1418 lunaris.
623 1361 888 1417 Undecies
942 1364 1065 1418 deni
1115 1364 1238 1428 110,
1285 1364 1542 1420 undecies
1588 1366 1705 1420 seni
1749 1367 1818 1422 66
1854 1376 1910 1422 et

328 1454 467 1508 liunt
496 1454 630 1517 176;
665 1453 750 1508 bis
781 1453 920 1508 adde
939 1462 1086 1520 octo,
1137 1463 1192 1510 et
1223 1455 1357 1510 ﬁunt
1396 1456 1498 1513 184
1533 1476 1544 1511 :
1577 1458 1678 1514 hos
1705 1460 1909 1528 partire

326 1558 425 1613 per
453 1543 786 1614 trigesimam
823 1554 1059 1612 partem,
1087 1553 1142 1600 et
1174 1547 1280 1610 dic,
1323 1547 1502 1602 sexies
1528 1549 1752 1618 triginta
1781 1549 1904 1616 180,

327 1641 382 1686 et
403 1641 694 1702 supersunt
720 1632 774 1698 4,
816 1641 870 1687 ει
900 1634 1140 1688 invenies
1182 1636 1326 1704 quod
1371 1637 1426 1690 in
1470 1638 1722 1707 prmsenti
1766 1654 1908 1694 anno

328 1723 428 1792 ipsi
461 1731 687 1778 currunt
725 1723 792 1777 ad
820 1723 960 1779 lunae
994 1740 1234 1780 cursum.

2009 553 2260 623 formido,
2315 559 2442 626 quia
2494 574 2614 627 quae
2676 575 2783 614 non
2843 559 2961 630 lego
3015 579 3116 618 nec
3170 581 3457 635 praesumo,
3512 586 3582 626 ue

2009 651 2380 714 transgressor
2410 649 2657 702 inveniar
2686 650 2852 706 divini
2902 652 3128 718 oraculi,
3181 656 3273 724 qui
3324 661 3582 725 apostolis

2009 734 2076 788 de
2106 736 2208 788 hoc
2229 736 2688 807 interrogantibus
2715 740 2790 794 ita
2831 743 3108 812 respondit
3135 761 3148 796 :
3190 743 3268 798 De
3295 745 3381 799 die
3407 757 3582 803 autem

2009 825 2100 886 illo
2129 836 2175 879 et
2205 827 2336 880 hora
2365 844 2515 882 nemo
2543 833 2662 896 scit,
2695 849 2857 904 neque
2899 834 3071 904 angeli
3099 835 3366 903 caelorum,
3409 854 3584 910 neque

2007 914 2175 972 Filius
2203 917 2305 971 nisi
2331 918 2495 974 Pater
2517 920 2681 976 solus.
2716 922 2833 978 Sed.
2848 925 2975 993 quid
3003 932 3088 980 est
3111 927 3254 996 quod
3284 927 3444 983 Pater
3464 945 3585 998 pos-

2007 1005 2080 1060 sit
2108 1008 2224 1062 sine
2248 1009 2448 1065 virtute
2476 1021 2568 1066 aut
2592 1012 2730 1068 sciat
2752 1015 2956 1084 absque
2995 1017 3259 1086 sapientia
3298 1034 3415 1086 sua,
3459 1035 3582 1077 cum

2007 1104 2298 1166 utrumque
2323 1099 2396 1154 sit
2437 1100 2606 1168 Patri,
2639 1101 2693 1157 id
2739 1112 2823 1160 est
2867 1105 3042 1160 virtus
3069 1115 3124 1161 et
3166 1109 3427 1178 sapientia
3461 1126 3584 1177 sua,

2007 1186 2102 1241 sed
2129 1187 2251 1243 Filii
2304 1192 2516 1249 nescire
2562 1203 2666 1262 est,
2713 1211 2814 1252 nos
2843 1199 3148 1254 nescientes
3191 1200 3260 1256 de
3296 1203 3399 1258 hoc
3446 1203 3585 1258 velle

2007 1292 2250 1334 manere.
2309 1280 2578 1338 Caeterum
2633 1288 2846 1343 cunctis
2882 1289 2937 1343 in
2994 1304 3280 1346 commune
3339 1293 3585 1349 ﬁdelibus

2007 1369 2296 1426 suademus
2331 1379 2392 1427 ut
2417 1374 2531 1430 sive
2557 1376 2679 1445 quis
2719 1393 2787 1433 ex
2821 1379 3085 1435 Hebraica
3109 1382 3338 1436 veritate
3369 1398 3489 1453 quae
3517 1383 3585 1437 ad

2007 1472 2106 1512 nos
2128 1475 2227 1529 per
2246 1460 2465 1518 beatum
2496 1464 2844 1537 interpretem
2885 1467 3270 1541 Hieronymum
3294 1488 3429 1543 pura
3464 1488 3586 1542 per-

2006 1549 2218 1604 venisse
2245 1551 2409 1606 etiam
2435 1554 2680 1612 hostibus
2701 1556 2903 1614 Iudaeis
2927 1559 2982 1613 in
3012 1561 3301 1616 manifesto
3340 1571 3441 1628 est,
3471 1562 3586 1618 sive

2007 1661 2072 1700 ex
2119 1644 2263 1698 LXX
2300 1645 2661 1716 lnterpretum
2707 1649 3060 1704 translatione
3129 1666 3248 1721 quze
3293 1651 3378 1706 vel
3409 1652 3586 1706 minus

2008 1738 2236 1793 sollicite
2280 1737 2457 1807 primo
2502 1739 2647 1794 edita
2693 1747 2799 1805 est,
2845 1748 2906 1795 ut
2941 1738 3095 1796 multi
3143 1749 3412 1805 astruuut,
3442 1741 3584 1798 vela

397 1812 464 1868 Si
502 1822 684 1869 autem
731 1824 1006 1883 quaeratur
1050 1833 1080 1870 a
1113 1832 1200 1872 me
1242 1833 1404 1887 quam
1440 1819 1600 1891 longo
1639 1829 1903 1890 tempore,
1933 1806 1982 1865 Β
2010 1806 2300 1898 gentilibus
2327 1837 2601 1899 corrupta,
2631 1838 2691 1883 ut
2717 1831 2878 1885 beato
2905 1829 3209 1901 Augustino
3230 1831 3460 1896 videtur,
3489 1847 3584 1887 seu

327 1911 421 1957 aut
461 1914 592 1974 quot
643 1906 800 1961 anuis
845 1907 1037 1962 debeat
1077 1924 1318 1978 przesens
1365 1911 1594 1970 mortale
1649 1913 1906 1968 είτεειιιιιιιι

325 1994 650 2063 perdurare,
718 1996 928 2051 nescire
977 2011 1064 2052 me
1112 1996 1318 2064 fateor,
1362 2000 1490 2068 quia
1529 2015 1636 2054 non
1691 2000 1902 2070 uspiam

320 2097 414 2136 me
456 2083 648 2155 legisse
703 2085 1043 2152 reminiscor,
1091 2097 1147 2141 et
1194 2087 1315 2142 ideo
1368 2103 1471 2143 nec
1517 2087 1585 2143 de
1633 2088 1905 2160 imperitia

2012 1929 2160 1982 certe
2187 1934 2253 1974 ex
2274 1919 2519 1988 utrisque
2547 1919 2834 1976 commisto
2860 1935 3024 1990 opere
3054 1921 3352 1978 codicibus.
3381 1961 3395 1976 .
3423 1961 3437 1976 .
3473 1963 3485 1976 .
3518 1963 3531 1976 .
3565 1961 3582 1978 .

2013 2007 2216 2074 Cretera
2246 2008 2452 2063 desunt.

917 2333 1174 2410 LOCA
1247 2303 1698 2424 QUIEDAM
1772 2331 2197 2410 CLAUDII
2271 2327 2966 2408 TAURINENSIS

883 2488 1202 2568 Excerpta
1236 2506 1314 2549 ex
1351 2486 1828 2549 Commentariis
1865 2485 1996 2567 ejus
2031 2486 2102 2546 in
2163 2481 2494 2562 Epistolas
2545 2483 2751 2544 sancti
2812 2481 3024 2544 Pauli.

1147 2625 1312 2692 (Rieu.
1337 2629 1542 2689 Simon,
1565 2625 1693 2676 Hist.
1718 2626 1825 2676 crit.
1862 2623 1982 2675 Nov.
2006 2623 2222 2674 Testata.
2239 2657 2255 2684 ,
2278 2621 2368 2674 lib.
2408 2636 2478 2684 ιιι,
2502 2633 2611 2684 cap.
2635 2620 2739 2684 25.)

394 2828 500 2895 Qui
538 2843 656 2882 cum
701 2827 757 2880 in
795 2826 966 2897 forma
1002 2826 1100 2881 Dei
1139 2836 1289 2882 esset.
1334 2825 1585 2899 (Philipp.
1616 2841 1679 2892 ιι,
1718 2823 1794 2897 6).
1842 2823 1902 2879 In

321 2919 496 2976 forma
523 2919 618 2974 Dei
637 2957 656 2984 ,
688 2918 908 2988 aequalis
946 2917 1132 2985 Patri,
1173 2919 1227 2973 in
1258 2918 1430 2974 forma
1459 2919 1601 2990 servi
1631 2918 1898 2973 mediator

325 3014 419 3068 Dei
449 3020 503 3066 et
529 3011 805 3065 hominum
833 3009 998 3064 homo
1024 3010 1271 3066 Christus
1295 3008 1543 3066 Jesus....
1568 3006 1687 3064 Non
1717 3007 1898 3077 itaque

2005 2828 2122 2877 stus
2161 2819 2307 2876 enim
2345 2819 2604 2874 Dominus
2646 2825 2703 2874 et
2742 2818 2990 2874 Salvator
3032 2827 3241 2887 noster,
3283 2819 3451 2877 Filius
3492 2823 3585 2879 Dei

2003 2925 2167 2968 verus
2193 2910 2489 2967 secundum
2517 2910 2876 2978 divinitatem,
2906 2919 2962 2965 et
2993 2910 3132 2966 ﬁlius
3168 2913 3401 2968 hominis
3426 2929 3587 2970 verus

2003 3005 2298 3060 secundum
2327 3017 2566 3058 carnem.
2599 3001 2715 3057 Non
2745 3019 2807 3058 ex
2837 3017 2904 3059 eo
2929 3005 3070 3074 quod
3103 3014 3186 3060 est
3214 3021 3374 3076 super
3402 3007 3582 3061 omnia

323 3102 591 3156 immerito
615 3100 894 3170 Scriptura
920 3109 1208 3170 utrumque
1239 3101 1388 3168 dicit,
1420 3109 1475 3157 et
1506 3101 1765 3171 aequalem
1793 3099 1900 3154 Pa-
1928 3104 1972 3167 ί]
2003 3096 2145 3151 Deus
2165 3093 2481 3150 benedictus
2501 3094 2554 3148 in
2580 3094 2774 3149 saecula
2797 3111 2864 3150 ex
2885 3097 3090 3151 semine
3115 3098 3282 3152 David
3305 3107 3461 3154 natus
3481 3107 3584 3164 est,

323 3193 391 3246 tri
415 3191 632 3258 Filium,
659 3198 714 3245 et
739 3190 956 3245 Patrem
982 3189 1238 3260 majorem
1262 3191 1418 3246 Filio.
1445 3191 1578 3246 Illud
1601 3191 1746 3246 enim
1771 3205 1900 3262 pro-

318 3293 442 3355 pter
465 3283 692 3338 formam
735 3283 830 3337 Dei
858 3297 873 3336 :
905 3283 1009 3337 hoc
1034 3289 1215 3336 autem
1248 3291 1472 3354 prOpter
1501 3281 1732 3338 formam
1759 3282 1903 3338 servi

320 3374 439 3430 sine
468 3373 573 3427 ulla
603 3371 919 3428 confusione
945 3371 1326 3443 intelligitur...

393 3462 516 3519 Non
545 3464 784 3534 rapinam
812 3462 1099 3517 arbitratus
1124 3471 1219 3528 est,
1251 3471 1355 3519 etc.
1391 3461 1602 3537 (Ibid.).
1647 3504 1660 3518 .
1705 3504 1720 3518 .
1765 3505 1780 3519 .
1824 3504 1840 3520 .
1881 3505 1895 3519 .

319 3647 507 3717 Neque
557 3647 922 3717 usurpationis
973 3653 1092 3702 erat
1133 3646 1276 3716 quod
1314 3647 1634 3702 naturaliter
1659 3649 1902 3717 posside-

318 3737 432 3802 bat,
461 3745 520 3792 ιιι
548 3737 737 3807 rapina
763 3737 1066 3802 diceretur;
1096 3737 1190 3792 sal
1218 3744 1424 3791 naturae
1451 3737 1644 3801 inerat,
1671 3745 1731 3790 ut
1756 3744 1902 3792 esset

317 3826 564 3896 :cqualis.

324 3956 408 4012 Ea:
433 3957 741 4028 pra’fatione
770 3957 1140 4028 Commentarii
1172 3959 1226 4011 in
1255 3955 1548 4027 Epistolam
1573 3957 1799 4028 primaut
1829 3957 1898 4011 ad

949 4025 1267 4082 Corinthios.

391 4139 641 4195 Brumale
667 4147 877 4210 tempus
902 4141 1018 4195 vias
1041 4140 1307 4210 palatinas
1335 4148 1518 4196 terens
1540 4140 1716 4197 eundo
1739 4148 1796 4196 et
1819 4156 1902 4196 re-

319 4231 557 4297 deundo,
596 4232 774 4287 minus
803 4231 930 4286 licet
966 4231 1187 4302 implere
1221 4247 1382 4301 supra
1415 4239 1898 4287 commemoratum

320 4336 596 4387 amorem;
646 4329 767 4392 post
810 4321 1045 4377 medium
1087 4322 1231 4376 veris
1273 4321 1612 4390 procedendo
1656 4329 1899 4376 armatus

320 4425 648 4481 pergameuo
670 4411 876 4480 pariter
899 4426 1020 4465 cum
1048 4426 1198 4464 arma
1228 4409 1426 4474 ferens,
1456 4425 1621 4481 pergo
1649 4410 1716 4464 ad
1740 4425 1900 4464 excu-

320 4499 441 4552 bias
488 4500 786 4554 maritimas
831 4514 954 4553 cum
1006 4500 1201 4555 timore
1249 4499 1566 4555 excubando
1612 4500 1896 4554 adversum

320 4589 600 4659 Agarenos
638 4599 693 4653 et
735 4591 966 4655 Mauros,
1007 4599 1164 4644 nocte
1205 4598 1394 4645 tenens
1430 4589 1686 4660 gladium,
1731 4597 1788 4642 et
1813 4588 1901 4643 die

319 4680 491 4736 libros
520 4689 574 4736 et
600 4682 888 4748 calamum,
925 4681 1146 4753 implere
1175 4697 1376 4738 conans
1411 4689 1647 4751 emptum
1687 4681 1896 4736 deside—

322 4788 1116 4828 ιἰιιηι............

794 4885 880 4940 Ea:
903 4886 1084 4940 eadem
1111 4885 1435 4956 prwfatione.

395 4999 595 5054 Fateor
629 5017 716 5056 mc
749 5001 997 5070 primitus
1025 5001 1249 5056 invitum
1281 4999 1595 5063 accessisse,
1627 5009 1680 5054 et
1714 5000 1766 5053 in
1799 5001 1902 5054 hoc

321 5108 480 5162 opus,
510 5099 565 5146 et
591 5093 643 5146 in
667 5092 1034 5148 Pentateucbo
1064 5107 1222 5161 quem
1248 5089 1485 5160 postulas
1514 5089 1901 5159 imperantibus

321 5184 589 5242 fratribus
612 5187 664 5243 in
687 5187 870 5242 schola
889 5186 1221 5251 constitutis,
1247 5185 1442 5254 quibus
1461 5185 1581 5239 viva
1607 5201 1738 5240 voce
1766 5187 1902 5240 scri-

321 5285 514 5346 ptnras
549 5276 840 5340 tradebam,
873 5277 1216 5347 praecipiente
1244 5276 1332 5346 pio
1360 5277 1600 5346 principe
1629 5277 1900 5333 Ludovico

321 5365 674 5437 imperatore,
712 5367 1020 5438 compulsus
1047 5367 1207 5421 etiam
1238 5383 1268 5420 a
1306 5379 1601 5436 memorato
1636 5368 1896 5438 principe,

321 5462 388 5510 ut
417 5471 522 5510 non
561 5464 770 5511 tantum
805 5457 967 5510 verba
1001 5471 1098 5526 per
1131 5455 1451 5510 oblivionem
1488 5455 1754 5524 palantem
1793 5463 1900 5511 tra-

319 5545 532 5611 dcrem,
554 5547 647 5601 sed
672 5546 832 5600 etiam
854 5545 1061 5602 calamo
1084 5545 1170 5598 diu
1192 5546 1559 5614 permanentia
1581 5545 1897 5612 scriberem,

325 5644 384 5690 ιιι
416 5618 557 5703 quod
581 5651 678 5690 ore
703 5637 1013 5706 promebam
1042 5635 1248 5688 calamo
1273 5635 1654 5704 scriptitarem.

403 5724 508 5789 Qui
536 5735 608 5780 est
637 5743 789 5796 super
819 5727 995 5780 omnia
1016 5724 1173 5791 Deus,
1194 5734 1297 5780 etc.
1334 5725 1508 5797 (Rom.
1536 5743 1607 5794 Ix,
1638 5728 1711 5799 Pi).
1743 5729 1895 5784 Chri~

2003 3187 2098 3243 sed
2125 3201 2188 3240 ex
2222 3185 2312 3239 illa
2341 3185 2658 3240 inﬁrmitate
2685 3200 2847 3254 quam
2873 3187 3113 3256 suscepit
3146 3201 3210 3241 ex
3239 3187 3415 3242 nobis.

2073 3275 2260 3331 Gratia
2285 3277 2424 3331 vobis
2454 3284 2503 3330 et
2534 3292 2640 3346 pax
2676 3293 2707 3329 a
2738 3275 2847 3330 Deo
2884 3275 3043 3330 Patre
3073 3286 3248 3330 nostro
3279 3287 3327 3331 et
3363 3276 3586 3332 Domino

2002 3370 2130 3426 Iesu
2160 3371 2388 3425 Christo.
2423 3368 2474 3442 (I
2501 3367 2624 3424 Cor.
2658 3386 2697 3435 ι,
2729 3370 2807 3441 5).
2838 3367 2916 3424 Νε
2945 3369 3124 3425 Patris
3151 3379 3243 3424 aut
3271 3385 3464 3425 nomen
3494 3380 3588 3425 aut

2000 3462 2199 3518 donum
2243 3462 2475 3518 tacuisse
2509 3462 2807 3528 videretur,
2843 3471 2897 3517 et
2931 3463 3292 3533 suspicionem
3323 3464 3460 3519 forte
3495 3475 3586 3520 aut

2000 3555 2343 3610 occasionem
2388 3554 2544 3609 daret
2588 3554 2821 3619 unionis,
2866 3553 3024 3608 docet
3050 3553 3324 3608 Christum
3369 3555 3584 3623 quidem

2000 3643 2106 3698 rite
2143 3643 2526 3708 invocandum,
2572 3643 2668 3698 sed
2703 3658 2918 3697 omnem
2959 3643 3189 3712 gratiam
3227 3657 3346 3696 esse
3384 3643 3582 3711 Patris,

1999 3743 2058 3788 ut
2084 3735 2220 3789 duos
2239 3735 2332 3803 qui
2355 3734 2409 3787 in
2431 3749 2598 3787 unum
2622 3742 2748 3788 sunt
2773 3749 2871 3803 per
2895 3733 3229 3788 divinitatem
3251 3735 3582 3803 ostenderet,

1999 3833 2056 3879 et
2079 3825 2258 3879 Patris
2283 3823 2663 3879 auctoritatem
2690 3821 2993 3892 praeferret.
3035 3861 3051 3876 .
3093 3861 3110 3876 .
3150 3862 3164 3876 .
3206 3860 3219 3875 .
3260 3861 3274 3876 .
3317 3861 3333 3877 .

2070 3913 2211 3967 Deus
2239 3922 2352 3966 erat
2382 3914 2439 3966 in
2475 3908 2683 3965 Christo
2723 3909 2810 3982 (II
2844 3909 2966 3964 Cor.
2997 3927 3048 3975 ν,
3078 3910 3188 3980 l9).
3229 3911 3398 3967 Filius
3437 3914 3578 3968 enim

1998 4003 2317 4060 naturaliter
2340 4003 2549 4076 legatus
2577 4012 2662 4058 est
2691 4001 2871 4056 Patris
2905 4003 3094 4057 Dei....
3125 4003 3288 4059 Pater
3313 4006 3457 4059 enim
3487 4022 3585 4076 per

1999 4095 2052 4149 id
2078 4094 2402 4164 intelligitur
2425 4109 2547 4149 esse
2573 4095 2626 4148 in
2654 4093 2812 4160 Filio,
2845 4093 2987 4163 quod
3015 4109 3120 4147 una
3149 4107 3336 4148 eorum
3361 4096 3432 4150 sit
3456 4097 3583 4152 sub-

1999 4185 2220 4242 stantia.
2250 4184 2326 4239 lbi
2351 4193 2438 4240 est
2463 4185 2608 4239 enim
2635 4185 2816 4240 unitas
2854 4184 2944 4240 ubi
2971 4184 3115 4238 nulla
3137 4192 3223 4240 est
3245 4185 3484 4252 domina,
3519 4203 3584 4241 ac

1997 4290 2094 4345 per
2134 4275 2237 4330 hoc
2267 4275 2500 4330 invicem
2535 4275 2768 4346 aequales
2804 4283 2948 4330 sunt.
2987 4314 3002 4330 .
3043 4315 3057 4330 .
3097 4314 3114 4329 .
3155 4315 3170 4330 .
3214 4315 3229 4329 .
3272 4316 3286 4330 .
3329 4317 3343 4331 .
3387 4317 3401 4331 .
3446 4316 3462 4331 .
3505 4314 3521 4331 .
3562 4317 3578 4333 .

2380 4463 2447 4516 In
2473 4463 2643 4534 Epist.
2677 4464 2747 4517 ad
2797 4461 2960 4516 Hebr.
2989 4480 3086 4528 vn,
3116 4465 3204 4518 17.

2071 4553 2164 4608 lIIe
2189 4551 2622 4625 (Melchisedech)
2645 4553 2893 4608 carnales
2919 4553 3166 4608 victimas
3191 4569 3297 4607 non
3323 4553 3582 4609 oﬂ'erehat

2001 4645 2103 4699 nisi
2134 4659 2325 4714 panem
2362 4654 2418 4699 et
2446 4645 2654 4705 vinum,
2685 4643 2824 4698 sicut
2856 4641 3104 4697 Christus
3132 4641 3456 4697 oblationem
3487 4659 3578 4713 pa-

2001 4737 2086 4790 nis
2115 4747 2168 4791 et
2192 4737 2304 4790 viui
2334 4735 2567 4792 offerens
2593 4737 2704 4791 Deo
2729 4735 2905 4802 Patri,
2937 4735 2988 4789 id
3025 4743 3107 4790 est
3133 4751 3325 4806 corpus
3363 4745 3417 4790 et
3455 4753 3579 4791 san-

2000 4825 2213 4895 guinem
2249 4841 2434 4890 suum,
2474 4841 2635 4894 quam
2673 4825 2996 4880 oblationem
3029 4825 3269 4895 quotidie
3304 4825 3578 4882 offerimus

2001 4931 2162 4984 super
2189 4915 2358 4970 altare
2387 4925 2444 4971 et
2467 4917 2748 4972 sumimus.

2340 5027 2406 5082 1η
2437 5027 2728 5098 Epistulam
2760 5029 2830 5083 ad
2859 5028 3217 5102 Philippeuses

2071 5119 2231 5175 Putat
2257 5121 2453 5190 aliquis
2481 5135 2587 5175 non
2619 5119 3043 5192 Scripturarum,
3073 5122 3166 5177 sed
3191 5131 3424 5178 nostram
3457 5140 3576 5180 esse

2000 5210 2320 5264 sententiam
2345 5209 2659 5279 episcopum
2686 5217 2740 5264 et
2770 5211 3138 5280 presbyterum
3162 5227 3327 5266 unum
3352 5229 3492 5279 esse,
3521 5223 3576 5270 et

2000 5301 2142 5354 aliud
2180 5301 2375 5364 aetatis,
2416 5300 2562 5354 aliud
2593 5313 2714 5354 esse
2751 5314 2946 5353 nomen
2975 5299 3166 5365 ollicii,
3201 5301 3405 5372 relegat
3428 5303 3575 5373 Apo»

1999 5389 2122 5443 stoli
2145 5388 2311 5443 verba
2335 5389 2402 5442 ad
2422 5387 2794 5457 Philippenses
2817 5387 3076 5442 dicentis:
3105 5387 3308 5445 Paulus
3331 5401 3379 5446 et
3408 5391 3577 5448 Timo-

1997 5480 2164 5541 theus,
2195 5486 2298 5532 etc.

2000 5567 2321 5622 Retractatio
2352 5566 2563 5620 Claudii
2588 5568 2814 5645 episcopi
2834 5569 2900 5624 de
2924 5573 3222 5645 auctoribus
3249 5574 3575 5645 explanatio-

2275 5654 2396 5690 num
2427 5654 2580 5707 super
2611 5637 2900 5707 Epistulam
2929 5640 2998 5694 ad
3030 5641 3295 5698 Ilebra'os.

2065 5727 2196 5782 lllud
2228 5742 2438 5798 quoque
2467 5727 2521 5783 in
2558 5726 2870 5799 praefatione
2898 5745 3243 5798 commoneo,
3279 5737 3407 5792 mihi
3449 5736 3570 5790 cha-
