3940 6180
456 330 561 389 υἱῗ

1574 316 1895 376 LUDOVICI
1933 313 1955 373 Ι
1990 312 2466 375 COGNOMEN'I‘O
2498 312 2586 371 PII
2886 308 2895 319 ’
3566 316 3651 371 9.8

460 440 700 504 nssime,
741 444 801 493 ut
835 434 975 490 scias
1013 430 1302 502 Origenem
1346 425 1452 483 tria
1488 426 1760 482 volumina
1798 426 1855 481 in
1897 427 2039 481 hanc
2064 430 2117 489 Α
2139 423 2381 481 calamus
2408 424 2714 490 Trinitatis,
2757 422 2938 496 lingua
2967 423 3197 493 Spiritus
3222 423 3421 488 sancti,
3450 432 3658 482 terrenus

460 530 753 602 Epistolam
780 522 1185 592 conscripsisse,
1211 534 1372 590 quem
1393 526 1451 575 et
1474 533 1575 574 nos
1592 533 1660 573 ex
1682 524 1839 589 parte
1864 517 2037 573 secuti

459 634 646 677 sumus
677 635 691 671 :
729 614 1096 686 Apollinarem
1138 610 1305 666 etiam
1347 616 1404 664 et
1446 608 1732 679 Didymum
1774 607 2038 677 quosdam

457 706 942 766 Commentariolos
967 703 1238 767 edidisse;
1264 715 1299 757 e
1329 700 1525 772 quibus
1566 699 1694 755 licet
1729 712 1904 770 pauca
1943 698 2037 753 de-

455 799 776 871 cerpsimus,
800 798 954 869 plura
982 797 1146 852 etiam
1175 808 1244 849 ex
1274 793 1444 849 sancti
1468 791 1573 847 viri
1599 789 1886 860 Augustini
1914 803 2037 844 sen-

458 893 674 958 tentiis,
714 907 850 962 quas
883 905 983 961 per
1018 890 1260 945 diversos
1293 884 1411 954 ejus
1442 884 1610 939 libros
1641 882 1884 938 invenire
1920 880 2039 951 qui-

456 987 655 1051 virnus,
682 986 823 1040 hanc
846 981 1195 1055 exposuimus
1219 979 1535 1051 Epistolam,
1559 974 1893 1032 etinonnulla
1918 989 2040 1045 qua:

457 1075 615 1131 nobis
658 1076 982 1130 videbantur
1029 1072 1324 1142 adjecimus
1369 1070 1485 1124 sive
1531 1067 1932 1131 subtraxitnus,
1982 1071 2042 1119 ut

457 1164 729 1220 studiosus
758 1164 942 1219 statim
970 1163 1026 1217 in
1054 1161 1322 1232 principio
1360 1160 1623 1216 lectorum
1655 1166 1910 1229 agnoscat
1940 1157 2044 1212 hoc

455 1269 594 1325 opus
621 1254 704 1311 vel
731 1254 965 1308 alienum
990 1268 1114 1309 esse
1138 1251 1223 1307 vel
1251 1257 1513 1307 nostrum.

742 1382 1048 1440 ELOGIUM
1085 1381 1329 1443 SANCTI
1367 1378 1757 1437 AUGUSTINI.

529 1515 948 1575 Amantissimus
992 1515 1208 1572 Domini
1256 1513 1631 1571 sanctissimus
1671 1512 2036 1584 Augustinus,

532 1659 559 1687 ι
597 1646 850 1715 Scilicet,
881 1647 949 1701 ad
980 1645 1264 1701 Romanos.

2142 516 2324 581 homo,
2351 515 2447 571 sed
2473 514 2712 571 caelestis
2739 513 2985 586 angelus,
3017 512 3067 567 in
3093 511 3461 583 quaestionibus
3484 512 3659 570 solven-

2139 607 2225 663 dis
2254 614 2465 671 acutus,
2508 606 2562 661 in
2595 604 2938 661 revincendis
2974 603 3239 660 haereticis
3266 602 3659 672 circumspectus,

2141 700 2197 752 in
2227 696 2563 767 explicandis
2600 693 2899 764 Scripturis
2936 692 3209 749 canonicis
3239 701 3441 758 cautus,
3471 700 3564 747 etc.
3596 692 3659 747 Ex

2141 787 2311 858 ipsius
2344 786 2516 842 sancti
2548 783 2652 840 viri
2689 784 2996 849 sententiis,
3032 797 3166 853 quas
3200 797 3298 852 pro
3331 781 3539 836 diversis
3568 782 3663 852 ejus

2140 879 2293 935 libris
2330 878 2573 934 invenire
2607 876 2914 946 quivimus,
2949 876 3091 930 hanc
3127 871 3459 943 exposuimus
3487 870 3663 940 Episto-

2139 970 2249 1024 lam
2276 982 2328 1036 ι,
2358 968 2538 1040 aliqua
2571 968 2737 1024 etiam
2770 981 2840 1022 ex
2864 965 3114 1037 Origeuis
3148 961 3476 1032 Expositione
3501 962 3662 1016 ibidem

2142 1060 2505 1131 adjunximus,
2552 1058 2807 1116 nonnulla
2852 1059 3046 1121 etiam,
3094 1064 3156 1111 ut
3194 1054 3346 1110 nobis
3382 1054 3539 1108 visum
3576 1060 3662 1117 est,

2140 1150 2616 1222 pertractavimus.
2642 1148 2855 1203 Nullam
2883 1146 3299 1203 admonitionem
3322 1143 3570 1198 meliorem
3591 1157 3665 1211 po-

2144 1243 2224 1297 tui
2267 1242 2529 1307 invenire,
2572 1257 2736 1312 quam
2780 1239 3033 1312 Epistula:
3059 1239 3249 1310 prima:
3287 1235 3430 1291 Pauli
3456 1234 3661 1305 apostoli,

2141 1349 2307 1405 quam
2342 1333 2488 1400 misi,
2522 1334 2648 1401 quia
2685 1340 2801 1388 tota
2834 1331 2959 1387 inde
2988 1330 3186 1401 agitur,
3225 1335 3285 1382 ut
3318 1325 3494 1381 merita
3527 1323 3661 1378 bomi—

2142 1438 2272 1480 num
2296 1425 2466 1486 tollat.
2482 1424 2625 1479 unde
2647 1423 2880 1479 maxime
2897 1438 3039 1478 nunc
3054 1418 3301 1476 monachi
3326 1416 3603 1489 gloriantur,
3621 1423 3662 1467 et

2138 1515 2371 1587 gratiam
2397 1514 2494 1570 Dei
2518 1512 2879 1570 commendet.

1712 1944 1884 1988 ANNO
1925 1944 2155 1991 DOMINI
2198 1945 2467 1991 DCCCXL.

1092 2104 2835 2409 LUDO-VICUS
2981 2117 3102 2330 1

466 2493 1446 2659 COGNOMENTO
1529 2491 1921 2635 PIUS,
2016 2495 2837 2615 IMPERATOR
2917 2495 3651 2667 AUGUSTUS.

1734 2725 2453 2766 ψ

936 2895 2066 3044 “LUDOVICI
2206 2901 2537 3039 PII
2710 2904 3256 3049 VITA

464 3164 716 3226 Incerto
757 3174 1035 3237 auctore,
1077 3161 1183 3223 sed
1215 3163 1326 3239 qui
1358 3180 1423 3223 se
1450 3160 1839 3249 professione
1872 3163 2309 3297 utstrontm‘m
2332 3205 2349 3232 ,
2388 3170 2442 3222 et
2488 3164 2554 3224 in
2581 3164 2831 3243 palatio
2874 3166 3080 3245 ipsius
3140 3165 3515 3247 imperatoris
3556 3177 3661 3220 rer-

1841 3256 1908 3297 sa
1940 3253 2046 3296 um
2270 3257 2369 3297 ur.

1841 3253 2046 3297 satum
2085 3253 2369 3299 testatur.

1387 3383 1549 3449 (Apud
1583 3385 1850 3436 Cbesnlum
1871 3416 1887 3442 ,
1916 3382 2146 3432 Historia
2172 3383 2469 3438 Francorum
2494 3391 2810 3455 Scriptores.)

1032 3596 1468 3662 PROLOGUS.

541 3704 674 3763 Cum
702 3708 850 3773 gesta
875 3699 1177 3771 priscorum
1205 3697 1346 3754 bona
1372 3694 1606 3759 malave,
1632 3693 1866 3750 maxime
1892 3695 2040 3765 prin.

466 3799 670 3870 cipum,
699 3795 766 3850 ad
791 3792 1108 3848 memoriam
1136 3788 1486 3852 reducuntur,
1515 3786 1725 3857 gemina
1757 3786 1810 3841 in
1834 3786 1914 3841 eis
1936 3786 2042 3842 uti-

468 3890 595 3943 litas
619 3883 920 3955 legentibus
951 3879 1248 3937 confertur.
1278 3878 1398 3933 Alia
1429 3878 1571 3932 enim
1601 3892 1789 3933 eorum
1817 3876 2036 3933 utilitati

466 3988 520 4034 et
540 3973 881 4034 aediﬁcationi
904 3978 1149 4047 prosunt,
1166 3969 1269 4025 alia
1291 3968 1534 4025 cautelaa.
1553 3968 1690 4037 Quia
1709 3970 1853 4025 enim
1880 3969 2039 4040 primi

467 4069 522 4122 in
552 4066 767 4122 sublimi
795 4063 963 4118 veluti
1006 4060 1222 4132 specula
1248 4060 1583 4124 consistunt,
1627 4068 1680 4114 et
1717 4059 1840 4116 ideo
1872 4058 2041 4114 latere

463 4164 753 4227 nequeunt,
786 4169 852 4208 eo
885 4152 1027 4207 fama
1060 4167 1248 4207 eorum
1276 4152 1439 4205 latius
1465 4158 1822 4222 propagatur,
1854 4164 1963 4219 quo
1985 4158 2042 4205 et

465 4248 712 4304 ditl‘usius
740 4246 1017 4311 cernitur;
1053 4252 1108 4299 et
1127 4252 1280 4298 tanto
1304 4243 1504 4313 quique
1526 4242 1738 4297 illorum
1759 4239 1902 4296 bono
1921 4240 2041 4310 plu-

467 4338 591 4394 rimi
637 4336 965 4400 alliciuntur,
1004 4341 1207 4403 quanto
1247 4333 1699 4405 prominentiores
1743 4348 1802 4387 se
1841 4331 2039 4386 imitari

364 4418 375 4423 ”
465 4427 783 4499 gloriantur.
810 4424 935 4479 llazc
963 4424 1037 4480 ita
1063 4439 1124 4479 se
1148 4424 1350 4480 habere
1376 4423 1641 4494 majorum
1663 4423 1898 4493 produnt
1918 4435 2040 4476 mo-

464 4522 742 4581 numenta,
780 4515 874 4585 qui
917 4514 1177 4570 relatione
1220 4528 1316 4570 sua
1360 4514 1730 4584 posteritatem
1772 4514 2042 4569 instruere

465 4608 809 4672 studuerunt,
847 4605 1078 4675 quisque
1104 4605 1405 4676 principum
1429 4619 1536 4673 quo
1561 4603 1697 4659 calle
1732 4602 2039 4659 mortalium

466 4700 570 4756 iter
599 4697 826 4754 triverit.
868 4696 1106 4762 Quorum
1152 4710 1251 4750 nos
1293 4695 1530 4750 studium
1567 4694 1862 4759 imitantes,
1887 4693 2039 4749 nolu-

465 4806 588 4847 mus
611 4803 734 4845 esse
758 4787 842 4842 vel
870 4786 1229 4856 praesentibus
1269 4782 1573 4849 ittotliciosi,
1611 4783 1697 4838 vel
1732 4782 1929 4838 futuris
1958 4783 2040 4838 in-

2074 3600 2117 3662 C
2149 3605 2332 3657 tanta
2357 3602 2568 3661 Etenim
2595 3609 2918 3668 auctoritate
2943 3612 3129 3669 divina
3160 3614 3432 3676 discimus,
3469 3618 3656 3667 sant-tam

2146 3688 2477 3761 saPietttiam
2514 3696 2710 3755 docere
2737 3701 3112 3769 sobrietatem,
3147 3706 3451 3775 sapientiam
3474 3710 3523 3758 et
3536 3700 3659 3772 justi-

2148 3781 2301 3847 tiam,
2333 3794 2388 3840 et
2415 3787 2666 3845 virtutem
2687 3831 2702 3857 ,
2744 3793 2941 3863 quibus
2978 3796 3117 3852 nihil
3159 3806 3245 3853 est
3283 3797 3475 3854 dulcius
3504 3797 3548 3851 in
3578 3793 3658 3846 vita

2146 3868 2493 3930 hominibus:
2530 3892 2760 3949 quarum
2804 3882 2892 3939 ille
2934 3884 3007 3940 ita
3050 3887 3335 3943 comitatui
3378 3884 3573 3942 indivise
3594 3880 3661 3935 ad-

2146 3959 2322 4030 btcsit,
2356 3973 2418 4020 ut
2443 3971 2685 4027 nescires
2708 3974 2891 4043 potius
2916 3991 3082 4045 quam
3109 3978 3165 4033 in
3191 3994 3256 4033 eo
3282 3974 3516 4032 admirari
3536 3972 3639 4027 delle

2148 4067 2256 4109 res.
2289 4052 2427 4123 Quid
2462 4060 2607 4115 enim
2631 4060 2747 4131 ejus
2769 4064 3065 4121 sobrietate
3092 4068 3329 4133 sobrius,
3357 4082 3468 4137 qua:
3490 4064 3577 4120 alio
3590 4074 3661 4115 no-

2147 4146 2292 4204 mine
2317 4148 2598 4222 frugalitas
2617 4155 2730 4211 sive
2754 4160 3111 4229 temperantia
3129 4161 3460 4219 nominatur?
3474 4159 3540 4214 lta
3552 4153 3660 4210 enim

2148 4250 2212 4291 ea
2240 4254 2368 4295 usus
2389 4249 2494 4306 est,
2517 4252 2577 4299 ut
2603 4244 2733 4301 illud
2755 4249 3183 4308 vetustissimum
3205 4252 3522 4324 proverbium
3548 4255 3591 4302 et
3611 4241 3660 4296 ad

2149 4327 2346 4383 omium
2374 4346 2546 4402 usque
2580 4335 2906 4394 celebratum
2944 4340 2994 4396 ci
3021 4340 3189 4397 fuerit
3212 4339 3655 4401 fantiliarissimum.

2147 4433 2255 4488 quo
2283 4420 2514 4478 dicitur:
2559 4424 2644 4480 Ne
2670 4428 2796 4498 quid
2823 4431 2997 4487 nimis.
3037 4432 3312 4504 Sapientia
3335 4448 3456 4488 vero
3480 4429 3658 4486 deleo”-

2146 4506 2309 4565 batur
2346 4526 2410 4567 ea
2439 4530 2600 4583 quam
2632 4515 2926 4588 Scriptura.-
2967 4526 3294 4581 auctoritate
3334 4524 3565 4579 didicerat
3594 4515 3655 4570 dl-

2147 4607 2304 4653 centc
2328 4620 2340 4654 :
2387 4602 2520 4659 Ecce
2547 4608 2704 4661 timor
2730 4607 2965 4677 Domini,
2992 4614 3109 4684 ipsa
3146 4626 3222 4670 est
3249 4613 3504 4686 sapientia.
3532 4606 3658 4665 Justi-

2149 4688 2279 4742 tiam
2324 4706 2485 4761 porro
2515 4705 2717 4764 quanto
2745 4700 2971 4757 coluerit
3001 4703 3227 4773 all‘ectu,
3263 4713 3420 4760 testes
3458 4708 3565 4756 sunt
3589 4693 3656 4764 (ἰαί

2147 4781 2265 4852 ejus
2292 4799 2489 4841 novere
2513 4789 2745 4844 studium
2777 4808 2883 4863 quo
2909 4793 3190 4866 ﬂagrabat,
3218 4806 3277 4854 ut
3296 4797 3505 4868 quisque
3524 4787 3657 4846 boari-

464 4881 595 4947 vidi,
628 4880 722 4936 sed
747 4879 914 4933 Actus
936 4877 1222 4947 Vitamque
1248 4876 1359 4933 Deo
1387 4875 1634 4932 amabilis
1653 4882 1817 4946 atque
1845 4875 2037 4931 ortbo-
2070 4935 2122 4957 ῃ
2148 4888 2278 4927 num
2305 4877 2440 4931 ordo
2471 4880 2647 4934 ordini
2675 4897 2773 4937 suo
2798 4883 2944 4953 justa
2972 4889 3320 4957 persolveret,
3347 4898 3399 4942 et
3423 4881 3655 4939 Dominum

465 4971 591 5027 doxi
637 4968 979 5041 imperatoris
1006 4967 1284 5033 Ludovici,
1315 4967 1454 5041 stylo
1482 4966 1608 5023 licet
1633 4966 1814 5022 minus
1858 4966 2036 5032 docto,

463 5062 854 5119 contradimus.
878 5058 1075 5114 Fateor
1093 5057 1259 5124 cnim,
1276 5064 1331 5113 et
1352 5059 1555 5127 absque
1576 5055 1697 5112 fuco
1720 5055 2040 5112 adulationis

464 5154 605 5219 dico,
636 5153 764 5223 quia
794 5150 1096 5207 succumbit
1116 5152 1393 5218 cujusque,
1408 5163 1513 5203 non
1536 5147 1656 5202 dico
1680 5144 2041 5214 meum,quod

463 5244 815 5316 perexiguum
846 5251 950 5309 est,
987 5242 1081 5298 sed
1109 5254 1427 5311 magnorum
1465 5237 1772 5309 ingenium,
1801 5234 2039 5291 materia:

535 5389 565 5446 ε
586 5374 721 5442 Quae
742 5376 960 5446 scripsit
985 5376 1074 5431 bic
1103 5383 1293 5446 auctor
1311 5386 1485 5446 usque
1511 5370 1578 5426 ad
1603 5376 1853 5446 tempora.
1869 5367 2039 5446 imP‘?‘

464 5444 533 5514 rii
556 5438 832 5507 Ludovici,
855 5438 1144 5513 "profitetur
1168 5447 1221 5499 in
1252 5438 1478 5514 Prologo
1509 5457 1567 5514 se
1595 5438 1860 5514 .Ade’mari
1883 5438 2039 5514 nubi-

465 5512 657 5569 lissimi
684 5531 748 5570 ac
793 5508 1123 5570 devotissimi
1164 5508 1439 5571 monaclii'
1454 5510 1717 5568 relatione
1756 5508 2037 5574 didicisse,

468 5585 560 5651 qui
587 5583 759 5637 eidem
792 5584 1061 5639 Ludovico
1090 5601 1303 5640 coaevus
1331 5594 1387 5641 et
1419 5581 1758 5639 connutritus
1788 5578 1905 5632 fuit.
1936 5578 2041 5651 Po-

467 5648 694 5732 s—tcriora
719 5659 901 5732 autem
930 5668 1024 5732 per
1045 5654 1277 5732 seipsum
1302 5654 1496 5709 vidisse
1525 5660 1686 5732 atque
1711 5648 2039 5732 comperisse

468 5720 755 5789 significat,
790 5718 1429 5776 (lum’rclms'intcrcssct
1464 5718 1727 5790 palatinis.
1764 5718 2030 5773 Caeterum

2070 4935 2123 4995 D

2148 4978 2313 5034 super
2337 4969 2540 5034 omnia,
2571 4973 2876 5042 proximum
2904 4991 3033 5033 vero
3074 4986 3322 5048 tanquam
3360 4990 3415 5030 se
3439 4972 3653 5042 diligere!-

2145 5052 2264 5111 Jam
2299 5073 2431 5115 vero
2452 5061 2627 5119 virtus
2658 5064 2795 5122 adeo
2831 5069 2881 5123 ei
2929 5071 3241 5137 coaluerat,
3266 5080 3325 5125 ut
3352 5078 3428 5124 tot
3452 5082 3508 5121 ac
3531 5057 3657 5117 tantis

2144 5146 2388 5217 pulsatus
2410 5153 2587 5220 malis,
2612 5154 2895 5215 lacessitus
2914 5168 3022 5216 tam
3050 5163 3270 5233 privatis
3294 5175 3442 5233 quam
3464 5147 3655 5211 extemis

2148 5241 2382 5313 injuriis,
2406 5246 2554 5303 nullo
2579 5256 2777 5318 tamen,
2801 5251 2912 5309 Deo
2932 5256 3172 5319 custode,
3198 5262 3378 5325 pectus
3401 5249 3503 5320 ejus
3519 5240 3652 5300 invin-

2148 5374 2313 5461 cditio
2335 5377 2601 5461 istannunc
2626 5386 2900 5461 recognita
2918 5390 3184 5461 variisque
3206 5389 3257 5443 in
3279 5385 3403 5442 locis
3418 5375 3647 5461 emend???

2146 5454 2256 5533 95E:
2304 5449 2371 5532 ad
2415 5450 2576 5533 ﬁdem
2623 5449 2857 5533 ἀιιριῆηῑ
2904 5475 3032 5514 mss-
3083 5449 3230 5533 ἑοάς-»
3273 5454 3645 5533 malum"

2146 5520 2576 5588 antiquissimum
2626 5526 3055 5584 subministravit
3092 5520 3421 5583 bibliOtlt-cca
3438 5520 3641 5588 Tilliaimv

2146 5583 2486 5715 i‘lclguimk’
2531 5596 2801 5652 mentior
2829 5607 3074 5655 servatur
3106 5600 3155 5652 in
3202 5592 3496 5653 bibliotheca
3521 5583 3635 5639 Alex.
