3922 6180
459 317 558 374 951

1574 300 1895 360 LUDOVICI
1934 298 1955 352 ι
1993 293 2466 353 COGNOMENTO
2501 295 2584 350 Pii
3557 304 3639 359 932

459 427 624 496 puius
651 430 870 495 propter
903 419 1020 489 ejus
1060 419 1274 487 longum
1311 415 1622 470 abscessum
1662 411 2044 472 insolesceret,
2075 408 2125 465 A
2152 405 2379 459 Avarica
2411 413 2706 470 remeante,
2729 405 2932 496 accepit
2959 406 3022 459 ab
3045 421 3108 461 co
3129 408 3423 464 mandatum
3443 410 3490 466 in
3512 414 3649 483 Aqui-

461 527 556 572 aut
580 517 722 573 ﬁlius
745 516 799 569 in
829 510 1184 568 tenerioribus
1217 507 1375 562 annis
1400 506 1808 576 peregrinorum
1837 501 2040 572 aliquid

463 608 695 662 disceret
738 618 981 667 morum,
1024 601 1220 670 quibus
1263 597 1548 654 diculter
1595 595 1878 665 expeditur
1909 601 2040 647 aetas

459 695 628 750 semei
663 694 903 758 imbuta,
931 691 1080 747 misit
1118 699 1174 746 et
1221 689 1507 746 accersivit
1548 687 1717 741 filium
1756 684 1869 754 jam
1902 683 2042 738 bene

459 784 812 851 equitantem,
843 797 966 837 cum
995 781 1141 835 omni
1168 779 1364 849 populo
1401 776 1653 841 militari,
1688 775 1895 830 relictis
1922 780 2015 826 tan

457 879 572 926 tum
603 871 1028 935 marcbionibus,
1057 869 1149 941 qui
1195 870 1330 924 fines
1359 867 1510 938 regni
1549 874 1762 921 tuentes
1784 905 1799 930 ,
1830 877 2038 927 omnes,

461 964 505 1018 si
572 962 712 1018 forte
759 963 1074 1034 ingruerent
1097 1002 1112 1027 ,
1170 961 1403 1016 hostium
1464 967 1715 1013 arcerent
1769 957 2038 1011 incursus.

459 1055 557 1110 Cui
581 1055 723 1109 ﬁlius
751 1053 1076 1115 Ludovicus,
1107 1067 1206 1120 pro
1242 1065 1432 1120 sapere
1461 1059 1516 1108 et
1539 1062 1698 1118 posse
1725 1047 2044 1102 obedienter

459 1159 676 1216 parens,
696 1144 936 1198 occurrit
959 1143 1024 1196 ad
1048 1142 1455 1196 Patrisbrunam
1470 1139 1615 1212 (786)
1633 1139 1816 1193 habitu
1843 1138 2046 1193 Vasco-

467 1249 595 1289 num
623 1249 747 1288 eum
772 1233 966 1288 eoaevis
995 1232 1097 1286 sibi
1118 1232 1299 1302 pueris
1331 1231 1567 1295 indutus,
1587 1229 1820 1284 amiculo
1840 1227 2046 1282 scilicet

466 1325 728 1390 rotundo,
758 1325 985 1380 manicis
1012 1325 1247 1379 camisia:
1267 1321 1495 1388 diffusis,
1523 1322 1827 1378 cruralibus
1849 1320 2047 1375 disten-

468 1415 563 1479 tis,
605 1413 912 1469 calcaribus
949 1412 1194 1484 caligulis
1225 1413 1472 1476 insertis,
1516 1410 1720 1466 missile
1763 1425 1926 1465 manu
1974 1408 2048 1462 fe-

469 1519 636 1560 rens:
667 1506 783 1560 harc
804 1505 948 1560 enim
989 1504 1279 1558 delectatio
1315 1504 1668 1573 voluntasque
1704 1504 2049 1558 ordinaverat

466 1605 714 1668 paterna.
760 1596 954 1650 Mansit
981 1611 1110 1665 ergo
1137 1611 1259 1650 cum
1288 1603 1442 1666 patre
1478 1595 1603 1650 inde
1635 1609 1806 1664 usque
1834 1594 1901 1649 ad
1929 1592 2041 1648 He-

465 1686 676 1757 risburg
697 1702 820 1742 cum
851 1701 916 1741 eo
941 1686 1166 1750 vadens,
1205 1701 1486 1756 usquequo
1519 1685 1599 1740 soi
1635 1685 1705 1739 ab
1747 1684 1858 1739 aito
1881 1682 2045 1740 decli—

2141 499 2288 552 tania
2316 499 2516 565 redire,
2549 506 2603 550 et
2631 497 2788 550 fratri
2822 495 3043 566 Pippino
3068 499 3352 568 suppetias,
3383 517 3489 555 cum
3509 519 3643 572 quan-

2141 590 2215 644 tis
2236 597 2420 658 posset
2440 589 2610 657 c0piis
2638 629 2652 653 ,
2694 588 2748 642 in
2776 587 2985 641 italiam
3011 603 3250 658 pergere.
3278 589 3368 644 Cui
3394 592 3612 649 olicdiens
3631 635 3644 662 ,

2140 679 2487 750 Aquitaniam
2535 678 2780 732 autumni
2821 686 3059 746 tempore
3096 679 3287 743 rediit,
3347 683 3646 753 omnibusque

2141 786 2262 842 quae
2289 773 2354 826 ad
2377 779 2618 826 tutamen
2651 770 2803 841 regni
2833 771 3105 839 pertinent
3125 770 3394 836 ordinatis,
3417 788 3503 841 per
3527 791 3648 829 mon-

2143 864 2215 917 tis
2247 862 2435 918 Cinisii
2465 877 2690 931 asperos
2716 870 2773 914 et
2813 859 3078 915 ﬂexuosos
3108 859 3373 916 anfractus
3401 864 3448 916 in
3481 865 3647 920 italiam

2145 952 2536 1016 transvehitur,
2589 959 2750 1020 atque
2782 949 3027 1004 Natalem
3061 951 3271 1005 Domini
3300 951 3542 1010 Ravennae
3579 971 3646 1010 ce-

2142 1040 2361 1100 lebrans
2412 1042 2560 1113 (795)
2611 1043 2679 1096 ad
2731 1041 2954 1097 fratrem
3008 1043 3178 1096 venit.
3203 1042 3296 1096 Cui
3342 1045 3646 1113 conjunctus,

2137 1131 2342 1202 junctis
2368 1133 2573 1187 viribus
2593 1133 3026 1188 Beneventanum
3053 1133 3372 1203 provinciam
3398 1136 3650 1205 ingrediun-

2146 1230 2256 1286 tur,
2287 1231 2482 1277 cuncta
2511 1224 2670 1278 obvia
2693 1224 3040 1293 populantur,
3078 1233 3258 1280 castro
3281 1242 3381 1279 uno
3408 1230 3646 1295 potiuntur.

2146 1311 2333 1368 Hieme
2387 1321 2564 1368 autem
2623 1323 2895 1368 transacta
2927 1355 2942 1379 ,
2974 1329 3083 1368 una
3115 1316 3183 1370 ad
3211 1324 3405 1386 patrem
3449 1333 3650 1388 prospere

2146 1403 2544 1471 regrediuntur,
2575 1418 2683 1458 uno
2714 1412 2894 1457 tamen
2945 1403 3133 1458 audito
3183 1403 3462 1460 oﬂ‘uscante
3505 1421 3648 1461 eorum

2145 1493 2436 1563 plurimam
2461 1493 2815 1557 alacritatem,
2867 1509 2933 1549 eo
2981 1495 3130 1564 quod
3178 1505 3542 1565 compererunt,
3569 1498 3648 1551 fm-

2150 1593 2288 1640 trem
2314 1602 2472 1646 suum
2499 1586 2800 1642 naturalem
2834 1586 3123 1657 Pippinum
3165 1598 3348 1643 contra
3376 1605 3648 1644 communem

2149 1686 2362 1747 patrem
2391 1679 2739 1734 rebellionem
2764 1678 3085 1733 meditatum
3107 1721 3127 1743 ,
3151 1680 3426 1750 pluresque
3452 1681 3649 1735 nobilium

471 1790 610 1830 nans
633 1790 762 1840 axe,
801 1776 1050 1830 ardorem
1076 1775 1323 1830 aestivum
1367 1775 1663 1830 autunaii
1713 1775 2044 1830 condescen-
2073 1747 2122 1806 Β
2151 1767 2310 1836 hujus
2335 1769 2556 1824 sceleris
2584 1769 2832 1824 conscios
2860 1777 3021 1838 atque
3051 1771 3295 1826 irretitos
3318 1780 3367 1826 et
3405 1773 3650 1841 pessumda-

472 1867 624 1922 sione
653 1873 1000 1934 temperaret.
1027 1865 1192 1934 Cujus
1217 1873 1460 1920 extremo
1494 1873 1736 1934 tempore
1773 1863 1986 1919 licentia
2012 1878 2044 1918 a

472 1966 628 2030 patre
650 1965 891 2026 accepta,
919 1956 1213 2010 hiematum
1240 1955 1293 2009 in
1315 1955 1660 2024 Aquitaniam
1694 1955 1872 2010 rediit.

544 2048 620 2102 Ea
649 2053 965 2116 tempestate
993 2045 1199 2100 Chorso
1228 2046 1337 2100 dux
1373 2044 1669 2100 Tolosanus
1704 2045 1826 2100 dolo
1868 2043 2049 2114 cujus-

473 2140 598 2194 dam
625 2139 900 2201 Vasconis,
930 2136 1194 2192 Adelerici
1223 2137 1444 2192 nomine
1462 2177 1477 2202 ,
1506 2137 1906 2193 circumventus
1931 2143 2046 2202 est,

473 2237 529 2284 et
557 2236 1016 2283 sacramentorum
1043 2227 1268 2281 vinculis
1294 2227 1600 2292 obstrictus,
1627 2228 1814 2298 sicque
1831 2227 2048 2282 demum

473 2319 542 2373 ab
567 2333 634 2374 eo
659 2318 951 2373 absolutus.
1003 2315 1108 2371 Sed
1151 2318 1310 2388 hujus
1350 2318 1487 2372 naevi
1516 2317 1810 2372 ulciscendi
1847 2318 2048 2389 gratia,

472 2425 568 2465 rex
611 2407 910 2463 Ludovicus
947 2417 1001 2462 et
1029 2422 1316 2477 proceres,
1345 2423 1574 2478 quorum
1614 2409 1840 2470 consilio
1862 2424 2050 2479 respu-

471 2499 609 2554 blica
639 2499 942 2568 Aquitanici
974 2498 1124 2568 regni
1166 2498 1677 2567 administrabatur,
1724 2506 2050 2556 conventum

469 2592 772 2664 generalem
805 2591 1204 2647 constituerunt
1229 2592 1282 2646 in
1323 2591 1443 2647 loco
1474 2591 1850 2662 Septimanite,
1897 2591 2050 2660 cujus

468 2684 786 2739 vocabulum
815 2691 900 2739 est
929 2682 1422 2739 Mors-Gothorum.
1445 2683 1666 2739 Accitus
1701 2692 1880 2738 autem
1906 2684 2050 2739 idem

471 2772 663 2837 Vasco,
695 2775 947 2830 conscius
971 2775 1094 2829 facti
1122 2774 1202 2828 sui
1240 2775 1424 2831 venire
1451 2773 1676 2840 distulit,
1714 2775 1884 2830 donec
1907 2774 2054 2829 obsi-

471 2863 597 2917 dum
647 2864 1056 2933 interpositione
1100 2864 1304 2930 fretus,
1353 2864 1573 2920 tandem
1624 2863 1882 2920 occurrit.
1944 2862 2052 2918 Sed

472 2953 784 3008 eorumdem
815 2955 1063 3011 obsidum
1107 2953 1348 3025 periculo
1390 2954 1523 3008 nihil
1563 2968 1786 3026 passus,
1832 2954 2054 3022 insuper

472 3045 789 3100 muneribus
832 3045 1084 3109 donatus,
1134 3053 1348 3102 nostros
1375 3044 1624 3110 reddidit,
1661 3058 1788 3099 suos
1823 3043 2048 3114 recepit,

470 3142 527 3187 et
570 3134 644 3188 ita
671 3135 913 3190 recessit.
947 3134 1160 3206 Estate
1200 3151 1327 3190 vero
1361 3135 1739 3204 subsequente,
1766 3131 1921 3202 jussu
1957 3147 2053 3202 pa-

475 3223 575 3277 tris
599 3223 904 3279 Ludovicus
929 3240 1022 3280 rex
1054 3225 1408 3279 Wormatiam
1439 3223 1773 3294 simpliciter,
1817 3238 1924 3279 non
1953 3238 2050 3278 ex-

359 3367 370 3380 ,
472 3311 873 3381 peditionaiiter
897 3315 1081 3367 venit:
1118 3322 1174 3369 et
1200 3330 1321 3368 cum
1355 3329 1421 3368 eo
1453 3315 1508 3368 in
1547 3314 1787 3369 hibernis
1817 3313 2054 3389 perstitit

473 3403 644 3475 (788).
676 3403 779 3458 Ubi
801 3403 916 3472 jam
948 3406 1123 3460 dictus
1157 3405 1470 3464 Adelericus
1509 3413 1634 3461 ante
1673 3421 1829 3476 reges
1874 3405 2054 3461 dicere

472 3507 690 3550 causam
704 3491 892 3560 jussus
913 3503 1075 3565 atque
1097 3495 1331 3561 auditus,
1355 3511 1584 3567 purgare
1615 3495 1824 3565 objecta
1848 3496 2050 3563 volens,

474 3583 572 3638 sed
618 3599 724 3638 non
751 3583 968 3650 valens,
1007 3586 1342 3656 proscriptus
1379 3594 1542 3656 atque
1585 3586 1923 3642 irrevocabili
1971 3596 2055 3644 est

473 3673 666 3728 exsilio
694 3673 1030 3744 deportatus.
1078 3675 1357 3732 Chorsone
1398 3692 1563 3747 porro
1590 3693 1621 3734 a
1649 3679 1847 3733 ducatu
1897 3677 2055 3735 Tolo-

477 3778 607 3820 sano
646 3767 916 3832 submoto,
960 3767 1030 3822 ob
1073 3765 1224 3835 cujus
1270 3768 1532 3823 incuriam
1567 3777 1775 3824 tantum
1823 3769 2054 3825 dedecus

477 3854 591 3924 regi
619 3863 673 3909 et
700 3854 925 3912 Francis
946 3857 1236 3924 acciderat,
1283 3858 1586 3914 Willelmus
1626 3875 1726 3929 pro
1761 3875 1826 3916 eo
1863 3860 2053 3916 subro-

479 3953 636 4016 gatus
671 3953 755 4000 est
785 3943 952 4016 (789).
995 3946 1096 4013 Qui
1140 3949 1443 4004 Vasconum
1483 3951 1774 4015 nationem,
1824 3959 1887 4005 ut
1928 3959 2054 4006 sunt

481 4043 673 4090 natura
718 4036 883 4103 leves,
930 4045 1152 4109 propter
1191 4049 1443 4095 eventum
1487 4042 1853 4110 supradictum
1898 4041 2053 4096 valde

475 4125 668 4190 elatos,
697 4132 753 4179 et
789 4134 1008 4194 propter
1033 4127 1436 4184 mulctationem
1479 4128 1741 4184 Adelerici
1771 4131 1932 4186 nimis
1968 4146 2053 4186 re-

474 4214 615 4282 perit
655 4214 924 4269 efferatos.
965 4215 1111 4282 Quos
1150 4225 1330 4274 tamen
1358 4225 1464 4273 tam
1503 4229 1630 4275 actu
1659 4235 1819 4290 quam
1846 4222 2052 4279 viribus

474 4305 626 4358 brevi
671 4306 900 4374 subegit,
934 4307 1116 4376 illique
1159 4323 1346 4378 pacem
1391 4311 1647 4382 imposuit
1675 4313 1899 4367 nationi.
1935 4313 2051 4369 Rex

2151 1865 2257 1911 tos.
2286 1857 2507 1913 Concite
2540 1873 2672 1928 ergo
2706 1870 2992 1930 pergentes
3023 1861 3096 1913 ad
3128 1869 3335 1930 patrem
3371 1861 3420 1914 in
3464 1857 3648 1927 Bajoaria

2151 1955 2422 2018 agentem,
2448 1956 2716 2002 venerunt
2739 1949 2792 2002 in
2818 1948 3108 2010 locum.cui
3132 1960 3214 2005 est
3238 1951 3526 2006 vocabulum
3546 1949 3648 2011 Salz,

2149 2037 2298 2092 etab
2326 2053 2390 2093 eo
2425 2039 2732 2110 gratissime
2773 2049 2899 2094 sunt
2940 2042 3170 2112 recepti.
3225 2041 3473 2112 Quidquid
3518 2050 3648 2094 autem

2153 2131 2424 2202 simerfuit
2450 2133 2677 2198 astatis,
2723 2135 2964 2189 autumni
3014 2144 3074 2189 et
3122 2136 3350 2206 hiemis,
3392 2151 3500 2190 cum
3541 2143 3652 2204 patre

2155 2235 2282 2292 rege
2310 2237 2405 2277 rex
2436 2221 2740 2278 Ludovicus
2785 2225 2966 2296 exegit
3013 2225 3191 2298 (794).
3237 2227 3526 2297 Magnopere
3545 2227 3648 2280 enim

2151 2313 2382 2368 curabat
2407 2328 2502 2368 rex
2527 2322 2702 2384 pater,
2738 2330 2807 2370 ne
2835 2331 3014 2386 regem
3063 2318 3237 2372 filium
3269 2329 3356 2374 aut
3393 2319 3650 2374 nutrimenta

2150 2403 2376 2460 honesta
2406 2404 2660 2471 laterent,
2683 2415 2780 2461 aut
2803 2415 3026 2463 externa
3067 2409 3459 2464 iniuerescentia
3493 2410 3537 2462 in
3575 2407 3648 2461 ali-

2150 2510 2256 2566 quo
2299 2497 2739 2554 debonestarcnt.
2791 2499 2894 2566 Qui
2939 2515 3071 2556 eum
3122 2503 3296 2572 prima
3332 2517 3444 2557 vere
3483 2499 3596 2571 (795)
3628 2515 3651 2553 a

2151 2592 2306 2655 patre
2333 2587 2701 2644 dimitteretur
2729 2630 2744 2655 ,
2791 2590 3162 2661 interrogatus
3189 2600 3272 2648 est
3299 2593 3366 2648 ab
3389 2607 3468 2656 ea,
3487 2606 3568 2646 cur
3585 2604 3654 2643 rex

2152 2691 2274 2731 cum
2302 2685 2446 2732 esset
2472 2718 2488 2744 ,
2521 2687 2687 2734 tantze
2717 2681 2994 2736 tenuitatis
3021 2690 3178 2738 esset
3202 2683 3254 2737 in
3285 2698 3341 2738 re
3365 2682 3595 2747 familiari,
3613 2687 3655 2733 ut

2152 2785 2255 2825 nec
2282 2769 2716 2828 benedictionem
2746 2774 2962 2843 quidem
2989 2816 3004 2839 ,
3063 2776 3173 2830 nisi
3224 2792 3290 2832 ex
3322 2775 3557 2846 postulato
3581 2771 3653 2826 sibi

2152 2859 2347 2916 oli‘erre
2372 2871 2595 2931 posset,
2623 2863 2916 2934 didicitque
2967 2867 3036 2920 ab
3085 2866 3179 2921 illo
3206 2867 3328 2936 quia
3355 2864 3549 2936 privatis
3569 2870 3652 2916 stn-

2154 2956 2288 3011 dens
2313 2957 2541 3026 quisque
2571 2958 2868 3027 primorum
2888 2998 2904 3023 ,
2933 2959 3220 3032 negligens
3268 2967 3434 3013 autem
3469 2955 3651 3026 publico-

2155 3061 2275 3100 rum
2301 3061 2558 3116 perversa
2586 3048 2704 3103 vice
2734 3087 2750 3113 ,
2780 3047 2908 3102 dum
2936 3049 3159 3117 publica
3184 3055 3451 3104 vertuntur
3491 3046 3536 3100 in
3576 3040 3648 3111 pri-

2154 3144 2300 3202 vata,
2349 3137 2569 3192 nomine
2621 3146 2780 3193 tenus
2827 3137 3084 3194 dominus
3160 3145 3311 3194 actus
3360 3137 3427 3190 sit
3470 3132 3651 3188 omnium

2149 3242 2288 3298 pene
2317 3229 2554 3300 indigus.
2587 3230 2788 3285 Veiens
2815 3237 2998 3284 autem
3045 3230 3178 3286 huic
3229 3229 3436 3286 obviare
3479 3221 3645 3280 recessi

2151 3319 2282 3385 tati,’
2305 3320 2399 3375 sed
2425 3335 2624 3376 cavens
2649 3335 2719 3376 ne
2751 3320 2848 3374 lilii
2876 3319 3100 3377 dilectio
3149 3320 3288 3391 apud
3323 3318 3568 3387 optimates
3589 3311 3650 3366 ali-

2151 3420 2314 3476 quam
2342 3415 2622 3477 pateretur
2641 3407 2910 3476 jacturam
2937 3449 2954 3476 ,
2989 3410 3037 3464 si
3071 3409 3186 3465 illis
3231 3407 3421 3477 aliquid
3457 3418 3538 3475 per
3570 3414 3641 3471 pf“

2153 3496 2392 3551 dentiam
2421 3499 2662 3556 demeret
2685 3500 2828 3569 quod
2865 3515 2962 3570 per
3008 3499 3355 3555 inscientiam
3381 3493 3654 3554 contulerat.

2152 3587 2303 3642 misit
2331 3586 2408 3642 illi
2435 3588 2632 3644 missos
2659 3604 2807 3654 suos,
2842 3588 3228 3645 Wiliebertum
3259 3587 3465 3648 scilicet,
3508 3581 3651 3638 iiodro-

2151 3677 2424 3746 magensis
2468 3685 2656 3746 postea
2702 3679 2853 3733 urbis
2903 3679 3390 3749 archiepiscopum,
3418 3684 3467 3729 et
3490 3671 3646 3728 moliar

2152 3766 2279 3821 dum
2307 3767 2560 3821 comitem
2589 3807 2604 3832 ,
2652 3765 2902 3821 villarum
2939 3783 3173 3822 suarum
3202 3767 3529 3838 provisorem,
3549 3771 3649 3829 pra!-

2151 3857 2358 3926 cipiens
2389 3865 2449 3910 ut
2472 3855 2614 3911 villae
2641 3871 2762 3926 quae
2795 3865 3022 3912 eatenus
3052 3859 3182 3913 usui
3212 3856 3492 3914 servierant
3513 3849 3652 3919 regia.

2151 3949 2410 4019 obsequio
2463 3949 2878 4006 restituerentur
2922 3949 3144 4020 publico
3195 3968 3210 4005 :
3254 3949 3391 4020 quod
3431 3954 3480 4000 et
3505 3942 3652 3996 factum

2151 4047 2253 4095 εει.

2222 4126 2427 4194 Quibus
2454 4129 2710 4199 receptis,
2743 4144 2839 4185 rex
2864 4139 2920 4184 et
2944 4129 3252 4199 prudentia:
3277 4143 3384 4184 sua:
3404 4117 3652 4181 monstravit

2151 4216 2406 4272 continuo
2441 4217 2819 4273 documentum
2849 4257 2864 4282 ,
2918 4226 2976 4273 et
3026 4216 3444 4279 misericordiae,
3487 4223 3582 4281 qua
3601 4202 3651 4258 illi

2151 4307 2381 4377 genuina
2407 4309 2686 4378 probatur,
2717 4307 2972 4379 patefecit
2994 4306 3249 4365 allectum
3282 4307 3439 4380 (796).
3466 4305 3574 4357 Nam
3591 4311 3658 4350 or-

471 4409 605 4449 vero
645 4394 947 4491 Ludovicus
987 4399 1175 4455 eodem
1205 4417 1346 4457 anno
1375 4401 1521 4474 (790)
1559 4403 1765 4459 Tolosae
1793 4403 2044 4474 placitum
2071 4432 2124 4491 Β
2152 4398 2357 4454 dinavit
2395 4399 2626 4468 qualiter
2669 4400 2724 4454 in
2766 4409 3001 4469 quatuor
3028 4399 3165 4467 locis
3195 4400 3414 4455 hiberna
3449 4389 3649 4458 tranSiie'

471 4484 725 4555 generale
747 4486 956 4555 habuit,
985 4488 1166 4560 ibique
1193 4493 1532 4560 consistenti,
1555 4493 1862 4549 Abutaurus
1889 4493 2048 4550 Sara-

471 4589 728 4630 cenorum
751 4575 880 4642 dux,
903 4593 1027 4633 cum
1065 4580 1286 4650 reliquis
1314 4596 1480 4652 regno
1507 4581 1830 4652 Aquitanica
1872 4582 2044 4636 conli-

471 4667 803 4734 mitantibus,
836 4671 905 4724 ad
931 4686 1055 4725 eum
1082 4673 1301 4728 nuntios
1335 4675 1510 4740 misit,
1556 4690 1746 4744 pacem
1776 4683 1966 4745 petens
1992 4682 2049 4730 et

473 4756 613 4812 dona
661 4759 808 4829 regia
847 4761 1088 4816 mittens.
1138 4762 1344 4829 Quibus
1386 4765 1683 4820 secundum
1711 4766 2044 4821 voluntatem

472 4846 614 4917 regis
637 4849 892 4917 acceptis,
923 4850 1094 4905 nuntii
1121 4849 1188 4905 ad
1218 4852 1434 4920 propria
1460 4860 1587 4906 sunt
1607 4855 1832 4910 reversi.

539 4935 746 4993 interea
773 4953 916 4992 anno
940 4937 1080 4995 hunc
1113 4949 1372 5010 sequente
1400 4940 1548 5012 (.790)
1575 4982 1591 5008 ,
1621 4944 1764 5012 patri
1793 4945 1908 5016 regi
1937 4961 2036 5001 rex

471 5025 773 5084 Ludovicus
785 5027 1112 5099 lugelnbeim
1138 5033 1395 5099 occurrit,
1418 5033 1541 5088 inde
1571 5033 1892 5106 Renesburg
1920 5054 2045 5093 cum

469 5133 536 5173 eo
563 5119 714 5174 abiit.
747 5119 932 5189 ibique
980 5137 1147 5185 ense,
1192 5120 1308 5191 jam
1348 5124 1621 5193 appellans
1667 5127 2046 5183 adolescentiae

472 5216 732 5278 tempora,
764 5210 1040 5267 accinctus
1066 5220 1172 5277 est,
1207 5227 1272 5266 ac
1302 5213 1494 5268 deinde
1517 5223 1729 5283 patrem
1757 5215 1812 5269 in
1837 5216 2045 5276 Avares

471 5301 767 5356 exercitum
790 5303 1074 5360 ducente'n
1097 5319 1267 5375 usque
1291 5305 1361 5360 ad
1382 5304 1708 5376 Chuueburg
1727 5308 2040 5374 comitatus,

465 5387 652 5456 jussus
679 5400 764 5446 est
793 5394 991 5448 reverti
1059 5403 1115 5450 et
1141 5411 1312 5465 usque
1357 5395 1424 5450 ad
1459 5396 1825 5452 reversionem
1860 5407 2042 5469 pater-

473 5495 618 5544 nam,
653 5497 776 5537 cum
812 5483 1071 5540 Fastrada
1101 5501 1322 5543 manere
1350 5489 1556 5559 regina.
1586 5487 1772 5559 itaque
1821 5507 1944 5547 cum
1977 5507 2066 5558 ea,

478 5568 712 5624 hiemem
751 5575 930 5644 exegit
960 5575 1370 5642 imminentem,
1421 5587 1574 5648 patre
1604 5579 1657 5634 in
1703 5580 2044 5649 expeditione

475 5667 653 5726 empta
688 5670 1059 5726 permanente.
1113 5667 1182 5718 At
1238 5682 1367 5722 vero
1429 5668 1545 5737 ipso
1593 5671 1660 5724 ab
1703 5671 2041 5740 expeditione

2147 4496 2260 4556 ret,
2284 4497 2343 4544 ut
2378 4490 2550 4546 tribus
2602 4491 2760 4546 annis
2791 4491 3018 4556 exactis,
3071 4499 3268 4560 quarto
3320 4490 3512 4544 demum
3551 4489 3651 4534 anno

2148 4580 2510 4636 hiematurum
2565 4596 2623 4636 se
2669 4582 2898 4651 quisque
2939 4597 3128 4637 eorum
3178 4581 3463 4650 susciperet
3501 4573 3649 4629 iacui.

2148 4670 2522 4726 Tehotuadum
2553 4671 2761 4727 scilicet
2787 4672 3047 4742 palatium
3071 4712 3086 4736 ,
3120 4669 3496 4741 Cassinogilum
3516 4704 3529 4728 ,
3571 4659 3650 4714 ΑΒ·

2148 4748 2363 4815 diacum
2388 4801 2404 4826 ,
2435 4769 2491 4816 et
2519 4761 2851 4831 Eurogilum.
2884 4761 3014 4828 Quae
3039 4762 3194 4827 ioca,
3229 4759 3432 4832 quando
3453 4758 3649 4824 quarum

2146 4850 2426 4904 redibatur
2475 4851 2543 4904 ad
2585 4865 2784 4910 annum
2813 4892 2829 4916 ,
2887 4851 3244 4908 sufficientem
3299 4848 3437 4918 regio
3481 4837 3652 4899 servitio

2145 4941 2472 4996 exhibebant
2522 4955 2833 5011 expensam.
2887 4943 3092 5010 Quibus
3125 4938 3519 5012 prudentissime
3541 4926 3650 4986 ordi-

2145 5035 2311 5099 natis,
2341 5035 2576 5090 inhibuit
2599 5051 2630 5088 a
2662 5035 2890 5104 plebeiis
2911 5035 3135 5090 ulterius
3159 5047 3397 5088 annonas
3420 5026 3646 5115 militarest

2145 5138 2280 5194 quas
2311 5125 2470 5194 vulgo
2500 5123 2744 5180 foderum
2784 5133 3002 5189 vocant,
3055 5124 3191 5179 dari.
3235 5123 3304 5176 Et
3330 5120 3444 5174 licet
3469 5117 3553 5169 hoc
3574 5108 3649 5163 vili

2144 5216 2410 5270 militares
2433 5231 2578 5286 aegre
2608 5215 2852 5282 tulerint,
2885 5225 3065 5270 tamen
3088 5215 3173 5270 ille
3198 5213 3282 5267 vir
3305 5200 3645 5266 misericordia

2143 5307 2492 5365 considerans
2515 5315 2570 5362 et
2598 5306 2955 5376 praebentium
2985 5304 3282 5376 penuriam,
3305 5308 3357 5355 et
3378 5290 3646 5366 exigenti"la

2142 5397 2545 5461 crudelitatem,
2585 5395 2744 5450 simul
2793 5402 2850 5449 et
2912 5404 3262 5460 utrorumque
3309 5385 3643 5458 perditionem.

2144 5486 2314 5541 satius
2350 5485 2616 5554 judicavit
2643 5486 2709 5540 de
2755 5501 2853 5540 suo
2879 5485 3286 5541 subministrare
3331 5477 3435 5532 suis
3460 5513 3475 5537 ν
3519 5475 3642 5536 illi“In

2143 5577 2220 5630 sic
2256 5575 2613 5646 permittendo
2643 5576 2854 5644 copiam
2885 5577 2962 5630 rei
2995 5570 3352 5628 frumentarize
3372 5607 3386 5630 ,
3411 5576 3518 5619 suos
3541 5557 3641 5610 ἱπε·

2145 5668 2235 5722 tiri
2265 5667 2537 5737 periculis.
2581 5667 2696 5734 Quo
2754 5677 2994 5737 tempore
3021 5667 3326 5736 Aibigenscs
3357 5657 3530 5712 tributo
3561 5655 3639 5713 quo
