3940 6180
361 283 470 336 955

1899 283 2073 340 \‘lTA.

3509 295 3614 351 93$

362 399 416 451 ln
449 397 626 451 dando
654 397 776 450 vino
807 404 860 450 et
888 413 1100 454 annona
1128 402 1508 471 gravabantur,
1558 417 1652 456 sua
1703 401 1940 456 liberali-
1970 402 2020 457 A
2045 406 2204 467 gente
2230 401 2450 458 subacta
2482 399 2780 467 Saxonum,
2831 402 3002 459 victor
3050 405 3274 464 Carolus
3321 407 3614 478 imperator

361 497 475 542 tate
503 486 782 541 relevavit.
819 488 1060 545 IIabebat
1097 501 1274 545 autem
1305 502 1434 547 tunc
1470 495 1726 564 temporis
1770 493 1934 563 Megi-

357 578 574 632 uarium
609 593 793 633 secum
821 620 836 644 ,
886 581 1108 635 missum
1133 582 1234 637 sibi
1263 598 1292 636 a
1321 591 1494 651 patre,
1524 586 1699 638 virum
1726 585 1937 652 sapien-

357 675 467 722 tem
505 675 560 722 et
586 677 890 736 strenuum,
917 685 1254 742 gnarumque
1282 674 1533 729 utilitatis
1561 681 1615 727 et
1639 674 1832 728 honest
1869 675 1939 729 tis

354 757 537 827 regiae.
567 757 624 812 In
659 767 870 813 tantum
897 769 1076 816 autem
1108 763 1219 832 regi
1257 763 1394 832 patri
1425 764 1538 819 haec
1561 764 1831 833 placuisse
1858 763 1939 818 di-

353 861 573 916 cuntur,
600 859 661 905 ut
684 852 788 906 hac
813 852 1112 908 imitatione
1150 854 1558 923 stipendiariam
1607 854 1660 908 in
1708 854 1937 908 Francia

355 941 706 996 interdiceret
735 957 1006 996 annonam
1036 944 1330 999 militarem
1359 945 1512 1008 dari,
1564 953 1620 1000 et
1668 945 1771 999 alia
1819 945 1939 1014 plu-

355 1032 490 1085 rima
517 1032 715 1103 corrigi
735 1031 972 1099 juberet,
1001 1033 1382 1105 congratulans
1407 1033 1653 1090 felicibus
1682 1033 1777 1088 ﬁlii
1807 1049 1936 1103 pro-

355 1121 604 1176 fectibus.
661 1121 930 1192 Sequente
983 1139 1147 1194 porro
1196 1132 1436 1194 tempore
1486 1124 1737 1179 Tolosam
1789 1123 1938 1179 venit

354 1227 480 1276 rex,
507 1221 563 1267 et
593 1221 916 1268 conventum
961 1213 1267 1282 generalem
1315 1215 1512 1270 ibidem
1554 1214 1762 1270 habuit.
1794 1213 1938 1269 Ade-

353 1303 492 1358 fonsi
516 1302 868 1359 Galletiarum
897 1306 1154 1376 principis
1174 1307 1386 1370 missos,
1406 1321 1544 1377 quos
1566 1321 1666 1376 pro
1688 1304 1932 1360 amicitia

353 1392 613 1448 ﬁrmanda
644 1393 864 1448 miserat
889 1409 1010 1448 cum
1037 1394 1192 1450 donis
1211 1435 1225 1460 ,
1254 1395 1493 1464 suscepit
1522 1403 1578 1449 et
1603 1392 1828 1463 pacifice
1854 1406 1939 1446 re-

353 1485 521 1540 misit.
562 1484 783 1539 Necnon
820 1493 875 1540 et
904 1485 1142 1540 Bahaluc
1187 1485 1582 1542 Saracenorum
1623 1484 1796 1547 ducis,
1843 1482 1937 1551 qui

351 1574 488 1630 locis
515 1575 816 1630 montuosis
863 1574 1170 1645 Aquitaniae
1212 1577 1474 1646 proximis
1508 1575 1934 1645 principabatur,

353 1665 552 1720 missos
590 1678 778 1733 pacem
821 1672 1149 1734 petentes-et
1177 1666 1316 1720 dona
1347 1664 1584 1722 ferentes
1619 1665 1857 1734 suscepit
1882 1668 1940 1719 et

2032 486 2145 554 jam
2177 491 2404 544 redibat.
2437 490 2533 544 Cui
2574 507 2696 546 cum
2733 491 2874 546 ﬁlius
2898 495 3242 560 occurrisset,
3282 498 3448 553 multo
3489 513 3612 554 eum

2039 577 2342 645 amplexatu
2413 579 2730 635 deosculans
2758 620 2773 645 ,
2839 581 3069 648 plurima
3115 582 3266 636 illum
3314 584 3611 654 gratiarum

2039 667 2251 722 actione
2299 675 2354 722 et
2400 668 2557 723 laude
2611 671 2828 736 extulit,
2876 671 3268 742 utilitatemque
3309 675 3613 745 obsequela:

2039 756 2201 822 illius,
2232 772 2374 826 saepe
2418 759 2662 814 iterando
2690 759 2900 815 felicem
2923 777 2981 816 se
3009 763 3104 816 tali
3131 763 3242 818 tilio
3275 763 3610 832 praedicavlt.

2038 845 2216 900 Finito
2255 848 2468 902 tandem
2498 849 2706 904 diutino
2733 858 2892 918 atque
2935 855 3318 911 cruentissimo
3343 856 3612 914 Saxonico

2038 935 2194 1000 bello,
2223 939 2388 1006 quod,
2411 947 2472 992 ut
2495 937 2695 1004 ferunt,
2729 940 2949 1012 triginta
2979 941 3140 996 trium
3168 959 3431 1000 annorum
3477 954 3612 1002 tem-

2006 1041 2138 1115 xpus
2164 1029 2469 1099 occupavit,
2519 1028 2824 1085 Ludovicus
2853 1046 2950 1086 rex
2979 1049 3008 1086 a
3037 1041 3195 1102 patre
3227 1035 3483 1091 dimissus
3508 1077 3523 1100 ,
3553 1036 3613 1093 in

2039 1132 2261 1188 regnum
2305 1119 2585 1189 proprium
2611 1122 2679 1176 ad
2709 1121 2935 1178 hiberna
2979 1139 3100 1180 sese
3149 1140 3272 1182 cum
3310 1127 3424 1183 suis
3451 1127 3612 1184 colle-

2037 1207 2135 1276 git.
3331 1234 3334 1237 ·

2109 1295 2296 1352 Hieme
2324 1312 2486 1366 porro
2533 1308 2805 1356 transacta
2849 1301 3022 1376 (802),
3067 1303 3290 1360 Carolus
3319 1306 3612 1377 imperator

2038 1393 2251 1457 tempus
2306 1399 2665 1458 opportunum
2715 1401 2945 1459 nactus,
2994 1403 3054 1449 ut
3098 1405 3223 1466 pote
3271 1397 3338 1451 ab
3372 1397 3612 1454 externis

2037 1476 2324 1544 quiescens
2345 1479 2518 1545 bellis,
2538 1481 2704 1550 erepit
2726 1483 3012 1538 circumire
3037 1485 3153 1540 loca
3179 1486 3263 1540 sui
3291 1489 3444 1558 regni
3471 1489 3611 1544 mari

2037 1567 2309 1639 contigua.
2351 1567 2503 1635 Quod
2556 1571 2682 1626 dum
2728 1572 3032 1630 Ludovicus
3066 1591 3159 1631 rex
3212 1579 3606 1647 comperisset,

2039 1654 2432 1727 Rethomagum
2462 1660 2630 1716 misso
2674 1661 2850 1734 legato
2893 1663 3198 1722 Hademaro
3223 1707 3236 1732 ,
3275 1669 3432 1736 petiit
3483 1685 3609 1725 eum

351 1755 580 1809 remisit.
595 1732 731 1821 iQuo
761 1732 1004 1824 tempore
1030 1770 1226 1811 verens
1257 1772 1324 1811 ne
1350 1757 1594 1826 corporis
1633 1732 1818 1811 nativo
1842 1771 1935 1811 su-
1961 1732 2010 1791 Β
2038 1745 2094 1800 in
2117 1745 2461 1815 Δαυίιειιίεπι
2488 1732 2776 1818 (Ῑίνθτῑθνέδ,
2812 1763 2867 1808 ει
2899 1769 3122 1824 regnum
3153 1732 3296 1826 quod
3320 1758 3422 1813 sibi
3447 1759 3610 1818 dede-

350 1853 569 1914 peratus
590 1844 787 1910 calore,
820 1845 873 1899 in
917 1845 1260 1902 multimodos
1281 1847 1507 1901 luxuriae
1529 1852 1813 1915 raperetur
1836 1861 1936 1901 an-

353 1933 578 2001 fractus,
602 1951 723 1992 cum
754 1937 981 1992 consilio
1003 1953 1249 2003 suorum,
1297 1937 1760 2006 Hermengardam
1791 1937 1935 1992 futu-

353 2041 470 2081 ram
497 2027 767 2098 reginam,
806 2027 967 2084 claris
994 2036 1170 2083 ortam
1197 2028 1486 2094 natalibus,
1514 2036 1575 2082 ut
1603 2037 1730 2098 pote
1763 2027 1934 2082 ﬁliam

349 2115 639 2187 Ingrammi
669 2118 882 2172 comitis
907 2158 921 2182 ,
978 2119 1082 2173 sibi
1136 2119 1382 2174 sociavit.
1429 2117 1714 2175 Ordinavit
1750 2126 1933 2174 autem

348 2207 442 2263 illo
472 2217 712 2279 tempore
752 2209 804 2263 in
846 2210 1045 2265 finibus
1090 2210 1483 2280 Aquitanorum
1512 2212 1934 2281 circumquaque

348 2297 715 2354 ﬁrmissimam
763 2299 1008 2355 tutelam.
1038 2300 1173 2355 Nam
1202 2301 1477 2357 civitatem
1518 2302 1814 2366 Ausonum,
1844 2317 1935 2356 ca-

345 2397 523 2443 strum
570 2389 896 2454 Cardonam,
935 2389 1383 2457 Castamserram,
1420 2399 1476 2445 et
1504 2391 1709 2461 reliqua
1737 2391 1932 2461 oppida

342 2479 478 2534 olim
509 2480 724 2535 deserta
747 2520 761 2544 ,
793 2480 1060 2545 munivit,
1091 2481 1324 2535 habitari
1378 2480 1506 2536 fecit
1527 2522 1542 2547 ,
1577 2490 1633 2536 et
1685 2481 1932 2537 Burrello

340 2570 532 2626 comiti
562 2585 684 2625 cum
706 2553 957 2642 congruis
974 2571 1188 2627 auxiliis
1210 2572 1404 2628 tuenda
1425 2572 1716 2628 commisit.
1742 2572 1931 2629 Hieme

343 2667 625 2715 transacta
654 2660 800 2715 misit
828 2659 895 2717 ad
922 2660 1068 2715 illum
1096 2669 1252 2732 pater
1278 2677 1394 2728 rex,
1433 2671 1494 2716 ut
1521 2663 1588 2717 ad
1630 2676 1688 2718 se
1739 2670 1929 2718 contra

342 2749 591 2806 Saxones
613 2758 854 2816 euntem,
879 2766 1002 2806 cum
1036 2751 1234 2822 popqu
1258 2793 1273 2818 ,
1299 2768 1408 2822 quo
1433 2761 1617 2824 posset
1642 2794 1655 2819 ,
1695 2753 1925 2809 veniret.

341 2839 447 2907 Qui
481 2840 560 2895 ire
585 2835 990 2907 non‘ditl‘ercns,
1022 2842 1091 2896 ad
1137 2857 1262 2898 eum
1289 2843 1626 2914 Aquasgrani
1658 2845 1806 2898 venit
1833 2885 1847 2909 ,
1875 2852 1931 2900 et

343 2946 470 2987 cum
521 2931 640 3001 ipso
677 2931 744 2986 ad
774 2930 1168 2987 Fremersheim
1194 2973 1209 2998 ,
1243 2933 1333 2988 ubi
1370 2932 1625 3002 placitum
1677 2933 1927 3004 generale

344 3019 567 3084 habuit,
611 3033 775 3090 super
826 3020 998 3090 ripam
1049 3020 1220 3077 Rheni
1273 3022 1530 3093 perrexit.
1573 3023 1631 3078 In
1686 3022 1922 3080 Saxonia

343 3122 468 3162 cum
510 3116 666 3179 patre
709 3125 878 3179 usque
912 3110 978 3164 ad
1008 3111 1227 3166 missam
1274 3113 1445 3167 sancti
1476 3112 1689 3167 Martini
1720 3114 1924 3184 perdu-

345 3204 507 3257 ravit.
539 3204 662 3260 Inde
688 3219 719 3259 a
757 3205 992 3260 Saxonia
1032 3220 1154 3260 cum
1190 3214 1341 3274 patre
1369 3205 1538 3267 exiit,
1567 3213 1623 3260 et
1663 3206 1718 3260 in
1758 3204 1925 3274 Aqui-

344 3294 567 3356 taniam,
599 3311 790 3367 magna
817 3295 1012 3350 hiemis
1035 3303 1224 3350 exacta
1253 3303 1426 3366 parte,
1465 3297 1752 3351 concessit.
1785 3295 1922 3351 Suc-

343 3386 569 3439 cedcnte
614 3402 742 3441 vero
791 3395 977 3442 testate
1005 3427 1019 3452 ,
1068 3402 1162 3442 rex
1201 3385 1426 3441 Carolus
1456 3386 1524 3440 ad
1568 3402 1693 3441 eum
1729 3385 1877 3440 misit
1903 3426 1919 3450 ,

343 3477 608 3532 mandans
638 3483 698 3532 ut
741 3492 924 3532 secum
956 3478 1009 3532 in
1060 3477 1265 3532 Italiam
1311 3478 1749 3549 proficisceretur
1781 3495 1796 3533 :
1826 3479 1922 3534 sed

342 3576 552 3625 mutato
584 3569 810 3625 consilio
828 3568 1012 3637 jussus
1031 3577 1114 3624 est
1138 3571 1281 3624 domi
1309 3584 1549 3625 manere.

413 3659 563 3729 Rege
588 3669 766 3715 autem
799 3661 1022 3715 Romam
1049 3663 1306 3730 pergente
1334 3700 1349 3724 ,
1390 3659 1697 3728 ibidemque
1723 3660 1920 3714 infulas

342 3751 719 3819 imperatorias
744 3749 1074 3820 suscipiente
1102 3747 1274 3819 (800),
1324 3761 1416 3802 rex
1453 3746 1760 3802 Ludovicus
1807 3747 1918 3800 To-

341 3839 510 3893 losam
535 3840 664 3894 abiit
693 3840 922 3903 iterum,
966 3847 1130 3907 atque
1160 3837 1285 3890 inde
1329 3837 1383 3891 in
1428 3834 1742 3904 Hispaniam
1790 3850 1920 3890 con-

341 3931 533 3986 tendit.
567 3931 664 3986 Cui
692 3931 1006 3985 Barcinonte
1054 3926 1542 3999 appropinquanti,
1581 3925 1763 3981 Zaddo
1809 3925 1919 3981 dux

337 4021 578 4090 ejusdem
607 4021 843 4078 civitatis
892 4030 1148 4090 tanquam
1200 4017 1476 4087 subjectus
1509 4016 1790 4080 occurrit,
1817 4030 1920 4071 nec

339 4124 522 4168 tamen
548 4114 821 4170 civitatem
851 4113 1075 4168 dedidit.
1107 4111 1278 4178 Quam
1303 4108 1709 4181 transgrediens
1733 4115 1920 4174 rex,et

338 4205 523 4260 Ilerda:
550 4205 969 4276 superveniens,
1014 4203 1227 4274 subegit
1255 4201 1400 4256 illam
1443 4208 1606 4271 atque
1631 4199 1914 4256 subvertit.

337 4298 457 4365 Qua
485 4298 660 4353 diruta
694 4339 709 4362 ,
742 4306 796 4352 et
823 4297 1034 4352 caeteris
1062 4293 1372 4364 municipiis
1395 4288 1620 4348 vastatis
1646 4307 1711 4347 ac
1736 4292 1919 4347 incen-

2035 1843 2121 1889 rat
2154 1835 2392 1892 invisere
2415 1877 2430 1901 ,
2485 1847 2542 1893 et
2573 1841 2641 1894 ad
2678 1841 2854 1896 locum
2879 1844 2972 1912 qui
2998 1843 3362 1917 Cassinogilus
3387 1857 3611 1905 vocatur

2034 1924 2239 1979 venire.
2272 1923 2438 1994 Cujus
2466 1929 2783 1996 petitionem
2830 1941 2986 2001 pater
3013 1935 3401 1994 honorabiliter
3429 1956 3610 1998 susce-

2033 2013 2134 2081 pit,
2171 2022 2228 2068 et
2264 2013 2374 2068 filio
2411 2017 2612 2085 gratias
2650 2019 2762 2088 egit
2793 2037 2806 2073 :
2839 2009 3006 2090 petita
3059 2032 3237 2081 tamen
3268 2029 3527 2099 negavit,
3555 2039 3611 2085 et

2035 2113 2096 2158 ut
2124 2104 2228 2159 sibi
2255 2104 2529 2161 Turonum
2553 2121 2868 2166 occurreret
2888 2114 3184 2170 mandavit.
3210 2116 3328 2184 Quo
3354 2117 3497 2175 filius
3519 2136 3610 2176 ve-

2032 2194 2227 2260 niens,
2267 2197 2659 2266 gratulabunde
2704 2199 2868 2257 nimis
2899 2203 2968 2260 ab
3009 2219 3074 2261 eo
3112 2216 3428 2278 susceptus,
3464 2219 3520 2266 et
3555 2211 3609 2266 in

2031 2284 2319 2340 Franciam
2349 2287 2664 2346 redeuntem
2704 2291 2940 2348 Vernum
2962 2310 3478 2368 usquoprosecutus
3503 2312 3606 2366 est.

2029 2374 2074 2427 A
2110 2389 2219 2443 quo
2265 2374 2572 2444 digrediens
2596 2417 2611 2444 ,
2675 2379 2730 2434 in
2784 2380 3128 2451 Aquitaniam
3179 2401 3454 2457 regressus
3503 2403 3606 2447 est.

2030 2463 2244 2520 Estate
2275 2465 2415 2522 hanc
2438 2479 2697 2539 sequente
2717 2471 2865 2547 (805)
2897 2475 3076 2532 Zaddo
3101 2479 3210 2534 dux
3240 2481 3607 2542 Barcinonen-

2031 2558 2107 2613 sis
2136 2573 2330 2615 suasus
2357 2569 2443 2617 est
2467 2577 2498 2616 a
2526 2564 2759 2633 quodam
2789 2567 2895 2622 sibi
2923 2608 2938 2634 ,
2987 2577 3048 2624 ut
3093 2572 3347 2642 putabat,
3387 2577 3560 2632 amico
3594 2619 3607 2643 ,

2030 2648 2340 2707 Narbonem
2393 2669 2568 2724 usque
2611 2658 2927 2726 procedere.
2987 2660 3089 2728 Qui
3141 2667 3562 2735 comprehensus
3590 2709 3606 2734 ,

2029 2738 2302 2798 Ludovico
2339 2745 2454 2816 regi
2499 2755 2583 2802 est
2620 2748 2914 2816 adductus,
2949 2760 3004 2806 et
3032 2754 3172 2823 patri
3201 2754 3394 2813 Carolo
3424 2760 3607 2816 itidem

2027 2833 2339 2901 perductus.
2371 2835 2492 2906 Ipso
2529 2845 2772 2908 tempore
2816 2841 3120 2900 Ludovicus
3168 2860 3264 2901 rex
3299 2857 3488 2904 coacto
3513 2865 3608 2919 po-

2027 2920 2154 2990 pqu
2184 2925 2337 2994 regni
2371 2927 2452 2980 sui
2490 2926 2718 2994 Toloste,
2753 2929 2820 2984 de
2847 2931 2934 2986 his
2957 2946 3076 3002 quae
3119 2937 3324 3006 agenda
3351 2937 3608 2993 videban-

2029 3018 2119 3066 tur
2145 3020 2386 3071 tractans
2418 3016 2769 3074 deliberabat.
2798 3019 3175 3092 Burgundione
3203 3042 3436 3097 namque
3463 3044 3608 3084 mor-

2028 3106 2140 3166 tuo,
2189 3103 2477 3160 comitatus
2511 3105 2627 3174 ejus
2673 3107 3030 3166 Fedentiacus
3058 3113 3316 3170 Liutardo
3341 3126 3426 3172 est
3453 3120 3608 3173 attri-

2025 3188 2206 3246 butus.
2264 3191 2436 3260 Quam
2483 3210 2598 3250 rem
2656 3197 2929 3255 Vascones
2963 3201 3186 3257 moleste
3217 3203 3454 3261 ferentes
3484 3247 3497 3271 ,
3549 3209 3604 3262 in

2024 3286 2231 3336 tantam
2259 3296 2488 3354 erupere
2508 3286 2884 3355 petulantiam,
2910 3299 2970 3345 ut
2997 3293 3163 3348 etiam
3191 3295 3438 3353 homines
3462 3298 3604 3355 illius

2023 3372 2159 3428 alios
2187 3375 2333 3430 ferro
2353 3378 2701 3446 perimereut,
2733 3381 2868 3438 alios
2900 3383 3009 3454 igni
3052 3388 3452 3446 comburerent.
3499 3391 3602 3459 Qui

2023 3463 2199 3554 vocati
2242 3464 2371 3520 dum
2413 3467 2647 3536 primum
2693 3471 2881 3527 venire
2927 3474 3336 3546 detrectarent,
3386 3488 3603 3554 quoquo

2022 3551 2183 3607 modo
2208 3554 2277 3608 ad
2301 3569 2524 3611 causam
2561 3558 2844 3614 dicendam
2873 3574 3133 3618 venerunt
3165 3605 3179 3630 ,
3207 3575 3262 3619 et
3290 3583 3478 3636 poenas
3503 3551 3599 3626 de-

2021 3642 2163 3698 bitas
2187 3659 2285 3712 pro
2313 3645 2510 3702 talibus
2535 3649 2684 3704 ausis
2724 3651 3010 3717 dederunt,
3061 3654 3132 3708 ita
3169 3665 3228 3711 ut
3258 3659 3477 3725 quidam
3521 3669 3602 3718 ta-

2021 3734 2183 3790 lionis
2231 3735 2346 3806 lege
2391 3737 2500 3808 igni
2551 3740 2962 3812 conflagrarent.
2995 3745 3092 3801 His
3115 3750 3373 3817 peractis,
3415 3767 3601 3810 succe-

2021 3824 2181 3878 dente
2233 3833 2474 3896 tempore
2501 3828 2670 3900 (804),
2699 3832 2872 3886 visum
2913 3843 2996 3888 est
3037 3839 3149 3909 regi
3192 3849 3247 3894 et
3274 3843 3599 3902 consiliariis

2021 3916 2137 3986 ejus
2179 3927 2238 3972 ut
2267 3921 2334 3974 ad
2363 3920 2722 3978 Barcinonam
2750 3931 3162 3998 Oppugnandam
3190 3935 3266 3990 ire
3295 3937 3552 3995 deberent
3581 3960 3594 3999 :

2019 4007 2299 4078 divisoque
2333 4012 2388 4065 in
2438 4021 2546 4068 tres
2588 4021 2771 4083 partes
2815 4019 3092 4086 exercitu,
3146 4038 3312 4078 unam
3379 4027 3595 4096 quidem

2021 4097 2347 4154 Ruscellioni
2406 4102 2520 4172 ipse
2556 4118 2878 4172 permanens
2909 4122 3090 4164 secum
3124 4114 3345 4169 retinuit
3369 4157 3384 4182 ,
3439 4117 3594 4176 alteri

2019 4192 2356 4247 obsidionem
2403 4195 2553 4249 urbis
2595 4193 2864 4264 injunxit,
2913 4201 3001 4255 cui
3049 4200 3376 4277 Rotstagnus
3412 4223 3594 4267 comes

2020 4281 2289 4338 Gerundte
2316 4283 2567 4353 praefuit;
2602 4288 2814 4342 tertiam
2843 4301 3044 4359 autem,
3070 4310 3138 4349 ne
3172 4295 3313 4354 forte
3342 4299 3593 4358 obsiden-

338 4392 436 4456 sis,
455 4391 520 4446 ad
536 4389 730 4446 Oscam
755 4405 926 4459 usque
954 4387 1238 4459 processit.
1267 4385 1431 4455 Cujus
1457 4400 1618 4457 agros
1645 4383 1914 4455 segetibus
1937 4402 1992 4462 Β
2021 4382 2103 4429 tes
2129 4375 2316 4429 urbem
2337 4375 2628 4446 improvise
2652 4381 2718 4434 ab
2740 4381 2987 4438 hostibus
3009 4399 3419 4458 occuparentur,
3449 4393 3589 4448 ultra

332 4481 523 4554 plenos
553 4496 744 4536 manus
772 4480 1023 4535 militaris
1045 4479 1238 4544 secuit,
1271 4477 1506 4534 vastavit
1526 4517 1540 4541 ,
1573 4475 1827 4538 incendit,
1855 4483 1914 4530 et

335 4587 672 4642 quacunque
713 4580 867 4626 extra
901 4571 1176 4625 civitatem
1228 4577 1355 4624 sunt
1401 4575 1634 4638 reperta,
1666 4565 1912 4621 incendio

335 4666 661 4735 dcpascente
687 4672 812 4718 sunt
843 4669 1179 4730 consumpta.
1227 4659 1435 4727 Quibus
1461 4658 1707 4729 expletis,
1736 4657 1912 4712 immi-

335 4763 504 4810 nente
535 4755 646 4826 jam
677 4755 872 4818 hieme,
905 4752 971 4806 ad
996 4751 1210 4820 propria
1237 4751 1416 4805 rediit.
1444 4749 1722 4804 Redeunte
1747 4762 1914 4818 porro

333 4856 581 4915 tempore
629 4846 852 4906 aestivo,
887 4843 1182 4913 imperator
1217 4841 1634 4912 gloriosissimus
1685 4839 1910 4896 Carolus

333 4937 628 4992 Saxoniam
663 4935 818 5007 petiit
863 4933 1035 5005 (801),
1080 4930 1340 4988 mandans
1385 4931 1512 4996 ﬁlio,
1559 4938 1620 4985 ut
1663 4938 1718 4986 ct
1752 4930 1906 5000 ipse,

332 5036 592 5098 tanquam
633 5026 685 5080 in
713 5025 904 5081 eadem
944 5033 1088 5079 terra
1114 5023 1448 5078 hiematurus
1470 5063 1485 5089 ,
1515 5037 1576 5077 se
1617 5023 1930 5090 subseque-_

333 5127 506 5175 retur.
557 5119 708 5186 Quod
759 5118 876 5188 ipse
926 5131 1086 5188 agere
1157 5115 1463 5180 festinans,
1508 5115 1575 5170 ad
1621 5113 1909 5171 Neusciam

331 5211 503 5273 venit,
537 5209 782 5263 Rhenum
830 5207 1030 5261 ibidem
1061 5206 1306 5270 transiit,
1329 5213 1384 5260 et
1409 5205 1549 5276 patri
1573 5218 1904 5260 concurrere

331 5300 688 5358 accelerabat.
723 5297 829 5353 Sed
855 5307 1142 5365 antequam
1172 5296 1239 5350 ad
1281 5311 1403 5350 eum
1447 5296 1687 5359 veniret,
1718 5293 1908 5348 nuntio

328 5389 571 5445 obviavit
616 5397 843 5457 paterno
879 5386 932 5440 in
979 5386 1098 5440 loco
1143 5385 1297 5454 cujus
1331 5384 1645 5439 vocabulum
1673 5391 1758 5438 est
1784 5382 1908 5438 0st-

330 5480 635 5546 faloa,cum
661 5479 932 5534 mandatis
969 5491 1038 5531 ne
1071 5475 1192 5544 plus
1222 5476 1275 5528 iu
1306 5475 1628 5530 ambulando
1658 5474 1907 5543 fatigare-

329 5584 440 5635 tur,
487 5572 616 5641 quin
658 5572 836 5640 potius
863 5569 981 5624 loco
1007 5567 1107 5622 sibi
1141 5573 1443 5635 opportuno
1467 5574 1644 5619 castra
1676 5572 1909 5618 metare-

327 5674 434 5728 tur,
462 5672 516 5719 et
547 5678 606 5716 se
650 5663 962 5716 redeuntem
995 5655 1192 5714 ibidem
1239 5655 1560 5726 operiretur.
1591 5655 1724 5710 Tota
1761 5653 1905 5709 enim

2016 4468 2206 4522 urbem
2237 4468 2427 4522 sedere
2460 4471 2740 4537 prtemisit.
2791 4471 3009 4528 Obsessi
3062 4476 3267 4534 interea
3311 4481 3455 4537 intra
3499 4499 3592 4537 ur-

2013 4557 2158 4623 bem,
2182 4556 2489 4613 Cordubam
2516 4559 2778 4614 miserunt
2803 4562 3168 4635 auxiliumque
3205 4579 3587 4636 poposcerunt.

2013 4647 2130 4703 Rex
2160 4663 2292 4704 vero
2320 4646 2716 4705 Saracenorum
2742 4652 2986 4720 protinus
3011 4655 3301 4712 auxiliatus
3326 4659 3407 4714 eis
3433 4675 3590 4717 excr-

2012 4743 2181 4797 citum
2210 4742 2430 4798 direxit.
2472 4743 2826 4800 Venientibus
2853 4761 3016 4815 porro
3042 4748 3125 4802 his
3152 4751 3244 4818 qui
3277 4752 3428 4807 missi
3473 4753 3586 4810 fue-

2011 4841 2137 4887 rant
2172 4833 2660 4907 Caesaraugustam,
2686 4834 2914 4891 relatum
2941 4845 3026 4893 est
3048 4839 3128 4894 eis
3162 4840 3230 4896 de
3254 4843 3496 4898 exercitu
3525 4845 3583 4900 in

2010 4926 2098 4981 via
2136 4927 2239 4981 sibi
2267 4926 2483 4982 obviam
2511 4929 2824 4984 constituto.
2873 4929 3008 4986 Erat
3052 4939 3232 4988 autem
3275 4935 3347 4989 ibi
3380 4935 3585 4992 Willet-

2009 5033 2130 5073 mus
2151 5019 2360 5088 primus
2383 5019 2630 5090 signifer,
2647 5019 3001 5088 Hademarus,
3015 5031 3072 5078 et
3090 5039 3213 5079 eum
3239 5025 3318 5080 eis
3347 5025 3582 5082 validum

2008 5109 2290 5164 auxilium.
2329 5108 2482 5177 Quod
2518 5109 2593 5164 illi
2641 5111 2921 5168 audientes
2943 5153 2959 5179 ,
2996 5113 3050 5168 in
3076 5113 3301 5170 Astures
3322 5130 3441 5171 sese
3464 5131 3584 5172 ver-

2009 5207 2211 5265 terunt,
2239 5201 2554 5271 clademque
2576 5203 2658 5257 eis
2678 5202 2971 5272 improvise
3002 5205 3428 5276 importaverunt
3445 5249 3460 5275 ,
3485 5207 3581 5265 sed

2008 5289 2178 5345 multo
2207 5291 2511 5360 graviorem
2549 5300 2980 5360 reportaverunt.
3022 5294 3229 5362 Quibus
3274 5301 3576 5357 recedenti—

2006 5382 2129 5446 bus,
2157 5383 2328 5436 nostri
2359 5381 2425 5436 ad
2449 5383 2625 5437 socios
2648 5384 2837 5438 urbem
2858 5384 3168 5442 obsidentes
3195 5392 3400 5446 reversi
3427 5401 3576 5460 sunt,

2007 5479 2063 5526 et
2083 5470 2185 5524 illis
2205 5470 2377 5540 juncti
2408 5472 2589 5526 tandiu
2607 5473 2794 5526 urbem
2808 5475 3199 5545 obambientes,
3216 5490 3272 5536 et
3283 5482 3484 5538 nullum
3501 5485 3580 5540 in-

2007 5560 2156 5630 gredi
2184 5569 2276 5613 aut
2296 5562 2474 5631 egredi
2493 5562 2886 5630 permittentes,
2917 5578 3199 5636 vexarunt,
3229 5571 3400 5628 donec
3416 5572 3578 5629 famis

2009 5651 2302 5708 acerbitate
2329 5653 2499 5708 coacti
2530 5663 2655 5710 sunt
2683 5657 2844 5712 etiam
2872 5661 3228 5719 vetustissima
3253 5667 3409 5722 ostiis
3429 5666 3575 5721 coria
