3922 6180
459 283 562 340 955

459 393 745 450 detrahere
769 428 784 454 ,
814 395 865 442 et
895 386 947 440 in
974 385 1154 439 cibum
1192 377 1622 434 infelicissimum
1654 384 1886 430 vertere.
1930 370 2036 426 Alii

460 493 643 540 autem
690 487 916 534 mortem
969 471 1355 527 infelicissima:
1402 473 1780 537 praeponentes
1815 465 1961 528 vitai,
2007 477 2039 518 e

459 571 632 625 muris
659 571 827 620 semet
853 560 1156 630 praecipites
1194 557 1513 619 mittebant,
1564 554 1731 622 aliqui
1760 566 1894 607 vero
1942 566 2038 622 spe

461 656 842 714 animabantur
865 650 1018 704 inani
1052 689 1067 714 ,
1107 647 1408 718 cogitantes
1437 644 1582 713 quod
1608 642 1804 697 Franci
1842 639 2038 695 hiemis

461 746 748 816 asperitate
795 757 827 795 a
875 739 1110 795 civitatis
1139 738 1523 792 cohiberentur
1570 733 1868 789 obsidione.
1927 730 2039 785 Sed

459 835 827 892 hancillorum
849 845 997 900 spem
1027 829 1259 884 abscidit
1281 825 1629 896 prudentium
1644 823 1884 878 virorum
1912 836 2038 875 con-

461 928 663 984 silium.
691 925 930 979 Advecta
959 921 1105 975 enim
1148 918 1508 984 undecunque
1551 913 1775 968 materia
1801 951 1816 975 ,
1861 924 2040 980 ccupe-

459 1025 591 1074 runt
617 1024 896 1072 exstruere
921 1025 1096 1072 casas,
1123 1007 1287 1062 veluti
1312 1007 1366 1060 in
1390 1004 1636 1060 hibernis
1663 1002 1861 1056 ibidem
1886 1015 2040 1054 man-

461 1105 596 1160 suri.
647 1101 802 1170 Quod
854 1108 1141 1155 cernentes
1193 1096 1428 1152 civitatis
1472 1094 1826 1155 habitatores,
1870 1106 1901 1146 a
1943 1105 2039 1161 spe

463 1194 798 1256 deciderunt,
814 1199 868 1244 et
887 1190 954 1242 ad
975 1186 1403 1256 desperationem
1427 1183 1671 1237 ultimam
1692 1180 1854 1245 versi,
1881 1194 2037 1234 suum

459 1283 758 1352 principem
792 1278 1076 1334 Zaddonis.
1105 1281 1394 1345 cognatum
1449 1270 1786 1325 tradiderunt
1815 1307 1833 1333 ,
1879 1281 2040 1335 quem

461 1387 560 1442 pro
588 1386 652 1425 eo
677 1369 1089 1428 constituerant,
1123 1363 1340 1418 nomine
1366 1361 1591 1424 Hamur,
1625 1367 1678 1412 et
1709 1374 1768 1414 se
1807 1366 1864 1412 et
1909 1357 2043 1412 civi-

465 1468 652 1524 tatem,
684 1470 945 1512 concessa
973 1453 1228 1507 facultate
1251 1449 1560 1514 secedendi,
1584 1447 1910 1502 dediderunt
1936 1446 2041 1499 hoc

467 1549 644 1604 modo.
691 1546 826 1602 Cum
873 1544 1016 1598 enim
1073 1542 1229 1612 longa
1289 1539 1487 1594 fessam
1543 1537 1821 1592 obsidione
1869 1535 2042 1590 nostri

467 1646 721 1696 tenerent
746 1639 958 1700 urbem,
989 1642 1043 1690 et
1065 1635 1176 1704 jam
1203 1632 1314 1701 jam
1349 1630 1668 1699 capiendam
1707 1635 1802 1682 aut
1827 1626 2045 1680 traden-

466 1733 591 1787 dam
639 1731 957 1791 crederent,
1011 1729 1241 1781 honesto
1284 1732 1346 1778 ut
1391 1722 1612 1778 decebat
1666 1721 1748 1775 usi
1775 1717 2000 1774 consilio
2022 1758 2037 1782 ,

465 1837 647 1894 regem
674 1829 891 1884 vocant,
917 1826 977 1872 ut
1009 1817 1140 1872 urbs
1179 1816 1314 1870 tanti
1347 1814 1582 1870 nominis
1621 1812 1910 1883 gloriosum
1944 1824 2041 1864 no—

467 1922 593 1962 men
624 1906 736 1976 regi
764 1910 1108 1974 propagaret,
1139 1902 1184 1955 si
1213 1901 1362 1955 illam
1384 1914 1450 1954 eo
1486 1906 1753 1968 prtesente
1797 1895 2040 1966 superari

465 1996 822 2065 contingeret.
881 1991 1223 2064 Suggestioni
1273 1991 1401 2045 huic
1442 1989 1744 2044 admodum-
1797 1988 2040 2042 honestat

465 2097 563 2137 rex
609 2095 890 2136 assensum
956 2078 1206 2147 praebuit.
1256 2076 1419 2130 Venit
1462 2089 1592 2146 ergo
1639 2074 1707 2128 ad
1739 2073 2038 2127 exercitum

467 2187 624 2228 suum
649 2171 839 2225 urbem
870 2168 1157 2223 vallantem
1176 2207 1190 2232 ,
1220 2181 1340 2236 quae
1381 2163 1706 2220 indesinenti
1759 2175 2038 2232 oppugna-

467 2264 613 2317 tione
639 2277 735 2316 sex
762 2259 1191 2315 hebdomadibus
1223 2254 1536 2327 perduravit
1560 2293 1575 2318 ,
1601 2259 1661 2307 et
1705 2251 1922 2306 tandem
1951 2264 2042 2306 su-

463 2359 651 2422 perata
677 2349 868 2404 victori
896 2361 1088 2401 manus
1111 2346 1276 2401 dedit.
1301 2343 1521 2399 Tradita
1543 2355 1673 2411 ergo
1694 2347 1746 2395 et
1771 2337 2040 2410 patefacta

472 2441 713 2504 civitate,
744 2439 918 2508 primo
946 2437 1162 2506 quidem
1190 2435 1279 2490 die
1319 2434 1688 2489 custodesrex
1719 2431 1849 2488 illud
1878 2429 2043 2485 desti-

464 2530 634 2594 navit,
660 2530 775 2598 ipse
809 2535 988 2582 autem
1013 2527 1082 2580 ab
1110 2525 1226 2594 ejus
1266 2525 1515 2592 ingressu
1551 2521 1834 2586 abstinuit,
1863 2519 2042 2575 donec

464 2619 742 2674 ordinaret
768 2615 997 2685 qualiter
1022 2630 1144 2669 cum
1183 2614 1346 2684 digna
1368 2614 1479 2668 Deo
1505 2612 1802 2682 gratiarum
1827 2610 2042 2665 actione

467 2709 702 2780 cupitum
724 2715 884 2776 atque
907 2714 1211 2776 susceptam
1233 2705 1516 2760 victoriam
1537 2703 1654 2773 ejus
1680 2702 1886 2758 nomini
1911 2716 2043 2756 con-

468 2807 729 2854 secra‘ret.
759 2799 1218 2873 Anteccdentihus
1247 2811 1374 2866 ergo
1410 2811 1531 2852 eum
1564 2794 1620 2848 in
1656 2793 1952 2848 crastinum
1988 2798 2043 2847 et

468 2891 762 2944 exercitum
804 2887 920 2958 ejus
955 2889 1326 2943 sacerdotibus
1367 2895 1422 2940 et
1464 2885 1634 2951 clero,
1667 2899 1790 2939 cum
1816 2882 2042 2938 solemni

470 2988 733 3050 apparatu
772 2989 827 3035 et
875 2979 1124 3034 laudibus
1175 2978 1500 3048 hymnidicis
1544 2983 1755 3047 portam
1805 2973 2041 3029 civitatis

471 3072 771 3142 ingressus,
801 3081 856 3126 et
877 3073 941 3126 ad
969 3071 1252 3127 ecclesiam
1281 3080 1481 3126 sanctze
1507 3078 1563 3124 et
1588 3068 2045 3125 victoriosissimte

471 3160 684 3224 Crueis,
711 3175 810 3228 pro
841 3161 1066 3214 victoria
1101 3161 1203 3213 sibi
1237 3160 1454 3224 collata,
1484 3161 1781 3230 gratiarum
1804 3160 2044 3216 actiones

471 3250 584 3304 Deo
615 3257 858 3314 acturus,
885 3263 1204 3317 progressus
1227 3257 1314 3302 est
1349 3247 1519 3317 (805).
1551 3249 1734 3303 Porro
1764 3255 1886 3317 post
1929 3250 2045 3304 haec

471 3338 608 3392 Bera
637 3337 834 3391 comite
885 3337 1087 3402 ibidem
1117 3336 1184 3388 ad
1223 3333 1525 3390 custodiam
1573 3337 1760 3392 relicto
1787 3352 1908 3391 cum
1937 3335 2045 3391 Go-

473 3429 689 3483 thorum
720 3427 967 3492 auxiliis,
993 3426 1264 3481 hiemandi
1291 3412 1463 3497 gratia
1493 3427 1560 3482 ad
1587 3427 1808 3497 propria
1838 3441 2044 3484 remea-

473 3518 570 3572 vit.
605 3515 702 3572 Cui
733 3524 907 3586 pater,
922 3522 1199 3586 comperto
1218 3516 1362 3585 quod
1386 3516 1435 3570 ei
1456 3516 1741 3571 imminere
1763 3516 2046 3571 videbatur

474 3623 506 3662 a
553 3615 706 3677 parte
761 3605 1153 3662 Saracenorum
1198 3606 1439 3676 pericqu
1461 3646 1478 3673 ,
1535 3606 1756 3662 fratrem
1791 3606 2044 3664 Carolum

473 3697 891 3769 suﬂ‘ragaturum
915 3699 1190 3754 mittebat:
1217 3699 1374 3768 eique
1393 3698 1636 3768 Lugduni
1664 3701 1864 3770 agenti,
1898 3709 1953 3756 et
1976 3701 2046 3757 ad

473 3787 658 3842 fratris
682 3788 1006 3858 adjutorium
1044 3789 1394 3859 properanti,
1424 3789 1646 3843 nuntius
1687 3790 1830 3860 regis
1860 3789 2046 3845 fratris

472 3879 728 3944 occurrit,
768 3888 978 3948 captam
1023 3881 1295 3935 civitatem
1342 3881 1630 3947 nuntiavit,
1657 3890 1715 3936 et
1739 3897 1809 3937 ne
1836 3881 2046 3954 longius

474 3968 789 4038 fatigaretur
810 4010 825 4036 ,
857 3971 1045 4026 edixit.
1091 3971 1191 4038 Qui
1228 3973 1296 4027 ah
1330 3971 1520 4027 eodem
1548 3971 1666 4026 loco
1714 3973 2043 4042 regrediens,

475 4061 542 4116 ad
576 4069 786 4130 patrem
837 4069 920 4116 est
961 4077 1235 4117 reversus.
1283 4062 1433 4133 Rege
1471 4078 1632 4133 porro
1670 4063 1943 4120 Ludovico
1991 4065 2046 4121 in

474 4148 765 4217 Aquitania
787 4151 1074 4204 hibernum
1099 4159 1291 4221 agente
1315 4159 1526 4222 tempus
1549 4193 1563 4219 ,
1591 4162 1749 4222 pater
1778 4169 1876 4209 rex
1919 4170 2046 4210 eum

476 4239 755 4292 mandavit
791 4240 976 4294 venire
1019 4241 1088 4296 ad
1134 4258 1292 4296 suum
1341 4244 1666 4315 colloquium
1701 4246 2044 4318 Aquisgrani,

479 4325 534 4379 in
582 4325 962 4384 Puriﬁcatione
1005 4339 1208 4387 sanctae
1249 4332 1431 4389 Maria:
1471 4337 1746 4406 genitricis
1782 4339 1896 4395 Dei.
1947 4339 2046 4394 Cui

479 4433 774 4474 occurrens
803 4459 818 4485 ,
848 4427 903 4474 et
927 4436 1205 4492 quousque
1228 4424 1430 4496 placuit
1449 4442 1572 4483 cum
1597 4443 1661 4483 eo
1685 4444 2043 4495 commorans,

481 4509 900 4586 quadragesimae
922 4521 1163 4584 tempore
1203 4516 1384 4572 rediit.
1411 4517 1482 4572 At
1505 4520 1823 4574 succedente
1863 4527 2050 4575 aestate

485 4602 656 4675 (806),
687 4619 810 4658 cum
836 4613 1038 4675 quanto
1067 4607 1241 4662 visum
1280 4616 1366 4665 est
1404 4609 1454 4663 ei
1481 4610 1674 4664 bellico
1705 4618 1967 4678 apparatu
1994 4611 2049 4664 in

484 4701 794 4772 Hispaniam
825 4705 1188 4774 proficiscitur
1211 4747 1227 4772 ,
1255 4707 1634 4776 profectusque
1664 4723 1760 4778 per
1799 4710 2051 4768 Barcino-

485 4819 631 4870 nam,
656 4813 712 4860 et
732 4805 955 4860 veniens
984 4805 1343 4862 Tarraconem
1364 4847 1379 4871 ,
1416 4821 1554 4876 quos
1580 4807 1778 4862 ibidem
1819 4809 2046 4877 reperit,

485 4903 649 4974 cepit,
673 4902 805 4959 alios
828 4901 1051 4974 fugavit,
1082 4903 1440 4977 universaque
1464 4905 1582 4960 loca
1609 4946 1623 4970 ,
1653 4905 1871 4962 castella
1891 4947 1906 4973 ,
1935 4923 2052 4960 mu-

485 4993 717 5066 nicipia,
760 5006 929 5063 usque
972 4993 1253 5048 Tortosam
1291 4995 1373 5048 vis
1412 4995 1663 5050 militaris
1703 4995 1946 5062 excidit,
1998 5006 2054 5051 et

488 5081 705 5140 ﬂamma
756 5098 923 5142 vorax
973 5084 1324 5154 consumpsit.
1375 5085 1584 5138 Interea
1618 5085 1675 5139 in
1721 5086 1858 5149 loco,
1901 5086 2053 5156 cujus

489 5175 807 5231 vocabulum
829 5184 913 5231 est
939 5185 1142 5232 sanctae
1170 5174 1472 5242 Columbae,
1501 5177 1687 5231 divisit
1718 5178 1902 5247 copias
1928 5193 2053 5233 suas

491 5265 549 5326 in
571 5266 699 5331 duo,
721 5281 882 5336 quam
907 5267 1199 5322 maximam
1225 5267 1440 5336 quidem
1473 5276 1684 5336 partem
1721 5281 1906 5328 secum
1929 5283 2056 5324 con-

491 5361 574 5412 tra
603 5353 885 5412 Tortosam
915 5359 1153 5413 ducens:
1181 5372 1345 5428 porro
1373 5357 1758 5424 lsembardum,
1792 5357 2055 5415 Hadema-

492 5459 633 5509 tum,
667 5447 856 5502 Beram
875 5488 888 5511 ,
931 5449 1232 5505 Burrellum
1262 5465 1384 5504 cum
1407 5450 1630 5520 reliquis
1652 5452 2054 5521 expeditissime

494 5537 564 5589 ad
601 5526 875 5603 superiora
921 5541 1178 5609 dirigens,
1213 5551 1272 5594 ut
1311 5541 1465 5595 Ibero
1510 5540 1728 5596 ﬂumine
1774 5543 2006 5600 transito
2033 5585 2048 5610 ,

495 5623 623 5685 dum
674 5628 856 5682 hostes
903 5631 956 5682 in
1000 5632 1213 5686 sedibus
1239 5634 1414 5690 securi
1453 5634 1770 5703 residerent,
1813 5636 1882 5692 ab
1932 5637 2053 5692 istis

1555 262 1883 323 LUDOVICI
1921 262 1943 317 ι
1981 257 2452 317 COGNOMENTO
2490 261 2571 315 PII

3565 269 3642 323 936

2062 367 2117 428 A
2141 369 2353 428 insidiis
2380 387 2445 426 ex
2477 372 2768 441 improviso
2800 385 2894 424 eos
2927 371 3331 440 aggrederentur
3351 413 3364 435 ,
3399 385 3483 429 aut
3525 392 3650 435 certe

2141 461 2353 515 turbata
2379 461 2622 531 regione,
2655 460 2709 512 in
2732 473 2986 527 pavorem
3008 457 3349 512 solverentur.
3372 461 3523 530 Igitur
3545 481 3650 536 rege

2138 549 2422 605 Tortosam
2449 549 2724 614 tendente,
2753 547 3036 602 memorati
3064 548 3166 601 viri
3195 549 3362 603 landiu
3385 555 3654 622 superiores

2139 641 2196 696 in
2249 641 2389 695 lberi
2440 647 2626 710 partes
2668 637 2918 694 noctibus
2957 645 3175 705 euntes,
3221 639 3396 694 diebus
3434 643 3654 698 silvarum

2138 730 2308 785 lustra
2333 738 2625 795 sectantes,
2655 728 3156 794 obambulaverant,
3186 744 3445 799 usquequo
3467 732 3655 804 Cingam

2138 830 2194 875 et
2228 820 2443 876 Iberum
2485 819 2721 874 natando
2748 819 2952 888 pariter
2990 820 3425 874 transierunt.aln
3467 839 3559 892 quo
3589 826 3658 878 iti-

2139 926 2271 967 nere
2311 926 2406 967 sex
2446 911 2564 965 dies
2606 909 2966 980 transigentes
3012 911 3239 979 septima
3285 920 3654 968 transmearunt.

2141 1002 2244 1069 Qui
2270 1002 2360 1057 ubi
2383 1017 2573 1056 omnes
2600 999 2896 1056 incolumes
2920 1008 3228 1064 evaserunt,
3251 1009 3440 1069 terran
3460 1003 3656 1057 hostium

2140 1093 2404 1148 latissime
2434 1099 2818 1154 vastaverunt,
2845 1097 2902 1144 et
2925 1105 3094 1160 usque
3121 1090 3298 1144 villam
3324 1105 3494 1144 eorum
3521 1093 3658 1146 maxi-

2143 1199 2310 1248 mam,
2340 1197 2461 1252 qute
2490 1180 2842 1236 Villa-Rubea
2871 1189 3112 1246 vocatur,
3149 1189 3508 1248 pervenerunt.
3526 1181 3658 1242 Unde

2142 1273 2308 1328 nimis
2333 1287 2586 1342 magnam
2610 1271 2848 1340 praedam
2895 1270 3249 1334 sustulerunt,
3279 1279 3335 1324 ut
3362 1279 3477 1339 pote
3501 1271 3660 1339 impro-

2143 1363 2277 1418 visis
2313 1362 2577 1426 hostihus,
2607 1369 2662 1414 et
2689 1360 2818 1414 nihil
2863 1360 2970 1414 tale
3015 1375 3253 1430 unquam
3295 1361 3655 1430 suSpicantibus.

2144 1450 2352 1518 Quibus
2377 1451 2576 1520 gestis,
2607 1449 2676 1503 iis
2705 1449 2799 1518 qui
2838 1450 3068 1504 evadere
3111 1457 3392 1519 potuerunt
3429 1451 3550 1504 hanc
3575 1450 3658 1519 pla-

2147 1555 2270 1610 gam
2297 1539 2455 1610 longe
2503 1538 2718 1609 lateque
2746 1539 3119 1594 nuntiantibus
3139 1579 3156 1604 ,
3203 1539 3416 1594 collecta
3441 1549 3515 1594 est
3536 1539 3660 1594 Sara-

2149 1642 2406 1684 cenorum
2441 1629 2858 1699 Maurornmque
2902 1630 3186 1684 multitudo
3237 1645 3341 1686 non
3375 1632 3568 1685 minima
3587 1671 3600 1695 ,
3621 1641 3661 1685 et

2068 1706 2116 1766 Β
2144 1718 2226 1772 eis
2251 1718 2411 1772 obvia
2430 1718 2672 1772 constitit
2693 1719 2761 1772 ad
2786 1717 2985 1772 ostium
3007 1717 3164 1772 vallis
3187 1734 3306 1787 qua:
3325 1718 3506 1772 dicitur
3517 1719 3660 1772 Vallis-

2141 1805 2324 1862 Ibana.
2358 1805 2522 1874 Cujus
2571 1806 2729 1861 vallis
2771 1816 2961 1862 natura
2986 1814 3111 1873 est,
3137 1816 3198 1861 ut
3227 1809 3340 1876 ipsa
3363 1809 3412 1861 in
3450 1807 3658 1878 profundo

2134 1893 2328 1964 jacens
2347 1895 2476 1950 hinc
2503 1895 2627 1950 inde
2650 1896 2938 1966 praeruptis
2965 1906 3131 1966 atque
3157 1896 3277 1951 altis
3300 1898 3525 1968 cingatur
3545 1914 3658 1952 mon-

2141 1984 2302 2039 tibus.
2339 1983 2513 2052 Quam
2540 1985 2645 2039 nisi
2685 1985 2778 2040 Dei
2813 1987 3052 2056 provisio
3090 1987 3295 2043 intrare
3329 1990 3656 2058 prohibuisset,

2140 2074 2316 2128 nostri
2341 2075 2546 2145 absque
2571 2074 2680 2128 ullo
2708 2090 2848 2144 pene
2878 2077 3119 2130 hostium
3144 2077 3325 2132 labore
3346 2078 3553 2148 lapidum
3575 2079 3659 2132 icti-

2140 2167 2243 2223 bus
2263 2175 2515 2238 poterant
2542 2167 2786 2233 interire,
2820 2167 2901 2223 vel
2939 2169 2993 2222 in
3016 2184 3214 2223 manus
3251 2169 3560 2224 inimicorum
3591 2169 3658 2222 de-

2142 2258 2346 2313 venire.
2378 2256 2448 2312 At
2477 2258 2602 2312 dum
2634 2257 2710 2311 illi
2734 2258 2874 2312 viam
2901 2267 3270 2328 praestruunt,
3323 2259 3481 2315 nostri
3521 2267 3656 2313 autem

2142 2349 2399 2405 aliorsum
2438 2351 2578 2406 viam
2610 2351 2934 2419 apertiorem
2965 2351 3373 2420 planioremque
3397 2360 3575 2420 petunt,
3597 2364 3659 2402 re-

2141 2448 2396 2510 putantes
2431 2441 2600 2496 Mauri
2632 2441 2750 2495 htec
2791 2449 3007 2496 nostros
3037 2457 3151 2500 non
3181 2443 3250 2496 ob
3279 2442 3356 2497 sui
3387 2450 3566 2495 tantum
3593 2454 3665 2493 cu-

2144 2529 2394 2594 stodiam,
2432 2529 2528 2584 sed
2555 2536 2701 2583 metu
2726 2530 2906 2600 potius
2947 2545 3139 2587 eorum
3171 2531 3364 2594 facere,
3391 2545 3421 2584 a
3447 2540 3658 2598 tergoeos

2143 2620 2518 2690 insequuntur.
2548 2620 2717 2676 Porro
2744 2630 2922 2676 autem
2966 2623 3142 2678 nostri
3176 2623 3404 2693 praedam
3445 2629 3569 2676 retro
3600 2632 3660 2670 re-

2143 2711 2479 2782 linquentes,
2513 2713 2681 2768 facies
2705 2715 2954 2770 hostibus
2992 2715 3358 2782 nudaverunt,
3387 2714 3653 2769 restiterunt.

2145 2803 2469 2875 Christoque
2490 2804 2715 2873 juvante
2743 2807 2888 2875 ipsos
2917 2817 3065 2877 terga
3091 2817 3306 2862 vertere
3328 2805 3654 2876 compulerunt.

2147 2892 2293 2960 Quos
2329 2902 2511 2949 autem
2532 2897 3025 2966 apprehenderunt,
3055 2906 3401 2962 necaverunt,
3429 2905 3479 2950 et
3501 2894 3587 2948 Leti
3607 2893 3656 2946 ad

2147 2987 2385 3056 praedam
2423 3002 2588 3056 quam
2629 2988 2961 3059 reliquerant
3011 2990 3292 3046 redierunt
3340 3005 3354 3042 :
3391 3004 3450 3044 ac
3489 2984 3654 3040 tandem

2072 3052 2116 3114 ί)
2146 3052 2270 3148 post
2298 3078 2414 3134 dies
2440 3052 2630 3149 viginti
2654 3052 2766 3136 suae
2791 3082 3169 3152 digressionis,
3193 3083 3261 3137 ad
3286 3097 3453 3153 regem
3477 3081 3654 3140 alacres.

2141 3167 2484 3237 paucissimis
2524 3185 2743 3224 suorum
2785 3171 3003 3226 amissis
3030 3211 3044 3236 ,
3075 3174 3369 3230 redierunt.
3397 3175 3496 3228 Rex
3518 3179 3654 3226 autem

2141 3256 2448 3314 Ludovicus
2493 3274 2622 3314 suos
2669 3259 2915 3315 latenter
2954 3264 3200 3330 recepit,
3259 3272 3312 3318 et
3359 3271 3490 3318 terra
3519 3261 3655 3317 hostil'

2142 3363 2528 3418 usquequaque
2550 3358 2760 3405 vastata
2784 3351 3001 3406 domum
3034 3354 3224 3408 rediit.

2217 3438 2476 3510 Sequenti
2497 3454 2626 3495 vero
2653 3449 2893 3510 tempore
2928 3443 3122 3498 iterum
3167 3461 3261 3500 rex
3294 3445 3563 3500 Ludovicus
3589 3457 3660 3496 ei-

2141 3531 2468 3601 peditionem
2497 3532 2552 3586 in
2582 3531 2896 3601 Hispaniam
2917 3537 3144 3604 paravit.
3209 3537 3312 3592 Sed
3338 3546 3480 3607 pater
3513 3548 3566 3588 ne
3588 3545 3660 3601 per

2142 3621 2492 3692 semetipsum
2510 3621 2639 3678 illuc
2657 3631 2909 3694 pergeret
2934 3639 3056 3680 eum
3094 3627 3397 3698 impedivit.
3440 3626 3659 3692 Praecepe-

2145 3725 2232 3772 rat
2269 3733 2504 3788 namque
2550 3726 2680 3773 tunc
2720 3721 2979 3790 temporis
3018 3721 3284 3779 fabricari
3330 3737 3480 3778 naves
3515 3725 3655 3773 contra

2144 3807 2604 3862 Nordomannicas
2634 3809 2995 3876 incursiones,
3040 3811 3093 3865 in
3133 3813 3384 3870 omnibus
3415 3807 3658 3864 ﬂuminibus

2143 3914 2264 3970 qua:
2292 3899 2429 3954 mari
2455 3898 2764 3956 inﬂuebant.
2813 3902 2986 3969 Quam
3007 3917 3200 3958 curam
3225 3905 3384 3960 etiam
3412 3903 3506 3956 ﬁlio
3531 3896 3657 3966 illij

2147 3991 2227 4046 xit
2263 3989 2581 4046 Rhodanum
2621 4001 2677 4046 et
2719 3991 3049 4048 Garumnam
3081 4002 3138 4048 et
3186 3993 3418 4050 Silidam.
3461 3991 3654 4044 Attamen

2146 4082 2296 4138 misit
2315 4083 2365 4138 ei
2393 4080 2618 4138 missum
2647 4097 2803 4136 suum
2837 4081 3203 4153 lngobertum,
3239 4083 3327 4154 qui
3356 4083 3441 4136 filii
3475 4089 3655 4149 praesen-

2148 4167 2278 4227 tiam
2307 4170 2606 4241 praeferret,
2636 4180 2692 4227 et
2714 4172 2833 4228 vice
2853 4172 3135 4229 amborum
3158 4186 3346 4233 contra
3366 4174 3526 4230 hostes
3541 4178 3655 4222 exer‘

2145 4265 2313 4320 citum
2347 4264 2586 4321 duceret.
2637 4264 2784 4336 Rege
2813 4273 2993 4321 autem
3014 4267 3069 4322 in
3087 4268 3370 4338 Aquitania
3406 4263 3654 4320 remanente

2072 4395 2124 4454 Β
2149 4358 2219 4412 ob
2241 4357 2606 4427 supradictam
2636 4372 2877 4422 causam,
2906 4359 3179 4415 exercitus
3213 4360 3329 4428 ejus
3361 4358 3531 4412 itinere
3558 4360 3652 4419 pro-

2148 4462 2312 4517 spero
2339 4446 2693 4502 Barcinonam
2725 4447 2888 4514 venit,
2920 4449 3099 4520 ibique
3127 4451 3310 4505 habito
3343 4449 3471 4502 inter
3495 4457 3544 4498 se
3563 4451 3653 4493 coll-

2150 4538 2288 4605 silio,
2311 4541 2579 4608 quomodo
2607 4531 2852 4595 hostibus
2873 4540 3205 4597 clandestina
3229 4549 3438 4612 possent
3455 4542 3652 4603 superve-

2151 4629 2269 4684 nire
2305 4629 2624 4698 irruptione,
2667 4629 2989 4684 invenerunt
3025 4631 3168 4686 hunc
3205 4631 3413 4686 modum
3438 4645 3452 4681 :
3477 4623 3649 4680 scilicet.

2119 4727 2212 4777 .u-t
2253 4734 2420 4775 naves
2453 4719 2874 4775 transvectorias
2906 4720 3252 4786 fabricantes,
3287 4720 3652 4786 unamquamque

2151 4823 2341 4864 earum
2392 4809 2447 4863 in
2494 4816 2787 4878 quaternas
2839 4810 3170 4878 partit-eatur
3208 4819 3400 4880 partes,
3444 4809 3653 4873 quatenus

2151 4914 2278 4971 pars
2299 4907 2557 4968 quaterna
2583 4898 2840 4968 cujusque
2868 4899 3076 4956 duobus
3106 4901 3259 4970 equis
3287 4899 3364 4953 vel
3399 4895 3540 4951 mulis
3562 4886 3652 4942 vehi

2152 4998 2353 5061 posset,
2393 5001 2448 5045 et
2481 4992 2798 5061 praeparatis
2827 4991 2994 5047 clavis
3031 5000 3085 5048 et
3124 4993 3368 5048 marculis
3402 4987 3537 5043 facile
3559 4995 3653 5035 coa-

2131 5084 2294 5154 _ptari
2322 5084 2563 5140 valerent
2587 5099 2601 5138 :
2624 5085 2744 5153 pice
2775 5099 2901 5139 vero
2935 5092 2990 5138 et
3015 5100 3141 5140 cera
3166 5101 3229 5138 ac
3255 5094 3401 5152 stupa
3432 5085 3646 5149 praepara-

2155 5177 2249 5242 tis,
2267 5191 2393 5231 mox
2416 5185 2478 5230 ut
2502 5176 2572 5231 ad
2591 5175 2790 5231 [lumen
2809 5177 3103 5240 veniretur,
3125 5187 3426 5243 compagum
3438 5169 3652 5237 junctum

2154 5266 2368 5323 obcludi
2396 5276 2635 5338 possent.
2683 5266 2775 5322 Sic
2801 5267 2985 5337 itaque
3023 5273 3287 5329 instructi,
3325 5261 3531 5317 maxima
3557 5260 3652 5320 pm

2153 5371 2343 5412 eorum
2371 5373 2492 5412 cum
2520 5359 2774 5426 praedicto
2803 5359 2970 5413 misso
3005 5358 3279 5430 Ingoberto
3308 5355 3554 5409 Tortosam
3583 5353 3652 5407 Ρθ·

2157 5451 2336 5504 tierat.
2384 5450 2456 5503 At
2472 5463 2602 5504 vero
2631 5450 2669 5504 ii
2693 5450 2786 5520 qui
2815 5451 2882 5504 ad
2906 5465 3042 5520 opus
3079 5429 3425 5521 Supradicwm
3458 5429 3651 5531 suntdu-

2155 5543 2346 5611 putati,
2385 5541 2718 5596 Hademarus
2763 5541 2990 5606 scilicet,
3030 5540 3165 5595 Bera
3205 5547 3257 5591 et
3299 5530 3490 5600 reliqui,
3526 5529 3649 5611 ινιωη

2157 5609 2366 5690 dierum
2395 5647 2615 5690 ernenso
2641 5632 2832 5687 itinere
2864 5634 3039 5705 (erant
3059 5633 3199 5689 enim
3227 5628 3339 5684 sine
3358 5609 3650 5690 saginatin
