3940 6180
231 311 328 364 937

1743 306 1920 361 “TA.

3360 311 3469 364 938

231 429 364 483 c0310
393 441 490 496 pro
515 435 652 479 tecto
707 432 940 489 utentes,
967 427 1074 497 igni
1109 427 1241 499 [Al.,
1281 428 1424 499 foco]
1452 445 1518 482 ne
1546 427 1694 480 fumo
1714 426 1802 479 de-
1830 426 1878 482 A
1905 423 2239 485 accedentes,
2291 422 2466 475 vcrLis
2520 423 2734 490 quidem
2787 438 2881 478 eos
2927 425 3017 492 qui
3067 427 3476 497 propugnaculis

236 516 692 587 prehenderentur
721 517 1108 582 renuntiantes,
1150 519 1300 572 silvis
1341 534 1399 574 se
1429 519 1517 574 die
1558 517 1806 574 occuleno

235 621 336 677 tes,
372 620 546 674 nocte,
598 621 858 680 quantum
908 626 1067 680 posse
1114 612 1366 678 dabatur,
1420 614 1524 667 iter
1565 620 1805 683 agentes,

233 712 425 774 quarto
452 701 538 754 die
562 700 714 756 Ibero
746 703 1042 770 compactis
1068 703 1294 756 navibus
1317 704 1418 773 ipsi
1439 703 1653 772 quidem
1682 710 1807 756 sunt

233 793 561 862 transpositi,
593 808 760 862 equos
783 802 964 849 autem
985 796 1190 849 natatui
1215 797 1622 850 commiserunt.
1655 795 1807 860 Quod

233 886 428 940 factum
455 900 706 954 magnum
737 894 861 939 voto
885 900 1073 940 eorum
1101 896 1388 957 pepererat
1410 886 1680 952 eﬂ'ectum,
1704 887 1807 941 nisi

235 976 424 1030 fuisset
463 974 728 1028 acerrime
757 973 1172 1043 deprehensum.
1227 974 1360 1029 Cum
1387 976 1532 1030 enim
1560 975 1808 1030 Abaidun

234 1065 335 1119 dux
377 1063 620 1117 Tortosa:
649 1063 831 1116 littora
866 1063 1002 1117 lberi
1037 1063 1309 1118 obsideret
1351 1064 1604 1128 ﬂuminis,
1645 1072 1700 1118 et
1733 1064 1808 1117 illi

234 1169 366 1225 quos
393 1167 557 1222 supra
594 1152 832 1211 diximus
863 1152 1140 1222 superiora
1183 1152 1326 1207 illius
1363 1154 1522 1207 modo
1554 1153 1810 1222 praedicto

237 1244 678 1306 transmitterem,
743 1242 961 1297 Maurus
994 1243 1212 1311 quidam
1253 1244 1466 1299 lavandi
1507 1244 1678 1313 gratia
1718 1241 1813 1296 ﬂu-

237 1351 360 1390 men
388 1334 679 1404 ingressus,
710 1332 894 1386 limum
919 1347 951 1385 a
981 1331 1199 1386 ﬂumine
1226 1334 1358 1388 vidit
1382 1333 1509 1389 ferri
1529 1334 1808 1401 equinum.

237 1427 352 1494 Quo
379 1425 517 1490 viso,
548 1423 688 1477 sicut
721 1431 845 1477 sunt
877 1422 1057 1476 nimia:
1093 1422 1422 1487 calliditatis,
1465 1423 1725 1476 adnatans
1751 1420 1812 1474 ﬂ-

237 1529 488 1584 mumque
515 1512 998 1582 comprehendens,
1039 1520 1094 1566 et
1128 1514 1347 1568 naribus
1381 1514 1693 1577 admovens,
1721 1528 1815 1566 ex-

237 1603 788 1669 clamavit:Cernite,
834 1604 1105 1672 inquiens,
1150 1620 1184 1660 o
1226 1604 1380 1670 socii,
1423 1620 1616 1659 moneo
1653 1619 1814 1673 quam

240 1706 445 1752 cavete.
498 1695 633 1750 Nam
662 1695 766 1749 hoc
795 1703 1009 1750 stercus
1043 1711 1148 1750 non
1185 1696 1371 1768 onagri
1394 1703 1496 1760 est,
1529 1696 1612 1750 vel
1637 1694 1815 1763 cujus-

1909 510 2296 578 praasidebant,
2331 510 2564 579 primum
2607 512 2907 577 lacessere,
2953 513 3144 568 deinde
3186 516 3478 571 missilibus

1909 603 2176 657 incessere
2238 611 2466 657 tentant.
2533 603 2798 674 Oppidani
2857 621 3020 676 porro
3074 615 3480 663 contemnentes

1907 695 2252 765 praesentium
2279 697 2628 763 paucitatem,
2659 699 2956 754 absentium
2991 701 3274 755 metientes
3302 716 3479 757 seram

1908 784 2278 840 occursionem
2307 825 2323 850 ,
2361 787 2561 855 apertis
2615 787 2788 856 portis
2833 790 3134 858 prosiliunt.
3181 791 3481 862 Pugnatum

1908 876 2034 930 hinc
2065 876 2189 930 inde
2211 883 2294 930 est
2318 878 2474 931 :caesi
2500 886 2624 932 sunt
2643 880 2709 933 ab
2737 887 2963 950 utraque
2992 889 3162 952 parte,
3189 890 3243 937 et
3267 883 3481 938 tandem

1911 966 1984 1020 illi
2005 981 2122 1021 sese
2150 965 2205 1020 in
2232 966 2504 1022 civitatem
2529 980 2868 1040 receperunt,
2896 971 2984 1026 isti
3003 980 3187 1028 autem
3213 973 3278 1027 ad
3303 983 3482 1030 castra

1910 1056 2151 1112 mansuri
2191 1059 2484 1114 redierunt.
2530 1060 2809 1116 Protracta
2847 1063 3011 1133 igitur
3037 1062 3338 1130 obsidione,
3365 1081 3487 1136 per-

1913 1158 2035 1202 acta
2065 1152 2387 1217 vastatione,
2418 1159 2473 1205 et
2511 1166 2844 1220 quaecunque
2881 1153 2994 1207 visa
3023 1161 3149 1209 sunt
3179 1165 3366 1210 contra
3392 1157 3491 1212 ini-

1912 1237 2081 1292 micos
2117 1240 2321 1309 agenda
2359 1255 2456 1310 pro
2495 1241 2588 1294 irae
2623 1241 3008 1306 satisfactione,
3041 1244 3107 1297 ad
3142 1257 3325 1314 regem
3365 1257 3490 1301 sunt

1913 1327 2131 1390 reversi,
2163 1330 2254 1396 qui
2283 1344 2350 1383 eo
2377 1338 2616 1398 tempore
2642 1330 2696 1383 in
2727 1330 2875 1384 silvis
2896 1331 3240 1387 venationum
3259 1350 3490 1405 omnipa-

1913 1413 2071 1467 batur
2103 1415 2316 1468 studiis.
2367 1416 2496 1470 Erat
2523 1417 2666 1471 enim
2691 1424 2900 1488 tempus
2931 1422 3172 1475 autumni
3207 1434 3490 1492 perextre-

1913 1521 2079 1560 mum.
2123 1506 2373 1577 Receplis
2411 1523 2540 1578 ergo
2575 1509 2688 1564 suis
2731 1509 2798 1563 ab
2835 1513 3174 1581 expeditione
3214 1518 3490 1584 praemissa

1916 1593 2283 1662 redehntibus,
2313 1613 2408 1652 rex
2432 1598 2665 1655 hiemem
2704 1610 3038 1670 sequentem,
3080 1603 3134 1658 in
3171 1606 3286 1660 suis
3318 1609 3494 1662 consi-

1915 1693 2084 1749 stens,
2130 1686 2352 1754 paciﬁce
2396 1689 2594 1758 exegit.
2627 1687 2698 1744 At
2739 1692 3060 1747 succedente
3098 1701 3285 1749 aestate
3322 1695 3490 1767 (8l0).

242 1801 456 1856 cunque
495 1786 784 1841 animantis
814 1786 1054 1840 herbidis
1093 1788 1294 1842 assueti
1338 1789 1604 1857 pastibus,
1638 1789 1813 1842 enim—

1934 1776 2090 1830 lecito
2125 1777 2304 1846 populi
2339 1778 2420 1831 sui
2460 1779 2693 1849 generali
2733 1789 3019 1847 conventu,
3059 1783 3244 1837 retulit
3281 1765 3361 1840 eis
3390 1787 3492 1841 sibi

243 1894 372 1935 vero
408 1878 606 1946 equina
644 1891 762 1931 esse
802 1878 918 1932 haec
956 1885 1137 1948 egesta
1177 1885 1422 1933 constat:
1448 1894 1568 1947 quae
1612 1885 1817 1932 certum

242 1977 327 2022 est
363 1967 530 2022 fuisse
564 1967 849 2031 hordeum,
881 1973 937 2021 et
963 1967 1033 2021 ob
1076 1968 1179 2022 hoc
1214 1983 1474 2036 equorum
1519 1967 1603 2021 vel
1648 1966 1821 2020 mulo-

245 2075 362 2114 rum
389 2059 614 2129 pabula;
647 2059 872 2126 ideoque
900 2059 1112 2114 cautius
1147 2060 1380 2130 vigilate,
1422 2075 1548 2114 nam
1575 2059 1628 2113 in
1657 2074 1818 2128 snpe-

246 2151 482 2204 rioribus
525 2149 762 2203 ﬂuminis
812 2147 987 2216 hujus,
1037 2158 1098 2203 ut
1138 2165 1323 2215 cerno,
1363 2151 1518 2205 nobis
1560 2157 1823 2219 parantur

202 2307 206 2310 _
247 2241 472 2296 insidize.
533 2239 814 2307 Extemplo
861 2239 995 2292 duos
1047 2254 1268 2292 suorum
1313 2240 1622 2294 conscensis
1669 2239 1822 2307 equis

246 2332 579 2401 speculatum
610 2328 865 2397 dirigunt.
909 2326 1034 2392 Qui,
1057 2328 1256 2382 nostris
1282 2328 1432 2390 visis,
1465 2329 1605 2396 quod
1637 2343 1824 2382 verum

245 2431 398 2485 erat,
443 2417 726 2473 Abaiduno
777 2417 1104 2470 renuntiant.
1151 2415 1222 2469 At
1264 2415 1339 2469 illi
1385 2416 1580 2471 timore
1625 2417 1820 2480 coacti,

246 2509 524 2572 omnibus,
551 2521 672 2575 qua:
693 2504 984 2559 castrensis
1017 2505 1277 2558 habitatio
1313 2504 1522 2570 habuit,
1547 2505 1818 2574 posthabi-

251 2600 323 2654 tis
359 2609 520 2668 atque
548 2597 806 2660 dimissis,
843 2594 979 2666 fuga:
1017 2609 1078 2649 se
1117 2596 1541 2650 commiserunt:
1565 2597 1827 2651 omnium-

251 2711 358 2763 que
382 2694 693 2748 relictorum
721 2689 886 2744 nostri
908 2689 1083 2758 potiti,
1121 2690 1178 2743 in
1213 2689 1426 2745 illorum
1465 2689 1827 2759 papilionibus

252 2784 342 2838 illa
373 2791 502 2841 sunt
521 2789 678 2836 nocte
703 2779 978 2849 bospitati.
1027 2778 1130 2834 Sed
1152 2779 1399 2834 Abaidun
1417 2779 1639 2834 collecta
1659 2777 1826 2832 multa

255 2889 416 2928 manu
440 2872 693 2936 hostium,
717 2871 797 2925 eis
821 2871 874 2924 in
893 2869 1187 2924 crastinum
1209 2869 1546 2939 przeliaturus
1566 2868 1824 2924 occurrit.

257 2963 437 3019 Nostri
463 2957 641 3016 tamen
673 2961 854 3016 divino
875 2959 1000 3014 freti
1026 2959 1240 3023 auxilio,
1282 2957 1408 3015 licet
1435 2960 1669 3029 impares
1692 2959 1842 3015 muh

255 3063 419 3122 toque
447 3065 673 3105 numero
699 3051 999 3116 inferiores,
1032 3059 1209 3104 tamen
1247 3050 1430 3106 hostes
1464 3049 1648 3122 fugere
1684 3066 1831 3106 com-

257 3143 543 3212 pulerunt,
582 3141 859 3211 multaque
893 3156 1080 3196 eorum
1117 3150 1299 3212 strage
1329 3142 1472 3196 viam
1512 3142 1830 3214 fugientium

259 3233 638 3302 impleverunt.
695 3232 762 3286 Et
799 3246 863 3286 eo
903 3247 1074 3301 usque
1120 3248 1314 3288 manus
1354 3232 1423 3286 ab
1463 3247 1652 3288 eorum
1689 3235 1834 3288 aede

262 3340 368 3377 non
399 3323 799 3389 continuerunt,
827 3321 999 3378 donec
1025 3323 1154 3378 solis
1193 3324 1406 3393 dieique
1444 3323 1646 3379 lumine
1677 3338 1832 3379 rece-

261 3413 448 3479 dente,
489 3422 543 3468 et
581 3414 769 3468 umbra
815 3414 988 3468 noctis
1031 3422 1231 3468 terram
1271 3424 1590 3485 occupante,
1633 3415 1834 3471 lumina

261 3505 542 3560 stellarum
576 3513 783 3560 noctem
821 3506 1056 3561 solatura
1096 3507 1462 3562 succederent.
1515 3507 1611 3562 His
1649 3509 1835 3578 gestis,

261 3594 480 3650 Christo
504 3595 734 3661 favente,
775 3597 842 3651 ad
871 3612 998 3651 suos
1028 3612 1147 3651 sese
1173 3613 1367 3667 magno
1396 3613 1519 3653 cum
1555 3600 1751 3669 gaudio
1784 3606 1839 3652 et

259 3691 456 3759 opibus
502 3689 848 3758 collegerunt.
898 3689 997 3742 Diu
1043 3689 1204 3742 etiam
1247 3689 1409 3743 simul
1449 3690 1666 3744 obsessa
1704 3691 1838 3744 urbe

264 3783 484 3838 domum
515 3782 857 3852 repedarunt.

337 3873 506 3928 Porro
539 3887 681 3927 anno
710 3871 834 3926 huic
857 3872 1105 3941 proximo
1127 3871 1274 3942 (808)
1298 3872 1604 3929 Ludovicus
1626 3889 1716 3927 rex
1746 3887 1842 3942 per

264 3965 616 4034 semetipsum
665 3963 949 4017 Tortosam
993 3973 1236 4033 repetere
1281 3964 1487 4027 statuit,
1527 3962 1732 4017 habens
1766 3977 1847 4016 se-

266 4068 392 4106 cum
422 4052 784 4115 ileribertum,
807 4049 1143 4116 Liutardum,
1165 4051 1550 4116 lsembardum,
1582 4052 1846 4106 validum-

267 4159 376 4212 que
403 4143 646 4198 Francia:
681 4142 1130 4213 supplementum.
1173 4143 1290 4209 Quo
1330 4143 1668 4212 perveniens,
1712 4143 1844 4197 adeo

267 4232 416 4286 illam
443 4233 721 4297 arietibus,
753 4231 1127 4302 mangonibus,
1157 4232 1329 4288 vineis
1349 4240 1403 4286 et
1422 4233 1631 4287 caeteris
1653 4233 1848 4288 instrn-

268 4322 468 4376 mentis
497 4321 766 4376 lacessivit
792 4330 847 4375 et
872 4322 1118 4392 protrivit
1157 4321 1469 4387 muralibus,
1510 4329 1568 4376 ut
1605 4325 1753 4378 cives
1786 4323 1849 4376 il-

1921 1865 2156 1920 delatum
2202 1883 2508 1932 rumorem,
2549 1871 2691 1938 quod
2729 1873 2976 1941 quaedam
3025 1873 3329 1930 Vasconum
3371 1893 3497 1946 pars

1913 1956 2027 2026 jam
2052 1959 2259 2026 pridem
2299 1960 2352 2013 in
2394 1961 2720 2016 deditionem
2755 1976 3026 2034 suscepta,
3063 1983 3207 2023 nunc
3238 1968 3499 2025 defectio—

1923 2060 2046 2099 nem
2078 2047 2358 2114 meditata,
2403 2049 2456 2102 in
2500 2051 2845 2107 rebellionem
2886 2066 3218 2130 assurgeret,
3264 2061 3331 2114 ad
3373 2076 3500 2129 quo-

1925 2153 2041 2190 rum
2093 2140 2491 2208 reprimendam
2531 2144 2891 2212 pervicaciam
2934 2147 3013 2203 ire
3045 2150 3258 2219 publica
3293 2152 3499 2208 utilitas

1923 2228 2236 2296 postularet.
2283 2231 2435 2286 lianc
2477 2234 2618 2304 regis
2659 2234 2986 2292 voluntatem
3026 2255 3216 2295 omnes
3253 2241 3502 2299 laudibus

1925 2327 2324 2386 prosequuntur
2363 2335 2377 2372 :
2417 2336 2519 2376 nec
2570 2323 2696 2378 talia
2733 2325 2787 2379 in
2827 2328 3055 2381 subditis
3083 2333 3500 2394 contemnenda,

1928 2407 2022 2460 sed
2073 2409 2254 2476 potius
2297 2411 2639 2468 severissime
2687 2418 2980 2470 resecanda
3028 2425 3316 2473 testantur.
3361 2419 3502 2474 Moto

1929 2495 2093 2564 igitur
2129 2505 2184 2551 et
2225 2497 2486 2567 disposito
2518 2510 2677 2568 prout
2721 2505 2958 2570 oportuit
2999 2508 3276 2572 exercitu,
3321 2509 3504 2580 Aquas

1930 2585 2111 2649 villam
2141 2590 2410 2656 pervenit,
2441 2599 2495 2644 et
2526 2600 2583 2645 ut
2608 2593 2676 2646 ad
2703 2608 2760 2647 se
2783 2595 3049 2661 venirent,
3089 2600 3180 2667 qui
3222 2599 3505 2656 infidelita-

1930 2678 2000 2732 tis
2026 2679 2495 2748 insimulabantur,
2519 2682 2701 2750 jussit.
2729 2684 2834 2740 Sed
2863 2686 2969 2742 illis
2993 2691 3178 2745 venire
3205 2692 3506 2748 detractans

1930 2769 2098 2834 tibus,
2120 2771 2186 2825 ad
2207 2786 2390 2826 eorum
2413 2773 2608 2828 vicinia
2631 2775 2864 2842 devenit,
2888 2786 3188 2850 cunctaque
3213 2796 3396 2838 eorum
3418 2783 3508 2840 de-

1932 2862 2175 2931 populari
2214 2879 2376 2918 manu
2410 2864 2628 2920 militari
2661 2868 2926 2936 permisit.
2972 2870 3052 2924 Ad
3089 2871 3338 2928 ultimum
3376 2891 3505 2931 cun-

1933 2952 2036 3007 ttis
2073 2968 2194 3022 quae
2237 2953 2304 3008 ad
2351 2969 2446 3009 eos
2481 2956 2754 3026 pertinere
2793 2957 3116 3014 videbantur
3151 2967 3506 3034 consumptis,

1936 3043 2038 3113 lpsn
2074 3043 2344 3113 supplices
2377 3054 2656 3111 venerunt,
2688 3054 2743 3101 et
2783 3049 3000 3104 tandem
3029 3052 3242 3107 veniam
3284 3054 3510 3124 perditis

1937 3134 2187 3190 omnibus
2227 3151 2424 3206 magno
2467 3152 2565 3206 pro
2602 3153 2824 3194 munere
2861 3149 3205 3198 meruerunt;
3245 3143 3513 3214 Superato

1936 3234 2116 3280 autem
2154 3243 2291 3298 pene
2335 3229 2535 3284 difﬁcili
2577 3229 2954 3300 Pyrenzearum
2999 3235 3230 3290 transitu
3274 3235 3509 3306 Alpium,

1935 3317 2318 3388 Pampalonam
2358 3320 2751 3376 descenditzet
2782 3322 2835 3376 in
2875 3323 2980 3379 illis
3012 3339 3174 3394 quam
3207 3326 3296 3380 diu
3337 3329 3511 3383 visum

1936 3416 2020 3462 est
2047 3417 2288 3465 moratus
2317 3410 2469 3478 locis,
2495 3427 2558 3468 ea
2587 3428 2707 3483 qua:
2725 3413 2942 3469 utilitati
2969 3423 3077 3470 tam
3104 3417 3329 3487 publicae
3349 3435 3510 3489 quam

1937 3498 2160 3567 privata:
2203 3503 2566 3558 conducerent
2599 3504 2888 3560 ordinavit.
2940 3505 3045 3560 Sed
3078 3522 3200 3560 cum
3239 3523 3338 3576 per
3374 3509 3516 3577 ejus-

1938 3590 2058 3644 dem
2098 3593 2296 3646 montis
2333 3592 2682 3648 remeandum
2726 3591 2866 3648 foret
2905 3594 3201 3663 angustias,
3245 3595 3516 3651 Vascones

1941 3673 2604 3751 nativum'assuetumque
2644 3683 2860 3739 fallendi
2899 3699 3105 3738 morem
3139 3699 3394 3739 exercere
3432 3702 3518 3741 co-

1942 3767 2074 3830 nati,
2109 3783 2232 3823 mox
2249 3778 2382 3843 sunt
2410 3771 2662 3840 prudenti
2690 3773 2888 3826 astutia
2924 3773 3261 3842 deprehensi,
3292 3776 3518 3831 consilio

1942 3858 2085 3912 cauti
2115 3867 2276 3927 atque
2306 3860 2515 3914 cautela
2540 3861 2714 3914 vitati.
2762 3862 2882 3917 Uno
2910 3864 3054 3918 enim
3079 3880 3290 3932 eorum,
3320 3869 3412 3938 qui
3451 3872 3517 3924 all

1943 3951 2344 4019 provocandum
2389 3960 2758 4020 processerat,
2799 3955 3189 4030 comprehenso
3229 3965 3391 4027 atque
3425 3975 3520 4030 ap-

1943 4058 2111 4113 penso
2133 4084 2146 4107 ,
2188 4043 2410 4114 reliquis
2437 4059 2575 4114 pene
2612 4046 2860 4101 omnibus
2897 4060 3093 4102 uxores
3127 4057 3221 4103 aut
3263 4049 3356 4105 ﬂlii
3395 4064 3519 4107 sunt

1945 4137 2139 4207 erepti,
2169 4152 2446 4206 usquequo
2483 4152 2547 4193 eo
2584 4138 2749 4193 nostri
2785 4139 3132 4209 pervenirent
3153 4156 3260 4211 quo
3286 4141 3434 4198 fraus
3463 4146 3522 4198 il—

1945 4228 2118 4283 lorum
2158 4229 2356 4284 nullam
2399 4230 2508 4299 regi
2556 4230 2636 4285 vel
2685 4232 2945 4287 exercitui
2986 4242 3168 4304 posset
3207 4232 3406 4290 inferre
3439 4238 3524 4308 ja-

1946 4327 2179 4373 cluram.

269 4413 379 4467 lins
424 4427 453 4467 a
499 4427 593 4482 spe
646 4413 988 4479 deciderent,
1040 4412 1402 4484 infractosque
1450 4430 1575 4470 suos
1623 4416 1848 4470 adverso
1878 4441 1928 4499 Β
2027 4407 2119 4462 "is
2145 4409 2352 4480 gestis,
2383 4411 2434 4464 in
2468 4413 2679 4481 propria
2723 4429 2816 4468 rex
2873 4415 3206 4484 populusque
3253 4416 3374 4486 ejus
3415 4419 3524 4472 Dm

271 4509 448 4557 marte
487 4509 806 4567 cernentes,
851 4501 1031 4558 claves
1074 4502 1309 4558 civitatis
1358 4504 1651 4558 traderent.
1704 4503 1851 4571 Quas

273 4593 368 4648 ille
423 4594 638 4648 rediens
688 4608 809 4648 cum
853 4593 1023 4648 multo
1063 4591 1245 4647 favore
1288 4594 1428 4662 patri
1467 4595 1670 4648 retulit.
1724 4595 1852 4661 Qum

271 4698 367 4736 res
401 4697 648 4752 maguum
683 4682 971 4737 Saracenis
1009 4691 1063 4736 et
1096 4681 1294 4737 Mauris
1324 4699 1422 4752 pro
1461 4685 1654 4740 talibus
1687 4687 1854 4756 gestis

274 4774 505 4828 incussit
530 4783 753 4840 metum,
782 4775 1091 4830 verentibus
1120 4789 1188 4829 ne
1223 4774 1458 4845 singulas
1487 4778 1730 4833 civitates
1760 4794 1857 4848 par

272 4881 400 4919 sors
441 4864 754 4920 involveret.
797 4865 1064 4920 Reversus
1101 4872 1186 4920 est
1227 4865 1393 4935 igitur
1432 4882 1524 4921 rex
1570 4884 1602 4922 a
1642 4869 1858 4922 civitate

272 4964 401 5027 post
424 4957 777 5028 quadraginta
808 4958 924 5012 dies
947 4958 1210 5013 inchoata:
1229 4957 1542 5024 obsidionis,
1570 4968 1624 5014 et
1653 4961 1707 5014 in
1736 4976 1859 5030 pro-

275 5047 456 5114 prium
490 5061 548 5101 se
587 5048 812 5102 contulit
852 5063 1096 5120 regnum.
1152 5049 1225 5104 At
1266 5059 1388 5121 post
1441 5051 1565 5104 anni
1609 5050 1862 5106 instantis

277 5153 570 5192 excursum
606 5137 775 5209 (809),
801 5140 1093 5196 exercitum
1120 5143 1408 5208 ordinavit,
1437 5150 1493 5198 et
1518 5141 1709 5198 Oscam
1739 5158 1861 5197 cum

275 5228 450 5283 misso
487 5230 658 5298 patris
695 5230 979 5286 Herlberto
1017 5235 1232 5290 mittere
1260 5235 1468 5290 statuit.
1521 5234 1638 5303 Quo
1675 5251 1864 5304 pen-ve-

277 5319 494 5373 nientes
513 5319 603 5388 qui
636 5319 785 5374 missi
817 5322 1050 5388 fuerant,
1093 5323 1364 5378 civitatem
1395 5319 1740 5389 obsederunt,
1769 5325 1865 5378 ob-

279 5411 404 5466 vios
431 5426 673 5481 quosque
706 5421 798 5467 aut
823 5414 973 5468 vivos
1010 5417 1552 5484 comprehenderunt,
1581 5425 1674 5470 aut
1699 5417 1751 5470 in
1785 5417 1867 5470 fu-

279 5515 406 5570 gam
422 5509 638 5555 coactos
649 5501 1039 5572 compulerunt.
1058 5502 1162 5558 Sed
1181 5503 1304 5557 dum
1320 5505 1462 5559 circa
1478 5506 1664 5559 urbem
1681 5505 1846 5565 seden

282 5600 388 5655 tes,
427 5591 689 5662 ignaviori
725 5609 780 5648 se
821 5609 982 5662 quam
1012 5595 1189 5649 decuit
1228 5597 1404 5650 studio
1443 5597 1736 5661 resolvunt,
1771 5597 1870 5650 im-

281 5684 583 5754 prudentes
630 5700 691 5738 ae
737 5683 881 5740 leves
922 5686 1085 5754 aliqui
1126 5685 1380 5755 juvenum
1422 5690 1643 5758 propius
1687 5705 1870 5742 muros

689 5798 960 5859 Paract.
1001 5798 1152 5860 CIV.

1954 4499 2186 4567 propitio
2209 4501 2480 4553 concessit
2508 4500 2674 4571 (8H).
2705 4501 2770 4555 Et
2796 4503 2938 4572 regis
2965 4505 3181 4572 quidem
3208 4504 3276 4558 ab
3306 4506 3524 4558 ineunte

1952 4599 2132 4654 mtate,
2165 4591 2256 4645 sed
2283 4600 2407 4646 tunc
2431 4608 2591 4662 quam
2618 4595 2872 4660 maxime,
2900 4595 3044 4650 circa
3065 4595 3304 4650 divinum
3325 4596 3526 4652 cultqu

1955 4689 2011 4733 et
2047 4687 2247 4735 sanctae
2279 4680 2532 4736 Ecclesiae
2557 4683 2939 4740 exaltationem
2968 4686 3246 4756 piissimus
3267 4687 3529 4742 incitaba—

1959 4779 2045 4824 tur
2075 4770 2328 4835 animus;
2373 4771 2536 4826 itaut
2588 4786 2694 4829 non
2733 4776 2891 4830 modo
2947 4791 3162 4847 regem,
3215 4778 3310 4831 sed
3363 4779 3532 4848 ipsius

1956 4876 2118 4931 opera
2159 4862 2340 4932 potius
2376 4878 2497 4918 eum
2525 4864 2954 4922 vociferarentur
2995 4869 3354 4923 sacerdotem.
3397 4867 3529 4922 Nam

1965 4951 2129 5005 totius
2158 4950 2464 5019 Aquitanize
2495 4954 2587 5022 qui
2611 4954 2899 5012 videbatur
2920 4955 3119 5022 clerus,
3163 4966 3452 5028 antequam
3483 4958 3530 5011 ci

1960 5042 2302 5105 crederetur,
2343 5049 2402 5095 ut
2427 5052 2552 5112 pote
2581 5042 2683 5098 sub
2709 5046 2952 5114 tyrannis
2971 5061 3154 5116 agens,
3177 5049 3350 5120 magis
3380 5051 3532 5118 equi-

1963 5131 2154 5185 tationi
2183 5171 2197 5195 ,
2238 5131 2443 5187 bellica:
2479 5132 2890 5198 exercitationi,
2921 5133 3209 5193 missilium
3233 5136 3531 5202 librationi,

1962 5239 2123 5291 quam
2149 5224 2331 5279 divino
2354 5222 2518 5278 cultui
2553 5238 2774 5293 operam
2795 5224 2924 5278 dare
2962 5232 3206 5279 noverat.
3243 5223 3410 5296 Regis
3439 5243 3535 5282 au-

1965 5322 2073 5368 tem
2098 5315 2275 5368 studio
2301 5314 2656 5382 undecunque
2699 5313 2945 5368 adductis
2984 5313 3286 5383 magistris,
3323 5323 3431 5371 tam
3460 5317 3535 5370 le-

1966 5403 2126 5472 gendi
2155 5418 2315 5471 quam
2343 5403 2597 5457 cantandi
2641 5401 2907 5467 studium,
2964 5416 3063 5457 nec
3097 5416 3203 5457 non
3231 5403 3533 5459 divinarum

1967 5505 2019 5548 et
2050 5493 2445 5547 mundanarum
2475 5491 2826 5561 intelligentia
2858 5491 3358 5561 litterarum,‘_citius
3372 5512 3534 5566 quam

1970 5587 2114 5641 credi
2168 5594 2378 5656 poterat
2408 5585 2624 5638 coaluit.
2674 5585 2948 5656 Praecipue
2988 5596 3164 5650 tamen
3192 5589 3384 5646 aﬂ'ectu
3416 5591 3534 5645 illo-

1973 5697 2089 5736 rum
2121 5680 2434 5743 ducebatur,
2468 5679 2557 5748 qui
2608 5687 2800 5732 cuneta
2838 5694 2931 5734 sua
2976 5696 3072 5750 pro
3109 5682 3316 5738 Domini
3353 5698 3536 5738 amore

3027 5793 3103 5857 30
