3940 6180
430 286 537 343 039

1529 281 1850 338 LL'DOVlCl
1892 280 1911 334 ῐ
1950 276 2420 334 COCNOMENTO
2458 276 2542 331 Pii

3583 273 3694 328 9εο

419 398 827 467 relinquentes,
866 396 1215 465 speculatin
1245 394 1369 449 vita:
1406 394 1670 448 curabant
1695 394 1811 447 fieri
1837 391 2005 460 parti—
2036 398 2084 451 Α
2113 389 2232 443 laus
2294 388 2624 458 perlaturum
2684 400 3032 455 responsum,
3098 385 3338 439 monitus
3395 395 3481 439 est
3526 394 3630 440 tam
3664 405 3695 442 a

413 490 602 561 cipias.
641 486 775 542 Nam
814 493 1104 553 antequam
1128 484 1421 553 Aquitania
1469 483 1571 538 sub
1612 497 1680 537 eo
1704 490 2005 551 regeretur,

412 579 699 648 collapsus
732 581 855 629 erat
896 573 953 629 in
980 588 1046 629 ea
1096 572 1466 643 hujuscemodi
1505 572 1677 637 ordo;
1718 580 1776 626 at
1817 570 1919 626 sub
1943 586 2010 625 eo

427 668 565 724 adeo
597 663 913 731 convaluit,
951 674 1012 721 ut
1054 665 1220 721 etiam
1252 666 1368 735 ipse
1406 664 1705 720 fraternum
1743 664 1828 716 avi
1879 662 2012 716 Car-

425 757 667 817 lomanni
708 756 916 813 imitari
963 757 1203 828 gestiens
1250 755 1604 810 memorabile
1654 753 1959 824 exemplum
1991 793 2006 817 ,

428 854 547 923 ipse
584 865 803 922 quoque
839 849 1094 905 theorlca:
1120 848 1245 901 vita:
1272 845 1511 901 culmina
1549 845 1820 899 niteretur
1863 857 2012 897 com-

425 941 782 1014 prehendere.
809 938 918 995 Sed
954 940 1119 1010 hujus
1144 938 1257 993 voti
1297 952 1368 993 ne
1419 952 1642 1006 compos
1680 936 1869 1000 fieret,
1897 935 2016 989 obi-

426 1047 545 1091 cem
581 1047 643 1087 se
686 1030 916 1101 prebuit
956 1028 1250 1099 refragatio
1294 1028 1468 1098 patris
1493 1067 1510 1092 ,
1548 1027 1635 1082 vel
1673 1027 1855 1097 potius
1879 1025 2016 1079 divi-

432 1136 517 1178 nte
544 1120 836 1177 voluntatis
856 1129 1049 1184 nutus,
1080 1120 1174 1189 qui
1213 1128 1376 1174 tanta:
1400 1118 1622 1188 pietatis
1646 1118 1823 1172 virum
1846 1116 2018 1171 noluit

432 1190 539 1267 sub
575 1225 709 1266 cura
761 1225 873 1266 sum
922 1209 1091 1264 solius
1127 1208 1319 1264 salutis
1363 1208 1681 1264 delitescere
1722 1224 1736 1260 :
1776 1208 1870 1262 sed
1922 1220 2020 1277 po-

434 1301 545 1357 tius
572 1315 672 1372 per
695 1314 819 1356 eum
844 1339 860 1366 ,
900 1306 958 1355 et
1003 1300 1105 1354 sub
1133 1314 1234 1363 eo,
1276 1297 1569 1353 multorum
1609 1297 1840 1351 salutem
1891 1295 2021 1349 ado-

431 1391 660 1447 lescere.
693 1390 763 1446 Et
782 1389 1000 1459 quidem
1028 1388 1220 1454 multa,
1252 1397 1312 1442 ut
1340 1388 1543 1443 dictum
1572 1395 1681 1453 est,
1711 1388 1779 1441 ab
1804 1400 1870 1441 eo
1895 1393 2022 1440 sunt

433 1483 492 1537 in
539 1481 661 1553 ejus
684 1480 891 1536 ditione
916 1488 1170 1549 reparata
1194 1520 1209 1545 ,
1252 1480 1360 1534 imo
1393 1495 1425 1534 a
1455 1477 1821 1534 fundamentis
1853 1477 2021 1532 sediti-

416 1583 561 1629 -cata
591 1572 957 1638 monasteria,
997 1571 1094 1627 sed
1133 1571 1405 1641 praecipue
1443 1571 1599 1626 hmo:
1630 1568 2021 1625 monasterium

415 1673 645 1721 sancta:
686 1664 871 1719 Maria:
893 1672 949 1718 et
991 1663 1169 1719 sancti
1210 1662 1355 1717 Petri
1406 1663 1474 1719 de
1528 1661 1830 1725 Ferrariis,
1878 1659 2021 1730 quod

2113 478 2336 537 Francis
2372 494 2533 548 quam
2561 494 2592 531 a
2615 476 2904 532 Germanis
2942 486 3002 530 ut
3049 477 3113 530 ad
3155 487 3372 547 patrem
3414 493 3511 531 rex
3541 481 3693 532 veni-

2114 578 2228 633 ret,
2266 570 2424 637 eique
2448 576 2669 637 propter
2711 568 2992 621 assisteret
3022 584 3035 619 :
3066 566 3238 620 videri
3269 568 3398 632 sibi,
3429 567 3695 629 dicentes,

2112 658 2256 727 quod
2278 674 2399 713 cum
2431 668 2587 728 pater
2609 658 2725 728 jam
2757 658 2810 711 in
2840 656 3065 712 senilem
3096 665 3580 727 vergeretzetatem
3603 701 3615 721 ,
3646 672 3701 713 ct

2112 750 2307 803 acerbe
2341 749 2507 804 ferret
2535 749 2831 804 liberorum
2872 749 3259 803 infortunatam
3311 749 3697 816 defectionem,

2112 840 2278 894 citam
2300 840 2445 897 illius
2460 842 2575 896 hzec
2599 842 2988 911 portenderent
3005 855 3322 910 corpoream
3349 841 3695 897 solutionem.

2114 932 2269 999 Quod
2297 932 2558 988 Gerricus
2585 950 2708 989 cum
2735 934 2869 1003 regi,
2904 950 2997 988 rex
3034 949 3162 989 vero
3192 934 3523 990 consiliariis
3558 948 3698 993 ret:-

2116 1021 2297 1085 lissct,
2341 1022 2662 1091 quibusdam
2703 1023 2787 1115 vel
2818 1038 2958 1093 pene
2984 1023 3242 1078 omnibus
3284 1025 3460 1079 visum
3487 1039 3572 1081 est
3618 1044 3701 1083 se-

2117 1112 2271 1166 lubre
2301 1121 2636 1183 suggestum.
2681 1112 2787 1168 Sed
2817 1129 2909 1168 rex
2940 1114 3120 1169 altiori
3167 1116 3428 1183 consilio,
3466 1128 3537 1173 ne
3565 1119 3703 1175 forte

2117 1218 2215 1273 per
2237 1204 2342 1258 hoc
2372 1218 2431 1257 sc
2463 1206 2603 1273 patri
2634 1213 2944 1274 suspectum
2976 1206 3249 1272 redderet,
3281 1224 3446 1280 agere
3469 1211 3699 1267 distulit.

2119 1293 2245 1350 llmc
2276 1304 2456 1349 tamen
2482 1295 2745 1351 Divinitas
2773 1338 2786 1359 ,
2827 1311 2926 1366 pro
2978 1296 3133 1365 cujus
3184 1300 3379 1354 timore
3423 1309 3478 1354 et
3519 1316 3700 1356 amore

2121 1384 2298 1439 facere
2326 1385 2529 1447 noluit,
2568 1396 2629 1439 ut
2666 1387 2767 1440 sibi
2798 1387 2965 1441 moris
3012 1397 3095 1441 est
3120 1398 3397 1445 amatores
3425 1392 3508 1445 sui
3538 1393 3700 1447 subli-

2121 1491 2262 1529 nnus
2308 1491 2474 1545 quam
2527 1477 2753 1547 cogitari
2802 1485 2982 1547 potest
3018 1478 3339 1547 nobilitare,
3383 1483 3698 1551 prudentius

2119 1565 2407 1621 ordinavit.
2450 1565 2645 1620 Pacem
2687 1582 2852 1637 porro
2878 1568 3188 1637 petentibus
3214 1570 3330 1635 his,
3370 1588 3516 1642 quos
3560 1572 3697 1628 bello

2121 1654 2356 1725 fatigare
2381 1654 2573 1710 solitus
2611 1663 2749 1721 erat,
2791 1670 2885 1710 rex
2914 1657 3146 1712 articulo
3177 1658 3409 1714 duorum
3437 1676 3695 1717 annorum

432 1752 736 1823 antiquitus
762 1752 1080 1808 Bethlebem
1107 1753 1424 1819 vocabatur,
1464 1752 1518 1806 in
1548 1750 1703 1820 cujus
1730 1751 1881 1805 curia
1926 1765 2023 1820 pa-
2049 1741 2096 1800 B
2124 1746 2424 1815 pratstituto
2452 1787 2467 1811 ,
2502 1746 2732 1801 libenter
2769 1747 3008 1802 indulsit.
3047 1747 3257 1803 Interea
3282 1752 3580 1821 imperator
3601 1753 3697 1810 (ἶρ-

415 1852 520 1897 -ter
549 1840 670 1912 ejus
691 1841 954 1913 Pippinus
980 1842 1184 1898 occidit
1219 1842 1430 1897 leonem
1451 1883 1466 1907 ,
1505 1850 1563 1896 et
1586 1842 1815 1911 ipsemet
1836 1857 1864 1894 a
1897 1840 2020 1896 Ste-

418 1934 621 2003 phano
661 1949 806 2005 papa
842 1934 1093 1991 Romano
1117 1934 1171 1990 in
1192 1949 1378 2005 regem
1416 1933 1716 1990 honorifice
1733 1949 2024 1991 consecra-

434 2036 526 2083 tus
548 2034 634 2082 est
666 2026 723 2082 in
753 2027 944 2084 eadem
971 2026 1201 2083 ecclesia
1226 2043 1242 2093 ;
1284 2027 1680 2083 monasterium
1709 2028 1881 2082 sancti
1900 2027 2024 2083 Fili-

412 2148 415 2153 λ
430 2119 593 2185 berti,
609 2106 1000 2176 monasterium
1017 2120 1193 2175 sancti
1208 2118 1883 2186 Florentii,monasterium
1896 2119 2025 2175 Car-

411 2207 564 2274 roﬂi,
579 2208 968 2265 monasterium
980 2207 1206 2273 Concas,
1222 2210 1613 2265 monasterium
1624 2210 1798 2265 sancti
1814 2210 2025 2264 Maxen-

418 2298 511 2363 tii,
546 2299 939 2357 monasterium
981 2298 1246 2365 leuatae,
1288 2300 1674 2355 monasterium
1714 2300 2017 2371 Magniloci,

415 2389 820 2444 monasterium
835 2386 1184 2456 lusciacum,
1199 2391 1597 2446 monasterium
1621 2392 1794 2446 sancti
1812 2390 2019 2457 Savini,

430 2480 820 2536 monasterium
841 2479 1199 2548 liasciacum,
1237 2483 1629 2537 monasterium
1658 2481 2019 2548 Noviliacum,

420 2571 822 2629 monasterium
836 2574 1024 2628 .sancti
1055 2571 1392 2638 Theotfridi,
1433 2573 1821 2628 monasterium
1844 2573 2021 2627 sancti

428 2659 723 2729 Pasceutii,
741 2664 1135 2720 monasterium
1146 2665 1376 2731 Dosora,
1390 2666 1779 2720 monasterium
1795 2664 2021 2720 Sollem-

426 2750 671 2817 niacum,
694 2755 1086 2810 monasterium
1099 2754 1341 2826 puellare
1363 2765 1567 2812 sancite
1602 2756 1806 2822 Mat-ite,
1835 2770 2023 2811 mona-

420 2840 660 2896 sterium
680 2840 923 2911 puellare
938 2851 1142 2899 sanctae
1152 2842 1520 2912 Radegundis,
1536 2845 1926 2900 monasterium
1953 2844 2021 2900 de

434 2934 595 3004 Vera,
618 2938 1009 2994 monasterium
1021 2939 1088 2996 de
1104 2939 1270 2995 Utera
1296 2940 1352 2994 in
1377 2955 1515 3013 pago
1530 2940 1815 3005 Tolosano,
1834 2955 2021 2995 mona-

422 3023 660 3080 sterium
673 3024 876 3083 Valada
901 3027 957 3084 in
986 3027 1342 3098 Septimania,
1360 3031 1747 3085 monasterium
1776 3029 2018 3096 Arrianae,

2125 1836 2273 1891 rolus
2294 1837 2645 1891 considerans
2672 1853 2827 1891 suum
2851 1837 2955 1911 [se]
2986 1840 3042 1893 in
3071 1851 3408 1897 senectutem
3437 1845 3697 1899 adclinem

2123 1926 2387 1981 devexum
2409 1968 2424 1992 ,
2470 1937 2525 1981 et
2554 1943 2751 1983 verens
2795 1943 2863 1984 ne
2904 1929 3044 1985 forte
3073 1931 3384 1988 subtractus
3416 1934 3577 1989 rebus
3605 1936 3699 1989 bu-

2121 2018 2328 2084 manis,
2378 2018 2660 2073 confusum
2701 2019 3057 2090 relinqueret‘
3080 2038 3306 2094 regnum
3331 2064 3346 2090 ,
3386 2026 3534 2095 quod
3584 2041 3697 2080 erat

2121 2107 2358 2163 donante
2394 2108 2527 2175 Deo,
2574 2110 2826 2165 nobiliter
2856 2112 3164 2166 ordinatum
3200 2130 3214 2166 :
3270 2114 3481 2171 scilicet
3514 2132 3582 2171 ne
3606 2129 3698 2171 aut

2123 2199 2365 2253 externis
2393 2208 2713 2269 quaterctur
2740 2202 3018 2270 procellis,
3049 2213 3141 2257 aut
3178 2204 3449 2261 intestinis
3479 2224 3700 2265 vexare-

2124 2301 2211 2348 tur
2247 2293 2632 2358 scissionibus,
2677 2295 2823 2349 misit
2860 2296 2927 2350 ad
2956 2296 3154 2363 filium,
3187 2314 3421 2369 eumque
3440 2302 3509 2357 ab
3528 2302 3699 2374 Aqui-

2124 2384 2269 2438 tania
2316 2385 2577 2439 evocavit.
2612 2383 2784 2451 Quem
2824 2387 3132 2442 venientem
3171 2388 3469 2446 clementer
3513 2410 3701 2451 susce-

2121 2472 2242 2543 pit,
2283 2481 2392 2527 tota
2421 2482 2610 2528 :estate
2640 2488 2826 2528 secum
2856 2476 3048 2542 tenuit,
3110 2478 3179 2533 de
3217 2479 3302 2534 his
3340 2482 3537 2550 quibus
3574 2501 3700 2540 eum

2123 2566 2364 2635 indigere
2408 2567 2618 2634 putavit
2664 2566 2925 2623 instruxit
2967 2587 2981 2622 :
3027 2572 3260 2640 qualiter
3299 2573 3549 2631 videlicet
3598 2578 3701 2633 sibi

2126 2658 2444 2721 vivendum,
2507 2660 2873 2730 regnandum,
2935 2677 3161 2734 regnum
3209 2667 3597 2732 ordinandum,
3648 2678 3703 2726 et

2118 2753 2426 2807 ordinatum
2455 2755 2744 2809 tenendum
2778 2754 2957 2822 foret,
2998 2749 3226 2823 monuit,
3259 2767 3315 2813 et
3354 2762 3571 2815 tandem
3596 2761 3698 2815 im-

2122 2843 2313 2913 periali
2359 2859 2484 2898 cum
2515 2845 2820 2901 diademate
2856 2849 3136 2902 coronavit
3168 2890 3181 2914 ,
3229 2859 3285 2905 et
3323 2866 3506 2904 rerum
3555 2868 3699 2906 sum-

2122 2949 2267 2988 mam
2297 2950 2464 3005 penes
2493 2951 2615 2989 eum
2649 2935 2887 2992 futuram
2913 2953 3033 2993 esse
3065 2939 3280 2995 Christo
3309 2940 3527 2997 favente
3550 2943 3701 2997 inno-

2124 3025 2258 3089 tuit,
2305 3033 2361 3079 et
2412 3025 2515 3080 hoc
2563 3034 2784 3095 peracto
2842 3029 3059 3099 negotio
3097 3030 3326 3084 reditum
3366 3032 3432 3086 ad
3483 3032 3697 3102 propria

433 3118 828 3174 monasterium
871 3118 1120 3184 Gallinae,
1162 3122 1552 3178 monasterium
1583 3123 1755 3177 sancti
1779 3122 2020 3177 Lauren-
2047 3092 2090 3154 C
2121 3116 2413 3171 concessit.
2449 3115 2551 3183 Qui
2582 3132 2767 3172 mense
2815 3117 3107 3174 Novembri
3133 3136 3161 3174 a
3186 3131 3340 3192 patre
3364 3121 3695 3192 regredin.

439 3208 540 3275 tii,
594 3211 986 3267 nwnasterium
1042 3221 1246 3267 sanctae
1300 3212 1485 3267 Maria:
1526 3214 1669 3282 quod
1718 3208 1935 3269 dicitur'
1964 3215 2017 3269 in

434 3299 650 3355 Rubine
678 3299 1020 3374 [Oruhione],
1061 3303 1451 3357 monasterium
1477 3304 1711 3370 Cannas,
1740 3313 1794 3359 et
1822 3314 2019 3361 cmtera

430 3389 665 3461 plurima
693 3432 709 3459 ,
748 3391 947 3463 quibus
989 3391 1159 3449 veluti
1207 3380 1529 3462 quibusdam
1586 3395 1798 3466 lychnis
1849 3404 2017 3452 totum

435 3482 725 3538 decoratur
769 3481 1078 3552 Aquitanim
1107 3497 1354 3555 regnum.
1409 3484 1523 3540 Hoc
1563 3484 1683 3556 ejus
1710 3487 2018 3558 exemplum

432 3587 546 3628 non
571 3574 731 3630 modo
767 3573 1005 3646 episcopi
1034 3574 1188 3630 multi
1208 3617 1223 3642 ,
1261 3576 1357 3631 sed
1387 3583 1443 3631 et
1471 3575 1594 3631 laici
1629 3577 2018 3647 quamplurimi

435 3664 703 3731 maluisti,
735 3664 973 3736 collapsa
1002 3666 1387 3722 restaurabant
1409 3706 1424 3735 ,
1474 3677 1530 3724 et
1557 3683 1696 3724 nova
1747 3676 2022 3725 monaste-

438 3756 521 3811 ria
549 3758 835 3814 certabant
859 3757 1175 3827 instituam;
1231 3760 1376 3831 quod
1422 3775 1650 3817 cernere
1698 3761 1872 3818 oculis
1914 3769 2015 3818 est.

440 3846 500 3902 lu
522 3856 739 3905 tantam
761 3848 997 3921 denique
1020 3848 1343 3907 felicitatem
1371 3853 1677 3923 respublica
1707 3852 2019 3924 Aquitanici

438 3941 595 4013 regni
622 3939 950 4013 profecerat,
979 3952 1041 3998 ut
1061 3942 1446 4015 proficiscente
1470 3945 1714 4016 quolibet
1742 3961 1867 4015 rege
1892 3987 1906 4013 ,
1934 3946 2020 4001 vel

439 4034 494 4089 in
538 4034 742 4105 palatio
770 4035 1063 4102 residente,
1092 4037 1183 4093 vix
1215 4036 1411 4108 aliquis
1438 4039 1775 4108 reperiretur
1797 4055 1855 4095 se
1893 4055 2021 4095 con-

438 4140 678 4196 querens
713 4125 916 4195 aliquid
948 4142 979 4180 a
999 4125 1125 4194 jure
1152 4142 1490 4199 perpessum.
1518 4127 1714 4183 Tribus
1739 4129 1884 4183 enim
1909 4129 2021 4185 die-

435 4215 537 4270 bus
558 4231 652 4271 rex
671 4231 773 4286 per
786 4216 1027 4287 singulas
1051 4218 1416 4273 hebdomadas
1440 4220 1517 4275 rei
1534 4219 1833 4291 judiciarize
1855 4222 2021 4277 inter-

435 4312 573 4358 crat.
606 4302 741 4358 Nam
778 4306 1011 4375 quadam
1046 4314 1369 4377 tempestate
1407 4311 1575 4365 misso
1620 4310 2020 4367 Arcbambaldo

2120 3208 2466 3279 Aquitaniam
2496 3210 2729 3278 repetiit.
2779 3209 2939 3266 Pater
2977 3227 3106 3267 vero
3149 3213 3311 3269 veluti
3368 3216 3530 3269 morti
3579 3230 3697 3285 pro—

2118 3299 2385 3368 pinquus,
2419 3299 2627 3354 crebris
2664 3308 2719 3355 et
2767 3302 3070 3372 peregrinis
3126 3302 3485 3359 incommodis
3520 3306 3694 3376 urgeri

2121 3389 2306 3459 cmpit.
2349 3388 2484 3442 Nam
2514 3404 2661 3445 mors
2690 3391 2853 3446 veluti
2885 3392 3207 3462 quibusdam
3255 3394 3461 3449 nuntiis
3505 3396 3695 3449 adven-

2124 3488 2235 3533 tum
2265 3494 2423 3534 suutn
2452 3479 2567 3548 jam
2604 3481 2827 3553 jamque
2870 3483 3109 3539 futurum
3136 3525 3151 3550 ,
3201 3486 3402 3540 talibus
3454 3502 3692 3556 prmnun-

2122 3570 2292 3626 tiahat
2322 3570 2559 3626 indiciis.
2593 3572 2833 3627 Tandem
2878 3574 3062 3643 itaque
3101 3575 3248 3630 vitiis
3275 3577 3585 3647 passionum
3616 3578 3692 3630 in-

2120 3665 2207 3715 ter
2229 3677 2289 3716 se
2318 3664 2823 3734 compugnantibus,
2858 3673 2913 3718 et
2936 3666 3227 3721 valentiam
3249 3666 3366 3736 ejus
3385 3667 3690 3740 impugnan-

2121 3754 2266 3809 tibus
2291 3794 2306 3819 ,
2346 3763 2555 3811 natura:
2612 3756 2960 3813 imbecillitas
3001 3761 3198 3827 cessit,
3264 3769 3321 3815 et
3357 3761 3501 3817 lecto
3543 3762 3690 3817 decu-

2119 3842 2237 3897 buit
2269 3858 2287 3899 :
2312 3851 2369 3897 et
2397 3844 2451 3898 in
2477 3847 2594 3899 dies
2618 3853 2783 3915 atque
2811 3846 2866 3901 in
2890 3846 3054 3903 horas
3089 3848 3454 3920 propinquior
3497 3851 3651 3906 morti
3676 3891 3689 3911 ,

2120 3940 2280 4002 prout
2316 3932 2491 3987 voluit
2518 3934 2631 3989 suis
2660 3934 2865 4006 scripto
2892 3937 3229 4003 distributis,
3280 3939 3425 3994 diem
3456 3938 3687 3994 ultimum

2121 4021 2351 4089 clausit,
2392 4022 2839 4096 Francorumque
2888 4041 3057 4098 regno
3105 4043 3244 4099 pene
3299 4029 3690 4084 ineluctabilem

2121 4114 2327 4170 luctum
2357 4115 2595 4185 reliquit.
2623 4116 2696 4171 At
2720 4132 2851 4173 vero
2882 4118 2936 4173 in
2967 4117 3083 4188 ejus
3117 4135 3441 4177 successore
3466 4121 3690 4177 veridica

2119 4207 2344 4276 probata
2370 4218 2455 4264 est
2482 4207 2767 4278 Scriptura
2792 4252 2805 4275 ,
2840 4227 2961 4283 quae
3005 4215 3061 4268 in
3100 4214 3299 4270 talibus
3330 4215 3691 4270 tribulanlium

2120 4302 2406 4357 consolans
2448 4303 2660 4358 animos
2686 4302 2818 4357 dicit
2856 4320 2871 4357 :
2915 4302 3157 4359 Mortuus
3194 4313 3270 4359 est
3310 4306 3390 4359 vir
3405 4305 3619 4376 justus,
3650 4316 3691 4357 (ι

436 4396 923 4488 Commentariensi
962 4397 1218 4470 Imperii,
1256 4401 1384 4456 dum
1419 4402 1470 4456 ei
1500 4402 1748 4472 quaedam
1794 4400 2016 4459 ferenda
2042 4429 2095 4488 D
2120 4396 2272 4488 quasi
2310 4413 2415 4450 non
2443 4404 2519 4488 est
2553 4405 2791 4488 mortuus
2810 4437 2825 4463 ,
2854 4395 3079 4451 similem
3104 4398 3241 4451 enim
3271 4396 3376 4488 sibi
3399 4396 3693 4488 reliquit

440 4488 550 4545 lilio
585 4487 982 4561 referendaque
1007 4491 1388 4559 commisisset,
1414 4500 1471 4549 et
1496 4493 1587 4549 ille
1619 4494 2013 4551 ordinationem

439 4579 608 4645 hanc.
646 4585 711 4633 ut
737 4578 979 4647 viderat,
1010 4581 1224 4637 rediens
1253 4584 1393 4652 patri
1418 4582 1693 4638 retulisset
1720 4625 1736 4649 ,
1769 4584 1906 4640 adeo
1928 4600 2018 4639 ex-

437 4664 670 4727 sultasse
696 4670 924 4737 dicitur,
991 4679 1053 4726 ut
1087 4686 1201 4741 prre
1249 4673 1415 4728 nimia
1455 4673 1736 4729 alacritate
1761 4674 2019 4745 lacrymis

437 4759 677 4826 fluxerit,
715 4768 772 4815 et
809 4760 1308 4827 circumstantibus,
1348 4760 1417 4828 ο,
1450 4762 1646 4833 inquit,
1684 4764 1835 4830 socii,
1860 4767 2018 4819 victos

441 4866 536 4904 nos
546 4849 880 4919 gratulemur
890 4851 957 4906 ab
968 4851 1129 4923 hujus
1141 4852 1353 4923 juvenis
1366 4853 1519 4907 senili
1529 4855 1834 4926 sagacitate.
1864 4856 2019 4913 Unde

438 4943 566 5013 quia
616 4957 809 5001 rem»
836 4941 938 4999 fuit
984 4941 1199 4999 Domini
1240 4944 1414 5001 ﬁdelis
1453 4946 1506 5001 in
1535 4948 1857 5015 commisso,
1889 4965 2021 5019 pru—

440 5035 575 5091 deus
596 5036 651 5091 in
675 5035 1077 5107 angmentando
1097 5036 1202 5092 sibi
1227 5037 1427 5093 tradito
1449 5037 1674 5103 talento,
1698 5041 2023 5096 constitutus

439 5138 524 5184 est
543 5135 867 5199 potestatem
889 5126 1098 5183 habens
1122 5128 1175 5183 in
1202 5139 1393 5184 cuncta
1418 5128 1824 5199 patrisfamilias
1838 5131 2018 5186 domo.

512 5219 620 5276 Per
638 5219 782 5276 idem
810 5228 994 5277 autem
1034 5227 1244 5290 tempus
1272 5218 1417 5292 (8l3)
1442 5229 1654 5273 mortuo
1677 5218 1791 5286 jam
1812 5223 2021 5293 pridem

444 5308 665 5382 l‘ippino
693 5312 856 5368 italiae
886 5322 1014 5382 rege
1034 5353 1047 5379 ,
1080 5311 1390 5382 nuperrime
1410 5318 1590 5365 autem
1619 5310 1811 5367 Carolo
1834 5312 2020 5366 itidem

444 5399 610 5456 fratre
651 5416 743 5458 res
778 5403 1047 5460 humanas
1079 5402 1449 5473 relinquente,
1490 5417 1614 5473 spes
1650 5403 2022 5459 universitatis

444 5490 715 5557 potiunda
746 5490 803 5546 in
826 5506 949 5548 eum
981 5492 1320 5563 assurgebat.
1361 5490 1527 5547 Misso
1581 5492 1725 5547 enim
1772 5508 1870 5563 pro
1904 5493 2023 5563 qui-

448 5578 670 5631 busdam
726 5582 1051 5636 necessariis
1110 5591 1321 5652 patrem
1386 5582 1733 5635 consulendis
1798 5581 2022 5637 Gerrico

448 5666 607 5736 Cupis
644 5667 894 5734 praelata,
934 5687 1058 5726 eum
1089 5673 1142 5726 in
1192 5672 1392 5741 palatio
1429 5682 1754 5736 moraretur,
1790 5683 2019 5742 praesto-

2119 4486 2253 4541 lium
2303 4486 2579 4541 hwredem.
2625 4486 2773 4543 Obiit
2822 4496 3003 4543 autem
3039 4488 3230 4558 quinto
3283 4487 3557 4543 Kalendas
3610 4486 3694 4541 Fc-

2122 4579 2373 4634 bruarias
2417 4578 2557 4633 idem
2583 4578 2861 4649 piissimus
2892 4579 3188 4648 imperator
3231 4576 3463 4634 Carolus
3489 4621 3503 4645 ,
3562 4594 3692 4633 anm

2121 4667 2516 4723 lncarnationis
2566 4667 2779 4723 Domini
2818 4668 2993 4723 nostri
3028 4667 3154 4723 Jcsu
3177 4667 3380 4724 Christi
3425 4669 3696 4740 octingeL—

2124 4762 2322 4816 tesimo
2351 4761 2561 4815 decimo
2584 4769 2796 4831 quarto.
2830 4759 2948 4827 Quo
3004 4761 3057 4815 in
3115 4770 3363 4833 tempore
3396 4762 3693 4818 Ludovicus

2124 4853 2419 4923 imperator
2461 4851 2747 4907 concilium
2778 4852 2975 4923 populo
3000 4853 3251 4923 generale
3281 4855 3441 4923 quasi
3472 4854 3691 4925 quodam

2126 4948 2396 5002 indixerat
2418 4945 2702 5017 praesagio,
2729 4945 2781 4999 in
2806 4944 3189 5003 Purificatione
3203 4955 3408 5002 sancta:
3422 4948 3521 5003 Dei
3554 4962 3694 5018 genr-

2126 5039 2277 5094 tricis
2297 5037 2500 5103 Mariae,
2517 5037 2571 5091 in
2586 5037 2706 5091 loco
2717 5033 2871 5104 cuius
2885 5036 3206 5093 vocabulum
3220 5045 3306 5093 est
3322 5035 3687 5093 Tehotuadus.

2195 5128 2459 5184 Defuncto
2498 5135 2677 5182 autem
2705 5137 2861 5198 patre
2895 5128 2997 5198 pia:
3052 5128 3479 5194 recordationis,
3513 5129 3695 5183 missus

2125 5234 2209 5278 est
2235 5222 2444 5293 Rampo
2473 5223 2540 5277 ad
2571 5237 2694 5277 eum
2718 5222 2786 5276 ab
2809 5222 2888 5277 eis
2914 5223 3006 5292 qui
3035 5221 3373 5291 sepulturam
3403 5222 3525 5293 ejus
3550 5234 3695 5277 cura-

2128 5323 2286 5382 runt,
2321 5313 2507 5369 liberis
2540 5312 2750 5369 scilicet
2777 5321 2833 5367 ct
2876 5313 3196 5384 proceribus
3219 5312 3478 5384 palatinis
3505 5354 3520 5379 ,
3549 5322 3607 5366 ut
3650 5320 3697 5365 et

2128 5413 2357 5460 mortem
2404 5403 2522 5472 eius
2578 5411 2791 5458 mature
2853 5412 3241 5474 cognosceret,
3308 5404 3695 5471 adventumque

2127 5512 2285 5551 suum
2320 5495 2465 5550 nullo
2501 5495 2661 5549 modo
2689 5496 3210 5565 comperendinaret.
3238 5496 3342 5563 Qui
3387 5512 3514 5551 cum
3541 5495 3695 5548 Aure

2128 5589 2327 5643 lianam
2360 5586 2667 5641 devcnisset
2696 5586 2762 5642 ad
2806 5588 3030 5653 urbem,
3081 5588 3416 5644 Theodulfns
3462 5586 3694 5655 ejusdem

2129 5678 2277 5731 urbis
2307 5677 2589 5747 episcopus
2613 5716 2626 5742 ,
2669 5677 2754 5731 vir
2786 5677 3145 5748 undecunque
3172 5679 3539 5739 doctissimus,
3570 5691 3694 5729 caus
