3940 6180
304 309 405 366 9H

1854 299 2033 355 \'l'l‘.~\.

3469 302 3582 358 9-ὶῖ

305 440 423 481 sam
446 420 562 490 ejus
587 419 850 473 adventus
875 418 1159 487 prmseusit
1194 435 1206 469 :
1255 426 1312 471 et
1341 416 1679 472 velocissime
1718 417 1886 471 misso
1915 423 1964 476 Α
1990 416 2157 471 citato
2203 425 2434 486 paterno
2458 423 2802 478 testamento,
2857 414 2990 470 nihil
3018 417 3265 474 relictum
3284 429 3371 476 est
3394 431 3579 491 pater-

304 515 574 586 perlatore
623 511 939 582 imperatori
987 511 1326 565 innotescere
1358 509 1594 575 studuit,
1628 509 1731 565 hoc
1772 518 1887 563 tan-

303 602 579 659 tummodo
618 601 668 656 ei
699 600 1096 672 suggerendum
1130 599 1362 669 jubeus,
1401 610 1585 656 utrum
1612 599 1888 707 praestola-

301 704 453 753 retur
476 694 779 750 venientem
816 693 871 749 in
912 694 1101 748 urbem
1128 735 1143 759 ,
1181 710 1249 770 an
1282 694 1479 749 itinere
1504 693 1688 764 aliqu‘o
1720 694 1769 747 ei
1794 709 1887 748 oc-

297 795 548 845 curreret
575 793 804 840 venturo
828 785 896 838 ad
926 785 1137 839 urbem.
1184 783 1358 851 Quam
1387 799 1610 839 causam
1641 784 1730 838 ille
1760 799 1887 853 pro-

299 875 448 932 tinus
490 883 885 930 commentatus
921 874 1173 944 agnovit,
1210 882 1266 927 et
1306 875 1485 943 ipsum
1514 872 1701 929 venire
1730 874 1799 927 ad
1826 887 1886 928 se

294 965 477 1035 jussit.
519 963 648 1020 lude
675 964 841 1019 alium
875 972 1039 1034 atque
1088 963 1252 1018 alium
1301 961 1527 1031 hujusce
1573 961 1653 1017 rei
1701 962 1885 1017 tristes

298 1059 602 1129 suscipiens
641 1059 858 1114 nuntios
882 1099 897 1125 ,
949 1065 1073 1128 post
1124 1057 1378 1127 quintum
1408 1057 1552 1112 diem
1596 1058 1664 1112 ab
1694 1058 1883 1112 eodem

295 1148 417 1206 loco
447 1150 640 1219 pedem
671 1149 874 1213 movit,
924 1157 981 1203 et
1025 1164 1149 1203 cum
1178 1156 1362 1213 tanto,
1417 1156 1676 1217 quantum
1724 1162 1883 1217 passa

297 1246 383 1296 est
424 1239 674 1308 angustia
705 1240 965 1308 temporis
988 1280 1001 1304 ,
1031 1239 1231 1309 populo
1261 1240 1365 1293 iter
1393 1240 1648 1309 arripuit.
1705 1239 1885 1293 Time-

296 1331 458 1386 batur
485 1330 631 1383 enim
659 1344 823 1398 quam
852 1329 1092 1384 maxime
1147 1329 1299 1384 Wala
1324 1369 1339 1394 ,
1371 1330 1570 1383 summi
1616 1329 1756 1406 apud
1782 1328 1884 1383 Ca-

297 1422 473 1477 rolum
505 1421 891 1490 imperatorem
923 1421 1139 1476 habitus
1192 1421 1330 1484 loci,
1390 1435 1459 1475 ne
1505 1419 1642 1474 forte
1678 1418 1885 1488 aliquid

297 1511 509 1567 sinistri
538 1518 728 1565 contra
758 1510 1148 1580 imperatorem
1199 1511 1499 1564 moliretur.
1549 1510 1650 1575 Qui
1703 1517 1881 1561 tamen

296 1602 559 1657 citissime
589 1601 660 1655 ad
692 1616 818 1655 eum
847 1602 1027 1666 venit,
1057 1609 1113 1656 et
1133 1600 1432 1655 humillima
1462 1599 1796 1668 subjectione
1822 1612 1881 1652 se

294 1693 415 1762 ejus
445 1691 629 1756 nutui,
664 1692 960 1747 secundum
1015 1691 1459 1747 consuetudinem
1507 1690 1876 1756 Francorum,

295 1761 684 1837 commendans
722 1780 981 1834 subdidit.
1031 1779 1163 1834 Post
1207 1778 1360 1848 cujus
1402 1779 1470 1834 ad
1496 1780 1881 1850 imperatorem
1911 1761 1959 1820 Β

296 1874 587 1929 adventum
613 1914 629 1939 ,
669 1873 907 1929 aemulati
943 1889 1065 1927 eum
1111 1889 1303 1929 omnes
1330 1874 1661 1929 Francorum
1692 1889 1884 1943 proce-

299 1979 385 2018 res
404 2005 418 2029 ,
460 1964 713 2019 certatim
742 1964 1113 2035 gregatimque
1134 1965 1186 2019 ei
1215 1965 1432 2019 obviam
1470 1965 1550 2020 ire
1573 1965 1879 2020 certabant.

296 2054 647 2124 Tandemque
676 2056 743 2109 ad
775 2053 1144 2109 Haristallium
1175 2070 1436 2126 prospero
1462 2056 1662 2111 itinere
1692 2071 1885 2136 perve-

298 2147 413 2208 nit,
454 2152 509 2198 et
531 2145 619 2199 die
648 2144 925 2200 tricesimo
961 2154 1248 2215 postquam
1292 2147 1360 2201 ab
1410 2146 1705 2215 Aquitania
1757 2162 1887 2215 pro—

296 2237 498 2298 movit.
538 2235 743 2305 palatio
767 2234 1099 2304 Aquisgraui
1149 2236 1342 2304 pedem
1395 2236 1628 2292 feliciter
1682 2238 1880 2291 intulit.

297 2327 539 2383 Moverat
560 2333 742 2381 autem
770 2323 887 2392 ejus
913 2325 1156 2378 animum
1174 2323 1492 2392 jamdudum
1518 2367 1533 2391 ,
1571 2342 1885 2396 quanquam

296 2429 492 2472 natura
522 2416 894 2480 mitissimum,
928 2415 1056 2468 illud
1087 2414 1233 2484 quod
1273 2430 1303 2468 a
1331 2416 1609 2471 sororibus
1656 2418 1800 2472 illius
1831 2419 1886 2472 in

299 2508 658 2564 contubernio
683 2508 1042 2562 exercebatur
1071 2514 1299 2576 paterno
1334 2524 1346 2560 :
1397 2522 1504 2576 quo
1548 2508 1663 2561 solo
1692 2510 1887 2564 domus

299 2606 526 2668 paterna
567 2596 887 2651 inurebatur
938 2611 1108 2651 utero.
1152 2596 1252 2651 Cui
1301 2597 1641 2654 incommodo
1682 2600 1885 2654 mederi

298 2687 520 2752 volens,
558 2685 720 2740 simul
746 2692 803 2740 et
826 2700 1047 2750 cavens,
1097 2701 1166 2741 ne
1193 2685 1337 2755 quod
1365 2699 1463 2755 per
1501 2685 1785 2742 Odilonem
1829 2696 1889 2742 et

300 2781 605 2835 lliltrudem
630 2780 761 2834 olim
800 2779 1114 2846 acciderat,
1155 2781 1506 2836 revivisceret
1548 2783 1883 2850 scandalum,

300 2870 447 2925 misit
486 2869 698 2924 Walam
729 2878 785 2926 et
834 2869 1206 2935 Warnarium,
1243 2885 1346 2926 nec
1377 2887 1486 2927 non
1528 2881 1583 2927 et
1619 2872 1889 2928 Lantber-

300 2971 411 3017 tum
436 3003 452 3026 ,
492 2960 585 3017 sed
606 2970 662 3017 et
680 2961 1027 3033 lugobertum
1060 2979 1072 3014 :
1111 2961 1206 3032 qui
1235 2960 1576 3033 Aquasgrani
1608 2965 1889 3021 venientes

302 3052 497 3107 talibus
516 3092 532 3115 ,
564 3065 634 3107 ne
680 3051 930 3107 accidere
956 3061 1180 3122 possent
1200 3094 1214 3118 ,
1245 3054 1459 3109 cautela
1490 3057 1885 3124 prospicerent,

300 3151 357 3199 et
393 3143 655 3213 quosdam
712 3144 883 3213 stupri
935 3145 1277 3201 immanitate
1324 3153 1381 3200 et
1423 3148 1692 3216 superbiae
1740 3147 1888 3203 fastu

302 3248 426 3290 reos
449 3234 748 3304 majestatis
777 3242 937 3289 caute
969 3235 1039 3289 ad
1068 3236 1359 3290 adventum
1411 3250 1585 3306 usque
1610 3253 1770 3293 suum
1800 3254 1889 3294 as-

303 3335 604 3383 sewarent.
630 3325 764 3381 Nam
791 3326 956 3396 aliqui
981 3342 1173 3382 eorum
1216 3343 1340 3383 cum
1376 3328 1644 3398 supplices
1672 3330 1889 3385 veniam

302 3415 449 3472 inter
476 3417 580 3472 iter
603 3415 871 3487 agendum
891 3417 1285 3487 poposcissent,
1308 3428 1678 3474 emeruerunt.
1718 3418 1893 3475 Simul

302 3521 359 3569 et
383 3513 703 3583 prtecipiens
734 3521 793 3567 ut
826 3512 1058 3582 populus
1108 3513 1309 3568 ibidem
1338 3513 1645 3569 consistens
1687 3514 1894 3583 absque

304 3612 454 3659 metu
499 3611 674 3659 semet
719 3604 917 3658 ibidem
954 3603 1296 3672 opperiretur
1326 3610 1635 3658 venturum.
1667 3603 1739 3656 At
1762 3618 1892 3657 vero

305 3694 628 3749 Warnarius
651 3708 866 3758 comes,
908 3692 1079 3745 inscio
1101 3690 1259 3745 Wala
1293 3700 1348 3745 et
1376 3691 1687 3761 lngoberto,
1714 3692 1901 3746 accito

305 3794 503 3855 nepote
542 3784 865 3848 Lautberto,
908 3781 1211 3837 Hodoinum
1244 3782 1357 3851 jam
1404 3782 1567 3855 dicto
1596 3781 1894 3836 obnoxium

305 3876 566 3940 crimine,
607 3873 675 3927 ad
722 3886 783 3928 se
831 3871 1017 3926 venire
1054 3870 1331 3926 mandavit
1351 3871 1509 3940 quasi
1538 3854 1895 3939 comprehen-

307 3968 541 4023 (lendum
570 4007 585 4031 ,
654 3974 709 4020 et
749 3964 913 4035 regite
962 3963 1212 4019 vindicta:
1273 3961 1675 4031 objectandum.
1730 3960 1896 4029 Cujus

308 4058 396 4113 ille
428 4058 653 4113 insidias
677 4096 692 4123 ,
735 4065 793 4111 ut
833 4064 958 4127 pote
982 4055 1335 4111 admordente
1374 4054 1575 4109 acriter
1608 4054 1895 4117 conscien-

309 4150 383 4205 tia
404 4190 419 4211 ,
452 4149 689 4203 monitus
710 4147 979 4218 prtevidit,
1002 4155 1058 4201 et
1082 4146 1210 4216 quia
1247 4145 1520 4201 declinare
1548 4145 1893 4209 detrectavit,

306 4248 363 4292 et
390 4238 504 4307 ipse
532 4236 769 4306 experiri
806 4236 1046 4301 meruit,
1095 4244 1150 4291 et
1178 4234 1279 4305 ipsi
1333 4234 1626 4290 Warnario
1649 4233 1896 4291 ultimam

310 4328 524 4383 cladem
551 4327 882 4397 importavit.
930 4325 1065 4381 Nam
1101 4326 1169 4381 ad
1194 4341 1351 4391 eum,
1381 4326 1525 4381 sicut
1552 4327 1642 4382 ille
1669 4327 1899 4384 manda-

312 4430 487 4486 verat,
533 4420 777 4487 venieus,
818 4429 874 4476 et
901 4420 1075 4490 ipsum
1131 4417 1477 4473 \Varnarium
1520 4419 1796 4483 confecit,
1840 4428 1899 4476 et

312 4513 664 4569 Lantbertutn
690 4511 867 4565 cruris
882 4510 1099 4565 lmsione
1124 4524 1228 4563 non
1263 4523 1427 4578 parvo
1479 4515 1720 4579 tempore
1743 4510 1893 4565 debi-

314 4605 420 4659 lem
455 4601 715 4667 reddidit;
762 4608 816 4656 et
852 4602 920 4655 ad
971 4600 1215 4654 ultimum
1245 4599 1358 4667 ipse
1387 4599 1674 4654 confossus
1691 4600 1887 4671 gladio,

311 4694 543 4751 interiit.
611 4693 740 4762 Quae
758 4708 881 4750 cum
907 4692 1153 4746 nuntiata
1167 4691 1481 4759 imperatori
1508 4691 1757 4757 fuissent,
1777 4692 1895 4746 ani»

315 4801 466 4842 mum
499 4786 641 4842 illius
658 4786 726 4841 ad
754 4782 1180 4840 misericordiam
1207 4781 1431 4836 exitium
1457 4779 1607 4837 ﬂexit
1635 4782 1815 4847 a'uici,
1841 4783 1894 4836 in

314 4885 530 4933 tantum
555 4885 616 4932 ut
643 4875 853 4931 Tullius
881 4872 1076 4948 {illius}
1126 4873 1345 4944 quidam
1395 4872 1603 4939 talium,
1645 4873 1735 4943 qui
1760 4889 1899 4943 pene

311 4970 429 5042 jam
480 4970 820 5039 imperatoris
842 4967 1131 5024 clementia
1178 4967 1337 5022 venia
1371 4966 1568 5036 dignus
1591 4966 1895 5032 videbatur,

315 5060 582 5120 luminum
609 5064 899 5120 amissione
923 5064 1295 5120 mulctaretur.
1371 5062 1533 5117 Venit
1566 5076 1695 5131 ergo
1733 5061 1900 5130 impe-

320 5166 475 5214 rator
517 5157 857 5228 Aquasgrani
905 5156 1183 5227 palatium,
1235 5166 1292 5211 et
1324 5171 1354 5210 a
1396 5155 1712 5226 propinquis
1737 5163 1899 5223 atque

318 5254 511 5311 multis
531 5253 865 5309 Francorum
891 5252 1126 5308 millibus
1142 5266 1269 5306 cum
1291 5249 1460 5304 multo
1499 5249 1681 5303 favore
1702 5255 1786 5303 est
1815 5261 1901 5302 re-

321 5355 510 5416 ceptus
565 5347 968 5415 imperatorque
1026 5342 1266 5399 secundo
1302 5342 1625 5398 declaratus.
1696 5340 1904 5407 Quibus

322 5438 576 5509 expletis,
628 5437 886 5493 studiosis
931 5434 1219 5505 sepulturae
1255 5439 1494 5503 paternae
1515 5430 1719 5503 gratias
1769 5431 1901 5498 egit,

319 5546 386 5586 ac
408 5530 729 5600 propinquis
761 5529 939 5584 luctus
963 5525 1260 5582 acerbitate
1284 5521 1907 5587 confectis,cousolatio-

320 5622 406 5676 nis
427 5635 681 5685 congrum
718 5618 947 5673 contulit
986 5616 1249 5670 levamen.
1330 5613 1436 5666 Sed
1468 5622 1523 5667 et
1550 5612 1691 5682 quod
1720 5612 1909 5666 deerat

323 5710 532 5765 inferiis
564 5709 845 5779 genitoris,
876 5705 1275 5778 promptissime
1305 5704 1589 5773 supplevit.
1641 5701 1774 5756 Nam
1823 5719 1907 5757 re-

1990 522 2184 561 norum
2197 507 2485 571 bonorum,
2515 506 2644 574 quin
2668 505 2964 561 secundum
2983 506 3100 576 ejus
3129 511 3425 567 sectionem
3454 528 3579 585 par-

1989 599 2202 654 tiretur.
2274 599 2420 653 Nihil
2469 599 2615 653 enim
2645 599 2715 654 ab
2750 599 3162 656 eointestatum
3198 611 3283 658 cst
3308 605 3574 661 relictum.

1990 687 2096 743 Sed
2129 688 2272 758 quod
2301 688 2549 744 ccclesiis
2576 689 3120 759 metropolitanorum
3148 692 3576 751 distribuendum

1987 779 2221 843 censuit,
2236 779 2523 834 subdivisit
2548 780 3008 849 superscriptione
3033 783 3330 846 nominum,
3346 799 3578 854 quat-mu

1985 877 2170 940 partes
2202 869 2354 926 fuere
2370 870 2559 941 viginti
2585 878 2638 924 et
2660 885 2787 923 una.
2836 870 2990 937 Quod
3014 881 3195 927 autem
3231 875 3443 939 ornatui
3495 891 3579 931 re-

1982 962 2074 1032 gio
2113 961 2489 1025 conducebat,
2534 961 2824 1030 posteriori
2875 960 3096 1031 reliquit
3119 965 3289 1018 aetati.
3375 964 3580 1021 Statuit

1985 1055 2150 1108 etiam
2185 1055 2333 1123 quid,
2380 1053 2676 1109 secundum
2706 1068 2913 1108 morem
2953 1052 3411 1122 Christianorum,
3452 1057 3577 1112 ﬁliis

1987 1146 2330 1215 liliorumque
2361 1145 2483 1199 ﬁliis
2512 1153 2568 1199 et
2594 1144 2828 1209 ﬁliabus,
2853 1160 2953 1199 nec
2982 1160 3090 1200 non
3122 1154 3178 1200 et
3206 1148 3380 1201 servis
3404 1147 3575 1202 ancil—

1986 1237 2160 1306 lisque
2184 1237 2475 1307 regalibus,
2501 1237 2596 1291 sed
2619 1245 2673 1290 et
2710 1237 2764 1290 in
2793 1251 3080 1292 commune
3102 1237 3352 1293 omnibus
3372 1253 3577 1308 paupe-

1985 1328 2135 1382 ribus
2161 1328 2597 1382 distrilmeretnr.
2665 1326 2797 1393 Qua:
2825 1336 3023 1381 cuncta
3063 1328 3313 1384 dominus
3346 1331 3580 1401 impera-

1987 1428 2071 1471 tor
2102 1417 2427 1481 Ludovicus,
2456 1431 2514 1472 ιιι
2535 1418 2738 1488 scripta
2765 1420 2973 1490 relegit,
3026 1423 3379 1479 exsecutione
3397 1424 3578 1493 operis

1984 1507 2291 1576 complevit.
2344 1508 2438 1561 llis
2467 1509 2724 1578 peractis,
2776 1511 3074 1579 imperator
3112 1527 3326 1568 onmem
3379 1523 3578 1569 coetum

1985 1597 2303 1663 femineum,
2333 1599 2425 1667 qui
2454 1600 2834 1668 permaximus
2862 1609 3002 1667 erat,
3030 1602 3230 1671 palatio
3266 1603 3581 1672 excludiju-

1986 1689 2210 1755 dicavit,
2262 1697 2464 1759 prmter
2490 1691 2867 1759 paucissimas,
2920 1707 3056 1761 quas
3090 1692 3370 1747 famulatui
3410 1694 3581 1763 regali

1986 1796 2255 1852 congruas
2272 1782 2625 1836 existimavit.
2658 1781 2918 1837 Sororum
2940 1791 3125 1837 autem
3148 1784 3580 1853 qumqueinsua,

1984 1886 2104 1939 quae
2128 1886 2156 1923 a
2187 1879 2340 1939 patre
2370 1878 2675 1940 acceperat,
2701 1872 2991 1927 concessit.
3063 1872 3195 1939 Qum
3239 1882 3422 1927 autem
3477 1888 3580 1929 nec

1985 1960 2109 2014 dum
2146 1959 2253 2012 tale
2297 1959 2427 2029 quid
2453 1968 2759 2016 conseeutm
2782 1970 2961 2027 erant,
3003 1963 3075 2018 ab
3112 1963 3443 2034 imperatore
3466 1978 3579 2018 ine-

1987 2060 2231 2119 ruerunt,
2256 2060 2312 2107 et
2339 2053 2406 2106 ad
2430 2054 2694 2122 imperata
2724 2069 2846 2111 sese
2874 2062 3174 2135 verterunt.
3213 2054 3580 2111 Postbzecim-

1985 2153 2206 2214 perator
2226 2144 2520 2214 legationes
2549 2144 2615 2199 ad
2641 2154 2852 2216 patrem
2880 2147 3205 2215 destinatas,
3221 2148 3289 2204 ad
3312 2160 3374 2204 se
3398 2156 3578 2203 autem

1986 2235 2266 2292 venientes
2312 2246 2368 2291 et
2399 2246 2679 2308 susceptas
2701 2240 2989 2310 diligenter
3038 2241 3268 2306 audivit,
3306 2240 3584 2312 dapsilitcr

1988 2326 2222 2387 curavit,
2273 2336 2593 2395 sumptuose
2621 2338 2937 2385 muneratus
2982 2331 3212 2385 remisit.
3271 2331 3418 2386 inter
3445 2347 3579 2401 quas
3612 2317 3619 2323 ’

1989 2415 2071 2469 vel
2086 2418 2356 2486 prmcipua
2378 2416 2482 2471 fuit
2496 2418 2835 2488 imperatoris
2856 2420 3466 2493 Constantinopolitani,
3483 2439 3581 2478 nu-

1988 2504 2134 2558 mine
2157 2503 2452 2570 Michaelis,
2478 2506 2564 2561 cui
2591 2509 2844 2565 dominus
2878 2509 3109 2568 Carolus
3131 2512 3326 2568 missos
3356 2515 3582 2572 miserat

1986 2593 2322 2652 Amalarium
2370 2598 2730 2655 Treverorum
2766 2601 3098 2673 episcopum,
3146 2611 3202 2660 et
3239 2606 3456 2661 Petrum
3479 2605 3582 2663 No-

1988 2683 2228 2740 nantula:
2283 2687 2552 2751 abbatem,
2601 2689 2752 2760 pacis
2801 2692 3188 2750 conﬁrmandae
3216 2697 3411 2766 gratia.
3478 2697 3582 2766 Qui

1990 2784 2327 2833 revertentes
2356 2780 2552 2835 missos
2592 2795 2767 2851 supra
2794 2783 2923 2839 dicti
2972 2784 3249 2841 Michaelis
3281 2802 3463 2843 secum
3488 2791 3582 2843 ad-

1990 2867 2262 2924 duxerunt
2289 2868 2742 2942 Cbristopborum
2765 2876 3289 2945 protospatbarium,
3305 2885 3361 2932 et
3379 2877 3582 2949 Grego-

1991 2957 2131 3012 rium
2144 2958 2426 3015 diaconem
2438 3003 2452 3026 ,
2469 2962 2538 3016 ad
2556 2962 2937 3032 imperatorem
2954 2964 3208 3020 Carolum
3221 2965 3477 3033 directos,
3494 2984 3583 3023 su-

1995 3063 2092 3118 per
2110 3049 2364 3105 omnibus
2392 3065 2513 3119 quae
2535 3051 2743 3122 scripta
2763 3051 2978 3108 fuerant
2994 3055 3405 3124 respondentes.
3435 3056 3582 3124 Quos

1994 3156 2115 3196 cum
2146 3142 2446 3211 imperator
2470 3144 2793 3212 remitteret,
2820 3146 2984 3202 simul
3011 3163 3134 3203 cum
3176 3150 3257 3204 eis
3284 3150 3435 3206 misit
3455 3152 3583 3207 mis-

1992 3247 2083 3287 sos
2104 3248 2232 3288 suos
2248 3232 2412 3288 Leoni
2439 3235 2734 3290 substituto
2752 3236 3088 3306 imperatori,
3115 3236 3463 3295 Nortbertum
3480 3242 3582 3296 Re-

1992 3323 2233 3394 giensem
2256 3325 2595 3394 episcopum,
2636 3335 2691 3381 et
2721 3326 3050 3383 Richoinum
3111 3327 3394 3385 Pictavum
3419 3332 3585 3387 comi-

1993 3422 2103 3469 tem
2135 3433 2148 3469 :
2182 3423 2373 3486 petens
2410 3416 2779 3472 amicitiarum
2827 3419 3143 3475 societatem
3171 3429 3227 3476 et
3278 3425 3584 3478 renovatio-

1992 3521 2117 3561 nem
2165 3507 2536 3577 antiquarum,
2604 3507 2766 3563 simul
2794 3517 2850 3562 et
2895 3510 3041 3578 pacti
3090 3511 3581 3568 conﬁrmationem.

1993 3599 2195 3654 Eodem
2225 3616 2368 3655 anno
2417 3601 2725 3670 generalem
2776 3611 3100 3657 conventum
3128 3602 3452 3672 Aquisgrani
3489 3605 3585 3659 ha.

1993 3690 2132 3755 buit,
2163 3701 2221 3744 et
2255 3705 2354 3758 per
2401 3693 2690 3746 universas
2735 3693 2887 3762 regni
2925 3693 3006 3747 sui
3058 3701 3244 3761 partes
3293 3694 3477 3749 ﬁdeles
3521 3711 3585 3748 ac

1993 3781 2317 3837 creditarios
2354 3797 2385 3834 a
2420 3782 2591 3836 latere
2622 3796 2722 3836 suo
2748 3782 2897 3835 misit
2927 3799 2941 3834 :
2974 3782 3064 3852 qui
3096 3785 3236 3852 arqui
3268 3782 3408 3851 juris
3439 3795 3583 3838 tena-

1995 3885 2088 3925 ces
2152 3872 2452 3926 existentes
2500 3885 2757 3940 perversa
2821 3872 3178 3942 corrigerent,
3223 3873 3583 3945 omnibusque

1989 3960 2079 4030 jus
2100 3977 2399 4031 congruum
2443 3976 2601 4030 mquo
2638 3960 2924 4017 libramine
2977 3964 3293 4033 penderent.
3341 3964 3579 4020 Bernar-

2004 4053 2130 4107 dnm
2160 4053 2323 4107 etiam
2371 4059 2623 4122 nepotem
2668 4066 2826 4106 suum
2860 4050 3181 4122 jamdudum
3212 4067 3393 4127 regem
3419 4055 3585 4112 Italiae

1998 4143 2066 4200 ad
2118 4160 2177 4201 se
2220 4154 2525 4209 evocatum,
2578 4152 2634 4199 et
2686 4144 3003 4201 obedienter
3043 4154 3352 4216 parentem,
3393 4150 3586 4220 amplis

2001 4236 2316 4290 muneribus
2348 4233 2630 4299 donatum,
2658 4234 2726 4289 ad
2748 4236 3028 4306 proprium
3074 4250 3305 4308 regnum
3344 4240 3578 4298 remisit.

1998 4326 2501 4381 Beneventanorum
2529 4324 2713 4381 itidem
2738 4325 3035 4398 principem
3059 4326 3433 4386 Grimoaldum
3474 4345 3578 4388 nua

1924 4461 1975 4520 υ
1998 4417 2215 4485 quidem
2242 4415 2570 4481 venientem,
2615 4416 2710 4471 sed
2738 4416 2935 4472 missos
2964 4433 3097 4473 suos
3134 4420 3461 4487 mittentem,
3492 4437 3587 4492 pa-

1998 4518 2088 4564 cto
2127 4519 2181 4563 et
2214 4508 2571 4563 sacramentis
2623 4508 2966 4570 constrinxit,
3025 4517 3086 4562 ut
3139 4510 3371 4581 singulis
3426 4512 3586 4567 annis
3652 4550 3663 4559 ς

1999 4606 2204 4667 septem
2230 4597 2395 4651 millia
2439 4597 2735 4652 solidorum
2772 4598 2889 4653 auri
2919 4598 3309 4669 arcm‘publicze
3338 4600 3584 4657 inferret.

2000 4690 2200 4746 Eodem
2226 4689 2388 4744 etiam
2421 4705 2563 4744 anno
2588 4690 2816 4745 duorum
2844 4705 3064 4746 suorum
3100 4689 3357 4756 ﬁliorum,
3389 4691 3586 4747 Letha-

2003 4782 2142 4836 rium
2170 4780 2226 4834 in
2266 4778 2592 4850 Bajoariam,
2624 4779 2902 4850 Pippinum
2952 4781 3007 4835 in
3039 4780 3389 4849 Aquitaniam
3414 4784 3582 4847 misit,

2004 4872 2222 4927 tertium
2242 4886 2371 4928 vero
2394 4870 2726 4927 Ludovicum
2763 4873 2940 4928 adhuc
2962 4870 3263 4943 puerilibus
3285 4873 3586 4928 cotisisten~

2002 4971 2111 5017 tem
2161 4962 2401 5017 in.annis
2447 4977 2630 5033 secum
2665 4964 2855 5018 tenuit.
2890 4962 3092 5019 Eodem
3139 4962 3307 5018 etiam
3341 4970 3585 5035 tempore

2002 5052 2311 5120 llerioldus,
2357 5054 2425 5107 ad
2466 5069 2626 5124 quem
2655 5070 2867 5115 summa
2914 5056 3064 5126 regni
3097 5055 3373 5109 Danormn
3423 5057 3587 5128 perti-

2003 5159 2136 5201 nere
2168 5144 2474 5211 videbatur,
2501 5152 2559 5200 et
2585 5145 2680 5214 qui
2727 5147 2935 5215 pridem
2986 5161 3017 5200 a
3046 5145 3172 5200 ﬁliis
3197 5144 3475 5201 Godel‘ridi
3503 5158 3585 5200 re-

2003 5228 2109 5309 gub
2130 5236 2315 5307 pulsus
2343 5235 2542 5301 fuerat,
2575 5239 2642 5292 ad
2668 5239 3047 5309 imperatorem
3087 5238 3419 5298 Ludovicum
3462 5254 3585 5295 con-

2005 5331 2208 5402 fugium
2239 5331 2388 5397 fecit,
2410 5340 2467 5387 et
2510 5330 2668 5399 juxta
2693 5336 2899 5387 morem
2952 5331 3287 5388 Francorum
3334 5334 3583 5390 manibus

2007 5424 2152 5478 illius
2202 5439 2262 5479 se
2307 5424 2546 5479 tradidit.
2592 5422 2763 5490 Quem
2793 5439 2914 5487 .rex
2965 5434 3277 5496 susceptum
3314 5426 3368 5480 in
3408 5424 3583 5483 Saxo-

2006 5515 2150 5570 niam
2190 5516 2269 5569 ire
2306 5513 2488 5583 jussit,
2546 5522 2602 5568 et
2632 5523 2839 5584 tempus
2878 5531 2983 5585 quo
3032 5518 3082 5571 ei
3137 5516 3409 5572 auxilium
3440 5516 3584 5575 ferre

2006 5613 2190 5675 posset
2231 5605 2297 5658 ad
2346 5605 2813 5673 recuperationem
2858 5608 2937 5661 sui
2996 5607 3348 5677 principatus,
3382 5608 3580 5663 ibidem

2008 5695 2229 5767 aperiri.
2282 5694 2399 5761 Quo
2453 5696 2615 5749 etiam
2647 5705 2890 5767 tempore
2942 5698 3252 5753 Saxonibus
3280 5707 3440 5768 atque
3465 5698 3582 5757 Fri-
