3940 6180
359 303 466 358 955

1462 292 1786 351 LUDOVICI
1827 289 1846 344 ι
1888 282 2360 346 COCNOMENTO
2395 285 2484 343 PII

3506 279 3603 332 9-H

361 423 586 479 senibus
606 423 696 493 jus
731 431 966 492 paternae
1002 417 1351 479 haereditatis,
1381 415 1524 484 quod
1565 414 1666 468 sub
1687 420 1841 482 patre
1865 407 1934 462 ob
1961 407 2011 464 A
2038 409 2360 464 succedente
2416 405 2587 460 aestivi
2639 403 2898 472 temporis
2962 400 3295 493 gratissima
3335 398 3613 493 blanditie,

362 513 642 584 perﬁdiam
665 511 908 582 Iegalitcr
943 507 1307 579 perdiderant,
1336 504 1681 576 imperatoria
1707 502 1937 558 clemen-

363 605 438 659 tia
467 601 703 658 restituit
729 618 742 654 :
768 600 912 669 quod
955 598 1047 652 alii
1074 597 1406 662 liberalitati,
1446 595 1538 651 alii
1577 593 1937 665 improviden-

364 695 453 749 tiae
493 691 863 762 assignabant,
893 704 958 745 eo
979 687 1122 760 quod
1144 688 1228 742 hic
1247 696 1437 759 gentes
1465 685 1694 742 naturali
1737 683 1937 740 feritati

360 780 701 847 assuefactaa,
751 781 950 836 talibus
1007 778 1232 834 habenis
1278 778 1535 834 deberent
1577 775 1837 839 coerceri,
1871 787 1940 829 ne

360 872 570 930 scilicet
608 872 842 928 ellrenes
889 873 944 926 in
974 869 1360 941 perduellionis
1408 868 1798 940 procacitatem
1833 865 1939 918 fer-

362 971 570 1020 rentur.
620 964 922 1032 Imperator
949 968 1130 1015 autem
1155 975 1222 1016 eo
1247 960 1350 1016 sibi
1369 959 1582 1014 arctius
1607 972 1702 1012 eos
1747 955 1938 1011 vinciri

363 1063 538 1120 ratus,
569 1069 678 1124 quo
701 1053 783 1109 eis
815 1051 1075 1108 beneficia
1115 1051 1422 1122 largiretur,
1454 1063 1563 1104 non
1609 1056 1693 1103 est
1720 1063 1814 1116 spe
1841 1061 1938 1101 sua

361 1147 641 1215 deceptus.
718 1143 854 1198 Nam
895 1151 1016 1213 post
1057 1142 1176 1197 hac
1227 1141 1447 1196 easdem
1488 1147 1680 1210 gentes
1727 1152 1940 1209 semper

361 1234 464 1291 sibi
513 1234 892 1290 devotissimas
923 1232 1130 1287 habuit.

433 1326 548 1381 Hoc
599 1338 740 1378 anno
787 1322 932 1395 (8I5)
984 1335 1202 1376 cursum
1232 1326 1496 1386 vertente,
1542 1320 1810 1389 perlatum
1855 1325 1943 1373 est

363 1414 674 1486 imperatori
702 1413 844 1483 quod
869 1411 1242 1466 Romanorum
1268 1409 1435 1479 aliqui
1475 1417 1724 1480 potentes
1751 1415 1942 1464 contra

364 1508 598 1563 Leonem
628 1503 982 1575 apostolicum
1024 1517 1220 1574 pravas
1260 1501 1479 1556 inierint
1513 1499 1938 1572 conjurationes.

363 1598 510 1665 Quos
556 1597 828 1650 detractos
888 1601 1052 1662 atque
1099 1592 1375 1647 convictos
1420 1591 1564 1646 idem
1616 1590 1944 1662 apostolicus

363 1687 628 1759 supplicio
657 1684 932 1740 addixerit
972 1683 1212 1752 capitali,
1243 1683 1361 1752 lege
1387 1682 1759 1738 Romanorum
1798 1681 1853 1736 in
1888 1680 1942 1735 id

2039 501 2189 555 missi
2241 508 2368 554 sunt
2400 497 2470 552 ab
2516 510 2582 552 eo
2626 495 2720 565 qui
2760 494 3014 550 dicuntur
3057 490 3362 546 Orientales
3400 489 3614 553 Franci,

2039 590 2133 646 sed
2166 598 2221 644 et
2271 587 2526 644 Saxonici
2577 585 2794 658 generis
2838 583 3081 645 comites,
3132 590 3322 636 contra
3379 579 3620 636 Sorabos

2041 665 2282 745 Sclavos,
2313 678 2402 748 qui
2430 679 2498 732 ab
2538 676 2656 745 ejus
2697 673 2924 744 imperio
2975 672 3294 728 dicebantur
3331 669 3618 726 defecisse.

2039 771 2280 838 Quorum
2335 775 2562 824 mnatus
2622 780 2785 835 quam
2847 763 3166 819 brevissime
3215 777 3281 816 ac
3339 760 3617 824 facillime,

2040 861 2257 918 Christo
2291 859 2543 922 donante,
2584 868 2929 926 compressus
2958 862 3060 909 est.
3100 852 3207 908 Sed
3232 861 3288 906 et
3311 853 3622 907 Vasconum

2041 952 2231 1016 citimi,
2261 951 2354 1021 qui
2391 948 2635 1020 Pyrenaei
2677 946 2792 1017 jugi
2839 945 3138 1016 propinqua
3186 943 3303 997 loca
3356 941 3624 1005 incolunt,

2041 1043 2230 1098 eodem
2254 1051 2496 1111 tempore
2511 1039 2665 1108 juxta
2687 1037 2975 1109 genuinam
3005 1034 3450 1090 consuetudinem
3479 1033 3618 1087 levi-

2043 1133 2190 1196 tatis,
2221 1147 2250 1186 a
2294 1131 2450 1185 nobis
2479 1130 2700 1184 omnino
2727 1127 3086 1182 desciverunt.
3117 1123 3295 1180 Causa
3318 1131 3500 1176 autem
3530 1139 3620 1175 re-

2041 1225 2291 1281 bellionis
2319 1223 2421 1277 fuit
2467 1237 2531 1277 eo
2576 1221 2721 1290 quod
2773 1218 3090 1290 Siguvinum
3125 1232 3313 1272 eorum
3364 1215 3621 1270 comitem

2042 1323 2261 1386 propter
2312 1328 2521 1368 morum
2575 1325 2864 1380 pravorum
2917 1308 3361 1379 castigationem,
3425 1306 3622 1374 quibus

2042 1421 2179 1476 pene
2193 1413 2318 1462 erat
2333 1403 2716 1474 importabilis,
2734 1401 2814 1457 ab
2834 1415 3021 1456 eorum
3052 1399 3280 1455 removit
3304 1396 3623 1468 przelatione

2042 1499 2355 1568 imperator.
2392 1497 2494 1564 Qui
2522 1504 2702 1551 tamen
2732 1494 2868 1549 adeo
2906 1500 3034 1548 sunt
3077 1491 3287 1546 duabus
3315 1490 3620 1559 expeditio—

2043 1590 2201 1646 nibus
2230 1589 2474 1654 edomiti,
2499 1596 2561 1643 ut
2584 1601 2708 1642 sero
2751 1584 3067 1655 pmnituerit
3107 1597 3202 1637 eos
3248 1581 3471 1651 incoepti
3516 1581 3621 1641 sui,

2043 1683 2477 1752 deditionemque
2509 1695 2705 1752 magno
2759 1684 3076 1749 expeterent
3117 1683 3261 1730 voto.
3311 1674 3458 1728 Inter
3510 1673 3625 1727 hmc

365 1755 730 1850 conspirante.
764 1775 1086 1847 Jmperator
1136 1785 1316 1830 autem
1364 1775 1590 1831 audiens
1641 1788 1784 1845 aegre
1823 1773 1938 1828 htcc
1968 1755 2016 1814 Β
2043 1773 2247 1828 domini
2315 1772 2510 1827 Leonis
2564 1769 2795 1825 Romani
2858 1767 3116 1823 antistitis
3175 1766 3431 1822 dormitio
3483 1781 3624 1818 nun-

367 1867 504 1931 tulit,
529 1865 678 1922 velut
697 1882 728 1920 a
747 1865 924 1936 primo
949 1864 1100 1920 orbis
1125 1865 1404 1919 sacerdote
1433 1873 1546 1918 tam
1599 1878 1788 1919 severe
1828 1863 1944 1916 ani-

368 1959 671 2014 madversa.
696 1957 949 2027 ideoque
1000 1956 1335 2011 Bernardum
1381 1956 1546 2011 Italiae
1591 1971 1772 2027 regem
1820 1954 1944 2010 illuc

367 2047 538 2114 misit,
567 2055 628 2103 ut
649 2047 766 2118 ipse
785 2046 1027 2102 resciens
1047 2046 1176 2116 quid
1202 2061 1392 2101 verum
1426 2045 1626 2116 quidve
1656 2045 1854 2101 falsum
1878 2046 1944 2100 de

371 2140 475 2195 hac
500 2155 561 2195 re
582 2154 771 2195 rumor
801 2140 1082 2209 sparserit,
1103 2154 1203 2210 per
1222 2138 1511 2196 Geroldum
1540 2140 1644 2195 sibi
1673 2140 1947 2195 renuntia-

370 2237 476 2284 ret.
502 2229 622 2300 Ipse
637 2236 818 2284 autem
830 2228 1142 2286 Bernartius
1155 2245 1251 2286 rex
1270 2230 1495 2285 Romam
1509 2231 1679 2297 venit,
1697 2244 1817 2302 quae
1829 2231 1946 2285 visa

370 2327 501 2374 sunt
553 2334 653 2392 per
691 2319 920 2374 missum
967 2335 1133 2391 supra
1177 2321 1383 2376 dictum
1425 2321 1782 2376 renuntiavit.
1839 2320 1948 2376 Sed

369 2423 493 2463 mox
513 2409 790 2464 subsecuti
807 2409 958 2464 missi
986 2409 1228 2478 ejusdem
1249 2411 1532 2481 apostolici
1555 2411 1949 2478 Lcenis,.loan-

373 2513 474 2554 nes
501 2498 791 2570 episcopus
820 2497 982 2555 Silva:
1009 2499 1282 2565 Candida),
1306 2509 1363 2556 et
1390 2500 1704 2558 Theodorus
1719 2517 1952 2558 nomen-

368 2589 562 2655 clator,
603 2604 707 2646 nec
743 2604 852 2645 non
897 2587 1122 2660 Sergius
1149 2590 1278 2657 dux,
1326 2589 1563 2647 Leonem
1595 2591 1948 2662 apostolicum

367 2679 688 2736 criminibus
723 2679 952 2748 objectis
980 2679 1575 2752 purgavere-Iusserat
1594 2697 1757 2752 porro
1784 2683 1950 2754 impe-

369 2780 520 2827 rator
542 2779 604 2827 ut
645 2770 902 2828 Herioldo
929 2772 1405 2843 suppeditarentur
1434 2772 1690 2829 Saxonici
1723 2773 1952 2829 comites

367 2869 424 2918 et
444 2861 683 2918 Ahotriti
731 2861 862 2918 olim
900 2861 1122 2918 domino
1148 2861 1344 2919 Carolo
1387 2863 1638 2934 subjecti,
1685 2871 1953 2933 quatenus

369 2967 537 3027 regno
591 2954 815 3026 proprio
865 2954 1266 3021 restitueretur,
1314 2955 1482 3011 misso
1532 2955 1588 3011 in
1626 2956 1730 3012 hoc
1775 2955 1952 3025 ipsum

368 3045 618 3103 Baldrico
637 3046 837 3119 legato.
872 3045 1122 3114 Quicum
1149 3047 1438 3118 Egidoram
1479 3046 1698 3103 ﬂuvium
1726 3047 1954 3104 transis—

368 3144 512 3202 sent,
539 3137 871 3192 devenerunt
887 3137 940 3191 in
965 3146 1165 3192 terram
1187 3136 1667 3204 Nortmannorum,
1691 3139 1746 3194 in
1772 3139 1952 3196 locum

371 3225 525 3294 cujus
551 3225 874 3280 vocabulum
902 3233 988 3281 est
1029 3224 1296 3282 Sinlentli.
1329 3226 1437 3282 Sed
1485 3227 1610 3283 ﬁliis
1651 3227 1953 3295 Godefridi,

373 3316 500 3371 licet
535 3316 747 3386 magnis
773 3315 1174 3371 abundantibus
1221 3317 1394 3386 copiis
1421 3325 1477 3373 et
1501 3319 1729 3374 navibus
1755 3319 1958 3376 ducen-

374 3406 464 3472 tis,
492 3403 798 3461 nolentibus
820 3404 1068 3462 cominus
1101 3407 1288 3462 venire
1315 3416 1370 3461 et
1391 3422 1584 3479 pugna:
1611 3423 1672 3464 se
1692 3411 1954 3478 credere,

373 3495 442 3552 ab
463 3495 693 3552 invicem
727 3510 1003 3552 secessum
1027 3505 1113 3552 est
1140 3515 1153 3551 :
1201 3497 1426 3568 direptis
1469 3499 1814 3569 incensisque
1836 3515 1958 3555 om-

371 3589 535 3644 nibus
562 3603 683 3660 qute
703 3603 996 3646 occurrere
1021 3597 1336 3661 potuerunt,
1350 3607 1573 3662 insuper
1594 3601 1652 3649 et
1674 3593 1958 3649 obsidibus

373 3679 730 3754 quadraginta
753 3681 827 3736 ab
851 3681 1042 3737 eodem
1085 3682 1283 3752 popqu
1313 3684 1601 3754 susceptis.
1644 3683 1742 3739 His
1791 3685 1961 3755 gestis

371 3773 441 3829 ad
486 3773 870 3846 imperatorem
916 3773 972 3830 in
1021 3773 1199 3832 locum
1227 3775 1320 3846 qui
1349 3775 1551 3832 dicitur
1577 3775 1957 3842 Patrisbruna,

377 3863 683 3932 redierunt;
737 3879 846 3936 quo
873 3866 1052 3922 omnis
1092 3866 1323 3937 populus
1365 3867 1433 3922 ad
1475 3865 1594 3936 ejus
1646 3867 1960 3938 generalem

373 3963 696 4010 conventum
721 3955 947 4012 coierat.
969 3955 1092 4025 Quo
1118 3957 1315 4013 inloco
1339 3959 1614 4029 principes
1641 3958 1962 4014 Sclavorum

375 4045 737 4103 Orientalium
781 4062 973 4104 omnes
1017 4050 1390 4119 primoresque
1435 4057 1721 4104 venerunt.
1756 4049 1960 4104 Eodem

379 4153 524 4193 anno
549 4138 750 4194 Abulat
777 4137 1173 4195 Saracenorum
1201 4155 1295 4195 rex
1339 4139 1607 4194 triennem
1635 4138 1704 4194 ab
1726 4139 1963 4208 impera-

378 4237 495 4283 tore
515 4228 673 4296 petiit
725 4242 936 4298 paeem.
966 4227 1100 4296 Quae
1138 4229 1358 4300 quidem
1388 4229 1624 4300 primum
1669 4228 1958 4300 impetrata

377 4326 486 4384 est,
517 4319 612 4374 sed
637 4326 827 4390 postea
857 4328 1115 4389 tanquam
1160 4320 1366 4376 inutilis
1409 4318 1631 4388 rejecta,
1677 4330 1733 4375 et
1758 4319 1957 4376 bellum

2047 1864 2214 1918 tiatur
2241 1862 2576 1933 imperatori,
2608 1876 2728 1932 quae
2769 1861 2947 1915 evenit
2981 1870 3173 1914 octavo
3217 1858 3485 1912 Kalendas
3528 1855 3622 1910 Ju-

2046 1951 2141 2015 nii,
2177 1967 2320 2006 anno
2352 1952 2609 2006 vicesimo
2645 1951 2820 2020 primo
2848 1951 3190 2020 episcOpatus
3220 1950 3300 2003 sui
3333 1967 3346 2002 :
3396 1947 3624 2016 Stepha-

2047 2042 2210 2111 nique
2235 2041 2448 2096 diaconi
2475 2041 2528 2095 in
2554 2041 2728 2095 locum
2752 2039 2868 2110 ejus
2897 2040 3233 2110 subrogatio,
3263 2039 3355 2107 qui
3391 2047 3515 2108 post
3539 2038 3618 2090 sui

2048 2131 2513 2186 consecrationem
2555 2131 2622 2185 ad
2664 2130 2943 2186 dominum
3001 2131 3384 2198 imperatorem
3439 2129 3624 2181 venire.

2049 2237 2156 2277 non
2207 2222 2433 2277 distulit.
2491 2223 2586 2276 Vix
2632 2223 2775 2276 enim
2820 2223 3030 2277 duobus
3072 2222 3280 2276 exact-is
3324 2220 3622 2278 mensibus,

2049 2328 2259 2368 summa
2309 2328 2432 2368 cum
2484 2311 2832 2368 festinatione
2884 2313 2933 2367 ei
2991 2327 3280 2368 occurrere
3328 2310 3621 2364 festinavit.

2048 2404 2319 2459 Prtemisit
2355 2413 2533 2458 tamen
2568 2405 2908 2474 legationem,
2937 2420 3057 2474 quae
3085 2419 3245 2475 super
3283 2403 3626 2458 ordinatione

2051 2494 2167 2564 ejus
2196 2496 2510 2566 imperatori
2541 2495 2900 2551 satisfaceret.
2943 2495 3242 2565 Imperator
3288 2503 3466 2549 autem
3510 2498 3624 2563 ejus

2051 2588 2283 2643 adventu
2325 2589 2672 2658 praecognito,
2717 2589 2990 2644 Bernardo
3026 2589 3242 2659 quidem
3289 2588 3469 2658 nepoti
3503 2603 3624 2641 eum

2051 2679 2298 2733 comitari
2317 2678 2498 2750 jussit.
2527 2678 2633 2736 Sed
2671 2689 2727 2736 et
2767 2682 3218 2759 appropinquanti
3254 2681 3388 2735 alios
3416 2681 3623 2741 missos,

2051 2771 2144 2840 qui
2180 2785 2306 2826 eum
2339 2787 2462 2827 cum
2494 2772 2674 2828 debito
2721 2774 2927 2828 honore
2976 2775 3354 2842 perducerent,
3406 2773 3623 2826 direxit.

2051 2861 2170 2931 Ipse
2199 2869 2380 2918 autem
2406 2863 2694 2918 adventum
2725 2864 2842 2934 ejus
2876 2865 3100 2920 Rhemis
3124 2864 3393 2919 sustinere
3421 2855 3624 2918 statuit.

2052 2951 2151 3007 Cui
2179 2953 2347 3008 etiam
2374 2955 2589 3009 obviam
2617 2954 2991 3010 Hildebaldum
3027 2954 3516 3024 archicapellanum
3545 2970 3625 3006 sa-

2053 3043 2131 3099 cri
2161 3045 2368 3114 palatii,
2401 3046 2807 3118 Theodulpltum
2830 3049 3138 3119 episcopum
3162 3047 3626 3107 Aurelianenscm,

2055 3135 2318 3192 Joannem
2342 3136 2732 3204 Arelatensem,
2763 3140 3101 3210 aliorum’que
3129 3141 3509 3194 ministrorum
3534 3139 3628 3193 Ee-

2056 3228 2235 3284 elesia:
2263 3230 2496 3299 copiam,
2523 3232 2818 3300 procedere
2849 3230 3034 3301 jussit,
3078 3230 3261 3285 infulis
3288 3230 3504 3284 indutos
3551 3245 3631 3282 sa-

2057 3319 2440 3393 cerdotalibus.
2486 3319 2568 3373 Ad
2616 3319 2864 3374 ultimum
2911 3321 3207 3390 imperator
3235 3319 3486 3374 milliario
3514 3335 3631 3388 pro-

2057 3407 2222 3462 cessit
2262 3422 2293 3461 a
2333 3409 2664 3464 monasterio
2703 3410 2877 3467 sancti
2921 3409 3249 3465 confessoris
3286 3409 3542 3480 Remigii,
3583 3417 3634 3461 et

2060 3507 2315 3570 tanquam
2345 3499 2490 3556 beati
2514 3500 2662 3556 Petri
2681 3503 2942 3556 vicarium
2969 3503 3351 3557 honestissime
3377 3502 3628 3571 suscepit.

2060 3592 2474 3649 descendentem
2521 3609 2588 3649 ex
2617 3609 2756 3664 equo
2780 3596 3012 3666 excepit,
3043 3604 3099 3650 et
3124 3595 3409 3651 ecclesiam
3436 3596 3635 3648 intran-

2060 3693 2171 3741 tem
2205 3701 2368 3741 manu
2412 3688 2630 3758 propria
2679 3683 3046 3744 sustentavit:
3089 3688 3508 3759 praecinentibus
3541 3703 3634 3758 pro

2063 3787 2213 3834 tanta
2258 3779 2619 3835 exsultatione
2682 3779 2850 3834 variis
2916 3779 3176 3834 Ecclesia:
3215 3779 3520 3841 ordinibus,
3571 3776 3634 3829 Te

2061 3869 2231 3924 Deum
2257 3869 2557 3935 laudamus,
2583 3878 2637 3924 et
2658 3869 2886 3940 reliqua.
2931 3869 3050 3937 Quo
3081 3871 3284 3940 hymno
3312 3868 3491 3932 linito,
3525 3868 3635 3922 Iau-

2062 3961 2157 4017 des
2188 3961 2498 4032 imperatori
2527 3962 2734 4018 dehitas
2756 3962 2933 4018 clerus
2954 3961 3230 4018 Romanus
3259 3962 3637 4024 conclamavit,

2061 4065 2291 4121 quarum
2323 4049 2484 4105 tinem
2513 4051 2762 4107 dominus
2789 4051 3115 4122 apostolicus
3134 4053 3382 4107 oratione
3402 4053 3638 4121 comple-

2061 4136 2159 4191 vit.
2185 4135 2280 4190 His
2315 4135 2561 4206 expletis,
2592 4137 2733 4191 intra
2776 4138 2968 4193 domus
2994 4137 3296 4208 penetralia
3327 4152 3637 4192 consessum

2061 4236 2166 4294 est,
2196 4229 2564 4300 expositisque
2589 4229 2769 4284 causis
2782 4230 2865 4284 sui
2891 4231 3173 4294 adventus,
3189 4237 3247 4285 et
3265 4229 3640 4284 benedictione

2060 4320 2216 4391 panis
2244 4335 2308 4376 ac
2341 4321 2453 4375 vini
2498 4321 2660 4375 simul
2694 4322 3039 4392 participata,
3071 4322 3371 4392 imperator
3404 4323 3475 4377 ad
3508 4323 3641 4376 civi-

381 4407 672 4465 Saracenis
715 4416 799 4465 est
842 4409 1124 4466 indictum.
1178 4408 1297 4478 Quo
1340 4419 1586 4482 tempore
1633 4410 1956 4467 Nortbertus
1981 4441 2034 4502 Β
2063 4419 2226 4502 tatem
2257 4411 2436 4478 rediit,
2466 4411 2716 4468 dominus
2761 4413 3085 4484 apostolicus
3129 4413 3327 4468 ibidem
3361 4413 3638 4468 remansit.

378 4502 666 4574 episcopus
701 4511 758 4559 et
797 4503 1056 4560 Biceinus
1103 4518 1284 4560 comes
1307 4519 1339 4560 a
1365 4504 1827 4575 Constantinopoli
1871 4520 1959 4561 rev
1981 4500 2014 4502 ”
2065 4500 2170 4556 Sed
2195 4501 2250 4556 in
2274 4502 2572 4557 crastinum
2595 4502 2844 4558 dominus
2886 4503 3177 4574 imperator
3200 4503 3485 4558 dominum
3517 4519 3642 4574 apo-

378 4594 550 4664 gresei
575 4602 723 4662 sunt,
747 4593 1076 4666 fmdcrisque
1103 4604 1319 4666 pactum
1337 4595 1486 4650 inter
1507 4596 1684 4666 ipsum
1713 4604 1768 4652 et
1789 4595 1962 4651 Fran-

381 4703 476 4744 cos
508 4687 750 4746 detulere
784 4689 1172 4760 gratissimum.
1206 4689 1406 4746 Eadem
1444 4691 1608 4745 etiam
1647 4699 1965 4761 tempestate

387 4779 641 4846 Romani,
675 4795 800 4834 cum
849 4777 960 4834 Leo
1001 4778 1330 4848 apostolicus
1375 4788 1694 4850 gravaretur
1738 4781 1966 4838 adverso

385 4871 750 4936 incommodo,
785 4870 986 4940 przcdia
1016 4871 1198 4926 omnia
1241 4887 1360 4940 qua:
1389 4871 1468 4926 illi
1509 4873 1844 4930 domocultas
1871 4889 1966 4945 ap-

335 4959 342 4980 '
383 4964 609 5037 pellant,
653 4969 708 5018 et
759 4961 970 5018 noviter
1033 4961 1100 5016 ab
1136 4962 1326 5018 eodem
1364 4963 1662 5033 apostolico
1717 4966 1964 5021 instituta

387 5061 567 5120 erant,
595 5053 691 5108 sed
711 5059 766 5108 et
789 5066 853 5108 ea
874 5065 995 5122 quae
1015 5051 1120 5107 sibi
1145 5061 1332 5108 contra
1354 5051 1445 5122 jus
1471 5055 1853 5124 quaerebantur
1879 5055 1964 5110 di-

387 5155 561 5217 repta,
606 5143 754 5200 nullo
782 5141 967 5214 judice
1007 5150 1343 5214 exspectato,
1383 5145 1618 5214 diripere
1657 5154 1715 5199 et
1742 5144 1844 5199 sibi
1871 5160 1965 5200 co-

383 5239 498 5294 nati
529 5246 656 5293 eunt
680 5236 989 5293 restituere.
1016 5233 1256 5303 Quorum
1286 5234 1478 5304 captis
1506 5233 1709 5289 restitit
1737 5233 1968 5288 Bernar-

387 5331 489 5386 dtts
526 5345 621 5386 rex
666 5343 764 5399 per
789 5327 1114 5400 Winigisum
1145 5326 1335 5382 ducem
1380 5324 1606 5396 Spoleti,
1651 5333 1968 5395 certumque

389 5435 573 5476 rerum
598 5423 849 5477 nuntium
888 5421 956 5478 de
985 5421 1070 5478 his
1099 5419 1350 5477 omnibus
1397 5417 1598 5475 direxit
1625 5417 1694 5474 ad
1735 5419 1967 5491 impera-

390 5518 587 5566 torem.
1629 5559 1638 5568 -

458 5599 750 5670 Postquam
780 5605 1074 5673 imperator
1107 5603 1303 5660 hiemis
1341 5603 1739 5660 inclementiam
1771 5618 1964 5659 serena

385 5689 694 5746 valetudine
737 5701 791 5746 et
840 5691 1132 5761 tranquillo
1179 5681 1430 5750 successu
1480 5694 1742 5765 transegit
1789 5694 1962 5766 (8l6),

2062 4593 2311 4650 stolieutn
2341 4595 2608 4661 evocavit,
2654 4596 2902 4650 convivio
2941 4596 3354 4666 Opulentissimo
3384 4612 3644 4666 procura-

2063 4683 2158 4750 vit,
2191 4683 2451 4754 donisque
2492 4685 2746 4741 maximis
2795 4686 3100 4741 honoravit.
3143 4685 3520 4756 Similiterque
3564 4686 3646 4739 die

2066 4774 2227 4830 tertio
2251 4791 2283 4830 a
2315 4776 2532 4831 domino
2557 4776 2855 4845 apostolico
2882 4777 3131 4832 dominus
3177 4779 3440 4832 invitatur
3484 4779 3648 4846 impe-

2067 4877 2236 4934 rator,
2269 4876 2325 4924 et
2352 4867 2534 4925 multis
2577 4869 2849 4938 variisque
2897 4877 2982 4924 est
3027 4869 3256 4924 donatus
3306 4871 3644 4926 muneribus.

2070 4961 2136 5015 Et
2165 4960 2220 5014 in
2249 4961 2570 5024 crastinum,
2601 4975 2720 5029 quae
2745 4958 2847 5013 fuit
2870 4959 2986 5014 dies
3022 4958 3324 5024 Dominica,
3353 4960 3649 5029 imperator

2068 5049 2333 5120 imperiali
2355 5050 2658 5106 diademate
2681 5060 2991 5115 coronatur,
3015 5059 3070 5106 et
3096 5050 3480 5105 benedictione
3513 5051 3650 5104 inter

2069 5142 2358 5197 missarum
2411 5141 2805 5198 celebrationes
2857 5142 3168 5212 insignitur.
3219 5142 3286 5196 Et
3318 5143 3543 5198 tandem
3571 5143 3652 5196 his

2067 5233 2370 5305 completis,
2422 5233 2675 5290 dominus
2729 5234 3079 5303 apostolicus,
3121 5237 3357 5302 cunctis,
3406 5252 3530 5306 φιτ
3562 5251 3654 5305 po-

2068 5333 2336 5393 poscerat,
2367 5325 2686 5394 impetratis,
2713 5324 2943 5380 Romam
2976 5326 3152 5382 rediit.
3201 5325 3507 5397 Imperator
3529 5342 3656 5381 vero

2069 5415 2138 5470 ad
2184 5415 2572 5486 Compendium
2617 5417 2866 5483 secessit,
2908 5417 3091 5488 ibique
3143 5417 3342 5474 missos
3377 5417 3654 5476 Abdirah—

2070 5525 2195 5565 man
2225 5510 2320 5565 lilii
2350 5508 2548 5564 Abulat
2592 5511 2734 5581 regis
2776 5513 3013 5583 suscepit
3039 5521 3094 5568 et
3137 5511 3365 5576 audivit.
3414 5510 3652 5566 Moratus

2069 5613 2251 5659 autem
2282 5603 2480 5658 ibidem
2511 5603 2703 5675 viginti
2731 5605 2815 5660 vel
2859 5621 2924 5663 eo
2961 5605 3191 5678 amplius
3219 5605 3433 5672 diebus,
3467 5604 3656 5675 Aquis-

2071 5697 2224 5766 grani
2256 5697 2592 5752 hiematurus
2627 5697 2800 5770 petiit.
