3940 6180
319 385 422 440 94ξί

1847 385 2026 442 ἮΤΑ.

3457 395 3561 449 9Η»

390 501 558 573 (817.)
597 499 837 556 Iusserat
872 514 1002 556 sane
1037 501 1330 572 imperator
1357 498 1556 556 missos
1588 499 1889 554 Saraceno-
1921 499 1972 557 Α
1997 507 2316 566 gestantem,
2343 499 2396 554 in
2420 515 2525 570 quo
2553 502 2716 557 totius
2741 501 2884 556 illius
2913 502 3118 558 ordinis
3143 503 3407 574 perfectio
3432 520 3564 562 con-

317 608 436 648 rum
479 593 656 662 regis,
698 599 869 646 semet
905 593 1212 662 prmcedere
1253 591 1380 647 iliuc
1419 598 1724 646 venturum.
1769 588 1888 654 Quo

314 699 438 740 cum
466 684 868 752 pervenissent,
897 683 1065 740 ferme
1091 685 1265 739 tribus
1295 684 1496 739 detenti
1537 690 1661 738 sunt
1693 681 1892 736 mensi-

313 775 436 829 bus.
470 773 599 829 Post
622 775 738 829 haec
763 782 966 840 autem,
986 790 1110 830 cum
1135 790 1229 829 eos
1245 772 1359 842 jam
1385 774 1606 828 taederet
1629 774 1892 827 adventus

313 867 438 929 sui,
483 868 748 935 permissu
795 867 1134 936 imperatoris
1180 867 1474 921 redierunt.
1527 864 1586 918 in
1625 879 1689 919 eo
1727 863 1892 917 etiam

313 973 658 1013 commorans
688 959 908 1028 palatio,
937 959 1005 1013 ad
1035 974 1092 1014 se
1117 959 1424 1014 venientem
1450 959 1674 1012 missum
1711 970 1897 1011 susce-

311 1050 392 1119 pit
430 1047 625 1103 Leonis
653 1048 1228 1118 Constantinopolitani
1269 1048 1627 1118 imperatoris,
1673 1046 1892 1101 nomine

207 1171 211 1173 -
312 1135 698 1206 Nicephorum.
758 1136 978 1206 Legatio
1024 1145 1240 1202 autem,
1287 1144 1512 1207 excepta
1557 1136 1797 1191 amicitia
1840 1141 1897 1189 et

310 1225 596 1287 societate,
639 1233 756 1279 erat
783 1225 847 1279 de
873 1223 1068 1280 ﬁnibus
1097 1226 1494 1290 Dalmatarum,
1530 1226 1893 1282 Romanorum

311 1324 368 1368 et
397 1314 734 1370 Scl‘avorum.
779 1316 846 1370 Et
874 1317 997 1385 quia
1024 1330 1126 1372 nec
1150 1317 1204 1371 hi
1235 1324 1533 1386 praesentes
1560 1325 1744 1382 erant,
1793 1332 1895 1372 nec

309 1403 548 1460 Chadalo
570 1404 754 1458 ﬁnium
778 1404 1083 1476 praefectus,
1107 1421 1285 1476 neque
1307 1406 1424 1461 sine
1448 1405 1552 1460 illis
1577 1406 1692 1460 haec
1713 1404 1892 1460 dirimi

310 1502 594 1565 poterant,
639 1496 839 1550 missus
881 1505 966 1551 est
1008 1496 1065 1551 in
1107 1495 1432 1550 Dalmatiam
1467 1497 1534 1550 ad
1570 1496 1685 1550 hac
1709 1493 1896 1565 pacili—

309 1585 481 1639 cauda
520 1592 575 1639 et
613 1585 983 1654 componenda
1013 1585 1324 1656 Albigarius
1365 1601 1486 1640 cum
1517 1584 1755 1641 Chadalo
1797 1600 1894 1638 ea-

311 1675 560 1730 rumdem
601 1675 789 1729 finium
831 1675 1096 1745 principe.
1146 1675 1270 1745 Ipso
1311 1691 1453 1730 anno
1494 1674 1590 1729 ﬁlii
1620 1672 1892 1729 Godefridi

311 1768 592 1836 quondam
628 1767 771 1836 regis
819 1765 1312 1831 Nortmannorum,
1358 1781 1482 1820 cum
1527 1765 1596 1820 ab
1638 1763 1894 1819 Herioldo

1994 589 2217 656 tinetur,
2262 591 2401 646 sicut
2444 592 2686 648 reclusus
2723 593 2841 662 ipse
2877 591 3098 648 fatetur.
3147 593 3207 647 ln
3249 611 3357 664 quo
3395 597 3561 652 etiam

1993 678 2172 750 inseri.
2193 680 2356 750 jussit
2385 679 2492 736 cibi
2537 690 2802 753 potusque
2841 691 3004 752 atque
3030 684 3272 738 omnium
3313 700 3566 743 necessa-

1992 768 2194 824 riorum
2225 786 2520 837 summam,
2563 781 2622 827 ut
2656 788 2844 829 omnes
2880 781 2992 828 tam
3025 774 3128 828 viri
3166 763 3331 844 quam.
3365 779 3568 833 sancti-
3596 791 3610 802 '

1993 860 2278 926 monialcs,
2315 862 2416 916 sub
2445 863 2547 916 b’oc
2579 863 2768 918 ordine
2789 862 3368 930 Christo-servientes,
3404 867 3570 924 nullis
3613 885 3619 892 ·

1991 952 2266 1020 prtepcditi
2315 953 2762 1020 necessitatibus,
2812 954 2984 1010 libera
3029 955 3292 1013 servitute
3338 957 3568 1015 Domino

1992 1042 2232 1096 omnium
2278 1042 2511 1098 militare
2557 1043 2949 1099 meminissent.
3007 1043 3182 1111 Quem
3227 1045 3424 1101 librum
3470 1063 3570 1118 per

1991 1147 2180 1188 omnes
2215 1133 2462 1191 civitates
2503 1141 2560 1190 et
2600 1137 2928 1191 monasteria
2956 1138 3205 1193 canonici
3243 1138 3451 1194 ordinis
3481 1139 3570 1195 sui

1992 1225 2216 1294 imperii
2233 1225 2382 1280 misit
2406 1240 2505 1296 per
2531 1241 2723 1281 manus
2752 1226 3042 1282 missorum
3064 1228 3445 1298 prudentium,
3475 1229 3571 1300 qui

1992 1313 2142 1368 illum
2170 1315 2223 1368 in
2253 1317 2504 1371 omnibus
2540 1331 2703 1388 supra
2737 1318 2898 1373 dictis
2934 1318 3069 1374 locis
3107 1321 3398 1376 transcribi
3427 1320 3573 1377 face-

1993 1408 2133 1467 rent,
2159 1403 2446 1474 debitaque
2474 1413 2637 1476 atque
2662 1407 2968 1477 conscripta
2994 1409 3277 1480 exigerent
3302 1411 3571 1482 stipendia

1994 1493 2312 1548 ministrari.
2368 1494 2498 1562 Qum
2543 1512 2633 1552 res
2679 1512 2933 1568 magnum
2976 1498 3236 1556 Ecclesiae
3274 1502 3574 1558 contribuit

1993 1584 2372 1640 exsultationis
2407 1587 2733 1656 tripudium,
2771 1596 2826 1644 et
2862 1588 3109 1659 piissimo
3137 1589 3452 1661 imperatori
3481 1592 3575 1648 de-

1993 1674 2105 1729 bita
2141 1691 2263 1730 cum
2297 1676 2454 1732 laude
2482 1678 2787 1735 immortale
2815 1689 3245 1737 monumentum.
3276 1683 3576 1752 Itidemque

1995 1767 2276 1822 constituit
2307 1767 2450 1823 idem
2485 1767 2597 1825 Deo
2623 1770 2871 1825 amabilis
2899 1771 3196 1840 imperator
3221 1770 3570 1828 Benedictum

311 1864 702 1927 premerentur,
733 1856 998 1911 miserunt
1035 1856 1241 1926 legatos
1277 1865 1524 1926 petentes
1561 1857 1628 1912 ab
1655 1856 1894 1925 impera-
1924 1843 1969 1901 Β
1996 1854 2281 1922 abbatem,
2325 1864 2382 1912 et
2423 1874 2546 1914 cum
2588 1874 2674 1926 eo,
2718 1861 3016 1916 monachos
3056 1868 3295 1917 strenua
3320 1861 3445 1918 vita
3478 1877 3575 1934 per

310 1957 430 2002 tore
458 1963 665 2018 pacem.
709 1947 838 2014 Quae
877 1947 1074 2018 legatio
1113 1957 1370 2018 tanquam
1403 1947 1608 2002 inutilis
1637 1954 1693 2002 et
1717 1947 1889 2003 simu-

311 2040 421 2092 lata
451 2040 518 2094 ab
546 2054 610 2094 eo
641 2038 840 2107 rejecta
868 2047 982 2103 est,
1015 2039 1383 2108 auxiliumque
1411 2038 1666 2093 Herioldo
1703 2046 1892 2094 contra

310 2143 406 2182 eos
435 2128 638 2182 datum.
691 2128 769 2182 Eo
812 2144 955 2183 anno
994 2129 1120 2183 luna
1161 2128 1331 2183 Nonis
1368 2127 1653 2184 Februarii
1696 2128 1896 2184 defecit

311 2219 441 2272 bora
464 2219 639 2273 noctis
660 2218 912 2273 secunda.
942 2218 1286 2274 Cometarum
1311 2219 1459 2274 sidus
1477 2227 1893 2289 portentuosum

311 2313 562 2382 apparuit
588 2313 641 2366 in
671 2313 824 2383 signo
850 2313 1212 2381 Sagittatoris.
1235 2311 1544 2381 Stephanus
1563 2327 1704 2382 papa
1731 2312 1894 2366 tertio

309 2417 500 2456 mense
524 2409 808 2470 postquam
838 2416 869 2455 e
897 2400 1127 2455 Francia
1157 2399 1383 2454 Romam
1415 2400 1608 2464 rediit,
1647 2398 1894 2453 ultimum

313 2493 457 2546 diem
488 2491 706 2557 clausit,
731 2500 786 2546 et
807 2490 1084 2545 Paschalis
1110 2505 1208 2560 pro
1235 2505 1300 2544 eo
1325 2489 1642 2544 cathedram
1664 2488 1895 2544 Romani

312 2577 661 2649 pontificatus
695 2580 881 2634 subiit.
934 2577 1036 2645 Qui
1066 2587 1189 2649 post
1214 2579 1497 2648 expletam
1529 2578 1897 2634 consecratio-

311 2683 440 2723 nem
467 2668 758 2724 solemnem
776 2710 791 2734 ,
829 2669 1035 2738 legatos
1063 2684 1186 2723 cum
1213 2668 1443 2739 epistola
1481 2668 1812 2739 apologetica
1843 2676 1898 2722 et

313 2759 566 2814 maximis
595 2759 906 2814 muneribus
933 2759 1243 2828 imperatori
1275 2758 1455 2813 misit:
1483 2758 1763 2813 insinuans
1789 2773 1894 2813 non

311 2866 373 2905 se
398 2849 692 2903 ambitione
710 2891 724 2916 ,
753 2865 854 2905 nec
882 2850 1190 2914 voluntate,
1223 2849 1316 2905 sed
1345 2849 1608 2904 electione
1633 2856 1686 2903 et
1713 2849 1893 2920 populi

313 2939 734 3005 acclamatione,
780 2943 909 2997 huic
949 2943 1300 2997 succubuisse
1338 2942 1518 3012 potius
1559 2957 1720 3010 quam
1765 2941 1896 2996 insi-

314 3031 477 3085 luisse
508 3032 772 3102 dignitati.
812 3031 982 3101 Hujus
1022 3033 1303 3102 legationis
1339 3030 1552 3100 bajulus
1589 3031 1690 3087 fuit
1719 3031 1893 3087 Theo-

313 3124 478 3177 dorus
504 3123 928 3189 nomenculator,
960 3125 1052 3194 qui
1089 3124 1304 3195 negotio
1331 3132 1573 3194 peracto,
1617 3131 1674 3180 et
1710 3123 1893 3194 petitis

1993 1947 2198 2012 omnia,
2222 1947 2312 2015 qui
2341 1963 2439 2017 per
2463 1950 2646 2004 omnia
2671 1951 3004 2006 monasteria
3027 1952 3576 2008 monachorum-eun-

1997 2041 2077 2088 tes
2105 2033 2524 2106 redeuntesque,
2553 2036 2883 2095 uniformem
2921 2040 3200 2095 traderent
3223 2040 3433 2096 cunctis
3460 2056 3577 2096 mo-

1995 2125 2266 2192 nasteriis,
2302 2133 2412 2182 tam
2440 2127 2575 2184 viris
2602 2143 2766 2198 quam
2805 2130 3310 2188 sanctimonialibes
3335 2128 3574 2199 feminis,

1995 2214 2208 2269 vivendi
2238 2216 2537 2272 secundum
2563 2216 2828 2290 Regulam
2857 2220 3029 2275 sancti
3056 2219 3337 2277 Benedicti
3370 2219 3575 2277 incom-

1995 2305 2311 2360 mutabilem
2340 2320 2569 2362 morem.
2611 2307 2985 2365 Consideraus
3013 2309 3178 2364 etiam
3214 2309 3360 2365 idem
3392 2309 3575 2380 piissi-

1997 2409 2117 2450 mus
2168 2397 2481 2465 imperator,
2532 2413 2642 2453 non
2687 2400 2883 2455 debere
2913 2399 3118 2456 Christi
3157 2401 3438 2456 ministros
3473 2402 3572 2457 ob-

1994 2484 2189 2538 noxios
2235 2497 2356 2539 esse
2406 2485 2656 2541 humanae
2701 2487 2991 2552 servituti,
3041 2487 3137 2543 sed
3181 2496 3238 2543 et
3283 2488 3606 2546 multorum:

1995 2570 2278 2625 avaritiam
2300 2570 2452 2626 abuti
2475 2572 2780 2629 ministerio
2801 2574 3175 2634 ecclesiastico
3201 2575 3572 2648 ad-propniuni

1994 2666 2279 2728 quaestum,
2304 2663 2494 2718 statuit
2518 2670 2577 2717 ut
2602 2663 2920 2734 quicunque.
2937 2680 3006 2720 ex
3032 2665 3572 2732 servilicoaditione.

1995 2748 2319 2806 conciliante
2345 2751 2574 2807 scientia
2601 2761 2659 2808 et
2686 2769 2894 2810 morum
2915 2755 3208 2825 probitate,
3239 2757 3308 2812 ad
3332 2757 3576 2816 minister

1995 2838 2133 2892 rium
2164 2838 2349 2896 altaris
2387 2843 2800 2910 asciscerentur,
2847 2845 3082 2914 primum
3123 2847 3576 2905 manumittantur

1994 2943 2024 2982 a
2053 2931 2290 2999 propriis
2315 2931 2550 2989 dominis
2570 2974 2584 2999 ,
2613 2935 2699 2989 vel
2732 2935 2990 3004 privatis,
3033 2936 3120 2993 vel
3159 2938 3572 3004 ecclesiasticis,

1993 3029 2050 3075 et
2095 3030 2224 3078 tunc
2267 3024 2480 3080 demum
2525 3028 2782 3098 gradibus
2819 3029 3008 3087 altaris
3037 3033 3348 3091 induantur.
3379 3034 3576 3091 Valens

1994 3109 2159 3165 etiam
2217 3127 2653 3184 unamquamque
2713 3117 3002 3174 ecclesiam
3061 3119 3264 3178 habere
3325 3124 3576 3198 proprios

312 3213 638 3281 impetratis,
663 3229 824 3282 super
845 3182 1257 3269 conﬁrmatione
1281 3182 1488 3269 scilicet
1514 3214 1656 3284 pacti
1684 3182 1738 3268 cit
1763 3214 1893 3268 ami-
1918 3182 1962 3245 Ο
1997 3209 2272 3271 sumptus:
2321 3219 2388 3258 ηε
2425 3219 2522 3274 Per
2548 3204 2878 3275 eiuscemm“
2922 3209 3163 3281 ίηουίῖιίη
3197 3182 3378 3269 cauas

245 3357 250 3359 _
311 3305 454 3359 citiae
495 3320 647 3360 more
683 3307 1142 3375 praedecessorum
1186 3322 1440 3372 suorum,
1489 3321 1742 3361 reversus
1785 3313 1887 3361 est.

315 3396 428 3451 Sub
455 3397 641 3452 eodem
669 3413 832 3463 anno,
876 3398 1312 3470 Quadragesimaa
1353 3412 1490 3469 pene
1529 3404 1720 3452 exacto
1759 3405 1892 3452 tem-

311 3504 464 3558 pore,
487 3490 689 3546 ultimae
714 3491 1062 3546 hebdomadis
1083 3491 1270 3560 quinta
1295 3488 1446 3554 feria,
1471 3503 1575 3558 qua
1605 3487 1892 3542 Dominica':

313 3598 483 3638 eccum
522 3583 827 3639 celebratur
851 3585 1148 3649 memoria,
1198 3584 1322 3638 dum
1364 3583 1601 3654 peractis
1642 3582 1891 3637 omnibus

312 3689 433 3742 quas
473 3675 609 3729 tanti
648 3674 750 3729 diei
794 3675 1112 3728 solemnitas
1142 3672 1433 3742 exigebat,
1485 3671 1783 3740 imperator
1823 3671 1891 3724 ab

313 3763 542 3819 ecclesia
572 3765 626 3818 in
654 3765 855 3833 regiam
883 3779 942 3818 se
965 3765 1208 3832 recipere
1228 3762 1408 3827 vellet,
1430 3762 1674 3832 porticus
1693 3761 1886 3832 lignea,

312 3872 409 3926 per
436 3871 598 3925 quam
627 3854 960 3909 redeundum
988 3861 1136 3920 erat,
1174 3855 1321 3909 carie
1357 3853 1616 3923 senioque
1645 3851 1889 3907 confecta

312 3955 367 4000 et
406 3946 806 4001 humectatione
845 3945 1100 4001 continua
1141 3943 1475 4016 putrefacta,
1521 3943 1892 3998 fatiscentibus

313 4033 693 4099 inferioribus,
741 4035 842 4090 sub
869 4035 1213 4104 imperatoris
1255 4034 1481 4104 pedibus
1525 4032 1890 4102 comitumque

312 4122 458 4177 illius
483 4124 740 4193 collapsa,
772 4139 1024 4193 magnum
1054 4124 1268 4195 fragore
1296 4124 1379 4179 sui
1408 4124 1555 4180 omni
1582 4121 1786 4192 palatio
1810 4123 1890 4176 in-

311 4217 485 4270 cussit
519 4223 718 4271 metum
743 4256 760 4281 ,
807 4217 1122 4271 verentibus
1151 4215 1375 4287 singulis
1420 4231 1487 4270 ne
1519 4214 1702 4295 ruina:
1749 4213 1890 4269 illius

311 4314 538 4361 eventus
571 4307 949 4377 imperatorem
986 4307 1361 4377 Oppressisset.
1418 4305 1524 4360 Sed
1552 4320 1582 4358 a
1610 4303 1752 4370 Deo,
1800 4305 1886 4358 cui

312 4405 434 4452 erat
463 4398 721 4464 dilectus,
761 4416 791 4455 a
827 4402 1081 4472 praesenti
1118 4400 1430 4456 discrimine
1469 4409 1553 4455 est
1588 4407 1883 4471 protectus.

315 4489 449 4543 Nam
476 4505 597 4544 cum
619 4493 807 4563 viginti
833 4493 916 4547 vel
945 4509 1011 4548 eo
1037 4493 1266 4563 amplius
1294 4493 1551 4547 comitum
1582 4507 1704 4546 cum
1731 4507 1794 4547 eo
1819 4491 1886 4547 ad

1998 3290 2418 3361 negligerentur,
2450 3293 2678 3350 inseruit
2705 3297 2964 3367 prazdicto
2991 3299 3170 3358 edicto
3196 3313 3256 3358 ut
3278 3319 3442 3374 super
3465 3306 3576 3362 sin-

1997 3380 2148 3451 gulas
2177 3382 2434 3440 ecclesias
2469 3401 2691 3442 mansus
2731 3388 3062 3446 tribueretur
3087 3409 3227 3450 unus
3256 3410 3576 3467 compensa-

2001 3473 2146 3528 tione
2165 3473 2426 3545 legitima,
2445 3484 2501 3532 et
2521 3491 2680 3533 servo
2703 3487 2868 3550 atque
2886 3482 3103 3539 ancilla.
3127 3483 3254 3541 Haec
3267 3495 3388 3544 erat
3401 3492 3574 3545 sancti

1998 3564 2338 3637 imperatoris
2365 3571 2702 3637 exercitatio,
2734 3572 2824 3627 hic
2851 3575 3198 3643 quotidianus
3227 3577 3417 3644 ludus,
3461 3581 3576 3636 luec

1995 3657 2299 3726 palaestrica
2329 3662 2553 3730 agonia,
2582 3671 2861 3732 spectante
2889 3664 3020 3730 Deo,
3067 3680 3176 3735 quo
3215 3665 3333 3735 ejus
3372 3669 3482 3724 vita
3521 3671 3575 3726 in

1998 3755 2188 3802 sancta
2216 3749 2461 3804 doctrina
2501 3760 2558 3806 et
2596 3754 2911 3820 operatione
2944 3755 3147 3812 clarius
3173 3757 3437 3825 eniteret,
3481 3764 3574 3833 qui

1999 3841 2050 3894 in
2081 3857 2397 3913 pomparum
2423 3845 2753 3902 sublimitate
2781 3849 3108 3906 constitutus
3135 3850 3399 3911 imitando
3419 3857 3575 3914 Chri-

1997 3938 2139 3984 stum
2173 3931 2496 3997 humilitate,
2528 3933 2690 3990 altius
2718 3936 3007 3993 eminebat.
3040 3940 3284 4012 Denique
3309 3951 3440 4005 tunc
3463 3961 3573 4003 cet-

1996 4032 2194 4092 perunt
2217 4024 2409 4096 deponi
2438 4027 2506 4081 ab
2529 4027 2796 4100 episcopis
2822 4037 2886 4085 et'
2903 4030 3120 4089 clericis
3143 4034 3358 4107 cingula
3381 4037 3576 4098 balteis

1998 4116 2180 4172 aureis
2223 4127 2276 4173 et
2322 4119 2583 4189 gemmcis
2633 4120 2822 4178 cultris
2866 4133 3090 4181 onerata
3114 4167 3130 4192 ,
3182 4130 3574 4204 exquisitaque

1997 4215 2173 4262 vestes
2199 4248 2214 4273 ,
2265 4209 2358 4263 sed
2409 4217 2464 4265 et
2513 4210 2742 4266 calcaria
2796 4213 2933 4270 talos
2979 4220 3261 4275 onerantia
3316 4221 3570 4294 relinqui.

1997 4295 2237 4353 Monstro
2263 4299 2408 4354 enim
2435 4299 2615 4356 simile
2641 4301 2956 4370 ducebatur,
2998 4307 3045 4362 si
3083 4309 3468 4370 ecclesiastica
3495 4312 3574 4369 fa-

1997 4387 2157 4444 miliae
2203 4389 2522 4460 deputatus,
2571 4401 2859 4449 conaretur
2897 4397 3140 4468 aspirare
3184 4401 3253 4456 ad
3298 4403 3575 4460 saecularis

1996 4479 2178 4551 glorire
2205 4489 2542 4538 ornamenta.
2588 4483 2660 4539 At
2688 4499 2815 4540 vero
2852 4502 2960 4544 non
3002 4488 3122 4542 tulit
3154 4491 3295 4547 hanc
3325 4502 3569 4552 senem

313 4589 517 4634 terram
541 4544 712 4651 usque
739 4583 1058 4647 deciderint,
1085 4544 1374 4653 variasque
1397 4583 1728 4639 incurrerint
1750 4583 1892 4638 cala-
1915 4544 1969 4604 Β
1993 4573 2213 4642 θεοψιθ
2241 4571 2460 4642 dignam
2489 4573 2832 4644 imperatoris
2859 4576 3204 4636 άθνοιίοηθω
3233 4580 3453 4639 humani
3477 4601 3570 4656 se-

313 4673 552 4737 mitates,
576 4674 664 4728 ille
686 4675 764 4729 nil
786 4675 1042 4731 tristioris
1065 4675 1297 4731 incurrit
1313 4676 1561 4745 iacturae,
1580 4684 1778 4747 praeter
1797 4676 1891 4731 imi

310 4763 549 4831 pectoris
575 4764 774 4828 locum,
805 4767 890 4820 eui
916 4766 1092 4822 illisus
1115 4773 1201 4822 est
1230 4767 1453 4836 capulus
1481 4767 1647 4831 ensis,
1677 4767 1891 4821 ultima-

308 4867 416 4920 que
458 4855 609 4909 auris
645 4855 786 4909 cutis
826 4855 1099 4924 paululum
1141 4855 1476 4926 exspoliata;
1527 4856 1622 4910 sed
1669 4863 1724 4908 et
1767 4871 1893 4910 crus

308 4945 456 4999 illius
477 4942 628 5012 juxta
661 4946 878 5017 inguina
902 4946 1117 5002 cuidam
1145 4947 1293 5018 ligno
1321 4947 1642 5016 impactum,
1684 4948 1772 5003 cui
1805 4955 1888 5003 ta-

306 5048 432 5088 men
461 5034 721 5090 citissime
753 5043 836 5089 est
862 5037 1204 5091 subventum.
1251 5036 1505 5092 Adhibito
1537 5038 1680 5093 enim
1715 5038 1884 5092 medi—

306 5141 495 5179 corum
524 5125 726 5192 studio,
753 5127 1070 5196 quambrevi
1095 5128 1339 5198 pristinae
1368 5127 1525 5183 saluti
1553 5137 1638 5182 est
1664 5129 1884 5183 restitu-

307 5224 412 5269 tus.
446 5215 646 5284 Viginti
692 5231 923 5286 namque
966 5219 1205 5288 peractis
1254 5218 1444 5274 diebus
1493 5217 1882 5291 Noviomagum

305 5311 560 5359 venatum
589 5305 761 5374 petiit.
809 5304 926 5373 Quo
954 5317 1174 5377 peracto
1204 5309 1439 5378 negotio,
1471 5309 1766 5379 imperator
1791 5325 1882 5380 ge-

304 5395 541 5450 neralem
572 5397 762 5452 habuit
782 5406 1105 5453 conventum
1129 5398 1474 5468 Aquisgrani,
1499 5399 1551 5452 in
1578 5415 1686 5469 quo
1711 5415 1882 5467 quan-

304 5494 417 5540 tum
448 5485 678 5544 fervoris
703 5489 848 5544 circa
877 5490 1114 5559 divinum
1145 5489 1347 5543 cultum
1392 5489 1444 5544 in
1489 5506 1615 5544 arca
1645 5492 1880 5560 pectoris

299 5584 575 5647 gestaret,
622 5589 735 5636 toto
773 5582 963 5636 adnisu
989 5581 1301 5637 declaravit.
1353 5581 1704 5652 Congregatis
1733 5582 1876 5637 enim

301 5666 572 5736 episcopis
593 5670 1037 5739 nobilissimaque
1062 5678 1265 5725 sanctae
1287 5669 1541 5725 Ecclesiae
1564 5669 1732 5733 clero,
1755 5668 1881 5724 fecit

301 5759 550 5828 cmuponi
579 5760 922 5831 ordinarique
948 5762 1162 5827 librum,
1187 5763 1461 5817 canonica:
1485 5763 1608 5817 vitsn
1637 5779 1875 5818 normam

1993 4662 2138 4716 neris
2167 4662 2442 4729 inimicus,
2475 4663 2711 4734 undique
2741 4681 2800 4722 se
2826 4666 3194 4738 impetentem,
3225 4674 3374 4730 etab
3399 4677 3568 4732 omni-

1992 4752 2092 4807 bus
2131 4752 2383 4808 Ecclcsiae
2420 4754 2699 4809 ordinibus
2746 4755 2966 4814 sibimet
3010 4759 3151 4816 bella
3197 4761 3524 4823 indicentem
3551 4787 3577 4822 :-

1992 4845 2088 4901 sed
2122 4845 2288 4915 coepit
2316 4846 2445 4901 totis
2467 4846 2664 4901 virium
2695 4848 2864 4918 copiis
2891 4865 2950 4906 se
2973 4862 3372 4924 expugnantem
3400 4874 3568 4930 oppu-

1992 4951 2179 5006 gnare,
2207 4944 2262 4992 et
2287 4952 2386 5007 per
2409 4937 2656 4994 membra
2685 4954 2814 5006 sua,
2844 4941 3046 4999 Christi
3075 4943 3432 5006 fortissimum
3457 4951 3568 5008 bel«

1991 5026 2219 5082 latorem
2245 5029 2295 5084 vi
2329 5038 2387 5085 et
2419 5036 2571 5096 astu,
2605 5045 2713 5100 quo
2741 5032 2942 5101 potuit,
2984 5034 3268 5094 lacessere.
3317 5039 3454 5098 Nam
3483 5044 3567 5100 his

1988 5117 2090 5173 rite
2115 5118 2406 5184 ordinatis,
2437 5131 2723 5192 postquam
2751 5120 3044 5194 imperator
3069 5126 3124 5181 in
3151 5129 3342 5185 eodem
3368 5132 3567 5202 placito

1989 5205 2156 5262 filium
2185 5209 2600 5280 primogenitum
2630 5210 2947 5268 Lotliarium
2977 5215 3358 5286 imperatorem
3383 5225 3566 5294 appelo

1985 5296 2084 5353 lari
2117 5308 2174 5370 et
2199 5314 2320 5355 esse
2349 5299 2545 5365 voluit,
2582 5310 2638 5356 et
2665 5301 2892 5356 (lucrum
2925 5302 3408 5365 filiorumasueeum
3433 5312 3560 5384 Pip-

1983 5393 2169 5463 pinum
2204 5394 2254 5447 in
2285 5393 2650 5463 Aquitaniam,
2682 5393 3098 5451 Ludovicum-in
3126 5397 3433 5468 Bajoariam
3461 5408 3562 5464 mi.

1983 5486 2053 5541 sit
2070 5526 2084 5548 ,
2117 5493 2176 5539 ut
2205 5485 2411 5540 scilicet
2431 5486 2597 5541 sciret
2626 5485 2857 5554 populus
2883 5488 3036 5558 cujus
3060 5489 3282 5550 deberet
3305 5502 3558 5567 potestati

1983 5590 2208 5645 parere:
2244 5573 2425 5629 statim
2467 5574 2518 5628 ei
2557 5574 2942 5631 Abodritorum
2984 5579 3234 5639 defeetio-
3257 5587 3556 5656 nuntiatur,

1981 5671 2072 5740 qui
2114 5685 2236 5724 cum
2279 5667 2404 5723 filiis
2440 5667 2715 5724 Godefridi
2757 5670 3028 5728 amicitias
3061 5673 3351 5745 iungentes
3388 5678 3560 5735 Sam-

1984 5761 2128 5816 niam
2160 5759 2604 5816 Transalbianam
2638 5761 2918 5818 vexabant.
2967 5763 3164 5823 Contra
3206 5785 3347 5840 quos
3386 5771 3554 5842 impe-
