3940 6180
415 282 514 341 ΟΠ

1516 286 1840 343 LUDOVICI
1880 286 1901 339 ι
1939 284 2410 345 (ΣΟΕΝΟΜΕΝΤΟ
2446 290 2533 345 PII

3570 302 3669 359 958

411 417 564 461 ratur
592 403 922 461 sufﬁcientes
950 400 1135 471 copias
1162 398 1425 471 dirigens,
1454 415 1643 457 eorum
1676 409 1854 457 motus
1883 400 1995 454 Deo
2021 400 2074 460 Α
2100 414 2280 469 regem
2310 401 2582 473 appellare
2621 404 2741 459 ausi
2785 404 2894 461 sint
2916 446 2932 469 ,
2979 408 3479 481 subjectioucmque
3507 417 3673 470 omni-

412 498 625 553 favente
650 492 992 563 compressit.
1041 490 1160 563 Ipse
1187 501 1367 548 autem
1392 492 1586 564 Vosagi
1616 493 1786 547 lustra
1815 503 1991 548 secta-

409 600 582 653 turus,
600 591 854 643 venatum
875 581 1051 653 petiit.
1077 581 1291 637 Interea
1309 582 1598 639 venatione
1620 582 1815 638 ibidem
1833 583 1988 653 juxta

405 692 613 735 morem
637 675 972 731 Francorum
1003 673 1252 744 expleta,
1288 689 1411 729 cum
1441 674 1674 730 hiemem
1699 683 1989 728 exacturus

402 767 728 840 Aquisgrani
748 771 1130 830 reverteretur,
1151 765 1457 819 nuntiatum
1477 771 1563 821 est
1583 765 1634 820 ei
1653 764 1985 819 Bernardum

402 866 655 930 nepotem
683 870 844 913 suum
871 854 1038 911 Italiae
1064 870 1283 927 regem,
1329 855 1417 911 cui
1460 855 1574 926 ipse
1613 855 1883 921 maxima,
1927 862 1989 909 ut

401 967 501 1011 rex
528 950 684 1011 fieret
701 989 719 1016 ,
746 949 889 1020 apud
917 956 1129 1019 patrem
1157 964 1322 1005 causa
1345 948 1554 1014 fuerat,
1583 948 1823 1004 consiliis
1851 962 1986 1017 quo-

403 1044 650 1101 rumdam
677 1057 965 1113 pravorum
992 1042 1273 1097 hominum
1301 1041 1438 1097 adeo
1470 1040 1841 1097 dementatum
1858 1080 1874 1107 ,
1926 1048 1985 1094 ut

400 1135 471 1193 ab
495 1135 905 1201 eodesciverit,
935 1147 1233 1204 omnesque
1266 1135 1518 1191 civitates
1557 1135 1709 1205 regni
1745 1141 1801 1189 et
1836 1133 1985 1203 prin-

398 1229 547 1299 cipes
565 1227 732 1283 Italian
748 1228 804 1284 in
824 1228 941 1284 haec
959 1227 1123 1283 verba
1144 1227 1575 1299 conjuraverint:
1599 1228 1694 1283 sed
1719 1236 1773 1282 et
1794 1242 1984 1281 omnes

399 1321 611 1387 aditus,
648 1320 849 1391 quibus
872 1319 929 1376 in
958 1319 1168 1375 Italiam
1192 1320 1454 1385 intratur,
1501 1319 1696 1390 positis
1736 1318 1982 1373 obicibus

397 1420 455 1468 et
478 1411 743 1469 custodiis
765 1412 1095 1468 obserarint.
1127 1410 1283 1478 Quod
1311 1427 1434 1467 cum
1464 1412 1629 1467 certis
1655 1412 1861 1467 nuntiis
1897 1427 1980 1466 re-

400 1506 730 1573 ferentibus,
768 1507 1114 1576 maximeque
1143 1505 1409 1563 Rathaldo
1435 1506 1715 1576 episeopo,
1755 1515 1813 1562 et
1836 1504 1977 1577 Sup-

398 1611 579 1666 pone,
629 1598 932 1653 certissime
972 1595 1352 1667 cognovisset,
1405 1596 1698 1652 contractis
1742 1595 1979 1666 undique

397 1689 587 1758 copiis,
612 1696 725 1743 tam
750 1686 1010 1744 exGallia
1035 1702 1199 1756 quem
1226 1702 1294 1744 ex
1319 1686 1630 1753 Germania,
1657 1703 1781 1742 cum
1808 1689 1978 1743 maxi-

398 1752 489 1835 mo
512 1752 788 1835 exercitus
814 1778 1011 1835 robore
1033 1752 1374 1833 Cabillonum
1402 1793 1574 1847 usque
1600 1778 1867 1847 pervenit.
1907 1778 1977 1832 At
2006 1752 2052 1810 Β

402 1869 739 1935 Bernardns,
765 1884 891 1924 cum
916 1884 979 1924 se
1002 1875 1254 1925 cerneret
1273 1869 1481 1924 viribus
1508 1870 1772 1938 imparem
1813 1876 1869 1924 et
1908 1867 1977 1923 ad

397 1969 577 2031 empta
621 1958 954 2016 inemcacem
976 1999 991 2024 ,
1042 1970 1108 2014 ut
1146 1967 1275 2029 pote
1305 1975 1337 2013 a
1365 1974 1475 2029 quo
1499 1959 1717 2029 plurimi
1753 1975 1974 2014 suorum

396 2051 637 2121 quotidie
658 2050 973 2116 deficerent,
993 2049 1294 2119 desperatis
1315 2050 1477 2104 rebus
1498 2049 1564 2103 ad
1590 2049 1974 2120 imperatorem

395 2141 567 2209 venit,
593 2141 872 2212 armisque
895 2140 1154 2212 depositis
1179 2140 1405 2211 pedibus
1431 2155 1493 2196 se
1518 2140 1635 2211 ejus
1660 2143 1973 2212 prostravit,

397 2232 679 2290 confessus
703 2247 992 2305 perperam
1020 2247 1082 2288 se
1106 2233 1305 2303 egisse.
1340 2230 1506 2304 Cujus
1532 2231 1837 2303 exemplum
1864 2235 1975 2303 pri-

397 2338 581 2382 mores
603 2325 723 2397 ejus
748 2331 878 2382 sunt
912 2323 1114 2391 semtti,
1156 2330 1213 2379 et
1251 2323 1422 2380 armis
1458 2323 1719 2393 depositis
1761 2338 1820 2380 se
1856 2322 1975 2393 ejus

392 2417 655 2488 potestati
686 2423 743 2473 et
773 2417 983 2489 judicio
1006 2417 1379 2472 subdiderunt.
1430 2415 1539 2471 Sed
1583 2425 1639 2472 et
1678 2417 1975 2473 concinna-

394 2510 601 2575 tiones,
648 2508 921 2579 qumodo
965 2516 1200 2579 emptam
1245 2506 1594 2564 rebellionem
1620 2548 1636 2574 ,
1697 2515 1756 2564 et
1804 2522 1975 2578 quare

396 2599 798 2664 inchoaverint,
835 2606 893 2655 et
918 2599 989 2654 ad
1013 2614 1176 2670 quem
1208 2598 1370 2655 tinem
1398 2598 1651 2655 inchoata
1678 2599 1975 2669 perducere

390 2691 696 2759 voiuerint,
732 2705 940 2762 quosve
964 2689 1258 2761 complices
1283 2689 1386 2745 Sibi
1415 2689 1729 2756 allexerint,
1768 2690 1835 2745 ad
1861 2690 1974 2760 pri-

392 2797 539 2840 mam
583 2783 945 2854 prodiderunt
995 2780 1491 2853 interrogationem.
1550 2780 1792 2837 Fuerunt
1840 2797 1971 2837 sane

392 2875 553 2947 huius
592 2875 1012 2947 conspirationis
1052 2883 1302 2931 auctores
1329 2874 1671 2945 :Eggiddeo,
1708 2874 1971 2947 regalium

389 2968 602 3039 primus
626 2969 959 3031 amicorum;
1004 2967 1384 3038 Reginherius,
1416 2968 1545 3023 olim
1574 2983 1755 3024 comes
1782 2966 1968 3038 palatii

393 3059 756 3126 imperatoris,
790 3056 932 3113 illius
960 3057 1271 3128 Reginherii
1313 3056 1466 3131 [Ms.,
1499 3057 1834 3129 Megiuherii]
1876 3072 1969 3112 co-

395 3148 580 3213 mitis;
617 3147 715 3203 sed
740 3155 800 3203 et
824 3136 1230 3218 Beginhardus,
1272 3150 1592 3219 praepositus
1619 3165 1851 3205 camerae
1881 3165 1970 3204 re-

391 3236 547 3307 galis.
568 3236 740 3291 Erant
759 3244 939 3291 autem
960 3235 1120 3305 hujus
1140 3238 1361 3293 sceleris
1380 3240 1584 3293 conscii
1605 3254 1767 3308 quam
1788 3240 1970 3309 plures

393 3329 577 3385 clerici
606 3343 701 3384 seu
733 3329 887 3395 laici,
928 3328 1073 3384 inter
1096 3344 1233 3399 quos
1260 3329 1470 3399 aliquos
1496 3332 1776 3401 episcopos
1810 3332 1969 3401 hujus

392 3421 730 3490 tempestatis
752 3419 989 3490 procella
1014 3418 1256 3486 involvit,
1285 3418 1599 3474 Ansclmum
1632 3420 1839 3475 scilicet
1864 3419 1970 3473 Me-

390 3508 781 3577 dieianensem,
796 3508 1125 3566 Wnlfoldum
1147 3509 1590 3577 Cremonensem,
1613 3511 1707 3565 sed
1730 3518 1786 3565 et
1800 3510 1972 3566 Theo-

390 3601 596 3658 dulfum
622 3602 1065 3660 Aurelianensem
1096 3602 1265 3674 (818).
1316 3603 1610 3673 Postquam
1646 3616 1777 3658 vero
1814 3603 1966 3659 defe—

388 3692 588 3750 ctionis
615 3694 885 3765 propalati
918 3701 1046 3749 sunt
1076 3694 1348 3765 principes
1386 3701 1441 3749 et
1475 3694 1733 3749 custodite
1766 3694 1970 3749 manci-

391 3784 501 3853 pati
522 3824 537 3851 ,
573 3783 900 3858 Aquisgrani
931 3786 1246 3856 imperator,
1286 3787 1427 3841 sicut
1453 3785 1803 3851 decreverat,
1848 3787 1965 3841 hic-

394 3882 596 3929 matum
618 3876 941 3943 regreditur,
964 3876 1144 3946 ibique
1165 3891 1337 3946 usque
1360 3875 1489 3930 dum
1514 3892 1725 3933 sacram
1747 3875 1968 3931 Pascha:

385 3964 783 4022 solentnitetcm
809 3967 1134 4034 celebraret,
1176 3975 1499 4022 remoratur.
1547 3968 1677 4023 Post
1704 3967 1857 4036 cujus
1887 3968 1965 4021 fe-

387 4056 649 4113 stivitatis
666 4064 997 4113 transactam
1017 4056 1408 4118 wlebritatem.
1431 4058 1765 4113 Bernardum
1791 4060 1967 4114 hacte-

390 4162 493 4201 nus
518 4160 703 4214 regem
736 4146 962 4216 ejusque
999 4144 1242 4202 fautores
1278 4148 1331 4202 in
1369 4162 1533 4217 supra
1562 4148 1707 4203 dicto
1736 4148 1963 4213 scelere,

391 4249 517 4288 eum
560 4233 679 4302 lege
712 4234 1030 4304 judicioque
1062 4234 1393 4291 Francorum
1440 4238 1701 4293 deberent
1748 4239 1963 4307 capitali

386 4323 692 4379 inventione
716 4322 893 4389 feriri,
918 4339 1205 4396 suppressa
1234 4326 1460 4382 tristiori
1490 4329 1775 4390 sententia,
1809 4329 1965 4384 lumi—

2093 490 2271 547 modis
2297 495 2620 549 recusarint.
2659 494 2742 550 Ad
2771 510 3003 565 quorum
3032 497 3376 554 insolentiam
3412 501 3673 559 ulciscen-

2093 582 2215 637 dam
2236 583 2532 654 imperator
2555 586 2913 657 undequaque
2935 599 3224 660 aggregata
3248 592 3471 647 militari
3492 610 3671 661 manu,

2090 672 2228 728 fines
2256 673 2560 730 Brittonum
2595 678 2935 748 aggrediens,
2972 680 3354 750 proﬁciscitur,
3385 685 3673 757 habitoque

2092 765 2323 820 Vencdis
2365 768 2603 836 generali
2645 782 2942 836 conventu,
2984 774 3320 843 provinciam
3354 776 3671 846 ingreditur,

2088 862 2143 908 et
2170 868 2336 923 parvo
2364 864 2607 927 tempore
2639 868 2693 914 et
2722 859 2906 915 labore
2935 872 3131 916 cuncta
3162 864 3472 934 populatur,
3504 865 3674 922 donec

2088 946 2376 1002 interfecto
2406 950 2659 1006 Marcone
2690 951 3015 1022 [Marmonio
3044 954 3253 1026 supra],
3285 956 3411 1009 dum
3443 958 3674 1012 sarcinis

2087 1040 2455 1095 castrensibus
2479 1041 2871 1108 immeditatur,
2895 1058 2925 1097 a
2952 1044 3186 1113 quodam
3213 1047 3489 1116 regiorum
3509 1063 3673 1117 equo-

2088 1149 2208 1188 rum
2234 1135 2476 1199 custode,
2508 1136 2729 1192 nomine
2756 1136 2973 1203 Choslo,
3009 1147 3121 1193 tota
3150 1156 3273 1194 cum
3302 1156 3367 1195 eo
3392 1141 3668 1198 Britannia

2084 1227 2224 1279 victa
2256 1227 2540 1281 succubuit
2568 1235 2623 1282 et
2648 1243 2845 1283 manus
2871 1229 3041 1295 dedit,
3072 1231 3141 1285 ad
3166 1247 3519 1302 quascunque
3547 1250 3670 1288 eon-

2084 1314 2319 1370 ditiones
2346 1315 2642 1384 imperator
2667 1318 2858 1381 vellet,
2897 1319 3074 1375 denuo
3103 1320 3393 1375 servitura.
3442 1321 3579 1376 Nam
3619 1335 3671 1378 et

2082 1404 2300 1458 obsides
2326 1407 2417 1475 qui
2448 1414 2502 1460 et
2529 1408 2717 1476 quanti
2744 1409 2881 1478 jussi
2909 1419 3056 1476 sunt,
3082 1411 3190 1465 dati
3217 1422 3381 1482 atque
3408 1418 3667 1485 suscepti,

2081 1500 2136 1547 et
2163 1494 2340 1549 omnis
2372 1504 2514 1569 terra
2546 1498 2841 1552 secundum
2872 1515 3025 1555 suam
3051 1501 3383 1557 voluntatem
3408 1503 3666 1575 disposita

2080 1590 2180 1636 est.

2150 1676 2195 1729 Α
2225 1677 2420 1746 quibus
2451 1678 2646 1733 finibus
2676 1681 2967 1737 Britanniae
2994 1684 3066 1737 ita
3096 1688 3307 1754 pacatis
3361 1688 3660 1758 imperator

2079 1766 2270 1835 pedem
2302 1768 2504 1833 retulit,
2544 1778 2599 1823 et
2624 1769 3042 1842 Andegavorum
3068 1776 3256 1832 urbem
3288 1780 3530 1847 repetiit.
3563 1780 3660 1837 Ubi

2080 1855 2207 1909 dum
2238 1855 2658 1930 IIermengardis
2686 1862 2873 1931 regina
2918 1862 3079 1933 longo
3105 1862 3430 1936 fatigaretur
3452 1870 3659 1923 incom-

2077 1950 2259 2014 modo,
2304 1950 2515 2006 duobus
2545 1952 2737 2007 diebus
2784 1963 2909 2023 post
2941 1958 3340 2027 regressionem
3370 1960 3662 2029 imperato-

2077 2037 2154 2093 ris
2181 2040 2502 2108 supervixit,
2527 2051 2582 2097 et
2608 2044 2767 2098 tertio
2793 2044 2880 2099 die
2904 2045 3057 2113 obiit,
3089 2049 3278 2117 quinto
3299 2049 3483 2106 Nonas
3505 2051 3661 2106 Octo-

2074 2127 2208 2183 bris.
2243 2130 2360 2197 Quo
2386 2147 2529 2188 anno
2552 2133 2773 2203 eclipsis
2802 2137 3029 2207 contigit
3077 2138 3209 2194 solis
3239 2155 3336 2194 vm
3356 2141 3484 2196 Idus
3508 2141 3653 2197 Julii.

2075 2217 2275 2276 Curata
2312 2231 2495 2280 autem
2521 2227 2723 2297 regina:
2757 2228 3055 2298 sepultura,
3099 2231 3399 2301 imperator
3423 2249 3521 2303 per
3549 2234 3658 2289 Ito-

2077 2312 2391 2385 thomagum
2434 2324 2491 2371 et
2528 2317 2915 2375 Ambianorum
2970 2322 3160 2378 urbem
3191 2333 3343 2380 recto
3377 2326 3570 2382 itinere
3596 2344 3657 2382 se

2072 2400 2399 2473 Aquisgrani
2447 2406 2515 2461 ad
2566 2406 2794 2463 hiberna
2837 2410 3084 2466 contulit.
3133 2413 3234 2469 Cui
3282 2420 3573 2473 revertenti
3599 2429 3655 2474 et

2072 2492 2439 2552 Heristallium
2486 2499 2746 2569 palatium
2796 2503 3043 2569 intranti,
3079 2519 3371 2563 occurrere
3389 2510 3539 2564 missi
3567 2510 3655 2565 Si-

2071 2585 2229 2654 gonis
2257 2586 2622 2644 Beneventani
2665 2591 2818 2647 ducis
2864 2592 3007 2648 dona
3035 2611 3199 2665 quam
3241 2599 3481 2653 maxima
3509 2600 3655 2656 defe-

2072 2684 2277 2743 rentes,
2316 2678 2594 2736 dominum
2646 2697 2802 2738 suum
2845 2694 3073 2740 amorte
3111 2686 3408 2744 Grimoaldi
3450 2693 3655 2761 praede-

2071 2768 2303 2847 cesseris
2326 2772 2409 2825 sui
2456 2782 2769 2844 purgantes.
2820 2775 3088 2833 Praeterea
3119 2778 3349 2836 aliarum
3374 2784 3651 2837 nationum

2072 2861 2223 2917 missi
2254 2863 2501 2927 aderant,
2553 2865 2941 2923 Abodritorum
2970 2871 3245 2938 videlicet,
3271 2882 3331 2928 et
3379 2873 3653 2930 Codusca-

2069 2969 2285 3019 norum,
2316 2964 2373 3010 et
2400 2956 2847 3023 Timotianorum,
2900 2960 2994 3030 qui
3049 2961 3341 3033 Bulgarum
3391 2966 3650 3020 societate

2069 3045 2280 3111 relicta,
2305 3048 2509 3103 nostris
2534 3064 2595 3103 se
2623 3065 2796 3120 nuper
2839 3052 3199 3107 sociaverant.
3242 3053 3353 3110 Sed
3376 3064 3434 3109 et
3462 3055 3649 3111 Linde-

2073 3137 2168 3191 viti
2211 3139 2439 3194 rectoris
2485 3139 2760 3196 inferioris
2791 3141 3085 3198 Pannoniae
3132 3143 3283 3199 missi
3316 3146 3514 3200 ibidem
3555 3148 3649 3201 ad-

2068 3236 2249 3295 erant,
2288 3238 2607 3287 accusantes
2634 3230 2896 3288 Cadalum
2928 3232 3086 3301 falso,
3117 3243 3177 3290 ut
3201 3245 3329 3306 post
3354 3238 3544 3307 patuit,
3583 3254 3648 3293 eo

2069 3322 2213 3392 quod
2238 3322 2553 3378 immanitas
2587 3323 2731 3380 illius
2765 3325 3125 3396 importabilis
3170 3328 3276 3383 sibi
3328 3327 3490 3385 foret.
3522 3330 3647 3397 Qui-

2067 3414 2171 3470 bus
2194 3416 2412 3481 auditis,
2433 3419 2747 3487 compositis
2772 3435 2836 3475 ac
2857 3421 3116 3486 dimissis,
3157 3421 3212 3476 in
3238 3423 3430 3479 eodem
3451 3425 3645 3495 palatio

2070 3505 2366 3576 imperator
2413 3510 2708 3566 secundum
2761 3527 2915 3566 suam
2975 3513 3389 3584 dispomionem
3437 3519 3503 3573 ad
3534 3519 3643 3573 bie-

2068 3596 2322 3652 mandum
2350 3614 2409 3654 se
2437 3601 2683 3656 contulit.

2141 3685 2314 3757 (819.)
2356 3688 2456 3743 Ubi
2505 3706 2627 3744 cum
2672 3700 2938 3759 moratur,
2963 3695 3239 3751 exhibitus
3273 3707 3363 3753 est
3396 3700 3447 3754 ei
3471 3699 3644 3756 Sclao»

2069 3780 2240 3836 mirus
2290 3782 2674 3838 Abodritorum
2725 3787 3131 3843 rexaducibus
3185 3789 3485 3849 Saxonum.
3547 3793 3639 3861 Qui

2067 3888 2189 3926 cum
2220 3874 2629 3932 insimularetur
2652 3878 2995 3944 defectionis,
3031 3896 3131 3937 nec
3171 3882 3404 3952 objectis
3430 3883 3641 3939 obviare

2067 3966 2354 4034 quivisset,
2411 3969 2604 4024 exsilio
2630 3978 2713 4026 est
2754 3971 3092 4041 deportatus,
3143 3990 3482 4045 regnumque
3532 3974 3641 4045 ejus

2067 4057 2347 4127 Ceadrago
2396 4058 2507 4113 ﬁlio
2559 4060 2851 4116 Trasconis
2885 4063 3166 4118 traditum.
3208 4064 3414 4119 Eodem
3463 4066 3640 4121 itidem

2070 4153 2311 4216 tempore
2329 4149 2546 4216 quidam
2570 4150 2773 4207 Wasco
2793 4152 2996 4224 Lupus,
3020 4153 3247 4209 Centulli
3266 4167 3639 4228 cognomento,

2066 4236 2123 4290 in
2177 4238 2523 4297 rebellionem
2582 4259 2893 4314 assurgens.
2952 4246 3250 4302 Werimum
3314 4249 3638 4322 [Werinum]

2066 4328 2433 4384 Arvernorum
2473 4333 2751 4400 comitem,
2801 4343 2855 4389 et
2886 4336 3271 4407 Berengarium
3320 4339 3642 4396 Tolosanum

381 4416 544 4472 nibus
568 4417 755 4472 orbari
780 4419 1085 4486 consensit,
1125 4419 1253 4476 licet
1283 4420 1469 4475 multis
1497 4421 1866 4477 obnitentibus
1907 4431 1961 4477 et
1983 4450 2038 4510 Ι)
2066 4418 2250 4487 prtelio
2278 4421 2573 4477 lacescivit.
2604 4424 2918 4497 Ibidemque
2955 4443 3079 4483 cum
3122 4429 3243 4483 aliis
3268 4430 3522 4499 plurimis
3542 4431 3641 4486 fra-

380 4507 739 4564 animadverti
765 4509 822 4564 in
841 4524 937 4566 eos
964 4518 1076 4566 tota
1102 4512 1392 4567 severitate
1413 4512 1567 4584 legali
1594 4515 1954 4584 cupientibus.

381 4600 452 4653 At
485 4612 619 4654 vero
654 4599 781 4654 licet
826 4600 1121 4671 imperator
1156 4602 1526 4675 indulgentius
1562 4614 1777 4674 ageret,
1828 4605 1960 4660 ultio

379 4698 560 4744 tamen
579 4688 863 4744 eliminata
885 4690 952 4744 ad
978 4690 1229 4747 effectum
1255 4692 1311 4747 in
1339 4692 1548 4762 aliquos
1572 4704 1657 4748 est
1681 4695 1956 4763 perducta.

380 4779 591 4835 licean
619 4780 928 4836 Bernartius
959 4791 1019 4836 et
1050 4781 1407 4853 Reginth
1435 4784 1562 4838 dum
1593 4785 1960 4855 impatientius

375 4868 657 4926 «mulorum
677 4870 1026 4927 amissionem
1052 4879 1108 4927 et
1129 4871 1456 4928 abiationem
1482 4875 1741 4943 tulerunt,
1766 4881 1956 4934 mortis

374 4959 727 5018 acerbitatem
755 4960 866 5016 sibi
891 4962 1291 5021 consciverunt.
1337 4964 1632 5036 Episcopos
1661 4983 1827 5038 porro
1852 4970 1955 5026 hac

372 5049 698 5109 mnstrictm
727 5051 1086 5118 humanitate,
1133 5055 1200 5110 ab
1227 5056 1496 5127 episcopis
1541 5058 1956 5131 reliquisdepo-

374 5143 537 5212 sitos,
586 5146 934 5203 monasteriis
982 5147 1330 5217 mancipavit.
1386 5148 1718 5207 Caeterorum
1771 5162 1952 5227 autem

373 5232 579 5291 nullum
606 5234 693 5292 vel
716 5238 826 5293 vita
855 5238 1059 5308 privari
1090 5235 1284 5306 jussit,
1324 5240 1409 5295 vel
1440 5241 1807 5299 membrorum
1839 5260 1954 5300 am-

373 5326 655 5395 tutatione
695 5328 986 5397 mulctari;
1033 5331 1129 5387 sed
1174 5330 1469 5388 secundum
1515 5335 1660 5403 quod
1700 5336 1953 5408 exigente

372 5418 529 5488 mlpa
551 5419 731 5477 visum
754 5430 867 5488 est,
902 5422 1041 5478 alios
1067 5424 1309 5481 exsiliari
1327 5465 1341 5490 ,
1372 5424 1506 5480 alios
1529 5424 1692 5495 jussit
1720 5429 1946 5483 attendi.

375 5505 504 5562 Post
526 5523 653 5577 quo
673 5512 955 5568 nuntiatur
981 5512 1295 5584 imperatori
1326 5518 1600 5586 protervia
1634 5516 1950 5573 inobedien-

374 5595 509 5649 tium
528 5594 848 5665 Brittonum,
870 5601 963 5669 qui
986 5601 1040 5654 in
1065 5610 1273 5658 tantam
1296 5605 1502 5661 insolen
1512 5607 1639 5660 tiam
1661 5619 1950 5676 eruperant

373 5692 432 5738 ut
468 5699 637 5738 ultum
670 5700 890 5743 suorum
921 5689 1279 5749 Marmonium
1308 5694 1692 5769 [Marmanum]
1732 5702 1948 5757 nomine

2068 4518 2204 4564 trem
2262 4526 2478 4583 quoque
2523 4513 2854 4571 Germanum
2912 4516 3302 4590 [Gersandum]
3349 4521 3555 4587 amisit,
3591 4534 3641 4575 et

2066 4608 2193 4656 tunc
2223 4604 2442 4671 quidem
2498 4603 2637 4676 fuga:
2668 4608 2911 4663 subsidio
2946 4611 3137 4665 evasit.
3168 4611 3303 4666 Post
3330 4623 3515 4669 autem
3542 4616 3638 4668 im-

2063 4693 2300 4761 peratori
2329 4694 2610 4761 deductus,
2662 4707 2719 4752 et
2746 4714 2967 4754 causam
3008 4702 3189 4756 dicere
3240 4701 3457 4770 jussus,
3486 4715 3641 4775 atque

2063 4786 2273 4841 ratione
2334 4788 2531 4853 victus,
2586 4790 2781 4845 exsilio
2828 4801 2913 4847 est
2959 4793 3266 4848 damnatus.
3321 4794 3441 4861 Qua
3471 4796 3641 4852 hieme

2064 4876 2360 4947 imperator
2414 4880 2469 4934 in
2503 4882 2693 4937 eodem
2739 4883 2943 4951 palatio
2991 4895 3321 4941 conventum
3370 4889 3639 4957 publicum

2059 4969 2240 5038 populi
2294 4970 2376 5024 sui
2409 4971 2745 5027 celebravit:
2800 4982 2857 5028 et
2902 4976 3282 5031 renuntiantes
3314 4978 3421 5033 sibi
3453 4980 3641 5034 missos

2058 5061 2127 5117 de
2161 5062 2306 5116 omni
2336 5079 2435 5119 suo
2465 5080 2652 5135 regno,
2700 5082 2837 5137 quos
2864 5083 2962 5138 pro
2992 5076 3136 5123 statu
3162 5079 3365 5124 sanctae
3391 5071 3639 5127 Ecclesiae

2058 5153 2419 5208 restaurando
2455 5153 2684 5223 deiecto,
2728 5157 2810 5212 vel
2858 5158 3235 5214 conﬁrmando
3272 5168 3459 5215 stante
3486 5162 3638 5215 mise—

2059 5250 2161 5305 rat,
2187 5244 2430 5311 audivit;
2464 5253 2517 5301 et
2544 5247 2805 5317 quidquid
2833 5248 2964 5303 utile
3008 5249 3295 5321 judicavit,
3326 5262 3517 5306 saneta
3544 5252 3637 5304 im-

2054 5334 2286 5404 pellente
2313 5335 2602 5393 devotione
2628 5340 3024 5410 superaddidit,
3080 5341 3324 5411 nihilque
3376 5344 3633 5396 intactum

2053 5428 2298 5498 reliquit,
2325 5430 2587 5501 quidquid
2627 5432 2695 5486 ad
2725 5433 2989 5488 honorem
3019 5442 3221 5488 sancta:
3245 5432 3344 5488 Dei
3379 5432 3630 5488 Ecclesiae

2050 5520 2315 5588 proiicere
2339 5536 2497 5590 posse
2525 5523 2702 5577 visum
2729 5521 2851 5577 fuit.
2888 5524 3098 5579 Interea
3129 5524 3366 5593 capitula
3388 5524 3628 5594 quaedam

2050 5611 2256 5680 legibus
2313 5612 2707 5682 superaddidit,
2770 5615 2823 5668 in
2890 5616 3089 5684 quibus
3140 5630 3321 5669 causa:
3386 5614 3628 5669 forenses

2051 5702 2353 5757 claudicare
2399 5704 2740 5771 videbantur,
2780 5721 2899 5775 qua:
2939 5707 3391 5764 hacteuusvcluti
3437 5719 3620 5777 ρει-που
