3922 6180
250 278 352 374 sta

1788 313 1962 368 VITA.

3402 321 3509 378 930

249 432 487 489 cessaris
510 439 812 485 servantur.
853 427 968 495 Qua
996 435 1317 499 tempestate
1367 428 1575 481 monitu
1606 442 1826 482 suorum
1853 431 1906 488 Α
1930 426 2000 479 ad
2025 441 2258 497 pugnam
2310 441 2413 482 nec
2442 427 2509 481 ad
2538 426 2864 498 colloquium
2919 431 3268 498 procedente.
3301 431 3508 498 Quibus

248 524 498 577 uxoriam
551 518 798 587 copulam
882 518 1245 573 meditabatur
1310 517 1469 571 inire.
1513 516 1826 571 Timebatur

247 611 653 670 cnimamultis
704 626 771 665 ne
815 609 968 680 regni
1024 608 1391 679 gubernacula
1446 606 1609 661 vellet
1662 605 1827 660 relin-

246 719 414 775 quere
441 720 455 769 ;
487 703 581 757 sed
616 700 1055 771 compellebatur.
1114 700 1464 768 Tandemque
1506 711 1695 753 eorum
1734 711 1827 752 vo-

248 795 444 851 luntati
500 792 867 855 satisfaciens,
918 798 973 846 et
999 790 1353 859 undequaque
1399 788 1658 842 adductas
1696 799 1824 855 pro-

247 900 434 942 cerum
488 883 627 937 ﬁlias
659 882 975 951 inspiciens,
1022 880 1207 935 Juditb
1237 879 1405 934 ﬁliam
1443 876 1707 933 Welfonis
1736 891 1829 931 no-

249 975 501 1033 bilissimi
559 974 774 1029 comitis
817 973 874 1026 in
912 971 1320 1026 matrimonium
1374 969 1573 1038 junxit.
1617 967 1831 1023 IEstate

248 1070 619 1137 subsequente
674 1066 728 1119 in
758 1063 1121 1136 Ingelenheim
1173 1062 1377 1132 palatio
1429 1061 1661 1131 populus
1713 1058 1831 1129 ejus

251 1159 516 1217 convenit
554 1158 621 1211 ad
662 1172 805 1211 eum.
848 1154 1159 1224 Ibidemque
1185 1154 1270 1209 sui
1309 1152 1587 1208 exercitus
1612 1150 1833 1206 nuntios

249 1250 478 1319 recepit,
509 1247 603 1319 qui
657 1255 845 1302 contra
894 1244 1160 1300 Liudeviti
1212 1251 1455 1314 apertam
1512 1240 1834 1311 perduellio-

252 1356 380 1397 nem
412 1337 876 1407 comprimendam
899 1336 1054 1390 missi
1083 1334 1319 1391 fuerant.
1360 1333 1469 1389 Sed
1506 1334 1650 1389 idem
1678 1346 1837 1403 nego-

253 1436 391 1488 tium
418 1430 683 1485 remansit
710 1443 849 1498 pene
875 1426 1155 1482 infectum.
1184 1426 1254 1480 At
1280 1441 1409 1481 vero
1432 1440 1533 1496 pro
1558 1426 1645 1480 his
1669 1424 1836 1495 typho

257 1523 588 1596 arrogantiae
627 1521 844 1577 inflatus
876 1521 1211 1585 Liudevitus,
1265 1520 1529 1589 quasdam
1572 1516 1837 1573 conditio-

253 1631 355 1671 nes
387 1613 708 1684 imperatori
745 1626 845 1681 per
882 1612 1080 1666 missos
1120 1625 1248 1666 suos
1275 1609 1552 1665 mandavit
1584 1626 1597 1662 :
1627 1622 1766 1677 quas
1786 1607 1835 1661 si

1932 516 2166 572 reversis
2216 516 2434 573 domum
2478 517 2855 574 Carniolenses
2881 525 2938 574 et
2973 519 3191 588 quidam
3248 521 3512 578 Cerasta-

1930 624 2151 674 norum,
2178 610 2271 679 qui
2294 611 2360 665 ad
2386 609 2727 666 Liudevitum
2766 625 2825 666 se
2863 612 3228 679 contulerant,
3257 613 3512 672 Baldrico

1930 698 2055 753 duci
2104 705 2295 753 nostro
2340 714 2533 755 manus
2594 700 2878 755 dederunt.
2933 700 2992 755 In
3051 700 3253 771 palatio
3291 717 3535 773 quoque

1932 787 2070 841 Bern
2093 802 2277 843 comes
2302 789 2738 855 Barcinonensis,
2776 804 2900 845 cum
2948 791 3303 861 impeteretur
3328 809 3361 848 a
3381 809 3513 864 quo-

1932 879 2057 933 dam
2085 887 2280 934 vocato
2314 877 2517 943 Sanila,
2550 886 2608 934 et
2660 878 2994 935 inﬁdelitatis
3022 889 3362 952 argueretur,
3388 897 3532 938 cum.

1934 966 2124 1022 eodem
2173 968 2469 1022 secundum
2531 966 2705 1039 legem
2754 969 3054 1038 propriam,
3104 976 3166 1024 ut
3217 978 3345 1041 pote
3387 971 3516 1041 quia

1936 1065 2165 1127 uterque
2184 1057 2398 1113 Gothus
2420 1068 2559 1122 erat,
2589 1059 2831 1127 equestri
2851 1060 3041 1128 praelio
3078 1075 3409 1133 congressus
3431 1070 3519 1118 est

1936 1157 1995 1205 et
2018 1150 2214 1205 victus.
2274 1149 2381 1206 Sed
2408 1165 2535 1205 cum
2558 1149 2676 1220 lege
2709 1151 2765 1206 in
2798 1164 2924 1207 eum
2977 1153 3516 1210 animadvertendum

1936 1247 2100 1300 esset,
2140 1246 2199 1293 ut
2226 1238 2446 1308 capitali
2475 1238 2744 1294 sententia
2774 1246 3032 1310 tanquam
3064 1257 3189 1297 reus
3216 1242 3538 1313 majestatis-

1938 1328 2216 1395 feriretur,
2249 1329 2597 1399 imperatoris
2619 1336 2801 1384 tamen
2835 1327 3124 1385 clementia
3167 1331 3289 1385 vitae
3340 1342 3521 1387 reser-

1939 1429 2097 1474 vatus
2126 1428 2231 1485 est,
2270 1428 2327 1474 et
2354 1419 2754 1490 Rotbomagum
2809 1419 3113 1474 consistere
3154 1417 3360 1488 jussus.
3396 1419 3520 1491 Ipso

1943 1517 2187 1580 tempore
2234 1509 2542 1564 nuntiatum
2597 1516 2682 1563 est
2704 1522 2875 1564 naves
2922 1508 3181 1577 piraticus
3206 1510 3465 1566 tredecim
3491 1526 3522 1563 a

1941 1599 2309 1656 Nortmanniae
2353 1600 2570 1656 sedibus
2600 1614 2753 1655 mare
2798 1600 3205 1665 conscendisse,
3234 1609 3291 1656 et
3317 1600 3524 1672 praeda-

254 1707 551 1773 imperator
580 1701 850 1772 impleret,
893 1700 1010 1770 ipse
1054 1713 1271 1770 quoque
1322 1698 1440 1768 ejus
1463 1697 1749 1768 praeceptis
1776 1704 1838 1751 ut
1866 1767 1905 1773 _
1943 1696 2057 1743 tum
2089 1695 2310 1744 nostros
2334 1686 2470 1742 ﬁnes
2498 1687 2784 1757 appellere.
2822 1687 3024 1742 Contra
3052 1701 3190 1756 quas
3235 1688 3524 1759 imperato-

254 1767 467 1863 pri-dem
523 1767 762 1861 pareret.
817 1767 930 1845 Sed
980 1767 1097 1845 hare
1121 1767 1378 1858 tanquam
1430 1767 1642 1842 inutilia
1679 1787 1748 1842 ab
1770 1801 1837 1842 eo

1942 1777 2022 1832 ris
2065 1775 2485 1847 circumspcctio
2508 1776 2814 1831 custodiam
2856 1774 2975 1829 ﬁeri
3022 1789 3149 1830 cum
3178 1776 3524 1845 imperasset,
3592 1816 3611 1833 .

255 1890 441 1952 spreta
468 1872 631 1952 atque
662 1879 863 1950 rejecta
902 1888 1050 1935 sunt.
1103 1877 1418 1934 Liudevitus
1446 1885 1628 1932 autem
1663 1876 1719 1930 in
1740 1890 1839 1931 sua

254 1970 484 2044 perfidia
517 1984 800 2025 remanere
820 1976 997 2023 ratum
1027 1968 1252 2032 ducens,
1281 1966 1349 2021 ad
1377 1965 1661 2036 perfidiam
1682 1979 1843 2034 quos-

253 2075 468 2133 cunque
493 2069 709 2132 poterat
732 2059 835 2115 sibi
861 2060 1126 2115 sociabat.
1168 2058 1300 2113 Post
1321 2057 1687 2112 reversionem
1709 2071 1841 2111 sane

253 2153 533 2209 exercitus
561 2166 594 2205 a
623 2150 915 2205 Pannoniae
945 2149 1165 2215 finibus,
1218 2147 1506 2203 Liudevito
1530 2147 1586 2201 in
1612 2146 1839 2217 perﬁdia

255 2258 354 2299 sua
381 2248 756 2313 permanente,
792 2238 1064 2295 Cadolacln
1095 2236 1344 2310 [Cadolb]
1375 2240 1484 2293 dux
1515 2237 1845 2308 Foroiulien-

256 2336 334 2390 sis
369 2335 424 2388 in
453 2330 662 2386 febrem
716 2330 909 2406 incidit
943 2337 999 2384 et
1028 2330 1170 2383 diem
1222 2329 1474 2382 ultimum
1533 2329 1749 2393 clausit,
1778 2343 1843 2384 ac

257 2422 539 2477 Baldricus
568 2419 684 2489 ejus
740 2419 860 2473 loco
914 2418 1199 2473 successit.
1237 2416 1341 2482 Qui
1370 2431 1491 2470 cum
1521 2417 1756 2485 primum
1789 2417 1844 2470 in

257 2509 604 2564 Provinciam
657 2507 917 2572 venisset,
957 2515 1013 2561 et
1065 2506 1409 2561 Carantanas
1469 2504 1846 2576 ingrederetur

256 2606 459 2667 partes,
492 2597 675 2666 copias
704 2595 976 2651 Liudeviti
1008 2594 1166 2665 juxta
1204 2595 1441 2666 Dragum
1470 2593 1694 2649 ﬂuvium
1719 2610 1845 2650 cum

258 2688 447 2757 paucis
477 2703 700 2743 suorum
726 2687 884 2753 fudit,
913 2696 970 2743 et
993 2688 1233 2757 reliquos
1268 2687 1623 2758 proturbans,
1653 2701 1844 2742 omnes

256 2792 285 2828 a
318 2777 431 2831 suis
453 2777 653 2833 ﬁnibus
680 2777 935 2833 secedere
962 2778 1239 2849 compulit.
1271 2778 1512 2851 Fugatns
1537 2795 1568 2834 a
1595 2779 1844 2835 Baldrico

257 2866 598 2931 Liudevitus,
634 2869 827 2924 130er
854 2871 1097 2925 occurrit
1126 2870 1410 2927 Dalmatia:
1435 2872 1561 2927 duci
1591 2874 1662 2927 ad
1689 2873 1846 2928 Cala-

257 2960 407 3028 pium
450 2958 673 3015 ﬂuvium
724 2962 1066 3018 consistenti.
1124 2962 1232 3018 Sed
1273 2964 1450 3019 Borna
1497 2962 1847 3021 Goduscano-

256 3062 375 3100 rum
417 3046 880 3123 [Dunscanornm]
928 3051 1173 3121 perﬁdia,
1226 3069 1296 3107 an
1351 3054 1546 3109 timore
1575 3056 1839 3122 desertus,

1943 1884 1977 1923 a
2005 1867 2328 1923 Flandrensi
2375 1865 2489 1922 solo
2538 1865 2699 1922 simul
2730 1872 2790 1920 et
2809 1865 2953 1920 ostio
2986 1864 3251 1935 Sequana:
3275 1866 3524 1937 repulsae,

1941 1959 1998 2013 in
2018 1957 2369 2027 Aquitaniam
2421 1969 2542 2011 sese
2569 1962 2873 2021 verterunt,
2901 1964 2960 2011 et
2985 1964 3198 2011 vastato
3228 1957 3347 2012 vico
3368 1958 3530 2028 cujus

1941 2048 2265 2107 vocabulum
2297 2046 2456 2114 Buin,
2487 2047 2763 2117 multaque
2791 2055 3032 2102 oneratae
3076 2048 3259 2117 prada
3294 2063 3529 2105 reversa:

1942 2149 2089 2198 sunt.
2139 2139 2256 2195 Hoc
2307 2154 2449 2196 anno
2488 2138 2637 2213 (82l)
2679 2139 2931 2195 dominus
2966 2139 3266 2209 imperator
3299 2140 3526 2196 hiberna

1944 2240 2192 2302 tempora
2215 2230 2542 2302 Aquisgrani
2568 2232 2798 2302 peregit.
2827 2231 2890 2287 In
2910 2233 3103 2288 eadem
3131 2232 3310 2288 hieme
3338 2248 3541 2289 mense

1942 2323 2268 2388 Februario,
2297 2322 2483 2392 Aquis
2510 2330 2818 2377 conventus
2856 2330 2943 2377 est
2971 2321 3300 2388 celebratus,
3328 2331 3389 2377 et
3416 2330 3549 2379 tres.

1947 2413 2104 2468 cunei
2136 2412 2205 2466 ad
2231 2411 2498 2467 Liudeviti
2527 2420 2732 2466 terram
2781 2408 3102 2465 vastandam
3145 2409 3363 2475 directi,
3393 2410 3531 2465 irru-

1944 2511 2145 2573 ptaque
2175 2501 2494 2573 imaginaria
2540 2515 2698 2571 pace,
2725 2515 2848 2570 qua:
2886 2513 3011 2554 cum
3053 2497 3253 2554 Abulat
3283 2513 3412 2570 rege
3436 2496 3541 2554 Sa.-

1947 2607 2271 2648 racenorum
2293 2600 2451 2661 pacta
2479 2591 2786 2656 videbatur,
2824 2589 3024 2645 bellum
3051 2589 3101 2644 ei
3136 2588 3399 2646 indictum
3424 2597 3527 2646 est.

1945 2685 2005 2741 In
2035 2684 2224 2740 eodem
2261 2698 2407 2739 anno
2436 2681 2693 2737 Kalendis
2741 2681 2870 2737 Maii
2921 2687 3249 2737 conventum
3294 2680 3530 2736 alterum

1947 2776 2138 2831 habuit
2166 2776 2461 2845 imperator
2486 2772 2823 2843 Noviomagi,
2877 2772 2932 2827 in
2959 2787 3069 2842 quo
3114 2771 3265 2842 regni
3288 2771 3549 2842 partitio--

1947 2882 2092 2934 nem,
2124 2881 2292 2937 quam
2320 2867 2465 2923 inter
2494 2865 2633 2920 ﬁlios
2656 2880 2785 2920 suos
2824 2863 3144 2935 jamdudum
3189 2862 3415 2929 fecerat,
3442 2878 3543 2919 θοι

1947 2975 2066 3014 ram
2092 2958 2312 3014 recitari
2351 2956 2501 3022 fecit,
2537 2966 2595 3011 et
2620 2973 2652 3012 a
2680 2956 2893 3013 cunctis
2927 2956 3246 3026 proceribus
3276 2957 3372 3027 qui
3403 2964 3533 3012 tunc

1950 3047 2174 3104 adfuere
2196 3046 2530 3103 conﬁrmari.
2580 3046 2784 3102 ibidem
2809 3047 2977 3102 etiam
3029 3047 3226 3103 missos
3250 3045 3533 3107 Paschalis

256 3138 547 3206 incertum,
592 3157 812 3196 suorum
844 3151 1024 3199 tamen
1071 3144 1223 3214 jutus
1273 3145 1477 3201 auxilio
1516 3147 1835 3213 domestico,

1948 3140 2251 3211 apostolici,
2286 3139 2509 3195 Petrum
2548 3138 3069 3196 Centumcellensem
3111 3139 3449 3212 episcopum,
3475 3149 3533 3195 et

256 3233 550 3288 discrimen
598 3235 890 3291 imminens
920 3244 1070 3292 tutus
1094 3238 1285 3302 evasit,
1333 3235 1430 3292 sed
1454 3247 1511 3294 et
1536 3238 1841 3295 desertores

257 3340 387 3380 suos
439 3334 628 3394 postea
681 3314 914 3399 subegit.
971 3328 1181 3384 interea
1236 3330 1552 3386 Liudevitus
1593 3333 1840 3400 sequenti

256 3415 437 3470 hieme
490 3416 819 3472 Dalmatiam
870 3420 1066 3473 iterum
1120 3420 1418 3491 ingressus,
1448 3429 1644 3477 cuncta
1672 3437 1843 3493 popu-

253 3506 358 3562 lari
400 3508 631 3575 nititur;
682 3509 826 3566 ferro
879 3527 1001 3582 tmte
1052 3514 1290 3568 animata
1343 3522 1503 3569 erant
1543 3516 1838 3584 perimens,

254 3599 552 3653 inanimato
579 3614 707 3655 vero
737 3601 848 3672 igni
870 3603 1214 3658 contradens.
1245 3601 1412 3671 Cujus
1436 3604 1489 3657 vi
1514 3619 1638 3658 cum
1660 3604 1840 3660 Borna

254 3691 479 3746 obviare
509 3693 779 3761 nequiret,
818 3700 938 3748 astu
991 3694 1133 3747 viam
1172 3694 1399 3749 nocendi
1443 3696 1709 3763 quaesivit.
1743 3696 1843 3750 Ne-

254 3795 362 3849 que
383 3781 528 3836 enim
561 3791 811 3852 apertum
838 3784 889 3838 ei
924 3783 1123 3838 bellum
1178 3783 1390 3848 indixit,
1422 3786 1516 3839 sed
1568 3785 1837 3855 improvi-

257 3874 336 3927 sis
392 3873 783 3943 irruptionibus
834 3874 970 3929 adeo
1010 3883 1065 3929 ct
1093 3875 1239 3928 illum
1276 3883 1332 3929 et
1375 3876 1676 3931 exercitum
1723 3877 1842 3947 ejus

255 3962 528 4029 protrivit,
577 3971 640 4017 ut
674 3965 901 4033 puderet
929 3979 994 4020 ac
1022 3965 1313 4035 paeniteret
1351 3980 1474 4019 eum
1519 3965 1645 4019 talia
1695 3966 1842 4021 moli.

256 4064 393 4109 tum.
434 4054 569 4109 Nam
602 4056 775 4111 tribus
797 4056 1037 4111 millibus
1078 4055 1378 4111 interfectis
1425 4056 1493 4111 de
1524 4056 1668 4112 illius
1693 4072 1843 4113 exer-

254 4147 391 4212 ritu,
418 4148 683 4217 equisque
709 4163 776 4203 ac
825 4147 977 4201 varia
1029 4148 1132 4202 sibi
1190 4147 1557 4217 suppellectile
1605 4147 1839 4218 plurima

264 4236 498 4305 direpta,
532 4238 752 4306 regione
803 4253 900 4293 sua
929 4253 1057 4292 enm
1095 4238 1361 4293 excedere
1387 4237 1664 4309 compulit.
1710 4238 1841 4305 Quae

257 4336 456 4382 cuncta
503 4328 799 4398 imperator
848 4329 1020 4398 Aquis
1071 4329 1377 4384 consistens
1422 4330 1578 4385 laetus
1612 4331 1835 4386 audivit.

257 4417 467 4473 interea
496 4418 770 4475 Vascones
796 4420 978 4474 nativa
1024 4420 1305 4475 seditionis
1330 4430 1483 4490 peste
1518 4421 1841 4477 discordan-

260 4516 362 4574 tes,
395 4525 426 4563 a
454 4509 684 4580 Pippino
710 4510 1054 4581 imperatoris
1103 4511 1214 4567 filio
1242 4512 1360 4583 ipso
1414 4528 1559 4567 anno
1609 4514 1686 4568 ita
1715 4523 1841 4569 sum

255 4596 504 4665 edomiti,
558 4608 620 4654 ut
664 4600 843 4655 nullus
877 4615 1067 4656 eorum
1094 4600 1358 4657 rebellare
1379 4602 1622 4657 auderet.
1677 4602 1840 4658 Pater

253 4687 402 4742 enim
430 4705 552 4744 eum
581 4691 650 4745 ad
706 4692 810 4746 hoc
836 4691 1222 4746 destinaverat.
1257 4691 1352 4747 His
1386 4694 1644 4761 peractis,
1669 4694 1837 4765 impe-

255 4789 407 4834 rator
432 4790 761 4837 conventum
811 4782 1037 4837 dimisit.
1097 4783 1384 4838 Venationi
1431 4798 1669 4854 congruo
1698 4793 1836 4840 tem-

252 4885 386 4941 pore
415 4886 637 4941 operam
667 4874 817 4929 dedit
844 4874 899 4929 in
942 4874 1260 4940 Arduenna,
1296 4884 1460 4943 atque
1491 4875 1833 4932 hiematurus

253 4964 321 5019 ad
358 4965 619 5034 palatium
649 4967 901 5038 Aquense
923 4978 1012 5025 est
1030 4984 1307 5026 reversus.

327 5053 501 5128 (820.)
552 5055 609 5112 In
663 5058 853 5114 eodem
906 5059 1109 5130 palatio
1161 5060 1340 5116 hieme
1394 5065 1833 5133 superveniente,

254 5146 552 5214 imperator
589 5150 882 5206 coadunari
916 5152 1098 5224 populi
1132 5152 1492 5224 frequentiam
1539 5154 1684 5212 fecit.
1718 5156 1837 5225 Quo

254 5245 497 5308 tempore
523 5241 699 5297 Borna
720 5243 787 5299 de
816 5243 1160 5301 infestatione
1184 5246 1450 5302 Lindeviti
1481 5259 1833 5319 conquestus,

255 5345 478 5400 magnas
538 5331 789 5401 adjutorii
849 5336 1033 5404 copias
1062 5336 1132 5390 ab
1184 5337 1517 5407 imperatore
1571 5341 1834 5410 suscepit,

254 5436 375 5490 quae
399 5429 603 5479 terram
634 5426 775 5481 illius
828 5435 1064 5483 atterere
1091 5438 1330 5498 possent.
1365 5431 1497 5499 Quae
1535 5433 1679 5487 trina
1711 5449 1838 5503 par-

256 5516 444 5574 titione
461 5519 666 5586 divisae,
689 5522 864 5590 primo
882 5537 1009 5577 vere
1037 5530 1239 5578 terram
1267 5524 1489 5580 ditionis
1518 5526 1660 5580 illius
1686 5524 1834 5582 ferro

255 5616 309 5663 et
344 5611 466 5682 igne.
516 5627 655 5683 pene
686 5628 901 5670 omnem
948 5622 1316 5678 vastaverunt,
1375 5616 1495 5686 ipso
1551 5616 1833 5673 Liudevito

256 5704 462 5760 castelli
503 5705 782 5775 cujusdam
826 5707 1110 5764 altitudine
1167 5722 1225 5761 se
1254 5716 1592 5781 protegente,
1647 5716 1830 5764 etnec

1944 3230 2179 3285 Leonem
2226 3229 2687 3285 nomenclatorem
2729 3230 2988 3300 suscepit,
3017 3230 3243 3295 audivit,
3301 3229 3529 3285 remisit.

1946 3321 2122 3392 Atque
2149 3322 2274 3377 inde
2330 3320 2640 3392 digrediens
2676 3320 3016 3392 Aquasgrani
3047 3322 3287 3392 repetiit,
3323 3330 3381 3377 et
3405 3322 3533 3377 inde

1944 3425 2043 3481 per
2068 3409 2417 3466 Arduennam
2447 3425 2620 3480 usque
2648 3411 2719 3485 ad
2769 3409 3044 3466 Rumerici
3073 3413 3274 3469 montis
3294 3411 3530 3467 altitudi-

1946 3486 2091 3567 nem,
2126 3502 2430 3574 Vosagique
2460 3501 2779 3557 latissimam
2822 3498 3154 3569 vastitatem,
3188 3512 3361 3559 totum
3386 3504 3530 3573 quod

1945 3591 2214 3661 superfuit
2269 3590 2553 3646 dimidium
2610 3592 2782 3646 aestivi
2832 3600 2888 3646 et
2948 3592 3195 3647 autumni
3269 3593 3530 3662 temporis

1948 3681 2228 3750 transegit.
2257 3679 2407 3736 Inter
2443 3680 2559 3735 hmc
2586 3681 2765 3735 Berna
2813 3681 2923 3735 vita
2970 3681 3204 3751 privato,
3257 3695 3537 3737 successo-

1947 3785 2062 3824 rem
2091 3770 2142 3825 ei
2162 3769 2447 3827 constituit
2496 3770 2793 3838 imperator
2842 3779 3094 3839 nepotem
3124 3785 3281 3825 suum
3311 3769 3530 3827 nomine

1946 3861 2309 3918 Ladasdeum.
2343 3860 2461 3927 Quo
2489 3868 2731 3930 tempore
2759 3859 3009 3915 nuntium
3055 3860 3294 3930 suscepit
3336 3860 3544 3923 mortis.

1946 3953 2144 4009 Leonis
2191 3951 2536 4022 imperatoris
2593 3951 3192 4022 Constantinopolitani,
3242 3953 3335 4023 qui
3373 3968 3408 4008 a
3436 3942 3533 4009 de:

1946 4044 2189 4101 mesticis
2208 4043 2322 4100 suis
2348 4051 2404 4099 et
2427 4043 2699 4114 praecipue
2718 4058 2751 4098 a
2776 4041 3033 4099 Michaele
3059 4043 3376 4100 interfectus
3400 4051 3485 4100 est
3509 4060 3539 4097 ε,

1945 4139 2039 4209 qui
2068 4131 2233 4194 etiam
2255 4138 2310 4194 in
2350 4138 2471 4195 loco
2504 4139 2622 4210 ejus
2656 4138 2983 4196 substitutus
3011 4148 3120 4207 est,
3147 4141 3533 4211 conspirata-iv

1947 4231 2049 4287 bus
2079 4230 2193 4286 suis
2239 4238 2297 4287 et
2325 4231 2562 4286 maxime
2599 4231 2944 4300 praetorianis
2991 4230 3256 4289 militibus
3301 4231 3536 4289 eianni-

1947 4324 2205 4381 tentibus.
2240 4323 2441 4380 Eodem
2462 4338 2606 4380 anno
2627 4323 2816 4381 medio
2857 4324 3079 4383 Octobri
3104 4333 3406 4382 conventus
3430 4339 3533 4395 pu—

1946 4416 2119 4473 blicus
2146 4416 2203 4472 in
2228 4415 2535 4474 Theodonis
2581 4418 2707 4474 villa
2760 4418 3089 4476 celebratur.
3144 4420 3247 4478 Ubi
3293 4420 3531 4489 denique

1871 4476 1921 4536 D
1946 4507 2200 4565 dominus
2235 4509 2533 4580 imperator
2586 4512 2949 4582 primogenito
2989 4512 3102 4568 filio
3274 4476 3533 4570 Lothai'io

1946 4599 2372 4674 Ermengardam
2420 4601 2586 4656 ﬁliam
2609 4601 2851 4672 Hugonis
2902 4601 3121 4658 comitis
3148 4616 3375 4658 uxorem
3403 4618 3527 4658 (ann

1944 4692 2169 4747 solemni
2194 4691 2376 4761 junxit
2402 4700 2685 4763 apparatu.
2757 4691 2860 4749 Ubi
2881 4692 3047 4747 etiam
3097 4690 3322 4749 adfuere
3367 4692 3531 4765 legati

1943 4800 2097 4855 papae
2150 4783 2401 4849 Romani,
2433 4784 2756 4840 Theodorus
2807 4782 3171 4854 primicerius,
3218 4797 3285 4840 ac
3313 4782 3527 4847 Florus,

1941 4892 2064 4932 cum
2132 4879 2342 4949 magnis
2416 4878 2695 4948 variisque
2770 4879 3103 4936 muneribus.
3180 4879 3532 4950 Imperatoris

1942 4982 2108 5037 porro
2134 4968 2437 5033 clennentia,
2464 4985 2593 5025 cum
2626 4970 2679 5024 in
2703 4969 2826 5025 aliis
2854 4970 3016 5026 rebus
3044 4985 3261 5042 semper
3285 4970 3527 5026 admira-

1942 5064 2065 5120 bilis
2089 5062 2311 5128 claruit,
2342 5063 2398 5118 in
2425 5064 2528 5119 hoc
2558 5071 2829 5119 conventu
2856 5065 3276 5135 quummaxime,
3318 5070 3524 5134 quanta

1941 5156 1998 5210 in
2017 5152 2133 5223 ejus
2151 5163 2296 5209 esset
2330 5160 2571 5229 pectore,
2594 5152 3039 5211 manifestissime
3064 5155 3255 5225 patuit.
3282 5154 3419 5210 Nam
3445 5168 3530 5210 ro-

1940 5248 2148 5303 vocatis
2173 5246 2424 5302 omnibus
2444 5248 2538 5317 qui
2566 5256 2757 5303 contra
2810 5248 2980 5303 vitam
3002 5263 3161 5302 suam
3190 5260 3527 5320 regnumque

1945 5339 2385 5409 conjuraverant,
2426 5355 2532 5395 non
2566 5341 2725 5396 modo
2766 5339 2933 5395 vitam
2963 5341 3320 5411 membraque
3364 5341 3532 5398 dena-

1944 5432 2045 5495 vit,
2103 5430 2198 5485 sed
2226 5437 2287 5485 ct-
2329 5430 2722 5499 posscssiones,
2771 5428 2972 5499 quibus
3026 5429 3275 5501 legaliter
3314 5431 3529 5488 fuerant

1943 5522 2157 5593 privati,
2186 5536 2307 5576 cum
2338 5536 2535 5592 magno
2557 5521 2899 5578 liberalitatis
2925 5524 3240 5581 testimonio
3266 5526 3527 5582 restituit.

1942 5613 2306 5668 Adaihardum
2343 5613 2508 5668 etiam
2536 5613 2786 5670 abbatem
2838 5625 3111 5691 quondam
3142 5617 3388 5674 Corbeiae
3416 5633 3559 5673 mor

1941 5705 2183 5772 nasterii,
2239 5705 2335 5762 sed
2392 5714 2517 5761 tunc
2573 5705 2627 5761 in
2667 5707 2841 5764 sancti
2891 5706 3137 5766 Filibcrti
3186 5710 3527 5766 monasterio
