3940 6180
244 315 348 373 953

1771 319 1949 379 V’lTA.

3407 338 3511 397 954

241 435 311 488 lia
341 430 508 486 fuisse
536 444 838 501 perpessos.
894 431 951 487 In
980 446 1083 503 qua
1120 448 1180 487 re
1216 430 1358 489 fama
1383 436 1652 505 pontificis
1686 452 1817 506 quo-
1844 439 1897 496 Α
1920 446 1976 491 et
2004 438 2333 495 haberentur
2363 460 2374 495 :
2408 458 2575 511 quare
2627 444 2791 499 etiam
2839 453 3002 504 tantae
3052 452 3285 521 querelae
3315 458 3511 514 adver—

239 541 346 595 que
366 524 674 589 laedebatur,
703 524 832 579 dum
862 525 979 594 ejus
1006 527 1293 581 consensui
1320 535 1492 582 totum
1521 529 1824 583 ascribere-

239 626 345 671 tur.
392 614 691 683 Imperator
724 622 907 669 autem
935 616 1062 670 dum
1090 616 1158 671 ad
1185 618 1327 672 banc
1354 632 1467 672 rem
1498 618 1823 673 enucleatis-

234 710 371 765 sime
394 708 842 778 investigandam,
866 708 1207 780 Adalungum
1233 710 1485 766 abbatem
1507 711 1819 767 monasterii

232 797 405 853 sancti
434 795 678 863 Vedasti,
709 806 764 852 et
792 797 1113 853 Hunfridum
1141 800 1393 855 comitem
1415 801 1631 856 mittere
1660 818 1822 856 cura-

233 896 334 953 ret,
383 886 664 942 Paschalis
704 902 858 956 papte
895 888 1045 943 missi
1085 898 1539 958 supervenerunt,
1584 888 1821 946 Joannes

229 980 519 1049 episcopus
550 977 712 1033 Silvae
744 979 1013 1045 Candidas,
1044 987 1097 1035 et
1131 980 1453 1036 Benedictus
1484 981 1820 1037 archidiaco—

226 1088 333 1128 nus
354 1080 558 1127 sanctae
587 1071 846 1127 Ecclesiae
880 1072 1159 1137 Romanae,
1193 1073 1521 1128 accusationi
1544 1088 1819 1144 Opponen-

226 1172 313 1217 tes
344 1162 775 1228 excusationem,
810 1170 866 1216 et
891 1178 1053 1231 super
1077 1163 1177 1218 ista
1203 1163 1516 1233 imperatori
1540 1165 1819 1220 examina-

227 1252 431 1307 tionem
463 1249 777 1306 offerentes.
818 1250 1023 1317 Quibus
1051 1252 1269 1317 auditis,
1313 1260 1368 1307 et
1412 1269 1535 1308 cum
1578 1269 1819 1325 congruo

225 1355 491 1411 responso
515 1339 781 1405 remissis,
816 1341 1015 1396 missos
1044 1343 1362 1409 destinatos,
1390 1351 1452 1397 ut
1467 1342 1679 1412 jussum
1710 1344 1820 1400 foe-

224 1440 333 1498 rat,
354 1432 579 1486 Romam
602 1432 682 1487 ire
702 1434 976 1503 prcecepit,
1006 1434 1425 1505 investigaturOs
1447 1436 1514 1491 de
1533 1436 1710 1492 dubiis
1728 1453 1819 1492 ve-

222 1524 465 1578 ritatem.
509 1522 628 1593 Ipse
658 1531 861 1587 autem,
891 1532 1052 1594 prout
1072 1524 1247 1579 visum
1282 1533 1385 1589 est,
1414 1526 1639 1597 singulis
1661 1528 1717 1581 in
1745 1527 1819 1582 lo-

222 1614 309 1668 cis
352 1620 616 1678 moratus,
666 1615 965 1669 constituto
1012 1624 1275 1687 tempore,
1332 1618 1385 1673 id
1432 1627 1517 1674 est
1562 1619 1816 1675 Kalendis

221 1703 517 1759 Novembr.
550 1703 617 1757 ad
651 1703 1043 1774 Compendium
1075 1708 1238 1762 venit.
1276 1708 1333 1762 ln
1369 1723 1477 1778 quo
1503 1709 1701 1778 placito
1738 1710 1815 1765 le—

1923 543 2017 583 sus
2040 528 2406 587 Romanorum
2436 534 2718 602 pontifices
2754 536 3073 610 iudicesque
3099 556 3378 615 sonarent,
3419 564 3508 606 re-

1922 628 2135 687 pertum
2159 628 2244 675 est
2278 623 2422 690 quod
2449 626 2807 692 quorumdam
2849 630 3168 697 pontificum
3218 637 3303 691 vel
3353 640 3507 711 igno-

1923 711 2096 765 rantia
2119 712 2205 767 vel
2230 714 2457 779 desidia,
2482 717 2577 772 sed
2598 724 2652 772 et
2674 716 2923 786 judicum
2950 739 3091 779 caeca
3114 732 3168 780 et
3193 727 3503 798 inexplebili

1921 800 2234 868 cupiditate,
2290 804 2583 859 multorum
2621 808 2819 875 praedia
2874 809 3076 879 injuste
3103 813 3302 871 fuerint
3332 820 3503 874 conﬂ-

1921 896 2087 943 scata.
2119 890 2354 961 Ideoque
2387 894 2661 977 reddendo
2689 912 2809 966 quae
2838 899 3036 969 injuste
3065 912 3222 958 erant
3270 907 3504 977 sublata,

1920 979 2210 1036 Lotharius
2238 971 2716 1054 magnam'populo
2740 988 2984 1045 Romano
3005 994 3214 1047 ereavit
3236 971 3503 1052 lmtitiam.

1871 1116 1880 1124 .
1922 1069 2197 1125 Statutum
2234 1080 2319 1127 est
2346 1073 2510 1127 etiam
2534 1073 2691 1142 juxta
2728 1079 3013 1149 antiquum
3065 1098 3297 1151 morem,
3337 1095 3395 1140 ut
3435 1102 3505 1142 ex

1920 1160 2091 1216 latere
2158 1162 2502 1233 imperatoris
2578 1168 2964 1239 mitterentur,
3020 1176 3114 1245 qui
3158 1174 3504 1245 judiciariam

1919 1262 2237 1309 exercentes
2264 1261 2608 1324 potestatem,
2628 1257 2896 1326 justitiam
2940 1266 3087 1319 omni
3120 1269 3315 1337 popqu
3360 1270 3506 1326 face-

1919 1352 2059 1409 rent,
2096 1352 2152 1398 et
2181 1355 2424 1419 tempore
2450 1363 2559 1418 quo
2593 1350 2769 1404 visum
2820 1352 2961 1408 foret
3006 1356 3319 1427 imperatori
3347 1375 3503 1430 aequa

1919 1432 2075 1487 lance
2107 1435 2425 1503 penderent.
2457 1436 2587 1503 Quae
2607 1454 2729 1493 cum
2768 1442 2983 1498 rediens
3013 1443 3155 1501 illius
3175 1449 3315 1517 patri
3355 1457 3503 1505 retu-

1919 1524 2092 1589 lisset,
2126 1532 2382 1593 tanquam
2405 1535 2615 1582 amator
2636 1531 2930 1599 aequitatis,
2959 1542 3013 1588 et
3040 1536 3218 1591 cultor
3235 1539 3501 1607 veritatis,

1918 1628 2115 1684 magno
2136 1615 2331 1684 gaudio
2356 1615 2606 1685 perfusus
2625 1628 2730 1686 est,
2762 1635 2827 1677 eo
2853 1625 2995 1693 quod
3020 1629 3294 1696 oppressis
3319 1630 3503 1701 inique

1920 1708 2176 1762 relevatio
2197 1708 2415 1778 pietatis
2441 1714 2761 1768 occurrerit.

221 1794 339 1865 gati
377 1794 602 1849 Romam
639 1795 790 1850 missi
830 1796 1128 1861 redierunt,
1175 1799 1489 1855 nuntiantes
1532 1799 1677 1870 quod
1720 1799 1818 1854 Pa-
1845 1782 1892 1839 B
1990 1797 2256 1868 Tempore
2308 1802 2660 1870 subsequenti
2719 1804 2972 1860 dominus
3029 1808 3324 1876 imperator
3372 1824 3502 1866 con-

220 1885 425 1941 schalis
451 1900 589 1955 papa
617 1886 685 1941 ab
714 1885 1121 1943 interfectorum
1148 1903 1284 1945 nece
1319 1905 1380 1946 se
1413 1905 1536 1946 cum
1564 1891 1815 1961 plurimis

219 1975 602 2046 episcoporum
654 1985 997 2032 sacramento
1040 1980 1392 2050 purgaverit,
1437 1980 1817 2037 interfectores

220 2072 404 2119 autem
435 2077 776 2134 nequaquam
804 2066 1062 2122 exhibere
1095 2070 1334 2136 potuerit
1362 2087 1375 2124 :
1400 2071 1495 2125 sed
1525 2079 1581 2127 et
1603 2085 1697 2127 eos
1723 2073 1813 2141 qui

218 2154 496 2211 interfecti
530 2165 678 2222 sunt,
717 2158 925 2214 meritis
972 2159 1313 2230 exigentibus
1361 2162 1487 2253 talia
1529 2179 1814 2234 perpessos

213 2249 637 2304 asseveraverit.
668 2248 949 2318 Simulque
975 2265 1159 2305 secum
1186 2248 1589 2321 praesen—tabam
1620 2258 1814 2313 missos

214 2343 290 2397 ab
316 2342 624 2413 apostolico
653 2342 912 2407 directos,
943 2341 1142 2397 similia
1179 2343 1536 2412 perferentes.
1582 2346 1813 2401 Nomina

213 2431 525 2504 legatorum
557 2439 705 2496 sunt,
743 2430 981 2486 Joannes
1017 2431 1303 2501 episcopus
1345 2431 1506 2488 Silva:
1534 2432 1809 2502 Candidas,

1917 1897 2137 1942 ventum
2166 1905 2195 1943 a
2230 1893 2427 1961 populo
2468 1908 2565 1948 suo
2588 1894 2849 1949 celebrari
2887 1895 3053 1964 jussit
3082 1907 3321 1969 tempore
3377 1903 3501 1958 Maii

1916 1981 2121 2036 mensis
2172 1981 2500 2053 Aquisgrani
2555 1984 2726 2053 (825).
2773 1978 2891 2052 Quo
2927 1990 3244 2045 consistenti
3300 1992 3500 2064 legatio

1915 2070 2229 2142 Bulgarum,
2252 2074 2342 2142 qui
2369 2074 2460 2128 diu
2482 2076 2536 2129 in
2560 2075 2830 2145 Bajoaria,
2856 2080 3150 2134 secundum
3175 2091 3501 2153 praeceptum

1916 2160 2051 2230 ejus,
2102 2163 2480 2230 substiterant,
2518 2166 2569 2220 ei
2622 2168 2855 2223 adducta
2909 2180 2992 2225 est
3026 2171 3315 2227 audienda.
3368 2174 3499 2242 Quae

1916 2255 2151 2309 maxime
2182 2265 2306 2322 post
2330 2257 2481 2324 pacis
2525 2258 2967 2315 constitutionem
3010 2262 3079 2317 de
3104 2266 3355 2331 terminis
3397 2266 3500 2321 fuit

1916 2349 2188 2397 terrarum
2226 2344 2368 2398 inter
2410 2344 2667 2415 Bulgaros
2700 2348 3066 2419 ‘Fraucosque
3111 2355 3498 2411 custodiendis.

1913 2429 2221 2486 Adfuerunt
2246 2433 2408 2487 etiam
2434 2432 2717 2489 Britonum
2737 2438 3009 2506 primores
3036 2455 3144 2494 non
3174 2444 3355 2511 pauci,
3377 2444 3503 2499 sub—

213 2520 448 2591 Sergius
490 2520 967 2601 bibliothecarius,
1019 2520 1277 2587 Quirinus
1312 2523 1708 2591 subdiaconus,
1759 2534 1816 2580 et
1907 2521 2200 2591 jectionem
2228 2524 2702 2594 obcdientiamque
2730 2528 2915 2582 multis
2956 2530 3137 2585 verbis
3164 2546 3501 2602 prosequen-

210 2608 335 2664 Leo
378 2609 641 2679 magister
679 2596 953 2685 militum.~
980 2609 1281 2680 imperator
1319 2626 1449 2681 ergo
1487 2620 1679 2667 natura
1712 2614 1813 2669 mi-

210 2699 710 2765 sericordissimus,
756 2700 1060 2755 occisorum
1106 2702 1401 2758 vindictam
1448 2704 1591 2761 ultro
1626 2721 1811 2776 perse-

206 2793 313 2863 qui
343 2808 451 2848 non
480 2794 685 2858 valens,
715 2810 1026 2864 quanquam
1049 2795 1279 2850 multum
1311 2797 1519 2863 volens,
1546 2799 1615 2853 ab
1638 2799 1810 2868 inqui—

207 2888 416 2942 sitione
441 2886 810 2956 hujuscemodi
842 2889 1160 2944 cessandqu
1200 2889 1531 2945 existimavit
1556 2908 1569 2945 :
1593 2900 1651 2947 et
1682 2908 1806 2948 eum

208 2981 500 3050 responsis
524 2981 777 3052 congruis
807 2982 1002 3036 missos
1021 2982 1298 3037 Romanos
1324 2982 1569 3038 absolvit.
1604 2984 1805 3039 Eodem

207 3082 463 3141 tempore
490 3073 738 3142 quaedam
783 3074 1092 3145 prodigiosa
1137 3074 1291 3145 signa
1336 3076 1648 3144 apparentia
1689 3076 1806 3130 ani-

1914 2620 2041 2666 tes:
2076 2611 2218 2666 inter
2244 2627 2379 2681 quos
2414 2621 2470 2667 et
2503 2613 2921 2673 Winemarchus
2968 2618 3171 2690 [Supra
3220 2621 3500 2678 Wiomar—

1913 2700 2093 2772 chus],
2140 2702 2232 2771 qui
2264 2704 2478 2759 caeteris
2511 2706 2838 2761 auctoritate
2877 2718 3140 2777 praestare
3187 2713 3494 2779 videbatur,

1911 2790 2116 2861 quique
2141 2791 2334 2846 insana
2364 2793 2673 2851 temeritate
2698 2802 2862 2864 atque
2884 2796 3221 2856 stultissimis
3245 2802 3396 2857 ausis
3439 2804 3494 2859 in

1913 2887 2123 2934 tantum
2152 2890 2514 2951 processerat,
2550 2892 2610 2937 ut
2645 2884 2809 2939 etiam
2845 2886 3226 2956 imperatorem
3280 2898 3502 2962 propter

1911 2989 2064 3028 suam
2095 2973 2434 3029 insolentiam
2455 2976 2939 3045 comprimendam,
2981 2978 3050 3033 ad
3100 2980 3499 3051 expeditionem

1912 3065 1968 3119 in
2000 3064 2121 3120 illas
2142 3072 2327 3134 partes
2352 3063 2654 3121 faciendam
2685 3070 3079 3137 provocaverit.
3108 3071 3161 3126 Is
3192 3087 3325 3143 ergo
3372 3090 3499 3130 cum

206 3122 367 3219 mum
411 3122 757 3234 imperatoris
784 3122 1486 3236 Isollicitabant,apraecilplue
1524 3174 1805 3223 terraemo-
1837 3122 1882 3183 C
1913 3157 2123 3212 (Ῑῖεθτθι
2148 3157 2413 3226 [Nimimre
2433 3172 2493 3212 se
2521 3156 2652 3212 fac“
2674 3159 2779 3223 ευίν
2803 3169 2858 3215 el
2881 3161 3246 3230 imperatoria?
3271 3162 3394 3218 ﬁdei
3438 3178 3500 3219 8⁸

203 3264 304 3310 tus
359 3255 544 3327 palatii
582 3256 882 3326 Aquensis,
935 3265 991 3313 et
1030 3258 1241 3314 sonitus
1281 3259 1507 3314 inauditi
1541 3268 1806 3315 nocturno

205 3357 483 3416 tempore,
511 3356 566 3403 et
593 3348 785 3419 puellae
811 3347 1087 3417 cujusdam
1112 3349 1319 3420 jejunia
1347 3350 1630 3406 duodecim
1655 3365 1807 3406 men-

199 3440 369 3493 sibus
390 3439 536 3493 omni
564 3439 683 3495 cibo
708 3441 926 3509 penitus
953 3441 1301 3509 abstinentis,
1330 3443 1521 3497 crebra
1551 3449 1607 3498 et
1637 3443 1806 3499 inusi—

199 3535 327 3581 tata
360 3525 591 3597 fulgura,
625 3528 859 3598 lapidum
890 3544 1012 3584 cum
1055 3532 1318 3602 grandine
1345 3548 1522 3598 casus,
1547 3533 1805 3603 pestilen-

195 3618 283 3670 tia
342 3618 620 3673 hominum
669 3628 724 3673 et
770 3621 1105 3677 animalium.
1156 3623 1385 3693 Propter
1427 3640 1548 3693 qua:
1594 3628 1806 3698 singula

195 3708 493 3776 piissimus
518 3710 810 3779 imperator
835 3713 1033 3766 crebro
1058 3712 1176 3767 ﬁeri
1202 3714 1435 3783 jejunia,
1469 3716 1805 3770 orationum-

191 3815 319 3870 que
359 3799 639 3865 instantia,
688 3808 851 3869 atque
894 3800 1363 3872 eleemosynarum
1407 3802 1800 3873 largitionibus,

192 3892 570 3947 Divinitatem
610 3904 707 3958 per
750 3889 1091 3944 sacerdotum
1128 3891 1362 3945 cilicium
1401 3892 1654 3947 monebat
1694 3892 1806 3961 pla-

192 3980 447 4038 candam
481 3996 494 4033 :
528 3977 832 4033 certissime
869 3978 1075 4044 dicens,
1115 3994 1212 4049 per
1248 3980 1363 4035 haec
1401 3982 1647 4049 portendi
1688 3997 1803 4036 ma-

190 4086 377 4144 gnam
414 4070 654 4124 humano
690 4069 872 4140 generi
923 4068 1160 4124 futuram
1199 4070 1426 4126 cladem.
1477 4070 1595 4137 Quo
1636 4073 1800 4127 etiam

190 4175 383 4226 anno,
413 4175 601 4215 mense
625 4157 806 4223 Junio,
838 4168 1000 4214 natus
1026 4160 1075 4214 ei
1114 4167 1197 4215 est
1228 4160 1371 4220 ﬁlius
1397 4175 1464 4216 ex
1498 4160 1683 4216 Iudith
1722 4179 1802 4217 re-

188 4254 341 4324 gina
370 4267 383 4303 :
417 4265 576 4320 quem
603 4259 842 4320 tempore
868 4250 1121 4320 baptismi
1148 4248 1398 4306 Carolum
1425 4252 1664 4308 vocitare
1689 4254 1802 4322 pla-

191 4344 350 4397 cuit.
399 4340 599 4396 Eodem
638 4357 783 4396 anno
816 4342 981 4396 Eblus
1019 4350 1182 4412 atque
1219 4343 1515 4399 Asenarius
1550 4346 1795 4410 comites,

1909 3246 2294 3313 commisisset,
2317 3249 2386 3302 ab
2408 3262 2473 3302 eo
2494 3246 2652 3316 juxta
2677 3264 2885 3304 morem
2912 3265 3091 3316 suum,
3123 3268 3228 3321 qua
3258 3253 3498 3311 clemen-

1908 3339 1983 3393 tia
2009 3354 2225 3409 semper
2253 3339 2331 3393 uti
2370 3339 2669 3403 consuevit,
2714 3340 3144 3397 misericorditer
3191 3352 3495 3415 susceptus,

1907 3442 2110 3489 etcum
2151 3434 2364 3490 caeteris
2409 3434 2620 3490 civibus
2670 3437 2986 3493 muneribus
3033 3439 3286 3504 donatus,
3332 3448 3501 3511 atque

1906 3527 1974 3582 ad
1999 3528 2241 3581 nativum
2271 3527 2443 3582 solum
2472 3536 2556 3584 est
2583 3528 2883 3597 permissus
2919 3528 3118 3585 redire.
3168 3529 3271 3597 Qui
3307 3540 3489 3586 tamen

1906 3627 2094 3685 postea
2125 3625 2397 3672 consueta:
2430 3616 2673 3686 perﬁdiae
2692 3632 2802 3672 non
2831 3618 3141 3681 immemor,
3180 3618 3310 3671 dum
3358 3633 3494 3673 cun.-

1906 3715 2117 3761 ctorum
2172 3721 2293 3774 qua;
2349 3707 2676 3774 promiserat
2722 3714 2779 3760 et
2825 3721 2946 3775 quae
2985 3715 3245 3775 expertus
3295 3705 3494 3771 fuerat.

1905 3795 2173 3848 bonorum
2202 3793 2432 3857 ,oblitus,
2486 3792 2695 3848 vicinos
2722 3808 2851 3848 suos
2902 3793 3106 3849 domini
3145 3795 3495 3865 imperatoris

1907 3882 2094 3937 fideles
2123 3882 2407 3937 incursare
2435 3890 2599 3951 atque
2621 3882 2855 3938 assiduis
2885 3883 3042 3939 malis
3078 3884 3348 3942 lacessere
3382 3904 3490 3945 non

1905 3973 2240 4040 obmitteret,
2273 3974 2341 4030 ad
2368 3974 2420 4030 id
2454 3975 2720 4043 pervenit,
2749 3982 2809 4030 ut
2833 3990 3128 4047 oppressus
3153 3994 3184 4032 a
3210 3977 3499 4036 Lantberti

1906 4063 2231 4127 hominibus,
2266 4063 2319 4118 in
2349 4064 2568 4135 propria
2597 4065 2757 4120 domo
2790 4081 2913 4121 cum
2956 4068 3198 4123 omnium
3226 4070 3491 4128 malorum

1904 4154 2011 4210 ﬁue
2053 4155 2346 4210 terminum
2390 4156 2516 4210 vitae
2543 4156 2849 4213 sortiretur.
2896 4156 3145 4214 Dimissis
3197 4175 3326 4231 ergo
3380 4169 3493 4218 tam

1903 4248 2257 4318 Bulgarorum
2289 4247 2471 4303 missis
2496 4263 2659 4317 quam
2685 4247 2979 4315 Britannis,
3017 4250 3314 4321 imperator
3334 4269 3493 4309 exer-

1901 4339 2032 4394 citio
2088 4338 2315 4394 venandi
2354 4353 2413 4393 se
2440 4338 2709 4394 commisit
2758 4337 2955 4411 Vosagi
2980 4342 3209 4400 secretis
3245 4362 3259 4398 :
3290 4344 3487 4401 iterum

190 4445 370 4489 trans
396 4431 638 4503 Pyrenaei
664 4434 864 4489 montis
886 4434 1221 4490 altitudinem
1239 4434 1374 4503 jussi
1405 4446 1531 4491 sunt
1561 4438 1658 4492 ire.
1694 4438 1795 4506 Qui
1824 4461 1875 4519 D
1904 4430 1956 4484 id
2017 4430 2283 4501 agendum
2333 4430 2579 4494 Cl‘edensi
2633 4445 2805 4500 usque
2855 4447 2966 4501 quo
3014 4449 3203 4491 mense
3244 4435 3492 4508 Augusto

192 4540 340 4579 cum
361 4524 572 4594 magnis
593 4524 765 4594 copiis
800 4539 972 4595 usque
1007 4527 1076 4579 ad
1112 4525 1479 4595 Pampilonam
1519 4528 1708 4593 issent,
1746 4538 1801 4583 et
1892 4519 2049 4590 juxta
2089 4521 2395 4577 condictum
2442 4522 2752 4593 generalem
2784 4524 2996 4592 populis
3014 4524 3356 4597 Aquasgrani
3406 4544 3491 4584 re-

192 4618 345 4672 inde
397 4616 612 4687 negotio
662 4625 882 4686 peracto
920 4617 1189 4681 redirent,
1235 4619 1450 4674 solitam
1496 4621 1599 4676 loci
1635 4621 1799 4692 perfi-

191 4709 361 4762 diam
412 4706 884 4776 habitatorumque
935 4708 1220 4779 genuinam
1283 4709 1529 4767 fraudem
1590 4713 1799 4784 experti

190 4805 362 4853 sunt.
417 4794 782 4853 Circumventi
812 4799 958 4853 enim
982 4798 1051 4853 ab
1080 4800 1272 4855 incolis
1304 4801 1446 4856 illius
1473 4802 1598 4868 loci,
1626 4806 1801 4859 omni-

193 4890 312 4944 bus
350 4889 572 4944 amissis
601 4889 791 4959 copiis,
830 4891 883 4944 in
915 4891 1259 4946 inimicorum
1287 4907 1479 4948 manus
1508 4894 1795 4952 devenere.

192 4981 315 5049 Qui
350 4979 543 5035 Ehlum
565 4982 781 5051 quidem
804 4981 1109 5043 Cordubam
1135 4983 1245 5051 regi
1279 4982 1674 5038 Saracenorum
1708 4987 1803 5041 mi-

192 5080 443 5136 serunt;
497 5071 759 5127 Asenario
802 5088 931 5128 vero
971 5080 1227 5142 tanquam
1272 5073 1365 5143 qui
1407 5088 1500 5128 eos
1543 5073 1802 5131 allinitate

190 5161 495 5233 sanguinis
517 5169 782 5232 tangeret,
809 5177 1119 5233 pepercere.

275 5251 495 5306 Interea
524 5266 647 5307 cum
681 5251 991 5317 Lotharius,
1021 5260 1081 5307 ut
1100 5253 1416 5323 praedictum
1451 5262 1559 5321 est,
1587 5270 1617 5309 a
1644 5265 1801 5327 patre

191 5343 419 5398 missus
468 5340 697 5397 Romam
748 5343 1007 5407 venisset,
1057 5342 1412 5399 libentissime
1444 5346 1513 5400 ab
1558 5346 1801 5416 Eugenio

191 5450 358 5508 papa
394 5444 676 5505 susceptus
725 5443 811 5491 est
850 5434 1020 5507 (824).
1052 5433 1297 5504 Cumque
1317 5437 1385 5492 de
1430 5437 1517 5493 his
1544 5454 1665 5513 quq:
1710 5453 1802 5493 ac-

188 5514 502 5587 cesserant
524 5538 867 5600 quereretur,
891 5544 1061 5600 quare
1086 5529 1298 5584 scilicet
1345 5530 1399 5584 bi
1430 5531 1520 5600 qui
1569 5532 1801 5601 impera-

191 5619 319 5675 tori
365 5628 418 5674 et
444 5619 672 5676 Francis
699 5620 884 5677 fideles
912 5621 1126 5674 fuerant
1153 5619 1339 5688 iniqua
1368 5636 1501 5675 nece
1537 5622 1799 5691 perempti

183 5710 439 5777 fuerint,
464 5722 519 5769 et
537 5715 628 5784 qui
656 5714 1057 5784 supervivercut
1083 5712 1315 5768 ludibrio
1350 5712 1570 5782 reliquis
1624 5711 1801 5769 forent

1900 4629 2091 4669 versus
2124 4622 2227 4669 est.
2278 4613 2397 4680 Quo
2442 4621 2681 4682 tempore
2714 4628 2900 4683 pacem
2937 4628 3057 4684 quae
3083 4631 3113 4670 a
3139 4617 3492 4678 Nortmannis

1900 4706 2208 4775 petebatur,
2229 4720 2415 4761 mense
2437 4702 2655 4760 Octobri
2668 4702 2834 4773 jussit
2856 4705 3197 4773 confirmari;
3225 4708 3491 4781 factisque

1901 4795 2152 4850 omnibus
2202 4810 2322 4864 qua:
2351 4795 2404 4849 in
2456 4796 2648 4850 eodem
2677 4794 2880 4865 placito
2931 4803 2987 4851 et
3037 4798 3223 4868 peragi
3253 4808 3310 4853 et
3357 4800 3490 4856 deti-

1902 4888 2005 4942 niri
2030 4888 2143 4943 visa
2172 4895 2320 4953 sunt,
2348 4889 2459 4955 ipse
2488 4887 2705 4957 quidem
2730 4903 2852 4943 cum
2875 4887 2987 4943 filio
3006 4887 3267 4944 Lothario
3286 4888 3487 4946 Novio-

1902 4993 2120 5048 magum
2173 4980 2466 5042 concessit,
2505 4978 2719 5034 minore
2769 4976 3044 5034 Ludovico
3097 4979 3152 5034 in
3182 4978 3486 5049 Bajoariam

1902 5069 2127 5123 dimisso
2160 5088 2172 5122 :
2225 5068 2479 5139 factaque
2508 5069 2754 5123 autumni
2787 5069 3050 5139 temporis
3097 5071 3385 5125 venatione
3432 5072 3486 5127 in

1901 5163 2153 5232 Aquense
2182 5161 2439 5232 palatiqu
2494 5161 2672 5217 rediit.
2727 5160 2809 5216 Ab
2855 5162 2959 5216 hoc
2987 5171 3260 5217 conventu
3304 5177 3488 5235 regre—

1880 5239 2171 5311 'dientibus
2218 5254 2572 5325 Bulgarorum
2620 5252 2821 5318 missis,
2852 5251 3171 5322 litterasque
3196 5254 3488 5325 imperatos

1903 5345 1978 5399 ris
2001 5342 2392 5408 deferentibus,
2423 5357 2518 5398 rex
2538 5356 2727 5397 eorum
2755 5341 2934 5394 minus
2961 5350 3115 5411 grate
3133 5357 3256 5412 quae
3281 5344 3483 5415 scripta

1902 5443 2029 5490 sunt
2053 5434 2197 5499 tulit,
2225 5448 2292 5489 eo
2314 5432 2459 5502 quod
2485 5432 2654 5501 petita
2690 5446 2798 5485 non
2822 5430 3146 5501 impetrarit.
3171 5433 3307 5489 Cum
3343 5450 3482 5505 qua-

1902 5528 2026 5582 dam
2061 5539 2192 5595 ergo
2216 5522 2648 5579 stomachatione
2688 5521 2938 5577 eumdem
2995 5524 3244 5579 nomium
3296 5527 3483 5581 remit-

1901 5627 2043 5685 tens,
2074 5614 2356 5670 mandavit
2406 5622 2467 5668 ut
2504 5619 2597 5667 aut
2644 5613 2948 5669 communis
2986 5614 3175 5669 finium
3218 5616 3486 5672 terminus

1901 5716 2253 5769 statueretur,
2291 5713 2383 5761 aut
2407 5719 2726 5777 quacunque
2749 5714 2962 5778 poterat
2989 5706 3187 5763 virtute
3238 5714 3482 5763 tueretur
