3922 6180
516 295 621 350 955

1622 292 1943 369 Lupovuzi
1986 293 2003 348 i
2044 293 2076 349 c

2185 293 2514 350 NOMENTO
2554 295 2636 348 ru
3600 318 3679 371 πα

503 408 705 463 limites
764 421 987 461 suorum
1032 402 1240 457 ﬁnium.
1291 403 1397 457 Sed
1446 418 1568 457 cum
1619 403 1760 457 fama
1808 418 2079 458 rumorem
2112 408 2158 464 Α
2188 406 2348 458 mitti.
2394 405 2562 474 Hujus
2597 406 2864 461 desiderio
2889 407 3130 464 dominus
3176 417 3474 482 apostolicus
3512 427 3683 482 satist...

500 501 810 571 Sparsisset,
863 513 1042 567 regem
1069 496 1191 551 talia
1223 497 1569 553 mandantem
1626 515 1792 570 regno
1818 501 2082 564 caruisse,

501 591 798 659 imperator
849 588 1035 642 tandiu
1086 588 1320 659 legatum
1353 590 1545 655 tenuit,
1588 606 1870 660 quousque
1918 592 2086 646 misso

502 680 743 735 Bertrico
797 679 994 734 comite
1024 680 1231 751 palatii,
1270 680 1405 736 falsa
1429 696 1550 736 esse
1596 698 1716 752 quae
1736 681 2086 750 jactabantur

498 772 870 841 comperisset.
912 771 1131 827 Rescita
1160 781 1344 828 autem
1390 773 1638 838 veritate,
1689 775 1914 829 missam
1947 775 2083 830 infe-

498 870 588 917 cto
616 862 834 930 negotio
866 863 1094 917 remisit.

567 953 692 1024 Ipso
740 969 883 1009 anno
930 953 1100 1027 (8'26),
1164 955 1419 1011 Kalendis
1463 956 1768 1022 Februarii,
1822 956 2083 1026 Pippinus

500 1045 642 1101 ﬁlius
668 1047 1011 1116 imperatoris
1033 1047 1100 1101 ad
1127 1054 1338 1115 patrem
1378 1047 1548 1116 Aquis
1590 1048 1917 1102 hiemantcm
1959 1062 2085 1115 per-

496 1139 666 1192 venit.
714 1136 811 1191 Cui
839 1138 907 1192 ab
947 1138 1274 1207 imperatore
1301 1153 1430 1193 cura
1471 1139 1872 1199 Commendata,
1903 1148 1962 1192 ut
1992 1154 2084 1207 pa-

497 1239 649 1286 ratus
700 1239 886 1296 esset,
930 1230 976 1285 si
1025 1231 1156 1300 quid
1218 1246 1281 1285 ex
1334 1230 1583 1300 partibus
1634 1229 1903 1298 Hispania:
1952 1229 2081 1283 novi

2186 496 2355 558 ciens,
2416 511 2513 564 per
2573 498 2859 565 prazdietos
2920 499 3112 555 missos
3165 508 3489 564 sacratissimi
3539 517 3684 575 militis

2185 584 2384 639 Christi
2413 588 2634 641 exuvias
2660 588 2827 642 misit.
2881 588 3008 655 Quze
3042 594 3426 664 religiosissime
3456 619 3482 655 a
3531 610 3683 674 medi.

2185 686 2273 729 cto
2299 678 2421 732 viro
2449 687 2731 748 suscepta),
2762 689 2924 748 atque
2949 682 3161 737 interim
3198 702 3315 742 cum
3350 690 3506 747 loculo
3540 710 3680 753 vecta-

2185 768 2344 831 torio,
2394 776 2455 824 ut
2488 769 2664 823 allata:
2710 780 2855 835 sunt,
2900 769 3053 838 juxta
3115 791 3305 846 corpus
3327 780 3457 836 beati
3496 784 3681 845 Mcdardi

2182 863 2390 930 positze.
2418 863 2625 929 Quibus
2665 864 2736 918 ibi
2773 866 3211 934 consistentibus,
3255 879 3447 928 tantam
3475 877 3593 933 Deus
3612 897 3681 949 per

2182 956 2531 1023 praisentiam
2590 956 2852 1011 adventus
2900 972 3087 1012 eorum
3148 963 3449 1020 mortalibus
3493 972 3681 1027 attribuit

2182 1044 2444 1098 virtutum
2493 1045 2722 1115 copiam,
2758 1054 2817 1098 ut
2870 1047 3156 1104 multitudo
3185 1068 3451 1109 numerum
3488 1063 3676 1116 excedat.

2182 1133 2353 1188 Porro
2387 1135 2620 1204 qualitas
2670 1138 2829 1192 ﬁdem
2861 1150 3100 1207 superet,
3150 1144 3248 1196 nisi
3275 1145 3350 1199 eis
3383 1149 3575 1204 auribus
3594 1167 3676 1208 cre-

2182 1222 2343 1277 datur
2364 1226 2561 1293 quibus
2599 1242 2918 1296 persuasum
2949 1238 3033 1284 est
3059 1232 3189 1286 nihil
3240 1250 3512 1307 repugnare
3535 1240 3676 1297 divina:

495 1321 1012 1391 oriretursqualitcr
1038 1322 1257 1376 obviare
1285 1329 1487 1390 posset,
1518 1335 1796 1390 regressus
1819 1330 1921 1375 est.
1977 1320 2082 1374 lm-
2176 1312 2430 1381 iussioni,
2462 1316 2555 1370 sed
2576 1324 2633 1370 et
2660 1318 2841 1371 omnia
2868 1320 3144 1388 possibilia
3166 1338 3283 1378 esse
3303 1327 3533 1415 credenti.

498 1421 716 1483 perator
766 1428 898 1469 vero
943 1412 1197 1467 Kalendis
1250 1411 1394 1466 Junii
1447 1413 1651 1466 mensis
1688 1412 1756 1466 ad
1788 1412 2079 1482 lngelheim

498 1504 665 1569 venit,
695 1504 1000 1573 ibidemque
1023 1503 1100 1557 illi
1126 1513 1422 1558 conventus
1444 1504 1622 1573 populi
1651 1504 1758 1569 sui,
1784 1504 2081 1558 secundum

501 1596 644 1664 quod
697 1602 1051 1665 praeceperat,
1107 1595 1363 1650 occurrit.
1395 1594 1453 1648 ln
1504 1594 1694 1649 eodem
1742 1593 1944 1663 placito
1992 1610 2080 1648 se-

500 1684 734 1739 cundum
785 1700 991 1739 morem
1026 1700 1181 1739 suum
1230 1684 1397 1738 multa
1426 1700 1546 1753 qua:
1590 1683 1848 1738 Ecclesia:
1898 1692 2081 1739 essent

2253 1404 2525 1459 Prmlerea
2567 1406 2775 1461 Aizone
2819 1406 3112 1464 infestante
3136 1427 3230 1466 eos
3265 1404 3427 1482 qui'in
3454 1420 3612 1472 nostris
3631 1420 3674 1473 li-

2181 1496 2341 1550 nibus
2381 1497 2771 1564 consistebant,
2798 1508 2854 1554 et
2880 1501 3153 1571 prmcipue
3180 1503 3485 1561 Ceritaniam
3520 1508 3672 1565 ἴδηαι-

2183 1602 2407 1656 senique
2448 1589 2725 1659 regionem
2773 1605 3166 1662 usquequaque
3193 1604 3425 1650 vastante
3456 1614 3511 1653 eo
3555 1616 3672 1669 usque

2184 1678 2499 1734 immanitas
2549 1680 2691 1735 illius
2723 1684 3007 1751 processit,
3042 1686 3402 1742 annitentibus
3443 1688 3671 1743 Maurorum

500 1777 653 1831 utilia
702 1776 1003 1841 admonuit,
1048 1777 1235 1831 statuit
1277 1793 1341 1832 ac
1370 1776 1633 1841 deﬁnivit,
1674 1776 2080 1846 legationesque
2109 1753 2156 1812 Β
2183 1776 2240 1821 ει
2292 1768 2687 1826 Saracenorum
2734 1773 2970 1839 δυιίιίίεν
3014 1782 3081 1828 ιιι
3127 1776 3289 1847 aliqui
3334 1793 3593 1835 nostrorum
3610 1798 3666 1836 ca-

498 1878 609 1922 tam
649 1883 679 1921 a
706 1876 893 1923 sancta
931 1869 1057 1923 sede
1102 1867 1366 1932 Romana,
1404 1884 1568 1938 quam
1594 1884 1623 1922 a
1649 1875 1833 1923 monte
1861 1867 2079 1932 Oliveti,

498 1975 596 2029 per
620 1958 959 2014 Dominicum
1000 1956 1251 2014 abbatem
1280 1958 1518 2028 perlatas
1547 1958 1805 2026 suscepit,
1853 1957 2077 2011 audivit.

496 2049 746 2105 absolvit.
778 2049 890 2105 Nec
921 2064 1028 2103 non
1063 2049 1200 2103 duos
1228 2049 1415 2112 duces,
1460 2048 1800 2118 Ceadragum
1851 2046 2082 2102 Abodri-

494 2148 693 2203 torum,
730 2147 787 2193 et
815 2138 1147 2209 Tunglonem
1198 2137 1549 2203 Soraborum,
1603 2154 1724 2193 cum
1756 2152 2082 2193 accusaren-

496 2236 600 2291 tur,
630 2237 686 2282 et
733 2229 982 2299 probatio
1020 2229 1155 2284 satis
1185 2228 1331 2283 clara
1377 2228 1661 2295 emineret,
1686 2229 1983 2300 castigatos
2011 2229 2080 2284 ad

494 2321 712 2390 propria
753 2321 987 2376 remisit.
1037 2319 1149 2375 Nec
1178 2334 1287 2374 non
1316 2319 1603 2375 llerioldus
1628 2335 1657 2373 a
1707 2319 2079 2375 Nortmannia:

490 2412 735 2481 partibus
772 2427 892 2466 eum
925 2424 1096 2465 uxore
1120 2409 1364 2475 veniens,
1389 2410 1771 2480 Danorumque
1796 2425 1903 2464 non
1953 2425 2080 2479 par-

494 2516 560 2555 va
612 2517 794 2567 manu,
822 2500 1141 2572 Mogontiaci
1172 2501 1313 2571 apud
1355 2508 1603 2555 sanctum
1630 2500 1922 2565 Albanum,
1954 2516 2078 2555 cum

494 2594 609 2649 suis
634 2595 906 2659 omnibus,
942 2593 1084 2648 sacri
1120 2592 1466 2663 baptismatis
1507 2593 1650 2647 unda
1695 2601 1778 2647 cst
1808 2592 2078 2662 perfusus,

492 2686 848 2758 plurimisque
872 2685 1189 2740 muneribus
1233 2685 1302 2739 ab
1331 2684 1658 2753 imperatore
1688 2684 1941 2739 donatus.
1975 2681 2082 2738 Ve-

493 2796 619 2835 rens
646 2789 828 2835 autem
875 2778 1151 2849 piissimus
1185 2777 1480 2847 imperator
1516 2791 1584 2832 ne
1610 2777 1679 2831 ob
1726 2775 1831 2830 tale
1876 2774 2077 2829 factum

490 2880 781 2944 negaretur
807 2871 856 2926 ei
884 2871 1148 2926 habitatio
1175 2870 1276 2925 soli
1310 2869 1595 2934 naturalis,
1623 2868 1772 2921 dedit
1794 2867 1844 2921 ei
1891 2882 2078 2935 quem-

491 2966 615 3021 dam
672 2966 991 3021 comitatum
1044 2964 1099 3018 in
1154 2962 1349 3029 Frisia,
1415 2960 1571 3029 cujus
1624 2958 1942 3015 vocabulum
1995 2968 2081 3014 est

492 3059 742 3114 Riustri:
785 3072 894 3127 quo
944 3072 1004 3112 se
1053 3071 1309 3125 suosque,
1362 3056 1408 3109 si
1467 3053 1765 3109 necessitas
1814 3051 2075 3122 exigeret,

491 3157 608 3203 tuto
644 3150 887 3218 recipere
916 3155 1118 3218 posset.
1150 3147 1360 3201 Interea
1397 3160 1521 3199 cum
1564 3143 1939 3198 Baldricus’et
1970 3140 2076 3196 Ge.

490 3238 716 3302 raldus,
769 3238 1059 3305 cieterique
1111 3236 1514 3290 Pannoniarum
1575 3234 1830 3288 custodes
1887 3232 2074 3286 ﬁnium

491 3328 760 3393 adessent,
787 3327 1011 3381 adduxit
1034 3325 1317 3381 Baldricus
1344 3326 1562 3380 domino
1587 3324 1897 3393 imperatori
1923 3340 2077 3393 pres-

491 3418 744 3488 byterum
782 3416 1074 3485 quemdam
1117 3416 1336 3470 nomine
1369 3414 1708 3484 Gregorium,
1759 3415 1912 3467 bona:
1951 3414 2076 3468 vita:

491 3509 789 3573 hominem,
836 3508 927 3577 qui
994 3508 1201 3563 diceret
1249 3521 1512 3576 organum
1564 3520 1716 3561 more
1761 3506 2075 3560 Graecorum

488 3615 647 3670 posse
666 3612 1014 3668 componere.
1043 3597 1215 3665 Quem
1246 3598 1544 3668 imperator
1567 3606 1848 3669 gratanter
1887 3611 2072 3652 susce-

486 3691 603 3761 pit:
630 3698 685 3744 et
710 3690 835 3759 quia
869 3690 1010 3744 Deus
1030 3689 1109 3743 illi
1133 3704 1256 3759 quae
1280 3694 1408 3744 ante
1435 3704 1494 3743 se
1529 3690 1786 3744 inusitata
1821 3698 1979 3745 erant
2019 3690 2075 3746 in

489 3798 656 3851 regno
696 3781 1028 3836 Francorum
1084 3780 1435 3846 attribuebat,
1488 3782 1785 3852 gratiarum
1837 3782 2077 3837 actiones

490 3876 740 3937 reddidit,
770 3889 835 3928 ac
880 3873 1142 3929 Tancull’o
1188 3889 1469 3930 sacrorum
1500 3875 1825 3930 scriniorum
1852 3875 2075 3944 praelato

490 3967 910 4030 commendavit,
950 3966 1291 4037 publicisque
1343 3967 1630 4038 stipendiis
1671 3982 1864 4021 curare
1913 3966 2078 4035 jussit

489 4068 545 4113 et
573 4074 636 4114 ea
664 4055 785 4129 quae
830 4059 958 4113 huic
1001 4059 1155 4127 operi
1202 4059 1512 4114 necessaria
1559 4058 1738 4113 forent
1770 4074 2077 4128 praeparare

489 4150 782 4206 mandavit.
814 4150 935 4220 Ipso
972 4152 1180 4205 interea
1231 4167 1374 4205 anno
1402 4152 1581 4207 medio
1624 4150 1844 4207 Octobri
1872 4161 2074 4207 emtum

488 4240 670 4311 populi
712 4240 1094 4295 Germanicum
1144 4240 1291 4295 coire
1318 4240 1479 4309 jussit
1524 4250 1674 4297 trans
1718 4242 1988 4309 Rhenum,
2019 4244 2073 4297 in

487 4332 613 4385 villa
640 4331 795 4399 cujus
824 4331 1144 4386 vocabulum
1194 4341 1277 4387 est
1312 4332 1457 4387 Salz.
1487 4332 1546 4387 In
1576 4349 1681 4405 qua
1731 4335 2069 4400 consistenti,

2182 1861 2334 1915 stella
2356 1870 2411 1917 et
2462 1864 2757 1934 municipia
2810 1880 2945 1935 qum.
2980 1868 3247 1925 hactenus
3275 1880 3528 1927 tenuerant
3564 1874 3675 1926 relin-

2184 1968 2352 2022 quere
2403 1966 2748 2025 cogerentur,
2778 1957 3113 2029 plurimique
3137 1961 3297 2015 etiam
3328 1978 3356 2017 a
3384 1964 3517 2018 nobis
3541 1963 3671 2017 delice-

2181 2054 2322 2110 rent,
2365 2054 2631 2100 eteorum
2668 2062 2729 2102 se
2754 2048 3003 2103 societati
3052 2049 3360 2106 conferrent
3399 2053 3539 2123 (827).
3576 2053 3673 2106 Inter

2180 2152 2317 2207 quos
2344 2136 2755 2195 Willemundus.
2784 2140 2937 2194 Berte
2983 2139 3154 2207 ﬁlius,
3189 2157 3369 2197 eorum
3407 2141 3671 2213 perduellioni

2184 2243 2307 2283 cum
2326 2228 2578 2298 plurimis
2600 2218 2991 2287 ﬁderatorum
3018 2247 3085 2287 se
3101 2232 3300 2302 junxit.
3325 2234 3403 2289 Ad
3418 2249 3532 2304 quos
3549 2241 3672 2287 motus

2179 2320 2638 2391 comprimendos,
2693 2330 3019 2392 nostrosque
3082 2324 3422 2389 roborandus,
3469 2324 3570 2379 dum
3603 2322 3671 2376 im-

2180 2416 2402 2479 perator
2420 2410 2721 2465 exercitum
2745 2409 2874 2466 illuc
2897 2412 3225 2468 mittendum
3248 2414 3461 2475 ordinat,
3481 2410 3671 2482 prmisit

2180 2501 2460 2557 Elisachar
2482 2502 2754 2566 abbatem,
2788 2509 2844 2557 et
2889 2501 3313 2559 Hildebrandum
3341 2502 3570 2565 comitem,
3603 2514 3671 2553 nec

2180 2609 2287 2648 non
2315 2603 2371 2648 et
2394 2594 2681 2649 Donatum.
2730 2594 2834 2661 Qui
2861 2596 3259 2664 praecedentes,
3288 2597 3468 2667 junctis
3488 2594 3567 2648 sibi
3596 2592 3669 2645 Go-

2181 2687 2400 2741 thorum
2460 2686 2931 2757 Hispanorumque
2978 2689 3192 2760 copiis,
3221 2690 3417 2745 illorum
3457 2685 3670 2759 protervis

2178 2776 2532 2847 pertinaciter
2561 2778 2896 2844 restiterunt,
2919 2776 3205 2835 Bernardo
3226 2779 3572 2849 quammaxime
3587 2774 3671 2827 Bar-

2180 2868 2389 2923 cinona:
2417 2868 2615 2922 comite
2651 2877 2882 2924 conatus
2903 2884 3099 2925 eorum
3132 2872 3187 2925 in
3213 2871 3412 2925 irritum
3433 2868 3668 2922 deducente.

2180 2958 2333 3026 Quod
2361 2973 2593 3014 cernens
2618 2959 2776 3025 Aizo,
2824 2962 3132 3017 exercitum
3162 2979 3192 3016 a
3229 2961 3485 3017 Saracenis
3509 2958 3667 3028 petitum

2180 3050 2315 3105 abiit
2340 3052 2744 3119 praetorianum.
2783 3052 2954 3119 Quem
2978 3054 3324 3124 impetratum
3346 3068 3454 3108 cum
3488 3052 3669 3105 ducesao

2180 3140 2512 3197 Abumarum
2569 3141 2945 3216 [Amaruan]
3025 3145 3469 3217 Cresaraugustam
3509 3150 3554 3196 ct
3586 3137 3668 3191 inde

2180 3247 2352 3301 usque
2401 3232 2468 3286 ad
2513 3233 2871 3290 Barcinonam
2927 3238 3205 3306 perduxit.
3260 3235 3414 3291 Porro
3452 3234 3667 3302 imperator

2178 3321 2464 3391 Pippinum
2490 3323 2660 3379 ﬁlium
2687 3341 2846 3381 suum
2875 3327 3189 3397 Aquitania:
3219 3343 3385 3397 regem
3413 3334 3566 3381 contra
3603 3333 3668 3374 eos

2178 3417 2346 3481 misit,
2386 3419 2653 3487 simulque
2688 3422 2884 3476 missos
2905 3436 2975 3475 ex
3023 3422 3199 3478 latere
3240 3439 3331 3478 suo
3370 3421 3597 3489 llugonem
3632 3418 3668 3465 ct

2177 3508 2489 3564 Matfridum
2528 3510 2776 3565 comites.
2830 3510 3043 3577 Quibus
3074 3512 3423 3568 meticulosius
3445 3522 3573 3578 quam
3605 3502 3666 3555 de-

2178 3598 2291 3653 cuit
2318 3601 2756 3667 occurrentibus,
2784 3602 2971 3656 tandiu
2998 3618 3170 3658 morae
3193 3604 3390 3657 innexa:
3410 3605 3515 3655 sunt
3534 3592 3663 3651 moris.

2176 3704 2457 3760 quousque
2482 3691 2558 3745 illi
2588 3699 2802 3747 vastata
2829 3692 3156 3750 Barcinonaa
3184 3704 3337 3765 atque
3360 3689 3577 3747 Gerunda:
3610 3698 3664 3736 re-

2176 3784 2369 3854 gione,
2401 3784 2872 3857 Caesaraugustam
2916 3803 3040 3844 sese
3072 3797 3397 3860 receperunt.
3443 3784 3662 3838 Precesst-

2176 3884 2303 3929 runt
2325 3892 2456 3931 sane
2482 3877 2623 3933 hanc
2671 3878 2879 3933 cladem
2936 3880 3213 3934 terribiles
3240 3878 3338 3934 illa:
3382 3876 3469 3930 sub
3495 3878 3663 3937 ιεωνοω

2176 3973 2440 4021 nocturno
2468 3968 2632 4033 acies,
2663 3968 2900 4023 humano
2933 3971 3201 4041 sanguine
3241 3968 3513 4025 rutilantes,
3548 3956 3661 4028 isniS'

2174 4070 2280 4123 que
2310 4056 2513 4125 pallore
2564 4056 2875 4128 ﬂagrantes.
2924 4058 3228 4129 Imperator
3271 4073 3421 4130 porro
3464 4043 3660 4107 venationi

2178 4145 2499 4217 [Imperator
2529 4164 2691 4217 porro
2725 4150 3060 4220 Compendio
3103 4167 3278 4206 annua
3321 4145 3570 4214 suscipiens
3603 4135 3664 4188 δον

2175 4256 2264 4305 na,
2298 4242 2385 4296 his
2410 4245 2723 4313 compertis,
2771 4245 2839 4299 ad
2892 4260 3057 4314 supra
3088 4247 3287 4301 dictam
3318 4252 3525 4297 marcam
3562 4240 3664 4285 ιιιειι·

2176 4329 2298 4384 dam
2325 4331 2522 4386 auxilia
2550 4333 2860 4396 destinavit,
2894 4342 2948 4389 et
2971 4350 3144 4404 usque
3164 4336 3229 4388 ad
3253 4332 3455 4388 hiberna
3484 4328 3658 4389 tempon

488 4421 715 4493 perﬁdia
747 4429 907 4491 atque
938 4422 1172 4478 defectio
1190 4423 1412 4479 Aizonis
1446 4426 1692 4480 nuntiata
1720 4434 1824 4491 est,
1878 4428 1971 4496 qui
2009 4428 2075 4483 dc
2100 4458 2153 4518 Β
2178 4422 2473 4518 venationi.
2504 4422 2634 4494 etin]
2661 4424 2713 4478 in
2760 4424 2988 4480 saltibus
3038 4424 3432 4518 Compendiael
3460 4411 3661 4518 (Ἀτίεξξθθ

490 4513 689 4584 palatio
741 4513 945 4568 domini
1007 4514 1352 4584 imperatoris
1408 4514 1642 4586 fugiens,
1697 4517 1765 4572 ad
1797 4518 2073 4574 civitatem

488 4609 763 4662 Ausonam
813 4606 979 4673 venit,
1009 4606 1192 4676 ibique
1223 4616 1494 4678 receptus,
1534 4608 1742 4664 Rodam
1774 4611 2069 4677 subvertit;

488 4700 585 4753 sed
608 4707 662 4753 et
689 4700 944 4755 resistere
962 4700 1261 4755 nitentibus
1285 4716 1392 4755 non
1430 4716 1624 4770 parum
1666 4702 2074 4758 incommodita-

490 4795 559 4848 tis
584 4791 782 4847 intulit.
808 4792 1039 4847 Castella
1070 4806 1190 4862 quae
1221 4792 1521 4863 irrumpere
1548 4795 1725 4863 potuit
1753 4796 2070 4851 custodibus

489 4883 757 4953 impositis
809 4880 1023 4937 fortiter
1059 4882 1430 4937 communivit.
1470 4882 1575 4939 Sed
1603 4892 1659 4938 et
1706 4886 1873 4940 misso
1901 4884 2070 4941 fratre

488 4990 590 5030 suo
618 4974 685 5029 ad
711 4988 892 5044 regem
916 4973 1313 5028 Saracenorum
1346 4974 1678 5029 Abdiraman
1706 4977 1937 5042 nomine,
1970 4993 2066 5031 va-

489 5067 658 5122 lidum
691 5073 880 5121 contra
905 5079 1005 5120 nos
1032 5064 1307 5120 exercitus
1331 5066 1498 5119 robur
1516 5067 1739 5136 accepit.
1772 5066 1902 5134 Qute
1942 5068 2066 5137 qui-

490 5159 610 5211 dem
640 5156 983 5227 imperatoris
1022 5155 1261 5210 animum
1298 5165 1726 5210 commoverunt.
1762 5156 1847 5211 Nil
1889 5165 2067 5213 tamen

486 5261 719 5318 propere
781 5246 1075 5318 gerendum
1126 5256 1298 5313 ratus,
1360 5246 1790 5302 consiliariorum
1846 5264 2068 5305 suorum

490 5341 836 5406 sententiam,
859 5340 987 5411 quid
1008 5340 1101 5396 tali
1128 5339 1273 5396 facto
1291 5355 1429 5411 opus
1450 5348 1613 5405 esset,
1642 5341 2065 5412 statuitoperiri.

487 5431 594 5487 l’er
629 5433 767 5488 idem
797 5443 1012 5507 tempus
1042 5435 1327 5493 Hilduinus
1367 5436 1536 5492 abbas
1561 5440 1878 5493 monasterii
1924 5439 2067 5494 beati

490 5523 731 5595 Dionysii
759 5526 989 5583 Romam
1017 5532 1311 5586 monachos
1334 5530 1614 5601 petitionis
1637 5546 1747 5586 sum
1772 5529 1982 5598 hajulos
2004 5532 2071 5586 ad

492 5612 789 5682 Eugenium
841 5626 1042 5673 sanctae
1085 5620 1340 5676 Romana:
1387 5621 1531 5677 sedis
1558 5622 1842 5692 praesulem
1901 5622 2068 5687 misit,

492 5698 742 5769 ﬂagitans
771 5719 893 5760 ossa
916 5705 1061 5761 beati
1102 5708 1405 5765 Sebastiani
1457 5710 1711 5783 martyris
1748 5712 1850 5765 sibi
1894 5720 2072 5766 trans—

2179 4510 2447 4582 contiguis
2475 4512 2692 4567 institit.
2721 4513 2924 4569 Eodem
2968 4531 3114 4570 anno
3153 4527 3331 4569 mense
3356 4510 3558 4579 Ᾱυευειο
3585 4497 3657 4551 ⁵³⁸

2176 4604 2367 4673 genius
2397 4620 2532 4674 papa
2567 4606 2711 4660 diem
2753 4607 3004 4661 ultimum
3035 4606 3244 4662 clausit.
3282 4598 3554 4657 Valentinus
3578 4588 3657 4642 dia-

2177 4710 2347 4748 conus
2370 4694 2489 4751 loco
2517 4695 2637 4766 ejus
2662 4698 2948 4753 successit.
2979 4698 3097 4764 Quo
3126 4699 3213 4751 vix
3264 4708 3364 4749 uno
3413 4697 3566 4744 mense
3598 4692 3658 4773 ευξ

2175 4787 2422 4855 perstile,
2445 4787 2564 4843 loco
2595 4789 2737 4845 illius
2768 4791 3062 4862 Gregorius
3090 4790 3365 4861 presbyter
3388 4780 3507 4837 tituli
3539 4776 3658 4829 sanw

2179 4876 2345 4932 Marci
2370 4878 2575 4934 electus
2621 4889 2735 4946 est,
2786 4880 2953 4936 dilata
2998 4878 3393 4937 consecratione
3413 4871 3512 4940 ejus
3542 4870 3658 4927 ιιαιυε

2177 4968 2243 5023 ad
2274 4969 2579 5025 consultum
2603 4972 2965 5042 imperatoris.
3000 4972 3116 5040 Quo
3141 4978 3411 5029 annuente,
3441 4952 3656 5018 etelecliO'

2176 5076 2299 5117 nem
2335 5063 2466 5118 cieri
2504 5074 2557 5120 ct
2584 5066 2763 5135 populi
2789 5067 3065 5136 probante,
3108 5066 3376 5121 ordinatus
3403 5067 3475 5114 est
3513 5056 3554 5108 iu
3577 5050 3656 5102 loco

2176 5155 2391 5225 prioris.
2434 5156 2619 5226 Legati
2662 5157 3003 5226 imperatoris
3047 5154 3314 5211 Michaelis
3362 5150 3523 5208 eodem
3556 5149 3655 5195 ωηο

2173 5263 2360 5305 mense
2388 5250 2731 5326 Septembrio
2762 5251 3150 5322 Compendium
3201 5251 3464 5308 venerunt,
3487 5243 3652 5329 maneta

2175 5339 2471 5395 attulerunt
2496 5357 2510 5395 :
2546 5342 2800 5398 nobiliter
2830 5343 3083 5413 suscepti,
3114 5337 3489 5413 opulentissime
3508 5330 3651 5382 ωηιίο

2178 5433 2475 5490 liberaliter
2499 5436 2792 5500 munerati,
2822 5445 2878 5491 et
2915 5449 3167 5507 prospere
3188 5439 3305 5487 sunt
3333 5422 3545 5498 regressi.
3569 5415 3651 5510 Ιρξη

2178 5545 2320 5585 anno
2346 5530 2644 5585 Heinardus
2676 5527 3079 5603 [Eginhardus],
3106 5527 3335 5580 virorum
3353 5521 3425 5577 sui
3460 5513 3652 5603 tciupom

2178 5620 2649 5691 prudentissimus.
2676 5602 2876 5677 sancte
2917 5617 3216 5677 devotionis
3253 5602 3653 5701 ardore

2180 5688 2406 5769 Romam
2453 5713 2621 5781 ηδίδίιι
2648 5723 2701 5768 ει
2730 5729 2954 5784 corpora
3002 5717 3313 5771 sanctorum
3352 5688 3590 5756 Marcellini
3625 5688 3661 5734 cl
