3922 6180
224 214 329 270 037

1756 212 1935 268 “TA.

3387 227 3490 284 958

220 326 393 392 Petri,
451 330 718 378 annuente
742 337 902 394 papa,
932 325 986 378 in
1014 324 1302 381 Franciam
1357 325 1487 381 fecit
1509 327 1802 393 transvehi,
1832 330 1883 388 Α
1909 344 2077 394 mum,
2108 331 2302 387 deinde
2344 335 2413 389 ad
2443 334 2850 405 imperatorem,
2879 337 3113 408 professi
3160 347 3289 395 sunt
3342 356 3495 397 erro-

216 428 274 475 et
309 417 467 473 valde
499 418 753 473 decenter
795 416 852 471 in
881 418 1103 487 proprio
1138 419 1418 474 territorio
1466 419 1807 490 propriisque
1907 434 2044 472 rem.
2100 420 2310 477 Dehinc
2360 424 2672 480 obtulerunt
2716 440 3012 511 congruam
3044 428 3298 485 vindicta:
3325 433 3492 488 satis-

215 512 526 581 sumptibus
587 509 912 565 recondidit.
984 510 1226 577 Quorum
1285 512 1496 567 meritis
1541 514 1807 567 hactenus

214 603 291 659 ibi
320 602 490 658 multa
510 600 772 656 virtutum
798 602 1061 658 miracula
1096 610 1355 674 operatur
1378 604 1659 659 Dominus.

285 700 471 755 Mense
495 697 794 753 Februario
820 699 1099 768 sequentis
1147 699 1347 755 hiemis
1372 698 1520 770 (828)
1568 714 1804 773 conven-

215 800 304 845 tus
332 790 549 845 habitus
576 787 824 856 publicus
848 788 1197 859 Aquisgrani,
1223 790 1315 845 ubi
1372 804 1496 844 cum
1546 789 1602 843 in
1657 790 1800 857 aliis,

214 891 329 936 tum
374 880 613 935 maxime
640 878 883 934 fervebat
902 895 994 936 res
1021 881 1076 935 in
1112 896 1293 936 marca
1314 881 1605 951 Hispanica
1633 897 1804 951 nuper

212 974 473 1029 damnose
495 970 965 1041 ignominioseque
997 981 1237 1041 peracta.
1298 971 1415 1039 Qua
1442 973 1701 1028 ventilata
1747 981 1803 1028 et

210 1065 652 1121 enucleatissime
703 1067 1062 1139 investigata,
1109 1067 1163 1122 hi
1220 1068 1424 1137 reperti
1467 1075 1595 1121 sunt
1642 1067 1803 1136 hujus

208 1157 384 1225 culpa:
433 1162 688 1211 auctores
736 1156 831 1226 qui
890 1156 960 1210 ab
1017 1157 1345 1227 imperatore
1390 1156 1630 1227 praefecti
1674 1166 1802 1213 sunt

209 1250 398 1303 duces.
465 1248 576 1303 llos
619 1264 749 1319 ergo
797 1248 1138 1304 solummodo
1184 1250 1485 1305 honoribus
1531 1249 1800 1319 ademptis

208 1340 361 1394 luere
378 1338 542 1408 jussit
568 1339 867 1407 imperator
889 1334 1102 1409 culpam
1130 1338 1290 1408 hujus
1310 1340 1553 1409 ignaviae.
1577 1339 1795 1395 Itidem-

206 1446 315 1501 que
340 1430 590 1485 Baldrico
621 1430 747 1484 duci
778 1430 1139 1500 Foroiuliensi
1185 1430 1314 1484 dum
1370 1428 1699 1497 objiceretur
1742 1440 1799 1485 et

203 1521 496 1591 probatum
531 1526 675 1574 esset
699 1516 815 1586 ejus
845 1520 1058 1590 ignavia
1100 1527 1157 1574 et
1206 1519 1415 1574 incuria
1466 1526 1732 1573 vastatam
1763 1535 1797 1573 a

204 1610 456 1681 Bulgaris
475 1617 714 1664 nostram
762 1610 1061 1680 regionem,
1114 1609 1302 1679 pulsus
1336 1618 1421 1665 est
1461 1609 1686 1675 ducatu,
1739 1618 1795 1666 et

206 1705 351 1757 inter
404 1710 640 1772 quatuor
701 1702 931 1756 comites
997 1699 1240 1769 ejusdem
1309 1708 1551 1771 potestas
1597 1701 1789 1756 divisa.

204 1794 468 1864 Equidem
510 1794 857 1862 imperatoris
889 1793 1104 1848 animus
1127 1802 1319 1848 natura
1349 1794 1794 1849 misericordissi-

202 1901 327 1941 mus
362 1900 576 1955 semper
623 1887 975 1955 peccantibus
1004 1887 1429 1942 misericordiam
1485 1902 1792 1959 praerogare

203 1977 429 2032 studuit.
459 1976 532 2031 At
559 1992 690 2031 vero
717 1977 753 2032 ii
789 1977 988 2047 quibus
1023 1978 1153 2032 talia
1177 1978 1418 2047 przestita
1459 1986 1608 2043 sunt,
1654 1992 1791 2047 quo-

202 2068 365 2123 modo
391 2067 677 2123 clementia
714 2067 861 2123 illius
903 2067 1061 2123 abusi
1111 2077 1238 2122 sunt
1279 2068 1335 2122 in
1386 2068 1789 2154 qrudelitatem,

198 2166 326 2230 post
350 2174 520 2230 pauca
546 2159 775 2229 patebit,
809 2173 933 2214 cum
962 2158 1222 2213 claruerit
1249 2159 1520 2227 quomodo
1540 2174 1641 2229 pro
1664 2160 1792 2215 vitae

198 2250 490 2315 beneﬁcio,
541 2264 808 2305 summam
836 2249 909 2314 ei,
939 2256 1203 2318 quantum
1231 2250 1288 2302 in
1333 2262 1393 2303 se
1428 2247 1549 2314 fuit,
1581 2250 1790 2317 impor-

201 2343 441 2398 taverint
464 2341 693 2397 cladem.
716 2342 837 2411 Ipso
875 2350 1117 2411 tempore
1161 2340 1494 2396 Halitcarius
1537 2340 1792 2397 Camera-

201 2434 385 2490 censis
432 2434 740 2507 episcopus,
788 2443 845 2489 et
878 2433 1157 2490 Autl‘ridus
1189 2433 1520 2507 [Ansfridus]
1572 2434 1790 2490 Nomm-

202 2524 332 2578 tulae
384 2523 729 2579 monasterii'
743 2525 932 2591 abbas,
961 2542 992 2580 a
1017 2523 1401 2581 transmarinis
1429 2524 1676 2595 partibus
1705 2539 1791 2580 re-

199 2617 433 2671 deuntes
456 2657 471 2681 ,
537 2617 927 2689 humanissime
991 2634 1051 2673 se
1119 2624 1402 2687 susceptos
1465 2632 1499 2671 a
1560 2616 1792 2671 Michael

198 2706 521 2761 retulerunt.
552 2707 852 2778 Imperator
878 2723 1013 2764 sane
1041 2716 1231 2764 testate
1267 2709 1514 2779 sequenti
1537 2708 1591 2763 in
1617 2707 1792 2779 Inget-

198 2794 349 2849 heim
386 2804 709 2851 conventum
763 2798 1037 2868 publicum
1088 2799 1299 2855 habuit.
1359 2799 1548 2869 Ibique
1591 2799 1790 2855 missos

193 2900 351 2955 papae
380 2885 629 2954 Romani,
656 2888 940 2955 Quirinum
976 2890 1373 2960 primicerium,
1396 2898 1453 2945 et
1501 2889 1791 2962 Tbeophy-

192 2984 401 3037 laetum
452 2983 933 3052 nomenclatorem,
961 3001 1085 3041 cum
1114 2986 1326 3056 magnis
1355 2985 1669 3041 muneribus
1697 3001 1789 3041 ve-

194 3075 432 3139 nientes,
480 3083 535 3128 et
562 3075 804 3145 suscepit
828 3087 885 3130 et
914 3078 1143 3132 remisit.
1194 3077 1413 3132 Etcum
1460 3078 1517 3131 in
1546 3077 1787 3132 Theonis

194 3168 382 3222 villam
414 3168 739 3232 devenisset,
768 3167 1019 3238 famaque
1038 3179 1298 3225 venturos
1330 3170 1383 3224 in
1412 3177 1631 3225 nostros
1653 3169 1789 3226 fines

195 3260 504 3316 Saracenos
540 3260 933 3331 pervulgasset,
964 3261 1113 3315 misit
1154 3261 1330 3315 ﬁlium
1358 3261 1674 3315 Lotharium
1718 3259 1789 3314 ad

192 3351 445 3406 eamdem
496 3350 751 3417 Marcam,
793 3350 1065 3419 adjunctis
1102 3351 1177 3406 illi
1206 3352 1540 3407 Francorum
1593 3351 1788 3407 validis

191 3440 492 3509 multisque
511 3441 700 3510 copiis.
734 3440 835 3508 Qui
866 3455 987 3496 cum
1011 3443 1301 3512 pneccptis
1322 3444 1564 3513 paternis
1585 3458 1785 3512 parens

192 3530 516 3603 Lugdunum
565 3532 913 3597 devenisset,
971 3541 1028 3587 et
1082 3535 1330 3587 nuntium
1383 3534 1786 3602 prtestolaretur

192 3623 431 3693 partium
471 3622 909 3694 llispanicarum,
968 3622 1229 3694 Pippinus
1257 3623 1375 3692 ejus
1400 3624 1571 3679 frater
1620 3624 1786 3679 collo-

191 3723 423 3769 cuturus
452 3715 692 3769 advenit.
717 3714 1031 3784 Ibidemque
1055 3714 1162 3769 illis
1191 3715 1551 3779 morantibus,
1584 3715 1784 3770 missus

194 3804 379 3869 rediit,
430 3805 655 3860 dicens:
689 3805 924 3860 movisse
954 3803 1176 3875 quidem
1207 3803 1513 3859 Saracenos
1541 3803 1786 3882 Mauros-

191 3912 299 3966 que
326 3899 624 3952 exercitum
673 3914 837 3969 quam
881 3898 1204 3963 maximum,
1250 3898 1345 3953 sed
1368 3898 1562 3967 pedem
1607 3899 1783 3953 conti-

194 3990 401 4055 nuisse,
455 4005 557 4045 nec
603 3990 693 4045 illo
737 3998 981 4061 tempore
1019 3989 1232 4060 longius
1277 3989 1331 4043 in
1380 3996 1603 4044 nostros
1647 3988 1782 4043 lines

190 4096 564 4153 processuros.
620 4082 828 4149 Quibus
879 4081 1102 4147 auditis,
1150 4080 1411 4151 Pippinus
1455 4080 1509 4135 in
1556 4079 1783 4150 Aquita-

109 4218 118 4226 .
188 4176 362 4239 niam,
398 4173 689 4230 Lotharius
728 4183 909 4229 autem
948 4175 1017 4229 ad
1044 4182 1255 4245 patrem
1303 4188 1560 4244 prospere
1597 4173 1777 4227 rediit.

186 4263 403 4322 Interea
466 4266 561 4321 filii
613 4266 889 4322 Godefridi
939 4267 1213 4321 Danorum
1271 4267 1543 4337 quondam
1606 4266 1777 4337 regis,

1904 508 2200 567 factionem
2225 531 2238 566 :
2264 513 2483 570 modum
2511 524 2695 571 autem
2730 508 3120 575 satisfactionis
3149 521 3495 581 conferentes

1905 600 1962 655 in
1986 601 2333 671 imperatoris
2363 605 2722 669 voluntatem,
2766 607 3059 664 dummodo
3085 610 3317 668 ﬁrmitas
3340 614 3494 682 pacis

1904 689 2222 748 inconvulsa
2257 704 2525 751 maneret.
2573 696 2777 763 Quibus
2828 700 3125 771 imperator
3147 717 3249 771 pro
3283 714 3410 759 voto
3434 712 3494 763 et

1902 784 2166 852 petitione
2218 787 2427 841 annuit.
2478 788 2790 844 Bonifacius
2824 806 3007 846 comes
3055 793 3126 847 ab
3160 793 3493 863 imperatore

1903 874 2139 931 Corsica:
2169 878 2459 948 praefectus
2488 881 2701 948 insulae,
2733 896 2857 937 cum
2884 882 3056 939 fratre
3084 883 3314 942 Beraldo
3345 887 3494 945 aliis-

1902 982 2009 1036 que
2056 967 2326 1037 adjunctis
2350 972 2455 1027 sibi
2508 988 2807 1030 conscensa
2837 991 3003 1045 parva
3032 976 3226 1043 classe,
3253 979 3380 1034 dum
3409 981 3492 1052 pi~

1902 1068 2052 1114 ratas
2104 1064 2450 1133 pervagando
2497 1067 2669 1120 maria
2721 1068 2952 1136 requirit
3004 1076 3060 1123 et
3101 1085 3210 1124 non
3261 1071 3491 1139 invenit,

1905 1150 2202 1207 Sardorum
2231 1154 2531 1209 amicorum
2559 1156 2664 1210 sibi
2708 1157 2943 1212 insulam
2980 1160 3189 1229 appulit
3216 1179 3228 1214 :
3258 1160 3493 1232 indeque

1904 1240 2040 1296 alios
2110 1256 2311 1313 gnaros
2374 1247 2573 1300 marini
2628 1247 2842 1303 itineris
2894 1249 2999 1304 sibi
3064 1266 3386 1318 assumens,
3434 1254 3489 1308 in

1898 1327 2140 1384 Africam
2171 1332 2448 1400 profectus
2476 1342 2578 1400 est,
2603 1342 2661 1388 et
2705 1343 3045 1393 transvectus
3074 1339 3220 1395 inter
3265 1340 3485 1397 Uticam

1898 1426 1953 1472 et
1994 1418 2400 1492 Carthaginem.
2432 1422 2635 1478 Contra
2683 1441 2846 1494 quem
2891 1428 3181 1485 multitudo
3229 1431 3489 1488 Afrorum

1899 1511 2246 1577 conveniens,
2278 1514 2565 1583 quinquies
2600 1515 2860 1583 conﬂixit,
2890 1519 3033 1574 inter
3073 1535 3217 1590 quos
3242 1530 3298 1577 et
3317 1537 3486 1592 quos-

1898 1600 2024 1655 dam
2075 1604 2303 1673 contigit
2363 1613 2619 1676 Oppetere
2647 1616 2979 1676 nostrorum,
3010 1626 3148 1681 quos
3183 1614 3487 1684 aut,multa

1825 1684 1871 1743 B
1899 1691 2174 1759 alacritas,
2211 1702 2306 1748 aut
2325 1694 2634 1751 inconsulta
2659 1697 2852 1754 levitas
2882 1702 2950 1755 ad
2976 1702 3139 1757 nimis
3172 1704 3485 1760 audendum

1894 1786 2127 1855 impulit.
2170 1785 2481 1842 Bonifacius
2511 1796 2693 1845 tamen
2720 1791 2883 1847 sociis
2936 1793 3172 1862 receptis
3217 1794 3286 1850 ad
3320 1811 3489 1855 naves

1892 1893 1953 1934 se
1999 1879 2238 1950 collegit,
2271 1880 2506 1949 patriam
2549 1883 2821 1951 repetivit,
2851 1884 3290 1955 inexpletumque
3324 1897 3490 1958 atque

1892 1971 2197 2026 inauditum
2224 1979 2426 2027 metum
2451 1973 2605 2043 prius
2631 1973 2778 2029 Afris
2808 1974 3048 2045 reliquit.
3076 1975 3192 2033 Hoc
3229 1994 3376 2035 anno
3402 1981 3488 2036 bis

1891 2062 2185 2132 deliquium
2213 2063 2357 2119 lunae
2385 2065 2616 2136 contigit
2644 2066 2701 2120 in
2751 2065 3011 2122 Kalendis
3047 2065 3196 2132 Julii,
3228 2077 3285 2124 et
3326 2079 3487 2126 nocte

1891 2152 2099 2209 Natalis
2124 2154 2359 2210 Domini.
2393 2154 2502 2211 Sed
2543 2165 2599 2213 et
2642 2172 2856 2212 annona
2888 2159 3137 2228 quaedam
3167 2159 3486 2231 imperatori

1892 2245 2072 2301 delata
2094 2255 2180 2301 est
2215 2262 2248 2300 a
2283 2247 2507 2316 regione
2543 2248 2869 2313 Wasconiae,
2916 2248 3137 2304 brevior
3184 2248 3482 2319 frumento,

1891 2349 1993 2391 nec
2038 2344 2223 2391 tamen
2275 2342 2418 2391 teres
2461 2345 2522 2391 ut
2562 2337 2702 2407 pisa,
2751 2352 2915 2407 quam
2962 2338 3219 2392 dixerunt
3256 2340 3485 2396 descen-

1892 2428 2037 2484 disse
2067 2428 2136 2484 de
2183 2427 2342 2485 caelo.
2376 2428 2618 2485 Hiberna
2669 2429 2932 2485 Dominus
2976 2430 3275 2500 imperator
3310 2432 3484 2501 Aquis

1844 2547 1847 2550 ν
1891 2518 2094 2589 exegit.

1815 3034 1861 3097 C

189 4357 505 4414 Herioldum
531 4373 699 4430 regno
724 4358 1064 4427 expulerant.
1107 4357 1215 4414 Sed
1241 4374 1365 4413 cum
1393 4358 1689 4427 imperator
1723 4365 1780 4411 et
1803 4381 1857 4441 D

190 4448 712 4518 llerioldumjuvare
746 4449 927 4514 vellet,
955 4456 1153 4504 etcum
1188 4448 1313 4503 filiis
1348 4447 1626 4504 Godefridi
1674 4447 1778 4504 fte-

188 4543 291 4597 dus
333 4542 488 4611 pacis
513 4541 724 4606 inisset,
767 4539 951 4595 missis
978 4540 1031 4593 in
1056 4540 1156 4594 hos
1178 4540 1353 4609 ipsum
1380 4555 1503 4594 cum
1528 4539 1647 4609 ipso
1673 4537 1778 4594 lle-

188 4629 365 4687 rioldo
390 4631 685 4686 comitibus
708 4629 1013 4694 Saxonicis,
1034 4630 1295 4700 praecepit
1321 4638 1381 4683 ut
1402 4637 1628 4700 agerent
1654 4645 1777 4684 cum

185 4726 487 4795 praedictis,
537 4732 805 4794 quatenus
835 4739 961 4779 eum
989 4724 1044 4777 in
1092 4723 1430 4784 societatem,
1480 4729 1539 4777 ut
1568 4724 1777 4792 pridem

189 4816 531 4881 habuerant,
591 4816 949 4886 susciperent.
1011 4812 1299 4869 Herioldus
1354 4822 1533 4869 autem
1582 4814 1776 4869 barum

189 4923 466 4962 morarum
520 4907 830 4977 impatiens,
870 4904 1059 4960 insciis
1102 4903 1330 4969 nostris,
1365 4903 1575 4974 aliquas
1621 4903 1779 4958 villa-

188 5015 309 5053 rum
339 4998 553 5054 illorum
592 4998 716 5069 igne
763 4996 962 5067 injecto
989 4995 1379 5061 concremavit,
1432 4994 1780 5064 praedamque

187 5092 432 5147 abduxit.
460 5093 530 5146 At
566 5092 642 5146 illi
668 5097 925 5162 putantes
970 5091 1089 5145 haec
1137 5089 1413 5145 voluntate
1464 5097 1776 5145 nostrorum

185 5193 361 5254 gesta,
401 5183 712 5254 improvisis
735 5188 792 5239 et
819 5182 955 5237 nihil
993 5182 1101 5238 tale
1145 5182 1549 5253 suspicantibus
1577 5181 1778 5237 nostris

186 5276 597 5346 superveniunt,
634 5274 971 5343 transitoque
1000 5273 1237 5346 Egidora
1285 5272 1525 5337 flumine,
1577 5272 1775 5327 castris

184 5369 412 5439 pellunt,
453 5368 508 5422 in
539 5367 722 5440 fugam
753 5365 1104 5437 compellunt,
1155 5364 1421 5436 potitique
1450 5364 1690 5421 omnium
1718 5363 1773 5418 in

184 5473 363 5516 castra
405 5464 624 5533 propria
666 5478 726 5518 se
767 5462 1056 5532 recipiunt.
1091 5458 1201 5515 Sed
1239 5459 1326 5514 his
1360 5459 1548 5530 gestis,
1579 5472 1775 5528 cogno-

185 5561 400 5608 scentes
455 5553 532 5609 rei
586 5555 892 5619 veritatem,
943 5560 997 5608 et
1031 5559 1284 5608 verentes
1328 5550 1567 5606 debitam
1611 5548 1771 5603 ultio-

188 5656 333 5709 nem,
369 5644 643 5700 mittentes
691 5645 756 5698 ad
804 5659 898 5698 eos
935 5643 1131 5713 quibus
1180 5641 1307 5695 talia
1350 5640 1643 5695 intulerant
1668 5637 1777 5709 pri-

1964 2608 2157 2666 Hieme
2195 2617 2470 2667 transacta
2499 2626 2630 2667 cum
2659 2610 3104 2684 Quadragesimte
3146 2616 3344 2672 sacrati
3367 2618 3486 2674 dies

1892 2700 2323 2768 celebrarentur,
2372 2709 2429 2758 et
2462 2702 2706 2758 instaret
2736 2699 2961 2759 Pascha:
3011 2707 3320 2762 veneranda
3388 2722 3481 2764 so-

1892 2792 2146 2849 lemnitas
2188 2794 2361 2864 (829),
2415 2795 2736 2864 intempesta
2786 2803 2946 2850 nocte
2972 2804 3320 2853 terraemotus
3347 2799 3485 2856 adeo

1891 2885 2104 2941 validus
2140 2886 2376 2953 exstitit,
2406 2896 2468 2942 ut
2511 2885 2758 2942 aediliciis
2800 2888 3014 2944 cunctis
3061 2888 3273 2944 ruinam
3316 2891 3488 2947 mina-

1893 2986 2064 3033 retur.
2094 2978 2266 3035 Porro
2312 2980 2461 3035 venti
2509 2980 2763 3036 violentia
2809 2979 3122 3045 subsecuta,
3156 2997 3265 3037 non
3315 2982 3479 3039 modo

1893 3074 2127 3141 minora,
2159 3076 2255 3130 sed
2301 3076 2467 3131 etiam
2518 3077 2696 3148 ipsum
2725 3078 2988 3147 palatium
3013 3078 3289 3149 Aqucnse,
3317 3082 3486 3136 vehe-

1890 3166 2093 3220 mentia
2115 3166 2198 3220 sui
2225 3167 2300 3221 ita
2331 3168 2579 3237 agitavit,
2606 3176 2667 3223 ut
2685 3169 2852 3223 etiam
2878 3169 3156 3225 laterculis
3189 3171 3483 3239 plumbeis,

1888 3256 2085 3324 quibus
2115 3264 2255 3311 tecta
2284 3267 2404 3313 erat
2428 3258 2653 3315 basilica
2686 3268 2891 3315 sanctae
2918 3260 3016 3315 Dei
3052 3261 3337 3332 genitricis
3363 3260 3480 3316 Ma-

1888 3347 2002 3413 rite,
2049 3349 2284 3403 maxima
2311 3364 2377 3404 ex
2408 3357 2562 3419 parte
2589 3350 2890 3422 detegeret.
2943 3351 3184 3408 Moratus
3211 3362 3297 3409 est
3332 3354 3390 3408 in
3416 3368 3486 3410 eo

1884 3438 2085 3506 palatio
2150 3440 2399 3510 plurimis
2448 3442 2768 3511 cogentibus
2805 3444 3242 3507 necessitatibus,
3299 3452 3355 3499 et
3384 3461 3485 3515 pu-

1885 3530 2041 3585 blicis
2088 3530 2436 3585 utilitatibus.
2500 3527 2704 3586 Statuit
2748 3532 3009 3588 Kalendis
3060 3533 3188 3587 Julii
3237 3534 3479 3589 indidem

1884 3620 2177 3688 proficisci,
2208 3629 2266 3675 et
2314 3621 2680 3676 Wormatiam
2708 3623 2775 3676 ad
2821 3623 3207 3678 celebrandum
3258 3639 3482 3694 genera-

1887 3710 1991 3764 lem
2018 3711 2199 3779 populi
2227 3722 2556 3766 conventum
2582 3728 2892 3782 properare.
2925 3713 2969 3767 A
2992 3729 3100 3782 qua
3127 3714 3482 3784 dispositione

1886 3817 2011 3855 cum
2046 3809 2261 3856 mutare
2282 3802 2677 3872 aliquantisper
2701 3803 2884 3872 coegit
2909 3819 3116 3871 rumor,
3146 3805 3239 3876 qui
3264 3807 3479 3862 sederat

1886 3893 2263 3950 Nordmannos
2284 3896 2422 3952 velle
2448 3896 2720 3968 trangredi
2739 3902 2941 3951 statuta
2965 3898 3112 3966 pacti
3146 3905 3201 3954 et
3224 3900 3477 3969 proprios

1886 3986 2042 4051 ﬁnes,
2067 3989 2122 4041 e’t
2147 3986 2594 4042 Transalbianam
2625 3986 2901 4057 regionem
2925 3987 3195 4059 populari.
3243 3989 3350 4044 Sed
3389 3988 3476 4045 his

1884 4077 2043 4131 aliter
2066 4092 2126 4133 se
2156 4077 2501 4143 habentibus,
2551 4078 2852 4148 imperator
2890 4080 3189 4136 secundum
3235 4081 3474 4152 disposi-

1885 4169 2086 4223 tionem
2136 4169 2239 4225 loci
2285 4179 2342 4225 et
2369 4171 2627 4241 temporis
2658 4171 2899 4238 advenit,
2959 4173 3137 4229 dehis
3188 4190 3310 4245 qum
3358 4174 3479 4230 visa

1884 4268 2011 4314 sunt
2058 4261 2300 4316 studiose
2352 4262 2627 4327 tractavit,
2679 4277 2856 4318 annua
2919 4263 3060 4319 dona
3104 4265 3362 4335 suscepit,
3411 4266 3487 4319 tim

1882 4350 2121 4421 liumque
2165 4367 2319 4406 suum
2349 4351 2667 4408 Lotharium
2693 4354 2748 4407 in
2791 4354 3002 4409 Italiam
3033 4355 3259 4411 dimisit.
3306 4357 3363 4410 ln
3406 4372 3485 4411 eo

1881 4444 2045 4497 etiam
2088 4453 2381 4510 conventu,
2437 4445 2777 4513 comperiens
2815 4444 3180 4502 clandestinas
3221 4448 3365 4502 circa
3415 4463 3486 4503 se

1881 4550 2071 4590 eorum
2123 4549 2261 4605 quos
2287 4536 2413 4591 vita:
2438 4545 2813 4591 reservaverat
2857 4535 3290 4593 machinationes
3322 4554 3481 4595 more

1882 4626 2064 4679 cancri
2131 4641 2371 4695 serpere,
2431 4634 2485 4681 et
2546 4626 2840 4682 multorum
2894 4627 3107 4684 animos
3159 4630 3315 4698 quasi
3374 4645 3477 4700 per

1880 4715 2141 4785 quosdam
2164 4718 2444 4773 cuniculos
2471 4717 2791 4782 sollicitare:
2814 4720 3008 4774 statuit
3032 4719 3135 4774 sibi
3157 4729 3347 4776 contra
3377 4736 3473 4777 eos

1881 4804 2153 4872 quoddam
2196 4806 2657 4877 propugnaculum
2697 4807 2926 4879 erigere.
2975 4806 3110 4862 Nam
3136 4807 3476 4864 Bernardum

1881 4903 2107 4951 eatenus
2130 4895 2515 4967 Hispaniarum
2541 4898 2778 4968 partium
2817 4905 2874 4954 et
2909 4897 3141 4953 limitum
3190 4899 3475 4965 comitem,

1879 5003 2111 5043 camera:
2135 5003 2248 5044 sua:
2273 4987 2535 5058 praefecit.
2568 4990 2697 5056 Quae
2722 5005 2812 5044 res
2842 5004 2949 5045 non
2972 4989 3324 5044 seminarium
3356 4988 3470 5044 dis-
3568 5038 3580 5047 .

1880 5080 2079 5135 cordia:
2127 5081 2424 5147 exstinxit,
2481 5081 2576 5136 sed
2619 5081 2800 5151 potius
2852 5088 3203 5152 augmentum
3241 5080 3478 5137 creavit.

1884 5171 1989 5226 Sed
2015 5187 2138 5227 cum
2165 5173 2395 5227 necdum
2434 5171 2469 5226 ii
2499 5171 2589 5241 qui
2618 5170 2714 5226 tali
2757 5178 2912 5241 peste
2942 5171 3319 5236 tabescebant,
3356 5170 3472 5225 vul-

1884 5277 1988 5317 nus
2026 5278 2183 5318 suum
2236 5264 2487 5334 detegere
2548 5268 2774 5331 possent
2826 5269 2887 5316 ut
2934 5269 3063 5331 pote
3107 5260 3306 5331 quibus
3325 5259 3473 5315 nulla

1883 5356 2038 5425 copia
2064 5354 2129 5408 ad
2160 5354 2521 5425 peragendum
2567 5368 2689 5423 quae
2717 5353 3107 5424 concupierant
3133 5361 3471 5425 suppeteret.

1884 5446 1935 5501 in
1963 5445 2105 5500 aliud
2141 5452 2351 5514 tempus
2397 5444 2513 5499 haec
2544 5441 2764 5500 differre
2805 5451 3132 5500 statuerunt.
3170 5444 3477 5515 Imperator

1883 5546 2063 5593 autem
2120 5537 2243 5602 bis,
2304 5544 2364 5590 ut
2410 5535 2787 5607 opportunitas
2848 5536 3111 5605 dictabat,
3165 5535 3469 5608 explicitis,

1884 5632 2130 5688 Rhenum
2161 5630 2391 5699 transiit,
2424 5628 2831 5689 Franconoford
2861 5631 3047 5687 villam
3086 5632 3262 5704 petiit,
3288 5631 3470 5703 ibique
