3940 6180
366 350 371 359 -
428 314 533 371 959

1526 307 1845 365 LUDOVICI
1886 307 1906 361 1
1945 302 2418 361 (ΞΟΟΝΟΜΕΝΤΟ
2459 303 2541 358 Nl

3563 300 3672 355 960

425 430 664 502 quandiu
703 429 905 483 bonum
935 427 1105 480 visum
1135 432 1239 488 est,
1269 431 1324 477 et
1353 424 1530 478 hieme
1584 420 1999 492 propinquantia
2029 420 2080 480 Α
2104 416 2253 471 Italia
2276 417 2444 481 venit,
2474 430 2707 486 eumque
2730 415 2785 470 in
2807 413 3135 486 Compendio
3161 414 3386 485 reperit.
3416 413 3498 468 Ad
3517 427 3681 483 quem

428 522 626 592 frigora
653 519 913 581 siverunt,
940 515 1208 570 venationi
1235 514 1460 569 indulsit
1488 532 1500 567 :
1532 528 1596 568 ae
1622 514 1814 568 deinde
1856 512 2001 567 circa

428 612 650 667 missam
700 607 873 662 sancti
927 606 1168 672 Martini,
1200 607 1267 661 ad
1321 606 1660 677 Aquasgrani
1706 619 1764 659 se
1818 604 2001 667 vertit,

429 703 609 771 ibique
633 708 687 755 et
715 701 888 768 ipsam
924 698 1294 764 festivitatem,
1333 706 1387 753 et
1414 697 1586 751 sancti
1604 696 1863 771 Andreae,
1906 710 2007 749 nec

428 807 533 846 non
576 789 885 845 Nativitatis
912 789 1223 855 Dominicae,
1256 804 1378 844 cum
1399 788 1642 857 reliquis,
1669 795 1729 841 ut
1757 785 2001 852 decebat,

425 884 635 955 peregit
663 884 970 938 eelebriter.

496 972 654 1028 Circa
682 980 892 1041 tempus
921 986 1082 1041 porro
1105 969 1599 1042 Quadragesimale,
1625 985 1749 1024 cum
1774 968 2008 1038 impera-

428 1072 516 1119 tor
542 1064 659 1118 loca
710 1064 846 1117 mari
879 1064 1317 1134 circumjaccntia
1365 1072 1705 1134 peragraret,
1753 1060 2007 1116 factionis

429 1155 630 1223 iniquze
654 1154 931 1223 principes
950 1154 1091 1207 ultra
1118 1153 1260 1208 ferre
1285 1169 1390 1208 non
1406 1153 1650 1207 valentes
1675 1151 2006 1205 occultatum

427 1245 517 1298 diu
546 1243 743 1298 vulnus
770 1243 1049 1313 detegunt.
1085 1244 1218 1297 Nam
1264 1245 1498 1314 primum
1531 1243 1674 1298 inter
1703 1259 1762 1297 se
1802 1242 2009 1311 primo-

427 1348 516 1389 res
543 1333 747 1388 feedere
771 1335 1006 1403 quodam
1030 1335 1318 1405 eonjurant
1341 1375 1356 1400 ,
1404 1335 1598 1389 deinde
1627 1335 1865 1388 minores
1903 1333 2005 1387 sibi

430 1434 748 1495 aggregant.
782 1425 1019 1492 Quorum
1043 1441 1169 1495 pars
1198 1426 1512 1503 mutationis
1535 1439 1753 1493 semper
1786 1423 2001 1492 cupida,

427 1528 578 1568 more
607 1530 802 1570 canum
828 1517 1115 1586 aviumque
1142 1517 1417 1585 rapacium
1443 1558 1457 1581 ,
1491 1531 1610 1585 qua:
1642 1515 1881 1570 alienum
1908 1514 2032 1571 de-‘

428 1607 745 1661 trimentum
771 1622 927 1662 suum
963 1614 1211 1677 quzerunt
1233 1606 1349 1660 fieri
1376 1606 1728 1677 suppletionis
1748 1620 2005 1675 augmen-

432 1704 566 1748 tum.
600 1697 747 1751 Freti
776 1712 905 1767 ergo
933 1698 1272 1751 multitudine
1295 1706 1350 1751 ct
1374 1712 1597 1752 assensu
1622 1695 2001 1767 plurimorum,

2105 510 2406 564 venientem
2436 524 2495 563 se
2515 508 2745 563 contulit
2772 517 2884 563 tota
2911 508 2998 562 illa
3016 508 3174 563 factio
3197 508 3416 562 inimica
3445 507 3677 578 impera-

2107 599 2269 663 toris;
2294 598 2408 667 ipse
2438 607 2616 653 tamen
2643 599 2783 653 nihil»
2803 607 2929 653 tunc
2958 599 3212 669 temporis
3255 598 3396 669 patri
3428 599 3675 655 intulisse

2107 690 2255 744 visus
2280 697 2365 744 est
2386 690 2688 755 dedecoris,
2711 689 2961 759 probavit
2985 697 3166 744 autem
3187 704 3305 759 quae
3326 698 3480 758 gesta
3502 698 3680 745 erant.

2108 779 2350 848 Denique
2375 778 2693 834 Heribertus
2715 778 2977 834 Bernardi
3008 778 3197 844 frater,
3229 779 3493 834 luminum
3521 782 3683 836 amis-

2108 871 2257 925 sione
2280 871 2566 926 muletatus
2597 879 2682 926 est
2708 880 2898 926 contra
2931 879 3115 926 votum
3148 872 3518 942 imperatoris,
3561 873 3685 929 Odo

2107 961 2463 1015 consobrinus
2492 960 2635 1015 illius
2669 961 2833 1015 armis
2882 960 3074 1015 ablatis
3106 962 3296 1016 exsilio
3343 962 3681 1032 deportatus,

2111 1060 2368 1121 tanquam
2413 1065 2600 1105 eorum
2633 1065 2753 1120 qua:
2787 1049 3061 1105 Bernardo
3103 1059 3160 1105 et
3191 1050 3391 1120 regina:
3420 1051 3685 1106 acclama-

2108 1140 2304 1195 bantur
2342 1141 2544 1195 conscii
2597 1149 2653 1195 et
2696 1140 2957 1195 fautores.
3010 1140 3072 1194 In
3099 1140 3296 1195 talibus
3353 1156 3488 1211 ergo
3512 1142 3684 1197 consi-

2109 1240 2279 1297 stens,
2324 1231 2439 1287 solo
2488 1232 2706 1287 nomine
2756 1232 3075 1301 imperator,
3127 1239 3369 1286 azstatem
3401 1233 3681 1302 transegit.

2107 1325 2241 1380 Cum
2289 1334 2471 1381 autem
2522 1328 2749 1382 instaret
2788 1327 3118 1383 autumnalis
3150 1328 3476 1397 temperies,
3504 1329 3545 1382 ii
3596 1330 3683 1400 qui

2110 1415 2421 1485 imperatori
2469 1419 2742 1472 contraria
2785 1418 3094 1474 sentiebant
3118 1420 3309 1474 alicubi
3356 1419 3413 1474 in
3456 1419 3686 1476 Francia

2108 1513 2435 1560 conventum
2455 1507 2761 1576 generalem
2792 1507 2907 1562 ﬁeri
2936 1509 3208 1563 volebant.
3262 1509 3569 1580 Imperator
3592 1526 3686 1565 au-

2109 1604 2215 1650 tem
2230 1596 2473 1652 clanculo
2488 1598 2850 1663 obnitebatur,
2875 1597 3118 1653 difﬁdens
3133 1598 3382 1664 Francis,
3408 1600 3685 1670 magisque

2110 1703 2168 1744 se
2191 1690 2418 1745 credens
2443 1689 2748 1745 Germanis.
2776 1690 3023 1745 Obtinuit
3064 1699 3245 1746 tamen
3286 1692 3561 1746 sententia
3586 1693 3684 1746 im-

434 1785 602 1838 lilium
655 1787 999 1855 imperatoris
1036 1789 1320 1857 Pippinum
1351 1787 1569 1853 adeunt,
1605 1788 2005 1857 prmtendentes

2112 1780 2381 1849 peratoris
2402 1788 2463 1833 ut
2492 1780 2817 1851 Niumagum
2842 1780 3073 1851 populus
3101 1781 3437 1835 conveniret.
3486 1782 3689 1838 Verens

436 1876 792 1945 abjcctionem
821 1879 927 1943 sui,
955 1878 1213 1933 Bernardi
1238 1878 1599 1944 insolentiam,
1618 1887 1672 1933 et
1691 1887 2008 1934 caeterorum

435 1967 836 2036 despectionem
868 1987 880 2021 :
935 1978 1238 2024 asserentes
1273 1970 1437 2025 etiam
1463 1986 1586 2025 eum
1623 2010 1637 2036 ,
1688 1971 1833 2039 quod
1863 1970 2010 2025 dictu

436 2060 589 2115 nefas
620 2102 635 2126 ,
676 2061 815 2115 thori
863 2062 1071 2130 paterni
1126 2062 1507 2116 incestatorem
1545 2076 1560 2113 :
1601 2077 1765 2130 porro
1799 2068 2010 2129 patrem

433 2152 566 2206 ιιιιεο
581 2152 902 2220 quibusdam
920 2151 1210 2221 praestigiis
1230 2151 1437 2205 elusum
1451 2192 1464 2216 ,
1495 2159 1554 2204 ut
1575 2151 1689 2204 haec
1719 2166 1827 2204 non
1850 2149 2012 2204 modo

436 2258 543 2295 non
576 2241 883 2306 vindicare,
926 2242 1019 2296 sed
1050 2256 1151 2296 nec
1185 2241 1467 2296 advertere
1494 2249 1696 2310 posset.
1749 2239 2013 2309 Oportere

431 2344 585 2399 ergo,
610 2330 881 2393 dicebant,
912 2330 1112 2384 bonum
1138 2331 1310 2385 ﬁlium
1359 2331 1578 2401 indigne
1609 2330 1753 2385 ferre
1775 2330 2011 2385 dedecus

433 2427 743 2490 paternum,
791 2420 1094 2490 ablatisque
1117 2436 1148 2475 e
1174 2422 1353 2476 medio
1382 2422 1671 2476 restituere
1716 2428 1928 2490 patrem
1958 2430 2013 2476 et

435 2512 602 2566 menti
627 2518 681 2565 et
710 2511 960 2581 dignitati
988 2529 1003 2577 ;
1035 2520 1089 2566 et
1116 2512 1219 2566 hoc
1249 2520 1498 2580 agentem
1523 2527 1630 2566 non
1661 2511 1835 2566 solum
1866 2510 2010 2565 fama

431 2603 648 2658 virtutis
673 2612 1112 2673 prosequcretur,
1144 2604 1237 2658 sed
1264 2605 1426 2658 etiam
1458 2604 1807 2673 amplificatio
1851 2603 2006 2673 regni

435 2694 733 2759 terrestris,
760 2694 864 2748 hoc
887 2694 1105 2748 nomine
1129 2703 1488 2763 praetexentes
1504 2695 1739 2764 culpam.
1770 2694 1866 2749 llis
1879 2708 2009 2763 ergo

434 2784 803 2839 incitamentis
831 2784 1053 2839 allectus
1070 2786 1306 2854 juvenis,
1331 2801 1454 2840 cum
1483 2786 1565 2840 eis
1589 2794 1645 2841 et
1679 2784 1865 2839 multis
1908 2798 2006 2838 co-

433 2873 540 2944 piis
566 2889 787 2928 suorum
822 2889 921 2943 per
947 2874 1388 2929 Aurelianensem
1417 2878 1627 2941 urbem,
1651 2875 1863 2930 sublato
1888 2875 2013 2929 inde

430 2964 637 3032 0.lone,
666 2978 723 3021 et
748 2968 999 3023 restituto
1019 2967 1288 3033 Matfrido,
1322 2967 1706 3022 Werimbriam
1734 2984 1907 3038 usque
1929 2982 2032 3022 ve-

432 3065 647 3113 nerunt.
674 3058 745 3111 At
769 3073 898 3112 vero
939 3060 1231 3128 imperator
1253 3066 1312 3113 ut
1337 3074 1523 3113 eorum
1554 3060 2013 3129 conspirationem

431 3158 619 3204 contra
663 3164 723 3204 se
764 3160 819 3203 et
849 3165 1071 3205 uxorem
1103 3150 1542 3220 Bernardumque
1587 3151 2014 3206 obstinatissime

434 3240 701 3307 comperit
713 3239 957 3294 feraliter
970 3248 1261 3305 armatam,
1282 3240 1618 3295 Bernardum
1633 3242 1854 3310 quidem
1876 3241 2016 3312 fugae

436 3334 691 3403 prtesidio
736 3348 795 3388 se
842 3334 1186 3388 committere
1232 3335 1516 3403 permisit;
1558 3350 1787 3390 uxorem
1833 3344 2015 3389 autem

433 3425 678 3480 Lauduni
698 3440 837 3491 esse,
890 3433 945 3480 et
993 3425 1046 3479 in
1077 3426 1404 3481 monasterio
1432 3435 1635 3481 sanctae
1670 3426 1851 3481 Maria:
1881 3441 2013 3481 con-

435 3516 630 3570 sistere
657 3515 859 3581 voluit;
888 3517 1004 3585 ipse
1024 3523 1204 3570 autem
1230 3516 1619 3587 Compendium
1640 3515 1815 3587 petiit.
1841 3515 2014 3572 Porro

432 3605 468 3658 ii
522 3604 771 3675 quicum
809 3604 1037 3675 Pippino
1086 3604 1470 3660 Werimbriam
1514 3615 1801 3671 venerunt,
1841 3606 2013 3662 misso

438 3696 659 3751 Werino
688 3695 884 3767 [Infra,
911 3696 1160 3770 Warino]
1181 3706 1237 3752 et
1255 3698 1572 3765 Lantberto,
1591 3698 1818 3768 aliisque
1844 3713 2011 3769 quam

431 3789 697 3859 plurimis,
734 3787 918 3845 Iudith
950 3791 1194 3862 reginam
1236 3806 1303 3846 ex
1332 3792 1554 3847 civitate
1583 3792 2013 3861 monasteriique

434 3880 657 3935 basilica
686 3880 958 3948 eductam,
1000 3882 1069 3936 ad
1100 3896 1159 3937 se
1179 3881 1400 3952 perduci
1427 3880 1690 3937 fecerunt.
1715 3880 1884 3948 Quam
1914 3896 2010 3936 us-

433 3985 538 4039 que
563 3971 697 4027 adeo
729 3971 992 4027 intentata
1018 3987 1116 4041 per
1140 3972 1340 4028 diversi
1365 3973 1580 4044 generis
1621 3986 1816 4044 poenas
1836 3981 2012 4027 morte

434 4062 680 4131 adegere,
709 4069 770 4115 ut
795 4063 1140 4131 promitteret
1158 4077 1240 4128 se,
1270 4063 1317 4117 si
1332 4063 1435 4118 sibi
1460 4062 1617 4131 copia
1639 4063 1863 4117 daretur
1887 4075 2012 4116 cum

432 4152 755 4221 imperatore
779 4153 1052 4222 loquendi,
1072 4169 1457 4223 persuasuram
1478 4162 1744 4224 quatenus
1780 4154 2012 4222 impera-

432 4250 539 4307 tor,
568 4241 795 4310 abjeetis
818 4244 984 4297 armis
1010 4244 1288 4313 comisque
1302 4246 1509 4310 recisis,
1537 4246 1869 4301 monasterio
1893 4259 2012 4300 sese

434 4332 730 4398 conferret,
767 4346 826 4388 se
852 4334 1020 4389 etiam
1048 4335 1302 4405 imposito
1330 4337 1450 4392 velo
1471 4338 1637 4408 capiti
1668 4338 1854 4393 itidem
1892 4338 2007 4392 fae-

437 4426 636 4480 turatn.
687 4424 860 4492 Quam
912 4442 1027 4482 rem
1063 4430 1282 4497 quando
1326 4430 1448 4499 plus
1492 4430 1783 4501 cupiebant
1818 4471 1832 4496 ,
1860 4437 2011 4484 tanto

436 4516 649 4572 facilius
681 4517 1044 4574 crediderunt.
1076 4518 1255 4576 Missis
1298 4521 1442 4575 enim
1474 4536 1595 4577 cum
1631 4535 1696 4575 ea
1744 4520 2012 4591 aliquibus

429 4630 651 4671 suorum
681 4656 696 4681 ,
752 4616 820 4669 ad
861 4616 1245 4686 imperatorem
1298 4633 1471 4688 usque
1502 4617 1868 4672 deduxerunt.
1911 4616 2011 4672 Cui

434 4720 557 4760 cum
582 4705 671 4760 ille
690 4706 955 4761 secretius
978 4720 1160 4760 secum
1189 4706 1441 4776 loquendi
1493 4707 1768 4762 licentiam
1796 4708 2009 4778 praesti-

434 4800 608 4865 tisset,
635 4798 984 4869 permittente
1031 4799 1122 4853 illo
1168 4808 1228 4853 ut
1254 4808 1486 4854 mortem
1517 4800 1748 4854 evadere
1800 4809 2006 4869 posset,

432 4891 547 4962 ipsa
583 4890 761 4945 velum
797 4890 902 4945 sibi
955 4889 1119 4959 capiti
1170 4891 1558 4960 superposuit:
1595 4891 1661 4945 de
1702 4892 2009 4947 attonsione

430 5005 590 5060 porro
634 5005 733 5044 sua
777 4990 1072 5059 imperator
1100 4996 1311 5058 tempus
1355 4988 1685 5044 deliberandi
1733 4989 2001 5059 poposcit.

359 5106 371 5115 -
430 5080 603 5138 'l‘anto
630 5081 774 5136 enim
804 5082 1118 5151 imperator,
1142 5081 1263 5137 aliis
1297 5082 1529 5152 benigne
1553 5097 1768 5150 semper
1790 5082 2002 5146 vivens,

432 5170 627 5239 injuste
672 5172 797 5227 odio
839 5171 1140 5237 laborabat,
1172 5178 1233 5225 ut
1260 5170 1482 5225 taederet
1523 5186 1617 5225 eos
1642 5171 1766 5224 vita:
1813 5169 2000 5238 ipsius,

430 5262 583 5332 cujus
625 5263 890 5320 beneficio
925 5263 1027 5318 nisi
1079 5263 1152 5318 illi
1180 5262 1431 5325 viverint,
1472 5259 1619 5329 juste
1656 5270 1712 5315 et
1757 5259 2005 5329 legaliter

431 5354 539 5408 vita
567 5356 884 5410 caruissent.
936 5353 1215 5410 Redeunte
1256 5368 1385 5423 ergo
1414 5352 1481 5407 ad
1532 5367 1592 5407 se
1624 5352 1826 5423 regina,
1882 5351 2003 5405 aliis

428 5444 645 5513 quidem
674 5445 829 5501 malis
851 5451 1239 5517 temperarunt,
1263 5443 1637 5499 acelamationi
1660 5450 1840 5498 autem
1857 5442 2002 5512 vulgi

432 5528 853 5601 consentientes,
883 5536 1073 5591 exsilio
1102 5552 1221 5590 eam
1249 5535 1523 5605 deportari
1545 5542 1599 5588 et
1625 5533 1679 5587 in
1724 5541 2000 5588 monaste‘

433 5623 515 5678 rio
543 5632 742 5679 sanctae
765 5626 1109 5695 Radegundis
1132 5626 1332 5679 retrudi
1352 5623 1646 5693 jusserunt.
1669 5623 1823 5678 Circa
1855 5639 2006 5676 men-

432 5722 547 5766 sem
580 5711 773 5766 Maium
819 5729 982 5783 porro
1032 5714 1174 5767 ﬁlius
1225 5715 1564 5783 imperatoris
1611 5713 1897 5768 Lotltarius
1938 5728 2005 5768 ex

2109 1884 2272 1939 porro
2299 1884 2367 1924 ne
2394 1870 2680 1925 multitudo
2719 1872 3117 1926 contrariorum
3140 1879 3421 1941 superaret
3450 1872 3689 1942 paucita-

2112 1967 2223 2014 tem
2291 1976 2511 2016 suorum
2565 1962 2803 2017 fidelium
2833 2003 2848 2028 ,
2895 1961 3058 2031 jussit
3102 1972 3164 2017 ut
3208 1964 3584 2033 unusquisque
3628 1964 3691 2018 ad

2112 2051 2253 2105 idem
2281 2052 2539 2121 placitum
2566 2055 2805 2120 veniens,
2830 2055 3061 2125 simplici
3093 2063 3337 2110 uteretur
3359 2064 3689 2111 commeatu.

2111 2139 2377 2210 Praecepit
2427 2144 2592 2221 etiajn
2652 2146 2905 2200 comitem
2943 2145 3293 2201 Lambertum
3341 2145 3529 2201 finium
3590 2146 3689 2201 sibi

2114 2230 2497 2301 deputatorum
2518 2234 2820 2290 custodiam
2846 2234 3069 2291 habere.
3094 2234 3411 2292 Belisachar
3435 2236 3692 2292 abbatem

2108 2321 2348 2392 justitias
2372 2323 2642 2380 facturum
2671 2342 2737 2382 eo
2781 2330 2995 2399 quoque
3023 2328 3243 2384 direxit.
3285 2328 3526 2385 Tandem
3556 2345 3696 2402 ergo

2114 2417 2436 2490 Niumagum
2461 2428 2683 2476 ventum
2705 2429 2807 2487 est,
2830 2423 3115 2493 omnisque
3151 2422 3443 2478 Germania
3470 2438 3540 2478 eo
3566 2440 3699 2479 cono

2114 2506 2287 2575 ﬂuxit,
2317 2510 2631 2580 imperatori
2669 2512 2869 2566 auxilio
2906 2510 3107 2567 futura.
3154 2513 3453 2583 Imperator
3505 2522 3695 2567 autem

2117 2602 2304 2657 volens
2333 2603 2508 2658 adhuc
2526 2604 2672 2659 vires
2693 2603 3131 2659 adversariorum
3152 2612 3459 2670 attenuare,
3491 2603 3703 2658 Hildui-

2113 2708 2240 2747 num
2264 2694 2515 2749 abbatem
2541 2693 2787 2765 culpans,
2816 2695 3167 2767 interrogavit
3198 2711 3314 2762 cur,
3345 2711 3470 2751 cum
3492 2696 3703 2766 simpli—

2114 2783 2249 2837 citer
2278 2784 2461 2837 venire
2478 2784 2663 2853 jussus
2697 2785 2788 2849 sit,
2817 2784 3088 2840 hostiliter
3111 2785 3411 2841 advenerit.
3443 2784 3548 2851 Qui
3576 2800 3701 2839 cum

2114 2890 2312 2945 negare
2356 2877 2623 2946 nequiret,
2665 2879 2924 2933 continuo
2951 2894 3018 2934 ex
3068 2878 3270 2949 palatio
3316 2880 3470 2933 exire
3511 2881 3703 2949 jussus

2114 2972 2197 3019 est
2223 2982 2235 3018 :
2263 2974 2461 3020 etcum
2490 2968 2832 3035 paucissimis
2858 2968 3167 3024 hominibus
3185 2969 3331 3037 justa
3349 2969 3702 3024 Patrisbrun-

2117 3070 2242 3110 nam
2278 3056 2333 3110 in
2360 3058 2745 3128 expeditionali
2773 3056 3124 3115 tabernaculo
3168 3061 3435 3115 hiemare.
3467 3059 3699 3114 Walacb

2117 3148 2286 3203 abbas
2318 3146 2504 3217 jussus
2536 3157 2623 3205 est
2654 3149 2721 3203 ad
2751 3151 3147 3206 monasterium
3191 3150 3374 3205 redire
3429 3150 3696 3212 Corbeiae,

2117 3238 2300 3308 ibique
2323 3240 2641 3311 regulariter
2661 3240 2961 3297 obversari.
3001 3240 3127 3297 Haec
3163 3256 3288 3296 eum
3309 3242 3349 3296 ii
3377 3241 3474 3311 qui
3522 3242 3699 3312 impe-

2118 3329 2287 3383 ratori
2309 3329 2644 3384 adversaturi
2670 3339 3058 3398 convenerant,
3084 3332 3462 3402 providerent,
3509 3333 3582 3388 ad
3616 3334 3702 3389 de-

2116 3420 2480 3489 sperationem
2502 3420 2751 3476 ultimam
2773 3421 2992 3479 infracti
3013 3423 3222 3479 viribus
3246 3437 3367 3478 sese
3390 3431 3698 3480 verterunt.

2115 3510 2357 3579 Denique
2406 3525 2507 3580 per
2534 3519 2704 3567 totam
2735 3522 2951 3569 noctem
2979 3521 3258 3577 coeuntes,
3302 3522 3471 3584 atque
3507 3515 3578 3570 ad
3605 3516 3699 3570 ba-

2113 3603 2412 3659 bitaeulum
2462 3604 2704 3660 Lotltarii
2748 3606 3095 3678 imperatoris
3142 3607 3238 3662 lilii
3286 3608 3695 3671 convenientes.

2114 3692 2474 3748 hortabantur
2522 3703 2616 3749 aut
2654 3695 2796 3751 bello
2825 3696 3240 3769 conﬂigendum,
3273 3707 3370 3753 aut
3409 3697 3698 3767 aliquose-

2117 3784 2419 3840 cedendum
2449 3786 2654 3855 absque
2685 3787 3027 3859 imperatoris
3056 3790 3351 3847 voluntate.
3380 3791 3439 3846 In
3466 3807 3574 3862 qua
3609 3792 3696 3847 de-

2113 3875 2433 3933 liberatione
2455 3893 2580 3933 cum
2611 3887 2779 3934 totam
2809 3881 3196 3951 expendisseut
3233 3890 3451 3939 noctem
3476 3926 3493 3946 ,
3542 3899 3696 3939 mane

2115 3969 2413 4039 imperator
2435 3970 2549 4027 filio
2574 3973 2796 4027 mandat
2825 3989 2894 4029 ne
2912 3975 3148 4031 inimicis
3167 3976 3554 4031 communibus
3579 3991 3697 4030 cre-

2115 4060 2227 4125 dat,
2261 4060 2357 4114 sed
2413 4060 2482 4115 ad
2517 4077 2576 4117 se
2622 4070 2879 4132 tanquam
2931 4063 2999 4118 ad
3048 4072 3258 4135 patrem
3302 4063 3448 4119 ﬁlius
3494 4065 3692 4119 veniat.

2113 4150 2317 4218 Quibus
2343 4152 2433 4207 ille
2457 4153 2679 4220 auditis,
2716 4154 2843 4210 licet
2891 4155 3303 4211 dehortantibus
3328 4157 3422 4226 qui
3460 4156 3610 4211 circa
3634 4156 3695 4209 il-

2112 4244 2223 4299 lum
2248 4250 2422 4308 erant,
2466 4244 2532 4298 ad
2568 4255 2777 4314 patrem
2808 4247 2976 4301 venit.
3016 4247 3061 4301 Δ
3084 4263 3191 4316 quo
3234 4263 3343 4303 non
3387 4256 3475 4303 est
3499 4262 3688 4317 aspera

2114 4336 2484 4407 increpatione
2519 4338 2785 4404 invectus,
2832 4339 2928 4394 sed
2958 4339 3198 4394 modesta
3244 4339 3473 4395 leuitate
3511 4355 3693 4395 corre-

2115 4433 2253 4482 ctus.
2282 4426 2529 4497 Ingresso
2559 4437 2739 4483 autem
2767 4429 2858 4485 illo
2888 4430 3031 4485 intra
3056 4421 3237 4501 penita
3263 4431 3430 4502 regia:
3479 4433 3686 4497 domus,

2117 4517 2327 4573 diaboli
2350 4518 2696 4589 instigatione
2727 4520 2921 4590 vulgus
2956 4531 3147 4577 contra
3193 4538 3253 4579 se
3278 4524 3451 4595 cepit
3491 4524 3686 4587 furere.

2116 4611 2576 4682 processissetque
2598 4612 2751 4668 furor
2771 4628 2942 4683 usque
2970 4614 3038 4669 ad
3063 4624 3305 4670 mutuam
3335 4616 3564 4683 caedem,
3590 4616 3687 4672 nisi

2112 4704 2464 4775 imperatoria
2515 4705 2801 4775 prudentia
2838 4707 3227 4777 prospexisset.
3266 4707 3405 4761 Dum
3434 4708 3582 4764 enim
3616 4706 3686 4762 illi

2112 4794 2256 4850 inter
2300 4810 2362 4850 se
2409 4795 2836 4861 tumultuantes,
2884 4811 3023 4865 pene
3060 4798 3116 4852 in
3159 4812 3418 4852 vesanum
3456 4798 3687 4854 furorem

2111 4892 2352 4949 ruerent,
2377 4885 2673 4954 imperator
2690 4887 2758 4942 ad
2777 4894 3095 4942 cunctorum
3124 4896 3408 4957 aspectum
3434 4904 3563 4945 cum
3590 4889 3688 4944 ﬁlio

2114 4978 2402 5045 processit.
2438 4980 2556 5045 Quo
2601 4979 2772 5045 facto,
2819 4981 2998 5036 omnis
3027 4981 3119 5035 illa
3172 4980 3363 5038 feralis
3396 4984 3686 5040 commotio

2112 5070 2439 5138 conquievit.
2470 5070 2818 5143 Imperatoria
2838 5074 2987 5128 enim
3012 5075 3260 5130 oratione
3279 5077 3494 5141 audita,
3521 5077 3688 5133 omnis

2112 5158 2388 5227 popularis
2444 5161 2705 5217 tumultus
2752 5162 2995 5219 facessit.
3049 5162 3178 5220 Post
3229 5165 3349 5220 hzee
3398 5165 3687 5237 imperator

2110 5262 2302 5304 omnes
2326 5250 2541 5306 illorum
2568 5249 2935 5324 bujusimpia:
2961 5255 3385 5325 conspirationis
3417 5258 3685 5327 principes

2110 5343 2211 5399 sub
2228 5341 2437 5412 privata
2464 5345 2706 5399 custodia
2747 5345 3018 5400 asservari
3038 5347 3311 5416 praecepit.
3336 5347 3487 5415 Quos
3506 5359 3683 5420 postca

2111 5434 2178 5487 ad
2206 5432 2470 5501 judicium
2516 5433 2796 5499 adductos,
2837 5449 2959 5489 cum
3007 5450 3196 5491 omnes
3240 5436 3385 5506 juris
3430 5451 3682 5492 censores

2112 5525 2317 5593 filiique
2338 5525 2680 5592 imperatoris
2701 5524 2908 5595 judicio
2930 5524 3112 5597 legali,
3137 5532 3397 5595 tanquam
3426 5543 3552 5582 reos
3579 5542 3683 5581 ma-

2106 5618 2341 5686 iestatis,
2368 5618 2723 5673 decernerent
2743 5619 2959 5688 capitali
2982 5620 3251 5675 sententia
3272 5618 3451 5684 feriri,
3483 5618 3681 5673 nullum

2114 5726 2177 5763 ex
2210 5710 2288 5763 eis
2331 5707 2573 5779 permisit
2610 5708 2820 5763 occidi:
2867 5707 2960 5763 sed
3006 5724 3159 5777 usus,
3197 5717 3255 5764 ut
3287 5708 3473 5765 multis
3515 5709 3683 5761 visum
