3922 6180
231 337 329 394 961

1763 341 1945 396 VITA.

3379 339 3482 395 962

229 458 339 514 est,
390 448 582 504 leniori
610 463 771 517 quam
810 448 997 503 debuit
1038 448 1261 518 pietate,
1312 450 1415 506 sibi
1468 458 1646 506 tamen
1675 469 1807 508 con-
1836 461 1884 517 Α
1913 452 2021 506 Sed
2068 451 2422 506 considerans
2470 451 2764 521 itnperator
2811 454 3164 520 quorumdam
3213 439 3480 511 malorum

232 547 392 594 sueto
414 538 761 608 benignitatis
787 547 844 593 et
871 539 1172 594 clementia:
1190 554 1367 605 more,
1397 541 1568 596 laicos
1589 542 1803 612 quidem

228 631 491 702 praecepit
521 630 658 685 locis
692 632 1010 700 opportunis
1059 631 1366 698 attonderi;
1410 633 1640 689 clericos
1679 648 1805 688 vero

229 723 283 777 in
319 720 766 778 convenientibus
787 721 973 775 itidem
1008 723 1355 793 monasteriis
1381 724 1659 778 custodiri.
1787 715 1799 730 '

298 813 397 869 His
418 814 659 883 peractis
679 814 749 868 ad
774 813 1122 868 biemandum
1144 815 1440 885 imperator
1462 817 1803 888 Aquasgrani

226 903 454 959 secessit
482 902 653 974 (851).
695 902 896 958 Habuit
928 912 1109 958 autem
1146 920 1246 975 per
1291 906 1434 962 idem
1466 915 1679 978 tempus
1720 924 1804 964 se-

224 1007 352 1048 cum
385 1005 604 1060 semper
622 992 936 1046 Lotharium
957 992 1126 1047 filium
1147 1009 1325 1049 suum.
1347 995 1492 1050 Misit
1519 997 1724 1052 interea
1748 999 1804 1052 in

224 1083 569 1154 Aquitaniam
599 1123 615 1149 ,
643 1084 1035 1154 conjugemque
1064 1088 1360 1153 revocavit,
1409 1087 1715 1158 fratresque
1743 1091 1806 1145 il-

225 1173 333 1228 lius
378 1172 685 1227 Conradum
738 1181 793 1228 et
837 1173 1125 1229 Rodulfum
1168 1173 1488 1243 jamdudum
1536 1187 1801 1235 attonsos.

227 1263 402 1329 Quam
459 1272 639 1318 tamen
692 1265 934 1335 conjugis
981 1267 1188 1322 honore
1239 1283 1347 1324 non
1396 1277 1480 1324 est
1527 1270 1799 1340 dignatus,

228 1356 403 1411 donec
429 1371 488 1411 se
508 1355 664 1426 legali
694 1357 1011 1439 praescripto
1037 1358 1196 1414 modo
1240 1361 1309 1415 ab
1335 1360 1562 1429 objectis
1604 1378 1802 1432 purga-

226 1453 326 1500 ret.
363 1444 515 1511 Quod
566 1454 851 1515 postquam
899 1455 1111 1516 gestum
1155 1457 1267 1514 est,
1320 1451 1372 1504 in
1420 1450 1805 1507 Puriﬁcatione

224 1540 432 1587 sanctae
462 1532 664 1599 Mariae,
697 1534 906 1589 cunctis
940 1534 1247 1603 dijudicatis
1275 1538 1343 1592 ad
1372 1550 1599 1594 mortem
1634 1542 1803 1595 vitam

224 1621 510 1679 concessit.
554 1622 624 1675 At
669 1621 987 1678 Lotharium
1034 1625 1087 1678 in
1136 1625 1362 1692 Italiam,
1412 1627 1699 1697 Pippinum
1748 1631 1803 1685 in

222 1714 594 1785 Aquitaniam,
623 1714 957 1771 Ludovicum
986 1717 1041 1770 in
1072 1716 1369 1785 Bajoariam
1408 1721 1487 1775 ire
1516 1722 1801 1791 permisit:

1910 542 2188 596 hominum
2217 540 2466 605 consilia,
2519 540 2614 595 ﬁlii
2662 536 2903 595 animum
2958 550 3068 595 tam
3106 545 3267 599 minis
3317 562 3482 615 quam

1906 630 2357 698 promissionibus
2372 630 2439 684 ad
2458 630 2728 685 deteriora
2743 628 3115 684 festinantium
3137 642 3479 701 pervertere:

1906 722 2249 789 maximeque
2278 722 2608 775 Bernardum
2668 735 2896 786 verens,
2943 721 3099 791 cujus
3137 722 3364 777 consilio
3403 726 3483 777 uti

1908 823 2034 869 tunc
2055 813 2336 869 dicebatur
2376 813 2636 883 Pippinus
2665 811 2779 884 (qui
2807 821 2864 867 et
2891 813 3006 882 ipse
3030 821 3158 868 tunc
3185 815 3238 868 in
3264 814 3491 885 Aquita-

1905 905 1995 959 nia
2016 904 2370 975 morabatur),
2401 905 2578 974 Ligeri
2616 913 2950 960 transmeato
2979 945 2994 971 ,
3035 921 3158 959 cum
3204 922 3302 961 suo
3330 922 3481 961 com-

1906 1004 2086 1050 meatu
2118 997 2185 1050 ad
2215 995 2603 1051 Jocundiacum
2629 994 2887 1064 palatium
2916 995 3084 1060 venit,
3120 996 3172 1049 in
3204 997 3483 1051 territorio

1904 1087 2191 1143 Lemovico
2213 1090 2397 1143 situm.
2417 1087 2534 1154 Quo
2557 1087 2818 1140 ventilata
2840 1087 3122 1155 utriusque
3143 1102 3328 1153 causa,
3357 1088 3482 1143 Ber-

1905 1178 2107 1233 nardus
2133 1178 2352 1249 quidem
2379 1193 2503 1232 cum
2534 1176 2940 1231 insimularetur
2980 1177 3339 1243 infidelitatis,
3384 1192 3483 1231 nec

1905 1275 2087 1323 tamen
2115 1284 2285 1338 usque
2309 1268 2378 1323 ad
2420 1266 2859 1338 congressionem
2902 1267 3160 1335 probator
3188 1266 3484 1336 procedere

1914 1358 2093 1424 vellet,
2134 1359 2431 1413 honoribus
2477 1360 2719 1428 privatus
2760 1365 2863 1411 est.
2917 1356 3205 1426 Pippinum
3256 1372 3387 1411 vero
3413 1357 3483 1409 ob

1903 1463 2196 1517 pravorum
2238 1463 2450 1503 morum
2495 1447 2921 1517 corruptionem,
2953 1446 3056 1501 sub
3104 1447 3345 1501 custodia
3374 1448 3484 1516 pri-

1910 1547 2036 1592 vata
2079 1537 2346 1593 Treveros
2374 1536 2597 1607 perduci
2627 1534 2809 1604 jussit.
2843 1537 2959 1603 Quo
3007 1552 3127 1590 cum
3175 1537 3479 1598 duceretur,

1902 1637 1960 1683 et
2006 1628 2370 1699 indulgentius
2420 1627 2732 1692 haberetur,
2778 1641 2808 1680 a
2841 1626 2956 1681 suis
3011 1626 3269 1680 custodiae
3320 1635 3482 1679 noctu

1906 1720 2224 1774 subducitur
2252 1759 2266 1782 ,
2326 1726 2380 1772 et
2436 1732 2609 1786 usque
2645 1718 2714 1771 ad
2767 1716 3111 1786 imperatoris
3155 1714 3385 1769 reditum
3414 1714 3483 1767 ab

223 1806 339 1875 ipse
360 1820 489 1861 vero
507 1804 982 1876 Quadragesimale
1014 1815 1223 1879 tempus
1242 1809 1572 1879 Pascbzeque
1601 1811 1797 1866 solem-
1822 1809 1870 1868 B
1895 1806 2209 1877 Aquitania,
2236 1822 2675 1877 quaquaversum
2704 1807 2871 1861 valuit
2900 1813 2954 1859 et
2976 1805 3180 1870 voluit,
3217 1819 3479 1873 pervaga-

223 1897 446 1951 nitatem
477 1896 532 1950 in
556 1911 623 1952 eo
652 1895 770 1952 loco
790 1896 1105 1952 celebravit.
1133 1898 1484 1954 Paschalibus
1517 1914 1648 1972 ergo
1673 1915 1793 1971 per-

220 1988 357 2042 actis
395 1987 692 2054 solemniis,
734 1990 800 2044 ad
846 1989 1139 2062 lngelbeim
1182 1992 1479 2061 imperator
1528 1994 1787 2063 perrexit.

220 2078 339 2150 ipso
358 2080 589 2150 denique
627 2088 866 2151 tempore
910 2093 1182 2138 consueta:
1234 2084 1622 2140 misericordiae
1674 2102 1785 2141 non

219 2170 525 2236 immernor,
551 2186 693 2240 quae,
731 2173 871 2227 sicut
894 2174 961 2228 de
984 2188 1043 2228 se
1066 2175 1144 2228 ait
1165 2173 1289 2240 Job,
1328 2176 1396 2257 ab
1426 2176 1596 2230 initiis
1622 2177 1794 2231 crevit

220 2276 345 2315 cum
369 2262 478 2326 illo,
520 2270 576 2317 et
594 2262 662 2318 de
684 2271 840 2318 utero
861 2265 1052 2319 matris
1077 2265 1292 2319 videtur
1324 2282 1447 2320 cum
1472 2268 1588 2335 ipso
1610 2281 1794 2337 egres-

222 2368 285 2409 sa
319 2372 332 2407 :
366 2369 483 2419 eos,
510 2368 648 2423 quos
676 2354 877 2409 dudum
899 2355 1241 2424 exigentibus
1268 2357 1480 2411 meritis
1500 2374 1598 2426 per
1618 2360 1795 2413 diver-

224 2460 282 2498 sa
333 2445 450 2499 loca
498 2446 872 2513 deputaverat,
917 2454 1193 2512 evocatos,
1245 2448 1402 2503 bonis
1447 2450 1682 2518 propriis
1713 2464 1798 2504 re-

224 2533 425 2599 stituit,
453 2542 509 2590 et
546 2536 592 2589 si
618 2535 710 2603 qui
735 2536 933 2590 attonsi
967 2536 1200 2603 fuerant,
1231 2545 1413 2592 utrum
1442 2540 1521 2594 sic
1552 2555 1795 2608 manere,

236 2638 309 2678 an
352 2624 407 2677 in
435 2623 678 2678 habitum
701 2625 988 2694 pristinum
1017 2627 1193 2682 redire
1243 2626 1461 2694 vellent,
1485 2627 1796 2686 facultatem

227 2713 544 2767 contribuit.
595 2714 801 2770 Dehinc
848 2716 1145 2787 imperator
1192 2718 1247 2772 in
1287 2727 1471 2788 partes
1520 2720 1797 2779 Rumerici

233 2803 436 2857 montis
462 2821 561 2875 per
581 2805 853 2878 Vosagum
885 2809 1138 2864 transiit:
1168 2810 1352 2880 ibique
1392 2812 1680 2881 piscationi
1711 2824 1797 2871 at-

220 2910 328 2963 que
372 2897 668 2963 venationi,
714 2900 963 2969 quandiu‘
1001 2900 1182 2967 libuit,
1236 2902 1505 2969 indulsit,
1546 2913 1602 2960 et
1628 2905 1798 2961 ﬁlium

221 2985 538 3043 Lotharium
564 2990 617 3043 in
646 2989 852 3046 Italiam
874 2993 1089 3047 direxit.
1123 2993 1292 3051 Porro
1317 2998 1561 3052 autumni
1593 3006 1799 3068 tempo-

222 3092 283 3130 re
310 3078 365 3131 in
392 3078 696 3135 Theodonis
722 3082 903 3137 villam
950 3088 1241 3142 convenire
1284 3089 1610 3159 generaliter
1637 3107 1795 3146 suum

1895 1906 2003 1952 tur.
2037 1899 2106 1951 Et
2134 1906 2263 1952 tunc
2294 1898 2510 1967 quidem
2536 1898 2828 1968 imperator
2868 1898 3013 1951 inter
3042 1895 3182 1950 fdios
3213 1910 3337 1951 suos
3381 1896 3484 1951 Lo-

1895 1990 2130 2044 tbarium
2166 1998 2327 2059 atque
2355 1988 2605 2043 Carolum
2633 1990 2921 2059 quamdam
2968 1988 3285 2043 divisionem
3330 1990 3483 2059 regni

1893 2077 2192 2133 constituit.
2251 2078 2382 2144 Qua:
2444 2085 2625 2131 tamen
2689 2077 2995 2147 ingentibus
3049 2076 3478 2147 impedimentis,

1894 2182 2013 2237 quae
2040 2166 2267 2221 dicenda
2295 2174 2437 2232 sunt,
2469 2182 2566 2236 pro
2590 2176 2717 2222 voto
2738 2168 2961 2222 minime
2986 2170 3169 2224 cessit.
3211 2168 3290 2222 Eo
3318 2183 3482 2238 porro

1895 2264 2137 2325 tempore
2186 2257 2360 2311 visum
2399 2265 2484 2310 est
2533 2256 2849 2326 imperatori
2898 2258 2967 2313 ab
3005 2257 3298 2328 Aquitania
3334 2272 3484 2311 sece-

1895 2349 2056 2413 dere,
2114 2349 2210 2403 scd
2254 2357 2377 2417 post
2426 2364 2657 2417 paucum
2708 2357 2920 2418 tempus
2975 2349 3117 2403 idem
3146 2350 3212 2403 ad
3263 2349 3483 2403 missam

1896 2434 2071 2487 sancti
2127 2432 2341 2486 Martini
2412 2436 2670 2503 populum
2747 2435 3130 2499 convocavit,
3204 2434 3484 2501 ﬁliumque

1898 2522 2190 2592 Pippinum
2236 2521 2535 2592 fugientem
2562 2524 2629 2576 ad
2658 2536 2715 2576 se
2758 2537 2974 2592 quoquo
3008 2522 3169 2577 modo
3219 2537 3479 2577 revocare

1899 2614 2087 2669 voluit.
2121 2612 2227 2668 Sed
2256 2612 2347 2667 illo
2376 2614 2429 2667 id
2473 2612 2796 2683 refugiente,
2836 2613 3137 2682 asperrima
3177 2613 3371 2668 hiemis
3398 2613 3481 2667 in-

1900 2702 2090 2759 cubuit
2119 2692 2465 2756 inclementia
2493 2743 2509 2768 ,
2542 2703 2716 2772 primo
2742 2704 2962 2773 quidem
2985 2703 3288 2773 pluviarum
3312 2704 3482 2774 pluri-

1899 2811 2115 2849 marum
2170 2794 2522 2861 inundantia,
2574 2795 2766 2850 deinde
2816 2795 3276 2850 bumectationem
3324 2805 3482 2851 terra:

1899 2889 2114 2960 glaciali
2155 2889 2336 2961 rigore
2364 2890 2722 2960 astringente,
2767 2906 2888 2960 quae
2915 2891 3049 2946 adeo
3077 2891 3240 2946 noxia
3263 2889 3385 2956 fuit,
3418 2900 3479 2943 ut

1900 2979 2149 3035 subtritis
2171 2980 2399 3050 pedibus
2432 2981 2668 3051 equinis,
2718 2996 2876 3036 rarus
2921 2980 3148 3052 quisque
3194 2981 3337 3036 foret
3386 2982 3479 3049 qui

1902 3076 2152 3131 vectione
2199 3090 2462 3145 equorum
2486 3083 2748 3131 uteretur.
2803 3074 3001 3130 Fracto
3048 3090 3178 3146 ergo
3231 3076 3475 3130 exercitu

222 3168 479 3241 populum
530 3172 807 3241 prmccpit.
862 3174 921 3229 In
961 3190 1069 3244 quo
1102 3176 1220 3233 loco
1279 3142 1795 3251 :,.,’1.g;;{
1825 3142 1869 3204 C
1902 3167 2072 3222 multo
2098 3142 2300 3222 laboris
2325 3168 2700 3233 incommodo,
2736 3174 2792 3222 et
2842 3142 3161 3235 improvisos
3214 3181 3475 3221 excursus

221 3275 479 3314 cenorum
519 3276 552 3315 a
591 3265 971 3321 transmarinis
1014 3268 1261 3337 partibus
1301 3285 1501 3326 venere
1543 3272 1796 3344 (quorum

224 3350 332 3405 duo
361 3349 637 3419 Saraceni,
662 3368 800 3409 unus
813 3354 918 3411 fuit
934 3355 1299 3430 Christianus)
1330 3359 1622 3417 afferentes
1643 3378 1799 3432 gran-

225 3440 315 3496 dia
339 3454 559 3497 tnunera
587 3458 697 3499 sua:
727 3446 935 3515 patriae,
966 3448 1193 3505 odorum
1218 3449 1428 3507 scilicet
1463 3452 1675 3508 diversa
1704 3469 1797 3525 ge-

221 3546 354 3585 nera
380 3540 435 3587 et
463 3548 786 3602 pannorum.
836 3536 937 3604 Qui
978 3554 1112 3609 pace
1137 3542 1306 3610 petita
1349 3552 1405 3597 et
1431 3553 1674 3613 accepta,
1703 3561 1794 3600 re-

219 3620 374 3676 missi
394 3630 537 3676 sunt.
561 3622 747 3679 Adfuit
783 3626 949 3680 etiam
977 3626 1305 3694 Bernardus,
1345 3631 1436 3699 qui
1463 3633 1622 3686 modo
1650 3649 1785 3702 prte-

220 3709 387 3776 dicto,
435 3710 689 3782 fugiendo
726 3730 785 3770 se
814 3716 1054 3782 salvans,
1083 3717 1172 3771 diu
1197 3718 1252 3771 in
1282 3717 1480 3774 finibus
1510 3720 1789 3791 HiSpaniae

216 3801 583 3858 exsulaverat.
606 3804 657 3861 ls
674 3820 805 3877 ergo
831 3806 1216 3877 imperatorem
1239 3809 1426 3864 adiens
1453 3850 1467 3876 ,
1491 3812 1708 3866 modum
1734 3828 1794 3867 se

215 3892 483 3964 purgandi
503 3895 572 3950 ab
608 3910 674 3951 eo
703 3895 1000 3967 qumrebat,
1033 3912 1185 3953 more
1212 3898 1440 3955 Francis
1464 3901 1645 3967 solito,
1689 3903 1795 3958 sci-

216 3986 347 4041 licet
373 3987 577 4044 crimen
596 3989 870 4061 objicienti
891 3997 1064 4045 semet
1086 3990 1327 4062 objicere
1354 3992 1563 4060 volens,
1597 3995 1793 4049 armis-

215 4090 324 4143 que
348 4076 580 4147 impacta
608 4078 833 4135 diluere.
871 4078 979 4135 Sed
1007 4095 1130 4135 cum
1159 4091 1462 4149 accusator,
1497 4084 1623 4139 licet
1648 4100 1793 4155 qua:-

217 4165 380 4231 situs,
411 4166 655 4234 deesset,
681 4170 1024 4227 cessantibus
1058 4172 1226 4228 armis
1261 4176 1515 4245 purgatio
1541 4176 1686 4231 facta
1707 4185 1794 4231 est

210 4254 561 4324 iuramentis.
606 4258 946 4331 Praeceperat
996 4277 1162 4333 porro
1218 4265 1515 4335 imperator
1559 4277 1619 4322 ut
1666 4269 1793 4324 huic

216 4346 420 4416 placito
447 4347 591 4404 ﬁlius
619 4347 735 4418 ejus
757 4350 1019 4421 Pippinus
1056 4353 1361 4410 interesset.
1400 4354 1508 4412 Sed
1528 4357 1618 4413 ille
1652 4374 1785 4414 con-

214 4438 398 4492 ventui
424 4449 595 4495 semet
615 4441 903 4507 subtraxit,
919 4452 1041 4511 post
1065 4443 1324 4513 placitum
1337 4454 1517 4501 autem
1545 4448 1783 4503 advenit.

215 4528 513 4598 imperator
538 4539 720 4588 autem
743 4532 931 4588 volens
956 4541 1012 4588 et
1044 4534 1185 4589 hanc
1214 4535 1636 4593 inobedientiam
1673 4540 1792 4610 plu-

215 4619 518 4691 rimamque
542 4622 598 4677 in
616 4635 681 4678 eo
700 4624 968 4695 castigare
985 4639 1196 4680 morum
1218 4626 1579 4690 insolentiam,
1604 4643 1790 4684 secum

213 4726 342 4767 eum
370 4714 568 4769 morari
592 4715 775 4786 jussit,
800 4724 856 4771 et
880 4731 1054 4786 usque
1076 4716 1323 4772 Natalem
1354 4718 1567 4774 Domini
1603 4735 1789 4776 secum

213 4799 385 4870 Aquis
406 4803 594 4857 tenuit.
625 4803 730 4859 Sed
767 4804 856 4860 ille
880 4804 1021 4859 ultra
1046 4821 1201 4860 suum
1224 4821 1283 4861 se
1302 4807 1440 4863 velle
1462 4809 1637 4864 teneri
1670 4826 1793 4881 gra-

215 4902 394 4960 vatus,
414 4895 595 4966 fugam
621 4899 877 4969 capessit,
931 4906 988 4953 et
1001 4898 1173 4954 inscio
1198 4907 1353 4969 patre
1373 4900 1426 4954 in
1446 4900 1792 4971 Aquitaniam

212 4990 508 5045 concessit.
552 4990 855 5061 Imperator
880 5006 1011 5048 vero
1057 4992 1113 5047 in
1147 4992 1391 5047 hibernis
1416 5000 1475 5046 ut
1525 5004 1790 5064 cmperat,

213 5080 541 5153 Aquisgrani
578 5084 897 5151 permansit.

285 5167 494 5226 Hiemis
520 5187 653 5228 sane
691 5174 871 5244 rigore
892 5182 1189 5240 transacto,
1225 5183 1281 5229 et
1305 5175 1511 5229 vernali
1534 5190 1790 5230 successu

212 5262 462 5329 reducto,
492 5266 800 5321 nuntiatum
843 5273 927 5320 est
956 5267 1274 5337 imperatori
1314 5267 1576 5337 quosdam
1610 5277 1791 5323 motus

213 5354 482 5409 excitatos
502 5355 555 5409 in
592 5355 839 5425 Bajoaria
869 5356 1035 5429 (832).
1067 5357 1150 5412 Ad
1181 5373 1409 5427 quorum
1431 5360 1788 5429 compressio-

217 5459 340 5500 nem
371 5445 599 5502 festinus
625 5447 778 5513 abiit,
811 5448 879 5503 ad
922 5448 1267 5519 Ausburgum
1312 5462 1483 5518 usque
1516 5448 1783 5517 pervenit,

215 5535 548 5608 insurgentia
578 5539 807 5605 sedavit,
833 5538 1089 5594 continuo
1117 5538 1301 5603 rediit,
1354 5546 1787 5607 conventumque

216 5625 489 5695 publicum
534 5628 840 5684 Aurelianis
870 5629 986 5684 fieri
1025 5627 1209 5698 jussit,
1244 5627 1425 5698 ibique
1464 5628 1566 5682 sibi
1612 5626 1791 5697 Pippi-

220 5730 349 5770 num
376 5733 662 5775 occurrere
696 5720 990 5790 mandavit,
1018 5720 1108 5791 qui
1135 5719 1259 5775 licet
1286 5720 1485 5774 invitus
1526 5721 1782 5775 occurrit.

1898 3260 2299 3331 Aquitanorum
2327 3258 2553 3315 subinde
2582 3267 2637 3313 et
2665 3258 2892 3315 moleste
2913 3258 3138 3321 ferente,
3161 3258 3351 3312 statuit
3373 3258 3478 3310 im-

1897 3360 2121 3421 perator
2147 3352 2216 3405 ad
2246 3348 2425 3405 villam
2450 3351 2604 3421 cujus
2626 3349 2945 3406 vocabulum
2965 3360 3050 3405 est
3070 3349 3250 3405 Restis
3270 3350 3478 3416 venire,

1896 3449 2078 3519 ibique
2104 3448 2314 3520 Ligeris
2343 3461 2503 3502 amne
2545 3454 2897 3512 transmeato,
2945 3446 3001 3500 in
3043 3445 3329 3501 Franciam
3360 3446 3476 3499 hie-

1896 3548 2103 3593 matum
2138 3539 2338 3594 redire.
2393 3537 2546 3605 Quod
2572 3545 2627 3592 et
2671 3535 2801 3592 fecit
2831 3577 2846 3603 ,
2876 3536 3006 3590 licet
3037 3535 3218 3591 minus
3249 3537 3476 3590 honeste

1895 3643 2059 3697 quam
2089 3628 2288 3683 decuit.
2404 3691 2409 3695 θ

1967 3719 2161 3788 (855.)
2200 3718 2448 3772 Humano
2477 3732 2643 3785 porro
2673 3717 2860 3786 generi
2906 3715 3136 3785 pacique
3167 3714 3476 3769 contrarius

1896 3808 2144 3863 diabolus
2170 3847 2184 3873 ,
2228 3820 2570 3876 nequaquam
2624 3807 2693 3859 ab
2744 3804 3090 3861 infestatione
3130 3806 3473 3874 imperatoris

1895 3894 2211 3959 feriabatur,
2263 3895 2360 3949 sed
2396 3910 2495 3964 per
2528 3894 2819 3948 satellitum
2857 3910 3077 3950 suorum
3119 3895 3389 3950 versutias
3419 3896 3477 3948 ﬁ-

1894 3985 1996 4041 lios
2021 3984 2369 4051 sollicitabat,
2399 3984 2736 4055 persuadens
2763 3984 2870 4039 illis
2888 3985 3033 4054 quod
3060 3994 3216 4056 pater
3240 3985 3360 4040 illos
3388 3986 3475 4039 ul-

1897 4085 1982 4132 tro
2009 4076 2237 4147 perdere
2267 4075 2427 4130 vellet
2467 4089 2481 4129 :
2513 4090 2621 4129 non
2647 4074 3057 4132 considerantes
3086 4077 3229 4147 quod
3254 4076 3346 4145 qui
3375 4077 3477 4129 mi-

1894 4169 2001 4224 tior
2026 4169 2338 4224 hominibus
2360 4168 2600 4224 externis
2626 4176 2804 4235 esset,
2832 4168 3086 4225 immanis
3119 4184 3226 4224 non
3258 4178 3474 4239 poterat

1893 4262 2033 4317 ellici
2059 4262 2193 4317 suis.
2235 4260 2340 4316 Sed
2372 4260 2497 4330 quia
2524 4268 2881 4332 corrumpunt
2904 4261 3075 4317 bonos
3098 4276 3278 4316 mores
3310 4260 3473 4316 collo-

1892 4354 2017 4422 quia
2046 4353 2184 4407 mala
2209 4393 2225 4418 ,
2278 4359 2333 4407 et
2361 4351 2600 4422 lapidum
2637 4352 2802 4407 etiam
2830 4353 3083 4408 duritiam
3112 4352 3290 4407 mollis
3316 4366 3469 4421 aqua:

1893 4444 2102 4515 guttula
2132 4443 2328 4514 smpius
2359 4443 2499 4498 illisa
2531 4444 2810 4498 terebrare
2854 4443 3011 4508 solet,
3058 4443 3279 4498 tandem
3322 4444 3390 4497 ad
3419 4443 3471 4496 id

1896 4544 2117 4590 ventum
2140 4542 2226 4589 est
2254 4544 2314 4588 ut
2333 4532 2474 4588 filios
2503 4532 2851 4603 imperatoris
2876 4533 2930 4586 in
2956 4547 3124 4585 unum
3149 4546 3273 4585 cum
3298 4532 3471 4599 copiis

1895 4626 2092 4697 quibus
2116 4633 2371 4695 poterant
2411 4625 2559 4680 coire
2604 4623 2884 4688 facerent,
2926 4620 3355 4693 Gregoriumque
3376 4638 3472 4692 pa-

1893 4734 2021 4790 pam
2049 4719 2418 4783 advocarent,
2452 4717 2552 4771 sub
2579 4723 2776 4771 ornatu
2805 4715 2960 4785 quasi
3007 4714 3102 4784 qui
3143 4714 3283 4782 patri
3324 4712 3470 4768 solus

1897 4808 2039 4863 ﬁlios
2080 4807 2433 4863 reconciliare
2460 4806 2684 4861 deberet
2718 4813 2771 4860 et
2802 4813 3025 4875 posset:
3059 4804 3136 4859 rei
3169 4811 3347 4858 tamen
3373 4818 3469 4858 ve-

1896 4902 2032 4956 ritas
2057 4909 2182 4970 post
2206 4900 2420 4955 claruit.
2460 4898 2760 4970 Imperator
2785 4912 2949 4968 porro
2970 4911 3001 4951 e
3020 4896 3293 4952 contrario
3319 4911 3470 4950 men-

1898 5007 1958 5048 se
1993 4991 2132 5046 Maio
2162 4991 2518 5045 Wormatiam
2544 4990 2697 5045 venit
2722 5005 2846 5044 cum
2872 4988 3049 5043 valida
3080 5003 3262 5051 manu,
3286 4986 3469 5055 ibique

1896 5084 2026 5152 quid
2056 5082 2320 5152 agendum
2361 5081 2464 5136 sibi
2500 5079 2643 5136 foret
2670 5081 2760 5134 diu
2789 5078 3123 5135 deliberavit.
3185 5077 3468 5144 Missisque

1895 5175 2199 5238 destinatis,
2226 5173 2504 5228 Bel-nardo
2534 5172 2740 5227 scilicet
2778 5171 3031 5241 episcopo
3070 5184 3193 5224 cum
3221 5167 3463 5235 reliquis,

1894 5266 2036 5321 ﬁlios
2068 5265 2389 5319 hortabatur
2434 5263 2505 5316 ad
2563 5278 2621 5317 se
2667 5260 2991 5316 veniendum
3020 5266 3075 5313 et
3108 5258 3459 5312 redeundum.

1895 5354 2002 5409 Sed
2030 5364 2085 5408 et
2109 5367 2301 5422 papam
2334 5352 2590 5405 Romanae
2615 5349 2760 5403 sedis
2793 5346 3166 5410 conveniebat,
3194 5354 3253 5400 ut
3280 5345 3323 5399 si
3352 5360 3467 5399 mo-

1893 5460 1953 5499 re
1987 5443 2447 5513 praedecessorum
2472 5452 2694 5493 suorum
2722 5438 2928 5501 aderat,
2959 5452 3059 5490 cur
3083 5444 3260 5491 tantas
3286 5445 3466 5491 necte-

1894 5545 1979 5589 ret
2016 5548 2198 5586 moras
2238 5548 2345 5585 non
2393 5531 2495 5585 sibi
2538 5527 2892 5583 occurrendo.
2954 5518 3089 5582 Cum
3123 5543 3247 5582 vero
3279 5541 3466 5581 rumor

1894 5638 2280 5696 usquequaque
2305 5621 2529 5677 dili‘usus
2557 5630 2764 5677 sereret
2782 5622 2848 5677 de
2868 5622 3079 5676 caeteris
3109 5623 3250 5692 quod
3276 5636 3463 5676 verum

1896 5727 2047 5783 erat,
2095 5715 2161 5769 de
2190 5730 2327 5785 papa
2357 5729 2484 5771 vero
2510 5713 2756 5769 Romano
2776 5755 2789 5782 ,
2821 5714 2962 5786 quod
3010 5715 3126 5770 ideo
3159 5715 3365 5770 adesset
3408 5721 3467 5767 ut
