3940 6180
452 333 558 392 965

1583 317 1903 375 ιυῡογιοι
1938 317 1958 370 ι
1999 312 2466 371 COGNOMENTO
2503 310 2588 366 Pll

3593 305 3697 359 964

456 457 566 501 tam
590 443 967 513 imperatorem
994 448 1156 505 quam
1189 433 1471 503 episcopos
1509 430 2022 484 excommunicatio-
2052 432 2095 489 Α
2125 426 2284 481 libuit
2327 437 2670 479 commorans
2695 461 2710 485 ,
2762 427 2821 474 et
2863 436 2982 490 qua:
3007 420 3119 474 visa
3149 426 3275 473 sunt
3316 418 3612 482 ordinans,
3637 436 3697 475 ac

455 538 539 592 nis
564 531 791 588 vinculis
812 527 1027 583 irretire
1047 524 1229 589 vellet,
1260 524 1307 578 si
1335 523 1426 592 qui
1449 520 1817 576 inobedientes
1840 526 2023 573 essent

456 642 566 684 sua:
599 624 939 689 ﬁliorumque
965 616 1310 689 imperatoris
1340 613 1605 669 voluntati
1630 632 1643 666 :
1670 626 1861 683 parum
1894 611 2023 680 quid

453 713 721 784 subripuit
763 710 1031 781 episcopis
1076 705 1421 778 imperatoris
1468 704 1817 774 praesumptio
1859 701 2024 755 anda-

452 807 565 867 cite,
598 802 965 859 asserentibus
990 800 1138 854 nullo
1175 798 1335 852 modo
1361 811 1421 851 se
1446 795 1583 849 velle
1617 792 1732 862 ejus
1760 792 2023 847 voluntati

453 896 829 951 succumbere.
879 891 989 947 Sed
1032 891 1079 945 si
1122 887 1687 944 excommunicaturus
1723 883 2021 946 adveniret,

453 985 951 1043 excommunicatus
986 982 1188 1043 abiret,
1232 994 1354 1034 cum
1385 977 1543 1032 aliter
1571 991 1629 1030 sc
1659 976 1857 1029 habeat
1884 972 2025 1026 anti-

453 1091 680 1145 quorum
713 1088 981 1129 canonum
1011 1070 1325 1125 auctoritas.
1367 1066 1606 1121 Tandem
1635 1079 1761 1135 ergo
1790 1077 2025 1117 conven-

452 1176 568 1219 tum
593 1173 677 1219 est
716 1162 1010 1217 festivitate
1052 1159 1224 1213 sancti
1256 1155 1610 1227 prmeursoris
1636 1152 1839 1208 Christi
1859 1150 2024 1204 Joan-

455 1257 541 1312 nis
575 1256 628 1310 in
660 1239 836 1309 locum
864 1252 979 1322 qui,
999 1252 1068 1306 ab
1097 1266 1161 1304 eo
1183 1248 1326 1319 quod
1353 1248 1423 1302 ibi
1457 1254 1667 1318 gestum
1695 1252 1809 1308 est,
1834 1257 2025 1313 perpe-

454 1353 547 1398 tua
577 1342 810 1397 nominis
832 1340 1125 1411 ignominia
1150 1346 1369 1393 notatus
1398 1345 1509 1399 est,
1537 1344 1595 1389 ut
1625 1343 1847 1389 vocetur
1872 1333 2025 1388 Cam-

453 1433 860 1506 pus-Mentitus.
921 1429 1054 1497 Quia
1108 1429 1253 1484 enim
1290 1428 1325 1481 ii
1374 1427 1466 1496 qui
1510 1426 1669 1480 ﬁdem
1714 1422 2024 1494 imperatori

453 1528 862 1598 promittebant,
899 1524 1109 1578 mentiti
1143 1530 1290 1586 sunt,
1323 1521 1475 1575 locus
1509 1520 1563 1574 in
1593 1535 1699 1588 quo
1724 1519 1777 1573 id
1800 1516 2027 1587 contigit

455 1618 611 1671 testis
640 1615 895 1684 nequitiae
923 1615 976 1667 in
1013 1628 1110 1667 suo
1128 1612 1346 1667 nomine
1373 1610 1649 1665 remansit.
1682 1608 1814 1664 Cum
1844 1617 2023 1662 autem

455 1707 597 1760 haud
620 1704 807 1774 procul
833 1703 955 1757 inde
984 1703 1201 1757 aciebus
1225 1701 1490 1755 ordinatis
1514 1699 1891 1759 consisterent,
1910 1696 2023 1765 jam

2120 517 2377 587 populum
2408 514 2696 569 absolvens
2715 551 2730 576 ,
2765 511 2860 566 sed
2883 520 2939 565 et
2972 519 3296 567 conventum
3325 510 3524 581 populo
3546 512 3700 566 Com-

2122 610 2301 679 pendii
2331 608 2576 662 indicens
2601 646 2615 670 ,
2666 605 2936 674 Vosagum
2975 618 3072 672 per
3116 602 3701 657 Mauri-Monasterium

2123 700 2362 764 transiit,
2395 707 2457 753 et
2476 696 2972 759 Mediomatricum,
3003 709 3125 763 quas
3152 694 3320 748 altero
3346 694 3571 748 nomine
3599 693 3703 748 Lie-

2122 791 2193 844 tis
2216 798 2468 851 vocatur,
2507 787 2773 857 pervenit.
2816 786 2931 852 Qua
2975 786 3164 841 relicta
3190 786 3441 849 civitate,
3485 784 3704 841 Viridu-

2124 897 2252 937 num
2282 881 2524 949 appulit,
2564 888 2621 933 et
2648 878 2996 934 Suessionum
3027 879 3217 933 urbem
3246 878 3398 932 adiit.
3436 878 3624 948 ibique
3650 881 3702 933 in

2122 971 2456 1027 monasterio
2491 971 2668 1025 sancti
2711 970 2951 1024 Medardi
2980 978 3191 1040 patrem
3226 970 3328 1024 sub
3356 978 3509 1025 arcta
3533 978 3704 1025 custo-

2123 1064 2211 1118 dia
2231 1079 2349 1119 esse
2363 1064 2617 1134 praecepit
2640 1083 2654 1117 :
2676 1071 2731 1118 et
2743 1062 2936 1117 Carolo
2948 1062 3179 1118 Prumiae
3193 1065 3592 1129 commendato,
3607 1080 3704 1120 nec

2124 1162 2303 1209 tamen
2322 1163 2556 1219 attonso,
2584 1156 2701 1224 ipse
2731 1155 3004 1209 venationi
3026 1155 3242 1217 institit,
3267 1157 3441 1211 donec
3463 1157 3702 1213 autumni

2125 1256 2388 1315 tempore,
2412 1245 2464 1299 id
2482 1255 2565 1301 est
2580 1246 2834 1301 Kalendis
2847 1245 3120 1310 Octobris,
3142 1247 3284 1303 sicut
3299 1257 3422 1303 erat
3444 1251 3703 1304 constitu-

2124 1343 2237 1390 tum
2254 1377 2267 1400 ,
2315 1345 2522 1406 patrem
2549 1352 2732 1392 secum
2760 1339 2992 1404 ducens,
3025 1338 3411 1408 Compendium
3432 1342 3598 1396 venit.

2195 1427 2379 1497 Ibique
2405 1430 2722 1484 consistenti
2760 1429 2960 1499 legatio
2996 1428 3579 1502 ConstantinOpolitani
3609 1434 3703 1488 im

2124 1520 2395 1587 peratoris
2418 1559 2433 1584 ,
2485 1519 2697 1575 Marcus
2732 1521 3174 1593 archiepiscopus
3212 1523 3444 1592 Ephesi,
3488 1536 3543 1579 et
3568 1525 3698 1582 Pro-

2126 1609 2494 1678 tospatharius
2516 1610 2877 1679 imperatoris,
2896 1612 2963 1667 ad
2989 1621 3201 1683 patrem
3230 1614 3419 1681 missa,
3442 1619 3695 1679 occurrit,

2127 1713 2353 1753 munera
2380 1700 2482 1754 sibi
2519 1701 2773 1769 deputata
2806 1702 3031 1767 obtulit,
3058 1704 3200 1772 patri
3225 1705 3387 1760 missa
3414 1707 3696 1762 subtraxit.

451 1796 672 1866 jamque
701 1794 959 1846 ruendum
992 1793 1046 1846 in
1083 1808 1234 1845 arma
1260 1799 1566 1861 putaretur,
1602 1789 1907 1843 nuntiatum
1943 1796 2028 1842 est
2054 1785 2101 1844 B
2130 1786 2300 1853 Quam
2330 1789 2446 1853 ille,
2495 1789 2621 1844 licet
2661 1790 2729 1845 ad
2764 1799 2977 1860 patrem
3008 1792 3190 1856 missa,
3218 1795 3287 1848 ad
3323 1810 3383 1850 se
3412 1804 3591 1852 tamen
3617 1814 3701 1852 ve-

457 1882 771 1952 imperatori
799 1880 1055 1935 advenire
1084 1895 1277 1949 papam
1308 1879 1695 1933 Romanorum.
1738 1876 1907 1943 Quem
1938 1890 2031 1930 ve-

456 1975 694 2030 nientem
722 1974 1019 2042 imperator
1058 1972 1110 2026 in
1139 1972 1254 2041 ipsa
1282 1971 1397 2024 acie
1422 1970 1726 2024 consistens
1771 1969 2027 2037 suscepit,

456 2065 583 2120 licet
612 2064 947 2118 indecentius
992 2077 1156 2131 quam
1208 2060 1419 2119 debuit;
1471 2059 1742 2128 imputans
1789 2057 1837 2111 ei
1887 2056 2031 2126 quod

456 2154 574 2223 ipse
607 2154 707 2207 sibi
740 2151 903 2206 talem
927 2149 1323 2219 susceptionem
1352 2147 1760 2217 prmparaverit,
1782 2146 1874 2216 qui
1911 2145 2033 2199 inu—

456 2245 621 2300 sitato
654 2246 812 2299 modo
858 2243 925 2298 ad
969 2257 1029 2297 se
1059 2241 1287 2296 venerit.
1347 2241 1550 2294 Ductus
1589 2246 1765 2293 autem
1809 2253 1944 2308 papa
1976 2238 2032 2291 in

459 2337 847 2391 habitationem
878 2341 1243 2397 castrensem,
1262 2331 1462 2390 ,multis
1493 2329 1886 2384 assertionibus
1911 2342 2033 2397 per—

460 2428 666 2490 docuit,
694 2441 803 2480 non
833 2440 891 2480 se
927 2433 1135 2479 tantum
1166 2424 1271 2477 iter
1295 2422 1364 2478 ob
1391 2422 1536 2476 aliud
1564 2410 1897 2491 suscepisse,
1929 2420 2032 2474 nisi

456 2521 582 2588 quia
634 2519 915 2573 dicebatur
959 2519 1101 2587 quod
1156 2516 1474 2572 inexorabili
1525 2516 1793 2570 discordia
1841 2522 2033 2569 contra

457 2610 595 2664 ﬁlios
622 2609 929 2674 laboraret,
956 2609 1182 2678 ideoque
1216 2623 1404 2678 pacem
1435 2608 1487 2661 in
1516 2616 1802 2676 utramque
1823 2618 2033 2675 partem

464 2714 645 2754 serere
670 2698 850 2753 vellet.
890 2697 1085 2751 Audita
1114 2712 1243 2752 vero
1265 2704 1417 2766 parte
1444 2696 1804 2765 imperatoris,
1835 2694 2036 2749 mansit

464 2803 587 2841 cum
615 2801 680 2841 eo
702 2786 906 2855 aliquot
927 2788 1136 2842 diebus.
1179 2786 1457 2840 Remissus
1486 2793 1666 2840 autem
1700 2785 1767 2840 ab
1802 2784 2036 2854 impera-

462 2885 577 2930 tore
602 2875 670 2929 ad
706 2875 867 2940 ﬁlios,
895 2883 957 2928 ut
989 2890 1177 2944 pacem
1212 2883 1454 2928 mutuam
1484 2881 1723 2928 necteret
1750 2890 1764 2926 :
1797 2888 1919 2928 cum
1940 2888 2036 2943 pe-

458 2980 525 3021 ne
551 2966 729 3020 omnis
768 2965 996 3036 populus
1031 2966 1231 3035 partim
1272 2965 1429 3020 donis
1463 2966 1794 3029 abstractus,
1834 2964 2034 3035 partim

458 3054 744 3124 promissis
771 3053 1005 3119 illectus,
1036 3055 1231 3123 partim
1264 3054 1426 3109 minis
1456 3054 1699 3121 territus,
1728 3055 1797 3109 ad
1824 3069 1917 3109 eos
1941 3069 2037 3123 po-

2134 1881 2369 1934 nicntem
2402 1882 2674 1951 suscepit,
2723 1883 2928 1937 audivit
2968 1885 3396 1955 tragoediamque
3425 1900 3701 1958 repoer

2134 1976 2239 2022 tem
2286 1985 2422 2038 pene
2465 1970 2760 2026 inauditam
2804 1973 3030 2028 remisit.
3084 1973 3142 2027 ln
3194 1976 3383 2029 eodem
3433 1987 3697 2033 conventu

2131 2073 2255 2112 cum
2280 2059 2432 2113 multi
2464 2060 2907 2116 insimularentur
2933 2063 3236 2119 devotionis
3263 2066 3315 2119 in
3344 2076 3581 2136 patrem,
3610 2070 3701 2123 de-

2133 2145 2383 2202 fectionis
2408 2147 2461 2200 in
2485 2147 2653 2221 ﬁlium
2677 2189 2692 2213 ,
2724 2150 2945 2218 quidam
2977 2152 3156 2207 verbis
3191 2154 3555 2224 simplicibus,
3586 2160 3702 2227 qui-

2133 2238 2258 2292 dam
2287 2237 2611 2305 juramcntis
2634 2239 2848 2310 objecta
2879 2242 3168 2297 diluerunt.
3226 2244 3500 2301 Miseratio
3525 2258 3703 2303 tamen

2133 2328 2504 2397 hujuscemodi
2526 2330 2628 2394 rei,
2655 2339 2711 2385 et
2738 2331 2861 2386 talis
2885 2347 3065 2388 rerum
3090 2338 3437 2403 permutatio,
3463 2340 3706 2407 exceptis

2133 2420 2446 2475 auctoribus
2462 2459 2476 2483 ,
2522 2434 2711 2475 omnes
2737 2422 2988 2477 habebat.
3034 2423 3187 2479 Unde
3210 2434 3462 2481 verentes
3485 2428 3707 2482 sceleris

2133 2510 2534 2580 eonspiratores
2562 2511 2823 2578 inauditi,
2860 2529 2930 2569 ne
2951 2528 3108 2569 versa
3134 2515 3251 2570 vice
3276 2517 3578 2587 retrolapsa
3606 2518 3706 2573 fer-

2133 2608 2325 2655 rentur
2349 2608 2503 2670 gesta
2546 2616 2667 2671 qua:
2711 2610 2896 2668 erant,
2928 2602 3140 2670 callido,
3180 2614 3241 2658 ut
3261 2605 3363 2660 sibi
3395 2607 3572 2661 visum
3599 2620 3705 2669 est.

2133 2705 2257 2746 cum
2300 2690 2572 2760 aliquibus
2611 2691 2989 2763 episcoporum
3018 2701 3243 2749 utuntur
3279 2706 3621 2765 argumento,
3649 2712 3708 2753 ut

2133 2794 2233 2850 pro
2262 2780 2349 2835 his
2378 2781 2443 2835 de
2468 2781 2665 2851 quibus
2689 2782 2804 2850 jam
2841 2783 3231 2851 paenitudinem
3270 2796 3515 2857 gesserat
3543 2788 3709 2858 impe~

2135 2879 2303 2935 rator,
2336 2871 2532 2925 iterum
2562 2872 2776 2941 publica
2824 2874 3139 2943 poenitentia
3164 2916 3180 2942 ,
3231 2878 3401 2932 armis
3428 2879 3705 2949 depositis.

2135 2960 2563 3034 irrevocabiliter
2583 2963 2982 3034 quodammodo
3006 2966 3259 3022 Ecclesia:
3285 2969 3602 3026 satisfacere
3626 2971 3709 3039 ju-

2137 3050 2455 3107 dicaretur:
2505 3069 2629 3108 cum
2675 3068 2744 3109 ne
2799 3054 3045 3111 forenses
3078 3057 3294 3126 quidem
3344 3058 3495 3130 leges
3521 3072 3705 3116 contra

459 3143 753 3213 polumque
776 3158 899 3198 cum
927 3145 1009 3199 eis
1044 3146 1433 3199 consistentem
1474 3161 1624 3200 more
1655 3147 1909 3202 torrentis
1933 3147 2031 3201 de-
2057 3141 2102 3203 C
2133 3154 2296 3193 “nam
2338 3141 2550 3210 culpam
2582 3143 2747 3197 semel
2793 3146 3139 3200 commissam
3173 3146 3259 3202 bis
3300 3148 3562 3204 invehant
3586 3152 3705 3206 vin-

462 3231 690 3296 flueret,
734 3247 1072 3301 nequaquam
1101 3244 1160 3288 ut
1185 3233 1363 3290 fuerat
1384 3236 1596 3306 jussus,
1624 3245 1709 3292 est
1733 3238 2031 3307 permissus

456 3326 653 3380 redire.
699 3326 799 3380 Tot
830 3342 957 3397 ergo
986 3327 1155 3397 copiis
1184 3328 1317 3381 inibi
1346 3328 1614 3392 adductis,
1642 3337 1696 3382 et
1716 3329 2028 3398 imperatori

458 3416 738 3471 subductis
758 3456 773 3481 ,
806 3418 939 3470 adeo
968 3417 1198 3472 defectio
1230 3418 1282 3471 in
1320 3419 1435 3472 dies
1468 3419 1724 3483 invaluit,
1774 3428 1835 3472 ut
1862 3420 1916 3474 in
1947 3419 2027 3474 fe-

459 3507 700 3561 stivitate
730 3508 904 3562 sancti
949 3507 1120 3571 Pauli,
1167 3507 1361 3578 plebeii
1390 3516 1580 3562 contra
1621 3509 2026 3579 imperatorem,

462 3598 729 3653 adulando
754 3598 878 3653 ﬁliis
909 3600 1045 3669 ejus,
1081 3599 1433 3669 irruptionem
1461 3597 1638 3653 facere
1668 3599 2024 3654 minarentur.

458 3689 666 3754 Quibus
714 3689 920 3743 viribus
964 3690 1261 3757 imperator
1293 3688 1465 3743 obniti
1514 3704 1621 3743 non
1651 3689 1857 3754 valens,
1905 3690 2029 3745 ﬁliis

458 3777 733 3833 mandavit
761 3794 832 3834 ne
858 3792 917 3834 se
946 3778 1190 3849 populari
1222 3779 1508 3849 direptioni
1539 3787 1891 3849 exponerent.
1931 3781 2026 3834 (lui

458 3868 783 3922 remandant
816 3875 873 3921 ut
901 3867 1098 3922 castris
1126 3867 1333 3922 relictis
1358 3867 1425 3921 ad
1455 3882 1514 3921 se
1538 3869 1737 3929 veniat,
1763 3883 1821 3922 se
1846 3877 2027 3922 autem

456 3963 817 4017 maturissime
836 3962 1047 4016 obviam
1071 3961 1172 4030 ipsi
1200 3975 1569 4029 processuros.
1604 3961 1809 4027 Quibus
1839 3960 2027 4014 altrin-

459 4067 617 4107 secus
641 4052 858 4107 sibimet
878 4050 1287 4106 occurrentibus
1305 4089 1320 4114 ,
1353 4050 1648 4118 imperator
1686 4048 1822 4104 ﬁlios
1844 4049 2027 4104 admo-

454 4141 594 4205 nuit,
625 4141 777 4208 equis
805 4140 1146 4201 desilientes,
1191 4146 1247 4192 et
1286 4138 1391 4193 sibi
1417 4147 1788 4203 occurrentes,
1821 4147 1877 4192 ut
1904 4155 2026 4208 pro~

457 4228 733 4282 missionis
761 4243 873 4282 sum
897 4241 1164 4281 memores
1181 4267 1197 4292 ,
1228 4235 1340 4281 tam
1365 4228 1467 4282 sibi
1495 4244 1654 4298 quam
1688 4228 1797 4282 ﬁlio
1825 4237 1880 4282 et
1902 4244 2027 4284 uxo—

459 4317 549 4383 ri,
598 4316 804 4371 illibata
862 4333 983 4386 quae
1031 4317 1159 4373 olim
1210 4319 1573 4386 promiserant
1616 4329 2019 4375 conservarent.

453 4408 602 4475 Quos
632 4423 868 4478 congrue
907 4408 1294 4479 respondentes
1334 4410 1629 4477 osculatus,
1659 4420 1713 4465 et
1738 4412 1806 4466 ad
1840 4422 2021 4467 castra

453 4498 667 4553 illorum
699 4506 783 4553 est
815 4499 1105 4568 profectus.
1149 4499 1265 4567 Quo
1302 4502 1633 4570 pervenicnti
1660 4517 1795 4556 uxor
1823 4504 2021 4557 subdu-
2046 4478 2098 4537 D

451 4593 612 4656 citur,
643 4599 697 4645 ct
724 4593 791 4645 ad
814 4591 1071 4647 Ludovici
1094 4594 1440 4648 tabernacula
1466 4596 1815 4650 convertitur.
1844 4596 2019 4664 Ipsum

451 4694 580 4734 vero
610 4678 902 4734 Lotharius
937 4680 1005 4734 ad
1033 4696 1128 4736 sua
1153 4697 1275 4736 cum
1309 4682 1504 4738 Carolo
1538 4684 1824 4739 admodum
1851 4700 2020 4754 puero

450 4770 712 4836 deduxit,
756 4779 811 4824 et
856 4786 979 4825 cum
1023 4772 1363 4840 paucissimis
1403 4774 1456 4827 in
1499 4775 1767 4844 papilione
1803 4776 1871 4829 ad
1915 4777 2017 4831 hoc

450 4861 707 4930 deputata
753 4861 1054 4917 consistere
1081 4858 1228 4917 fecit.
1272 4862 1399 4918 Post
1441 4864 1556 4919 haec
1588 4875 1766 4920 autem
1789 4867 1902 4935 jam
1930 4882 2020 4935 po-

449 4951 577 5022 pulo
615 4951 940 5022 juramentis
986 4951 1270 5017 obstricto,
1310 4952 1597 5024 imperium
1640 4955 1777 5009 inter
1818 4956 2018 5013 fratres

451 5050 604 5095 terna
634 5041 875 5095 sectione
900 5042 1153 5110 partitur.
1208 5043 1356 5100 Uxor
1380 5047 1550 5116 patris
1577 5064 1607 5101 a
1633 5047 1904 5104 Ludovico
1936 5066 2017 5105 re-

449 5149 514 5201 ge
543 5140 775 5203 recepta,
823 5132 1015 5190 exsilio
1060 5134 1259 5190 iterum
1305 5137 1621 5207 deportatur
1658 5141 1711 5194 in
1747 5143 2015 5196 civitatem

447 5222 614 5278 italiae
634 5222 950 5280 Tartonam.
991 5224 1282 5297 Gregorius
1301 5244 1438 5299 papa
1464 5230 1589 5283 talia
1616 5246 1868 5297 cernens,
1893 5250 2016 5288 cum

449 5317 688 5374 maximo
738 5332 973 5375 maerore
1018 5316 1247 5373 Romam
1300 5319 1633 5391 regreditur;
1685 5331 1741 5376 et
1788 5322 2016 5377 duorum

447 5403 679 5460 fratrum
706 5407 964 5479 Pippinus
992 5410 1047 5464 in
1073 5408 1418 5479 Aquitaniam
1438 5449 1454 5474 ,
1495 5409 1797 5467 Ludovicus
1838 5413 1891 5466 in
1924 5413 2016 5467 Ba-

441 5492 675 5562 joariam
706 5500 1013 5555 revertitur.
1045 5500 1211 5556 Porro
1236 5500 1525 5557 Lotharius
1544 5510 1695 5572 patre
1715 5512 2012 5574 assumpto,

447 5593 503 5636 et
534 5599 773 5640 seorsum
802 5606 922 5643 cum
960 5591 1228 5658 deputatis
1261 5595 1537 5661 oquitante
1567 5603 1727 5663 atque
1766 5597 2013 5664 privatim

453 5683 735 5738 manente,
787 5676 1096 5745 Merlegium
1144 5680 1323 5735 villam
1368 5683 1609 5746 devenit,
1647 5684 1827 5752 ibique
1856 5696 2015 5753 prout

2131 3230 2355 3296 dictant,
2385 3241 2442 3285 et
2464 3240 2646 3287 nostra
2675 3233 2760 3288 lex
2788 3235 2987 3289 habeat
3018 3252 3125 3291 non
3147 3237 3395 3307 judicare
3421 3239 3594 3296 Deum
3623 3243 3706 3297 bis

2131 3321 2186 3374 in
2216 3322 2467 3392 idipsum.
2507 3322 2605 3377 Cui
2644 3324 2851 3394 judicio
2879 3327 3035 3395 pauci
3065 3330 3483 3395 contradixere,
3530 3333 3705 3402 plures

2131 3427 2411 3467 assensum
2440 3414 2743 3483 prmbuere,
2772 3417 3009 3471 maxima
3032 3433 3175 3487 pars,
3207 3428 3263 3473 ut
3300 3421 3508 3476 assolet
3544 3424 3599 3478 in
3636 3435 3703 3478 ta-

2130 3502 2290 3569 libus,
2323 3518 2391 3558 ne
2418 3505 2685 3574 primores
2705 3505 3065 3573 offenderent,
3105 3510 3268 3564 verbo
3297 3520 3461 3567 tenus
3488 3528 3701 3568 consen-

2128 3609 2267 3650 sere.
2308 3595 2686 3666 Adjudicatum
2724 3613 2855 3667 ergo
2882 3613 3005 3653 eum
3029 3600 3341 3667 absentem,
3398 3615 3457 3656 et
3496 3605 3699 3659 inaudi.

2129 3695 2262 3751 tum,
2287 3702 2386 3742 nec
2414 3688 2787 3754 conﬁtentem,
2808 3705 2984 3760 neque
3007 3694 3334 3758 convictum,
3363 3704 3493 3750 ante
3513 3712 3695 3767 corpus

2128 3779 2300 3832 sancti
2350 3777 2587 3834 Medardi
2638 3780 3000 3847 confessoris,
3066 3792 3123 3838 et
3173 3788 3347 3841 sancti
3404 3786 3693 3843 Sebastiani

2127 3871 2403 3941 martyris,
2433 3887 2586 3925 arma
2617 3872 2914 3942 deponere,
2960 3882 3013 3929 et
3044 3885 3168 3932 ante
3196 3876 3370 3933 altare
3393 3894 3599 3948 ponere
3620 3895 3691 3934 co-

2125 3968 2294 4029 gunt:
2322 3961 2572 4032 pullaque
2608 3963 2852 4018 indutum
2880 3974 3059 4031 veste,
3105 3967 3349 4022 adhibita
3379 3984 3579 4040 magna
3611 3986 3690 4023 cu.

2134 4052 2330 4117 stodia,
2362 4054 2461 4107 sub
2489 4061 2687 4109 tectum
2716 4055 2985 4123 quoddam
3011 4058 3315 4112 retrudunt.
3352 4059 3584 4129 Expleta
3603 4062 3689 4115 hoc

2124 4142 2359 4211 negotio,
2399 4142 2563 4197 missa
2610 4145 2783 4199 sancti
2832 4145 3080 4212 Martini,
3118 4148 3347 4218 populus
3374 4149 3593 4205 licentia
3619 4166 3690 4204 aco

2124 4242 2277 4300 cepta
2304 4248 2403 4301 pro
2428 4234 2622 4288 talibus
2662 4236 2830 4305 gestis
2857 4245 3082 4291 mmstus
3119 4238 3188 4293 ad
3234 4241 3456 4309 propria
3485 4243 3690 4297 reverti-

2124 4331 2232 4377 tur.
2270 4323 2557 4380 Lotharius
2582 4334 2763 4380 autem
2792 4336 3005 4396 patrem
3042 4345 3198 4384 suum
3227 4331 3468 4396 ducens,
3513 4334 3689 4404 Aquis-

2125 4414 2277 4483 grani
2308 4415 2600 4470 hiematum
2628 4418 2952 4486 regreditur.
2996 4419 3143 4474 Intra
3186 4421 3349 4490 hujus
3388 4424 3585 4478 hiemis
3608 4426 3687 4479 du:

2126 4508 2409 4572 rationem,
2439 4508 2703 4578 gregatim
2731 4510 2909 4578 populi
2935 4518 3042 4565 tam
3071 4511 3351 4578 Franciie,
3381 4531 3545 4584 quam
3574 4516 3683 4569 Bur-

2123 4599 2351 4669 gundize,
2377 4614 2477 4654 nec
2503 4615 2610 4655 non
2632 4598 2957 4669 Aquitaniae,
2974 4603 3067 4657 sed
3095 4612 3149 4658 et
3171 4602 3482 4661 Germaniae
3506 4623 3682 4662 coeun-

2122 4698 2205 4744 tes
2230 4729 2245 4754 ,
2294 4688 2624 4745 calamitosis
2661 4691 2897 4759 querelis
2929 4692 2996 4747 de
3022 4692 3370 4763 imperatoris
3400 4694 3677 4750 infortunio

2121 4780 2508 4848 querebantur.
2572 4781 2640 4834 Et
2679 4781 2897 4851 quidem
2935 4783 2991 4837 in
3027 4781 3317 4838 Franciam
3348 4784 3678 4856 Eggebardus

2121 4885 2322 4934 comes,
2353 4879 2408 4925 et
2447 4870 2749 4926 Willelmus
2783 4887 2963 4927 comes
3007 4872 3201 4927 stabuli
3221 4914 3235 4939 ,
3282 4890 3425 4944 quos
3450 4884 3679 4946 poterant

2120 4959 2221 5016 sibi
2271 4962 2325 5015 in
2369 4962 2568 5018 unione
2624 4961 2915 5018 voluntatis
2967 4963 3289 5019 restituendi
3349 4965 3677 5035 imperatoris

2120 5053 2516 5107 coadunabant.
2586 5052 2631 5106 A
2673 5052 2961 5108 Germania
3005 5069 3167 5123 porro
3216 5053 3377 5124 Hugo
3424 5056 3594 5110 abbas
3634 5055 3675 5106 in

2118 5142 2464 5210 Aquitaniam
2494 5143 2692 5197 missus
2721 5158 2753 5197 a
2798 5142 3102 5202 Ludovico.
3143 5152 3199 5197 et
3227 5145 3297 5197 ab
3335 5146 3419 5199 eis
3450 5146 3545 5213 qui
3570 5144 3674 5198 illac

2120 5230 2496 5303 confugerant,
2520 5248 2551 5286 a
2582 5233 2830 5303 Drogone
2856 5234 3063 5289 scilicet
3092 5235 3347 5304 episc0pn
3371 5246 3427 5289 et
3453 5232 3674 5305 reliquis.

2119 5323 2405 5393 Pippinum
2432 5324 2485 5378 in
2513 5324 2618 5378 boc
2639 5324 2813 5393 ipsum
2840 5324 3146 5394 instigabat.
3192 5324 3365 5380 Porro
3382 5324 3676 5380 Bernartius

2117 5421 2173 5466 et
2234 5413 2487 5467 Warinus
2537 5413 2590 5466 in
2632 5412 2943 5483 Burgundia
2994 5414 3380 5468 consistentem
3438 5414 3670 5483 populant

2118 5505 2459 5559 suasionibus
2480 5504 2864 5577 accendebant,
2888 5504 3340 5573 promissiouibus
3358 5504 3669 5563 alliciebant,

2112 5595 2435 5663 juramentis
2449 5595 2843 5664 astringebaut,
2860 5603 2914 5649 et
2929 5595 2980 5647 in
3000 5611 3164 5647 unum
3180 5593 3317 5649 vello
3332 5593 3667 5649 foederabant.

2190 5686 2360 5758 (83L)
2403 5685 2588 5739 Hieme
2634 5695 2812 5742 autem
2852 5695 3062 5754 exacta,
3107 5696 3159 5741 et
3186 5700 3315 5740 vere
3332 5687 3446 5757 jam
3477 5695 3666 5739 roseam
