3940 6180
300 313 408 367 965

1845 305 2051 370 “TA:

3459 331 3564 387 96C

300 427 497 483 faciem
519 428 914 497 praetendente,
969 427 1261 483 Lotharius
1291 436 1442 499 patre
1482 436 1756 497 assumpto
1783 441 1882 497 per
1909 429 1959 488 Λ
1987 426 2300 484 viderentur
2347 430 2595 499 iujuriam
2647 433 2869 501 patienti
2926 391 3156 505 compati
3222 447 3277 493 et
3324 441 3566 498 relevate

296 535 494 590 pagum
544 518 967 574 Hasbaniensem
1014 523 1118 575 iter
1158 521 1414 591 arripuit,
1457 529 1511 575 et
1551 520 1881 575 Parisiorum

297 615 485 668 urbem
514 613 707 683 petiit,
752 613 844 667 ubi
892 615 1111 669 obviam
1147 615 1250 670 sibi
1294 613 1408 669 fore
1436 622 1662 669 cunctos
1698 613 1881 668 ﬁdeles

295 706 570 777 prtecepit.
608 705 706 761 Cui
752 706 1102 778 Eggebardus
1145 723 1329 763 comes
1363 715 1416 762 et
1454 707 1546 761 alii
1577 706 1719 760 illius
1757 705 1879 776 pagi

293 812 552 868 proceres
578 811 702 851 cum
731 812 926 867 magna
956 804 1143 852 coacta
1169 813 1353 862 manu,
1378 798 1590 851 obviam
1620 812 1719 866 pro
1746 796 1880 849 libe-

293 888 505 943 ratione
542 888 885 957 imperatoris
919 889 1205 959 pugnaturi
1243 895 1662 959 processerunt:
1688 902 1877 957 perve-

296 981 577 1048 nissetque
606 994 694 1034 res
724 980 793 1033 ad
816 978 1086 1043 etfectum,
1115 979 1223 1033 nisi
1246 979 1522 1050 piissimus
1552 978 1873 1047 imperator,

292 1086 495 1129 cavens
522 1079 579 1125 et
620 1071 913 1126 multorum
950 1071 1248 1142 periculum
1293 1071 1453 1126 simul
1488 1078 1543 1125 et
1570 1071 1873 1141 prpprium,

292 1171 358 1226 ab
389 1171 496 1226 hoc
532 1170 769 1240 incoepto
796 1178 1071 1240 prazcepto
1110 1180 1165 1226 et
1200 1170 1565 1225 obtestatione
1609 1184 1703 1224 eos
1733 1168 1875 1223 inhi-

291 1264 518 1319 buisset.
561 1263 799 1317 Tandem
848 1278 980 1333 ergo
1021 1271 1342 1332 perventum
1384 1269 1467 1316 est
1504 1262 1570 1316 ad
1600 1268 1873 1316 monaste-

291 1357 433 1410 rium
463 1355 636 1410 sancti
664 1354 905 1427 Dionysii
936 1355 1210 1426 martyris.
1269 1385 1277 1395 ς

360 1446 621 1518 Pippinus
670 1462 799 1502 vero
852 1448 919 1502 ab
964 1447 1251 1517 Aquitania
1290 1449 1414 1503 cum
1448 1448 1681 1503 maxima
1710 1462 1872 1501 manu

286 1540 493 1603 exiens,
527 1546 584 1593 et
609 1539 677 1593 ad
708 1537 1021 1609 Sequanam
1055 1555 1227 1610 usque
1253 1541 1497 1604 veniens,
1528 1555 1650 1594 cum
1678 1546 1871 1608 pontes

286 1631 537 1701 dissipati
580 1646 853 1701 navesque
904 1631 1014 1686 alto
1049 1632 1311 1687 demersae
1361 1633 1649 1687 transitum
1683 1630 1871 1702 prohi-

285 1723 572 1790 buissent,
625 1723 885 1778 substitit.
935 1724 1109 1778 Porro
1157 1723 1418 1779 Warinus
1462 1733 1519 1779 et
1557 1723 1867 1779 Bernardus

284 1814 543 1879 comites,
580 1813 830 1885 plurimis
865 1815 1135 1870 sociorum
1170 1828 1237 1869 ex
1264 1814 1590 1887 Burgundia:
1618 1815 1865 1885 partibus

284 1908 506 1970 coactis,
537 1915 594 1960 et
622 1908 686 1961 ad
710 1905 1015 1961 Matronam
1039 1905 1264 1962 ﬂuvium
1280 1922 1451 1976 usque
1477 1914 1863 1978 pervenerunt,

282 2004 340 2051 et
362 1997 436 2053 ibi
462 1998 661 2068 partim
688 1999 985 2067 asperitate
1028 2006 1083 2054 et
1131 1999 1454 2068 intemperie
1500 1998 1643 2053 aeris
1686 2006 1864 2053 retar-

282 2088 418 2155 dati,
446 2090 646 2160 partim
673 2106 772 2159 pro
800 2091 1122 2160 colligendis
1151 2091 1313 2147 sociis
1345 2091 1622 2161 suspensi,
1657 2090 1710 2144 in
1738 2090 1865 2144 villa

281 2178 540 2251 Bonogilo
587 2189 642 2237 et
681 2182 747 2261 iis
787 2183 1007 2251 praediis
1054 2180 1185 2253 'qua:
1227 2183 1614 2253 circumjacent
1659 2183 1865 2251 aliquot

278 2270 473 2327 diebus
511 2272 824 2327 consedere.
885 2272 1126 2327 Instabat
1153 2287 1283 2327 sane
1324 2280 1523 2327 sancta:
1557 2271 1866 2342 Quadrage—

277 2360 434 2415 sima:
456 2368 687 2432 tempus.
728 2360 895 2430 Cujus
914 2362 1250 2417 bebdomada
1272 2362 1467 2431 prima,
1494 2360 1627 2415 feria
1651 2361 1859 2429 quinta,

276 2449 438 2505 missi
467 2457 594 2505 sunt
621 2451 688 2505 ab
718 2450 824 2505 illis
847 2450 1032 2522 legati,
1061 2450 1335 2506 Rebaldus
1357 2450 1523 2505 abbas
1544 2458 1598 2505 et
1620 2448 1866 2510 Gautsel-

275 2557 404 2596 mus
432 2556 615 2596 comes
638 2583 653 2607 ,
711 2541 778 2597 ad
807 2542 1126 2597 Lotharium
1158 2541 1326 2596 ﬁlium
1354 2540 1729 2612 imperatoris,
1768 2555 1862 2609 po-

273 2631 547 2687 stulantes
572 2640 634 2687 ut
657 2632 737 2688 eis
765 2632 1044 2688 absolutus
1070 2632 1331 2687 custodia:
1360 2630 1589 2686 vinculis
1626 2631 1861 2697 impera-

272 2729 367 2776 tor
394 2720 732 2776 redderetur.
771 2721 1012 2789 Quorum
1044 2722 1090 2777 si
1114 2729 1331 2792 pareret
1354 2720 1723 2791 postulationi,
1758 2720 1856 2789 ipsi

271 2827 494 2884 quoque
519 2812 571 2868 ei
594 2828 759 2869 causa
780 2814 923 2884 apud
953 2826 1165 2884 patrem
1195 2814 1385 2870 salutis
1410 2822 1463 2869 et
1486 2814 1707 2868 honoris
1731 2814 1860 2868 olim

274 2903 523 2974 dispositi
554 2902 753 2960 forent.
798 2905 895 2962 Sin
939 2906 1118 2973 aliter,
1163 2907 1374 2962 etiamsi
1422 2921 1647 2962 necesse
1692 2915 1855 2971 esset,

275 3008 401 3047 cum
429 2993 513 3048 sui
534 2994 776 3063 periculo
804 3011 929 3051 eum
974 2996 1291 3066 requisituri
1320 3013 1334 3053 :
1385 3004 1441 3050 et
1480 2996 1860 3051 resistentibus

274 3082 381 3137 sibi
406 3082 463 3138 in
490 3083 595 3139 hac
616 3100 679 3140 re
707 3100 830 3141 cum
860 3086 1046 3152 armis,
1076 3085 1185 3140 Deo
1207 3084 1419 3154 judice,
1454 3094 1638 3141 essent
1673 3086 1858 3141 obvia-

272 3174 407 3229 turi.
450 3171 594 3231 Sane
618 3175 747 3232 huic
774 3177 1031 3232 mandato
1057 3177 1335 3249 respondit
1364 3175 1652 3232 Lotharius
1670 3217 1685 3242 ,
1738 3178 1858 3232 nul-

279 3264 394 3320 lum
437 3265 561 3336 plus
605 3281 665 3322 se
708 3266 795 3322 vel
840 3267 1077 3338 compati
1122 3275 1360 3336 paterna:
1402 3266 1724 3333 calamitati,
1773 3267 1857 3322 vel

278 3357 624 3428 congaudere
648 3357 996 3428 prosperitati
1036 3375 1049 3411 :
1097 3373 1199 3413 nec
1237 3357 1432 3413 debere
1468 3357 1570 3413 sibi
1598 3358 1855 3428 imputari

270 3447 489 3519 culpam
525 3448 757 3504 senioris
789 3448 892 3504 sibi
916 3447 1114 3514 oblati,
1143 3463 1267 3503 cum
1294 3448 1397 3518 ipsi
1427 3462 1549 3502 eum
1580 3448 1856 3504 destituiss-

271 3547 395 3595 sent
424 3555 488 3595 ac
515 3538 899 3610 prodidissent,
938 3554 1115 3609 neque
1142 3538 1433 3594 carceralis
1463 3539 1721 3594 custodiae
1744 3555 1856 3595 na:—

278 3644 407 3683 vum
437 3628 539 3684 sibi
563 3628 688 3699 jure
715 3628 890 3695 inuri,
928 3644 1053 3685 cum
1080 3635 1361 3683 constaret
1385 3628 1488 3683 hoc
1512 3637 1691 3683 actum
1712 3630 1855 3699 judi-

272 3719 362 3776 cio
387 3718 700 3790 episcOpali.
743 3718 878 3775 Cum
905 3719 1009 3774 hac
1034 3732 1165 3789 ergo
1191 3715 1565 3773 satisfactione
1587 3718 1853 3787 praemissi

272 3809 439 3879 legati
484 3809 699 3864 remissi
744 3816 870 3864 sunt
912 3808 983 3864 ad
1022 3823 1117 3863 eos
1145 3806 1238 3877 qui
1269 3822 1329 3862 se
1366 3806 1645 3862 miserant.
1696 3807 1855 3863 Com-

264 3900 513 3957 mandati
564 3908 693 3955 sunt
734 3899 1005 3955 Guerinus
1044 3915 1255 3965 comes,
1307 3907 1362 3954 et
1413 3898 1560 3963 Odo,
1606 3914 1706 3954 nec
1744 3915 1852 3954 non

262 3990 436 4046 Falco
453 3997 509 4046 et
529 3989 682 4060 Hugo
711 3989 952 4054 abbates,
981 3990 1049 4045 ad
1064 4004 1123 4045 se
1142 3989 1421 4045 venirent:
1445 3998 1712 4060 quatenus
1730 4006 1854 4045 cum

263 4080 349 4135 eis
361 4078 757 4135 deliberaretur
773 4078 1045 4149 quomodo
1064 4078 1256 4150 petitio
1284 4094 1475 4135 eorum
1497 4079 1707 4149 impleri
1729 4094 1854 4149 pos-

262 4179 369 4227 set.
404 4169 670 4241 Praecepit
696 4170 862 4226 etiam
898 4169 1043 4226 ﬁlius
1077 4168 1322 4242 ejusdem
1366 4169 1709 4240 imperatoris
1750 4170 1854 4224 Lo-

263 4262 479 4317 tharius
509 4269 570 4316 ut
599 4262 751 4316 missi
777 4261 881 4316 sibi
913 4260 967 4314 in
996 4260 1295 4315 crastinum
1334 4259 1719 4331 dirigerentur,
1758 4261 1852 4329 qui

268 4362 485 4424 tempus
528 4354 792 4409 adventus
827 4352 1209 4423 prazdictorum
1260 4352 1505 4407 virorum
1539 4352 1608 4407 ab
1653 4366 1720 4406 eo
1759 4365 1852 4406 co-

261 4450 589 4515 gnoscerent
607 4485 623 4511 ,
668 4450 724 4499 et
753 4443 834 4498 sic
861 4442 930 4497 ad
955 4443 1265 4498 condictum
1295 4442 1440 4497 diem
1466 4442 1569 4498 sibi
1600 4457 1849 4497 oecurre-

262 4543 412 4600 rent,
444 4535 511 4589 de
542 4549 705 4590 causa
750 4532 1057 4604 supradicta
1096 4532 1400 4587 tractaturi.
1460 4532 1675 4587 Etenim
1716 4546 1845 4588 vero

262 4634 477 4680 mutato
502 4625 757 4690 consilio,
806 4638 930 4678 cum
959 4622 1044 4677 his
1071 4623 1163 4692 qui
1200 4623 1317 4693 ejus
1352 4621 1538 4677 favore
1575 4621 1846 4677 duceban-

254 4725 375 4783 tur,
402 4716 592 4773 relieto
616 4725 772 4787 patre
798 4717 853 4771 in
878 4715 1213 4771 monasterio
1232 4715 1403 4769 sancti
1426 4714 1698 4785 Dionysii,
1731 4715 1845 4784 ipse

254 4806 631 4878 Burgundiam
654 4805 830 4876 petiit,
854 4804 1117 4859 Viennam
1139 4818 1311 4873 usque
1330 4804 1603 4873 pervenit,
1620 4803 1847 4858 ibidem-

253 4915 369 4971 que
408 4899 603 4954 stativa
632 4899 813 4954 facere
857 4898 1075 4969 delegit.
1135 4898 1206 4953 At
1234 4912 1366 4954 vero
1404 4898 1439 4951 ii
1470 4898 1562 4969 qui
1593 4914 1715 4953 cum
1749 4899 1846 4953 im-
1882 4926 1913 4947 χ

252 4996 514 5060 peratore
560 4998 969 5054 remanserant,
1024 5004 1148 5045 eum
1190 4989 1258 5044 ad
1299 4988 1639 5058 recipiendas
1668 4990 1839 5059 impe-

251 5078 496 5134 ratorias
531 5077 731 5133 infulas
764 5078 1143 5134 hortabantur.
1187 5076 1294 5134 Sed
1332 5078 1647 5149 imperator,
1677 5095 1843 5149 quan-

255 5187 426 5242 quam
456 5173 618 5228 modo
659 5187 768 5243 quo
803 5173 1121 5241 praedictum
1149 5180 1231 5227 est
1253 5171 1509 5228 Ecclesiae
1531 5171 1842 5227 eliminatus

254 5264 641 5321 communione
663 5305 679 5330 ,
708 5277 1049 5333 nequaquam
1078 5272 1259 5317 tamen
1289 5278 1647 5333 praiproperae
1672 5262 1842 5318 voluit

252 5355 611 5425 acquiescere
638 5354 922 5411 sententiae
947 5372 960 5407 :
990 5353 1086 5409 sed
1118 5352 1394 5407 Dominica
1413 5396 1427 5418 ,
1459 5370 1579 5424 quae
1625 5354 1679 5406 in
1719 5369 1839 5407 cra-

250 5448 466 5504 stinum
512 5449 764 5513 advenit,
815 5448 870 5502 in
900 5446 1131 5502 ecclesia
1161 5445 1337 5500 sancti
1368 5446 1608 5517 Dionysii
1636 5445 1843 5514 episco-

249 5539 370 5613 pali
396 5541 699 5598 ministerio
724 5540 893 5597 voluit
921 5536 1284 5603 reconciliari,
1309 5548 1364 5592 et
1384 5554 1484 5608 per
1507 5553 1700 5592 manus
1729 5538 1843 5608 epi-

252 5648 548 5705 scoporum
580 5639 746 5695 armis
773 5633 982 5706 accingi
1027 5632 1322 5689 consensit.
1373 5631 1429 5686 In
1475 5648 1578 5702 qua
1610 5648 1667 5687 re
1696 5643 1841 5688 tanta

253 5728 551 5783 exsultatio
577 5731 753 5801 populi
803 5728 1076 5791 excrevit,
1127 5733 1186 5780 ut
1230 5725 1391 5781 etiam
1426 5726 1537 5795 ipsa
1576 5727 1837 5781 elementa

1874 4492 1926 4552 D

1984 520 2370 589 congratulari.
2432 522 2644 576 Etenim
2690 540 2862 593 usque
2899 526 2964 579 ad
2999 526 3128 582 illud
3164 537 3376 600 tempus
3415 541 3564 593 tanta

1982 608 2301 664 incubuerat
2331 612 2690 680 procellarum
2719 615 2802 669 vis
2836 615 3248 687 pluviarumque
3275 623 3566 679 vehemen-

1980 700 2078 765 tia,
2109 709 2167 755 ut
2204 711 2356 757 extra
2396 704 2612 759 solitum
2655 722 2921 777 aquarum
2960 711 3450 779 superabundantia
3474 731 3564 771 ex-

1978 802 2283 859 creseeret,
2316 803 2594 865 statusque
2623 806 2908 851 ventorum
2952 799 3352 869 imperviabiles
3385 803 3563 861 flumi-

1976 898 2105 937 num
2139 885 2322 941 alveos
2369 886 2639 941 redderet.
2699 886 2806 942 Sed
2848 888 2903 942 in
2948 889 3093 946 illius
3126 893 3466 951 absolutione
3486 898 3561 952 ita

1976 977 2371 1044 quodammodo
2399 980 2514 1034 visa
2538 990 2663 1035 sunt
2688 980 3003 1050 conjnrasse
3027 984 3318 1055 elementa,
3349 998 3408 1044 ut
3435 1007 3561 1046 mox

1975 1075 2030 1122 et
2054 1068 2200 1123 venti
2230 1070 2516 1127 smvientes
2544 1072 2892 1127 mitescerent
2909 1114 2923 1138 ,
2963 1082 3018 1129 et
3044 1076 3163 1131 coeli
3187 1076 3354 1134 facies
3379 1081 3434 1135 in
3460 1097 3559 1136 an-

1974 1159 2181 1228 tiquam
2206 1171 2261 1213 et
2295 1153 2465 1216 niulto
2496 1170 2739 1232 tempore
2769 1165 2998 1220 invisam
3038 1170 3387 1225 serenitatem
3415 1174 3560 1229 redi-

1975 1256 2076 1302 ret.
2119 1249 2421 1321 lmperator
2465 1267 2593 1323 ergo
2638 1256 2706 1309 ab
2733 1269 2798 1309 eo
2824 1255 2944 1310 loco
2979 1256 3084 1312 iter
3114 1261 3296 1329 erepit,
3340 1262 3434 1316 sed
3465 1278 3560 1318 ne-

1973 1356 2245 1409 quaquam
2295 1342 2463 1397 ﬁlium
2505 1345 2794 1399 abeuntem
2843 1348 3136 1416 persequi,
3199 1349 3327 1404 licet
3372 1352 3555 1407 multis

1973 1431 2340 1499 hortantibus,
2371 1435 2563 1489 voluit.
2604 1435 2732 1492 Inde
2761 1452 2892 1507 ergo
2934 1437 3298 1509 Nantogilum,
3344 1457 3407 1496 ac
3436 1452 3559 1512 post

1972 1522 2465 1580 venitCarisiacum
2491 1527 2674 1582 villam
2688 1529 2924 1598 regiam;
2958 1531 3048 1585 ubi
3071 1534 3374 1588 consistens
3394 1549 3558 1605 oppe-

1972 1615 2216 1670 riebatur
2245 1616 2412 1670 filium
2443 1617 2728 1688 Pippinum
2754 1627 2810 1674 et
2831 1637 2926 1676 eos
2955 1623 3046 1691 qui
3078 1629 3230 1678 trans
3256 1624 3556 1681 Matronam

1971 1709 2285 1763 residebant
2309 1727 2321 1762 :
2356 1709 2450 1764 sed
2487 1716 2542 1764 et
2571 1725 2665 1764 eos
2694 1711 2787 1779 qui
2831 1719 2982 1766 trans
3008 1713 3255 1767 Rhenum
3286 1714 3353 1767 ad
3378 1715 3555 1771 Ludo-

1895 1786 1941 1845 B
1971 1798 2152 1851 vicum
2181 1797 2348 1852 ﬁlium
2381 1800 2497 1868 ejus
2536 1800 2844 1871 confugium
2873 1801 3148 1868 fecerant,
3178 1806 3271 1859 sed
3296 1813 3352 1859 et
3380 1805 3553 1876 ipsum

1972 1888 2138 1942 filium
2157 1929 2171 1953 ,
2202 1890 2292 1959 qui
2331 1891 2398 1943 ad
2425 1904 2547 1944 eum
2578 1891 2852 1957 veniebat,
2884 1892 3235 1948 Ludovicum.
3277 1896 3394 1962 Quo
3421 1911 3554 1951 con-

1968 1978 2181 2035 sistenti
2209 2020 2223 2044 ,
2267 1982 2447 2036 medio
2498 1980 2938 2054 Quadragesimae
2982 1990 3246 2054 tempore,
3282 1988 3555 2043 arridente

1967 2070 2129 2124 etiam
2159 2070 2343 2126 laetitia
2372 2072 2543 2142 ipsius
2570 2072 2713 2137 diei,
2748 2081 2804 2129 et
2832 2073 2993 2129 officii
3023 2076 3349 2132 exhortante
3379 2079 3557 2133 canti-

1967 2160 2087 2215 lena
2115 2163 2509 2229 ecclesiastiea,
2541 2180 2607 2218 ac
2634 2165 2847 2221 dicente
2874 2184 2885 2219 :
2922 2165 3156 2233 Lwlare,
3195 2168 3550 2235 Hierusalem,

1965 2260 2012 2304 et
2041 2252 2177 2305 diem
2201 2253 2390 2322 festum
2420 2256 2557 2324 agite
2582 2272 2759 2310 omnes
2790 2258 2880 2327 qui
2901 2256 3121 2327 diligitis
3142 2275 3255 2312 eam
3270 2277 3290 2324 ;
3318 2262 3552 2315 maxima

1965 2343 2251 2399 multitudo
2278 2345 2514 2400 ﬁdelium
2549 2362 2772 2402 suorum
2801 2349 3002 2403 ibidem
3033 2353 3292 2418 occurrit,
3321 2369 3551 2425 congra-

1964 2432 2144 2486 tulans
2189 2434 2462 2487 communi
2511 2434 2731 2490 laztitiar.
2794 2436 2943 2502 Quos
2989 2437 3287 2509 imperator
3324 2441 3554 2512 benigne

1962 2523 2303 2593 suscipiens,
2353 2532 2409 2577 et
2451 2541 2551 2595 pro
2596 2526 2720 2581 ﬁdei
2767 2527 3077 2598 integritate
3127 2531 3330 2600 gratias
3366 2546 3549 2602 agens,

1961 2612 2245 2683 Pippinum
2270 2616 2488 2684 quidem
2524 2617 2694 2671 filium
2734 2619 2791 2673 in
2831 2619 3179 2690 Aquitaniam
3212 2638 3337 2678 cum
3368 2624 3552 2679 laetitia

1961 2703 2198 2770 dimisit,
2244 2713 2468 2762 caeteros
2502 2695 2686 2762 autem
2721 2712 2790 2764 ad
2821 2710 2940 2765 loca
2969 2712 3074 2766 sibi
3105 2728 3343 2784 congrua
3373 2715 3551 2769 redire

1959 2792 2403 2863 laetospermisit.
2444 2796 2562 2867 Ipse
2583 2807 2766 2855 autem
2788 2799 3127 2872 Aquasgrani
3146 2805 3422 2873 pervenit;
3450 2806 3553 2861 ibi-

1959 2900 2065 2954 que
2093 2885 2277 2941 Judith
2302 2886 2601 2959 Augustam
2626 2892 2695 2946 ab
2720 2892 2873 2947 italia
2902 2895 3287 2951 reducentibus
3316 2897 3544 2953 Rataldo

1958 2974 2231 3045 episeopo,
2248 2977 2613 3047 etBonifacio,
2638 2982 2730 3037 sed
2748 2991 2803 3037 et
2819 2982 3105 3054 Pippinum
3134 2984 3301 3040 ﬁlium
3321 2989 3544 3058 recepit.

1960 3066 2133 3121 Porro
2160 3066 2414 3123 Carolum
2439 3071 2553 3141 jam
2586 3072 2787 3127 dudum
2813 3088 2996 3129 secum
3022 3075 3279 3130 habebat.
3320 3075 3548 3132 Ibidem-

1959 3173 2065 3228 que
2102 3157 2323 3214 Paschae
2353 3160 2751 3220 solemnitatem
2781 3180 2906 3221 eum
2932 3165 3091 3222 solita
3115 3168 3401 3223 devotione
3427 3184 3546 3239 per-

1957 3249 2085 3320 egit.
2136 3248 2268 3304 Post
2314 3248 2471 3319 cujus
2511 3254 2883 3311 celebritatem
2926 3271 3025 3326 per
3064 3256 3413 3312 Arduennam
3457 3258 3549 3313 sil-

1958 3359 2078 3399 vam
2128 3346 2417 3401 venatione
2465 3361 2525 3402 se
2573 3348 2854 3403 exercuit:
2883 3356 2940 3403 et
2968 3358 3091 3419 post
3125 3358 3328 3406 sancte
3356 3350 3547 3406 Pente-

1955 3445 2134 3493 costes
2174 3437 2560 3504 festivitatem,
2602 3439 2657 3493 in
2698 3448 2883 3509 partes
2913 3439 3189 3498 Romerici
3220 3443 3421 3498 montis
3447 3458 3547 3499 ve.

1954 3529 2162 3584 nationi
2213 3537 2375 3599 atque
2416 3530 2705 3599 piscationi
2746 3545 2971 3600 operam
3011 3532 3180 3587 dedit.
3224 3533 3367 3589 Sane
3394 3550 3547 3590 rece-

1954 3620 2116 3677 dente
2142 3621 2250 3676 ﬁlio
2275 3623 2620 3693 imperatoris
2650 3624 2910 3679 Lotbario
2947 3639 2976 3678 a
3007 3633 3162 3694 patre
3188 3635 3243 3680 et
3278 3627 3332 3680 in
3364 3635 3547 3696 partes

1953 3711 2240 3779 praedictas
2270 3712 2537 3779 abeunte,
2571 3720 2951 3767 remanserant
2978 3713 3033 3767 in
3075 3712 3340 3770 Neustria:
3369 3718 3541 3785 parti-

1952 3800 2056 3855 bus
2106 3800 2433 3857 Lanthertus
2485 3817 2710 3867 comes,
2767 3810 2823 3857 et
2875 3802 3192 3869 Matfridus,
3253 3807 3547 3877 exterique

1953 3892 2480 3963 quamplurimi,.qui
2506 3892 2728 3948 easdem
2754 3902 2940 3963 partes
2965 3895 3186 3965 propria
3222 3897 3273 3951 vi
3308 3898 3547 3955 retinere

1953 3981 2286 4037 nitebantur.
2348 3982 2521 4049 Quam
2561 3998 2678 4038 rem
2707 3998 2851 4054 :egre
2887 3984 3071 4039 ferens
3108 3984 3224 4041 Odo
3251 4001 3456 4053 eomes,
3488 3997 3545 4045 et

1952 4071 2044 4126 alii
2068 4072 2224 4127 multi
2258 4074 2604 4144 imperatoris
2626 4076 2873 4145 partibus
2901 4075 3177 4145 faventes,
3220 4090 3411 4135 contra
3446 4098 3544 4140 eos

1953 4178 2105 4218 arma
2126 4164 2451 4234 corripiunt,
2483 4180 2685 4235 eosque
2707 4167 2911 4236 pellere
2930 4168 3038 4224 illis
3065 4169 3201 4226 locis
3228 4171 3545 4229 nitebantur

1953 4265 2049 4311 aut
2081 4265 2229 4312 certe
2273 4273 2396 4312 cum
2441 4258 2522 4313 eis
2550 4260 2827 4330 congredi.
2887 4259 3017 4328 Qute
3047 4277 3135 4318 res
3169 4280 3295 4319 eum
3322 4266 3541 4337 segnius

1952 4362 2115 4415 quam
2156 4346 2340 4415 decuit
2383 4345 2881 4416 administraretur,
2934 4359 2991 4406 et
3034 4354 3214 4408 minus
3240 4363 3398 4410 caute
3426 4355 3538 4411 cir-

1952 4437 2405 4507 eumspiceretur,
2444 4453 2551 4492 non
2580 4439 2861 4493 minimam
2896 4428 3266 4499 calamitatem
3290 4446 3370 4500 eis
3396 4447 3539 4501 intu-

1954 4527 2034 4583 lit.
2073 4527 2212 4581 Dum
2241 4528 2384 4582 enim
2432 4544 2500 4583 ex
2549 4529 2823 4597 insperato
2861 4530 2966 4585 illis
3003 4532 3188 4589 hostes
3216 4550 3540 4604 supervene-

1954 4627 2113 4685 runt,
2145 4619 2223 4674 illi
2250 4629 2432 4675 autem
2458 4621 2655 4697 minori
2682 4636 2843 4691 quam
2880 4637 2970 4678 res
2994 4625 3301 4692 postulabat
3326 4628 3537 4683 cautela

1953 4718 2268 4776 uterentur,
2297 4711 2672 4766 insistentibus
2700 4712 2947 4768 hostibus
2985 4723 3135 4786 terga
3172 4716 3535 4775 nudaverant.

1950 4798 2136 4869 Ibique
2164 4808 2220 4854 et
2241 4800 2357 4870 ipse
2384 4800 2498 4857 Odo
2529 4817 2651 4857 cum
2683 4801 2851 4858 fratre
2886 4803 3154 4860 Willelmo
3183 4806 3390 4862 interiit
3418 4809 3537 4879 plu-

1951 4891 2213 4963 rimisque
2250 4893 2402 4957 aliis,
2447 4895 2629 4949 caeteri
2657 4895 2885 4951 salutem
2922 4899 2974 4951 in
3004 4896 3145 4969 fuga:
3174 4900 3417 4955 subsidio
3439 4917 3535 4972 po-

1952 4994 2198 5041 suerunt.
2241 4985 2358 5052 Quo
2387 4988 2602 5056 negotio
2627 4996 2869 5057 peracto,
2911 4989 2949 5043 ii
2979 4991 3071 5060 qui
3109 4990 3334 5046 victoria
3375 4993 3533 5061 potiti

1950 5086 2097 5142 sunt,
2129 5092 2251 5131 cum
2291 5091 2468 5146 neque
2501 5076 2575 5131 ibi
2623 5080 2922 5135 consistere
2965 5095 3126 5151 posse
3166 5082 3300 5136 satis
3355 5089 3534 5137 tutum

1949 5169 2245 5237 videretur,
2298 5186 2471 5239 neque
2499 5170 2759 5228 Lothario
2789 5189 2847 5228 se
2869 5174 3099 5246 jungere
3141 5175 3403 5240 valerent,
3442 5192 3534 5231 ve-

1949 5269 2131 5315 rentes
2162 5276 2229 5315 ne
2263 5269 2355 5316 aut
2382 5262 2456 5316 ibi
2493 5264 2917 5319 consistentibus
2951 5264 3249 5335 imperator
3276 5282 3532 5337 superve-

1947 5353 2113 5417 niret,
2150 5362 2244 5408 aut
2285 5362 2433 5408 certe
2481 5353 2547 5407 ad
2596 5369 2724 5409 suos
2769 5357 3185 5425 properantibus
3233 5358 3287 5412 in
3335 5359 3531 5416 itinere

1947 5445 2224 5509 obviaret,
2258 5445 2325 5499 ad
2360 5445 2681 5499 Lotharium
2721 5447 3043 5516 quantocius
3084 5449 3322 5516 mittunt,
3359 5458 3418 5505 ut
3449 5451 3532 5508 eis

1949 5536 2225 5608 suppetias
2266 5535 2430 5591 ferret
2465 5551 2602 5605 quos
2656 5536 2790 5590 tanti
2841 5537 3175 5595 discriminis
3216 5550 3394 5597 metus
3422 5543 3533 5598 cir-

1946 5629 2314 5684 enmvallaret.
2357 5630 2459 5696 Qui
2502 5628 2686 5685 audito
2715 5646 2904 5686 eorum
2950 5633 3218 5703 periculo,
3267 5644 3323 5689 et
3368 5636 3531 5690 rebus

1947 5723 2143 5793 gestis,
2197 5721 2513 5776 deliberavit
2555 5722 2634 5776 eis
2669 5738 3008 5781 succurrere.
3062 5726 3176 5793 Qua
3208 5734 3528 5797 tempestate
