3940 6180
421 290 525 346 9ὓτ

1559 269 1882 329 LUDOV'ICI
1921 269 1939 323 l
1979 264 2449 324 COGNOMENTO
2489 264 2572 318 Pll

3584 261 3693 316 963

416 400 678 456 Warinus
701 407 884 451 comes
911 406 1033 446 cum
1064 387 1310 458 plurimis
1351 386 1514 440 sociis
1548 393 1787 439 castrum
1816 381 1996 437 Cabil-
2024 388 2072 445 Α
2100 389 2409 450 statumque
2450 378 2881 435 ecclesiasticum
2924 390 3061 445 pene
3107 376 3409 444 collapsum
3457 375 3514 429 in
3553 378 3695 431 anti-

417 487 604 543 lonum
653 492 928 550 utcunque
958 476 1220 541 munivit;
1258 484 1319 529 ut
1345 476 1391 530 si
1427 474 1630 544 aliquid
1655 473 1723 528 ab
1748 474 2004 526 adversa-

421 591 542 631 rum
568 572 802 644 partium
838 567 1096 623 studiosis
1133 564 1414 620 moliretur
1451 563 1611 623 novi.
1648 563 1751 617 sibi
1788 563 2007 630 suisque

419 664 561 717 foret
591 656 934 728 receptaculo
963 671 1027 710 ac
1060 655 1367 710 munitioni.
1409 653 1563 720 Quod
1588 667 1713 707 cum
1748 650 2006 705 Lothario

420 760 757 823 compertum
786 749 962 814 foret,
1008 748 1334 819 improvisus
1380 746 1507 800 illuc
1545 744 1801 800 advenire
1824 744 2008 812 dispo-

421 846 552 910 suit,
589 842 738 913 quod
780 850 962 895 tamen
1010 839 1190 893 facere
1237 837 1498 907 nequivit.
1543 835 1775 890 Advenit
1801 842 2004 895 tamen,

423 943 479 989 et
507 934 766 1005 Oppidum
810 930 1209 995 circumdedit,
1259 944 1380 999 qua:
1420 928 1474 982 in
1516 927 1744 982 circuitu
1775 925 2009 981 civitatis

420 1038 578 1082 erant
625 1026 876 1081 incendio
918 1023 1279 1093 conflagrans.
1339 1022 1641 1092 Pugnatum
1687 1027 1772 1075 est
1810 1020 2010 1074 acriter

423 1116 616 1171 diebus
643 1116 914 1185 quinque;
965 1122 1020 1167 et
1046 1113 1263 1166 tandem
1306 1112 1376 1166 ad
1415 1110 1744 1166 deditionem
1773 1110 2009 1179 primum

432 1201 561 1260 urbs
586 1214 800 1276 recepta
830 1214 915 1259 est
937 1245 951 1269 ,
1003 1211 1126 1274 post
1160 1211 1342 1258 autem
1368 1218 1521 1259 versa
1561 1204 1678 1257 vice
1709 1203 2009 1258 crudelium

423 1298 691 1352 victorum
723 1312 894 1362 more,
925 1297 1161 1366 primum
1184 1296 1402 1366 quidem
1427 1296 1816 1367 direptionibus
1842 1296 2010 1350 eccle—

426 1392 520 1446 sia:
549 1399 775 1445 vastata:
799 1431 815 1455 ,
870 1390 1112 1443 thesauri
1143 1388 1461 1459 depraedati,
1489 1396 1544 1443 et
1569 1402 1887 1443 communes
1915 1403 2009 1443 co-

426 1483 530 1552 pim
558 1483 780 1552 direpta:
808 1500 819 1534 :
850 1481 917 1535 ad
949 1479 1199 1534 ultimum
1227 1493 1360 1534 vero
1384 1478 1578 1533 civitas
1611 1478 1794 1532 voraci
1827 1478 2012 1532 incen-

427 1575 518 1630 dio
560 1573 783 1644 depasta
833 1581 950 1638 est,
1001 1578 1202 1642 printer
1249 1585 1414 1624 unam
1457 1584 1682 1641 parvam
1731 1568 2012 1623 basilicam

426 1683 577 1737 quae,
612 1668 876 1737 stupende
914 1667 1198 1732 miraculo,
1239 1682 1361 1722 cum
1394 1667 1519 1721 hinc
1544 1666 1667 1721 inde
1696 1667 1872 1721 cincta
1902 1665 2013 1719 fue-

2109 489 2275 544 quum
2305 482 2507 528 statum
2533 472 2668 542 erigi
2689 470 2871 540 jusSit.
2912 469 3153 539 Itemque
3180 470 3440 541 prmcepit
3466 480 3529 525 ut
3543 472 3693 527 missi

2107 580 2205 635 per
2231 564 2472 635 singulos
2507 565 2799 619 comitatus
2822 563 2983 628 irent,
3013 564 3105 633 qui
3134 562 3533 618 immanitatem
3559 580 3699 634 pne-

2110 658 2314 711 donum
2353 668 2516 727 atque
2568 657 2870 719 latronum,
2918 672 3040 726 qua:
3085 656 3327 711 inaudita
3367 667 3698 719 emerserat,

2109 748 2447 813 cohiberent,
2477 757 2534 803 et
2554 749 2643 803 ubi
2674 763 2861 803 eorum
2886 748 3059 818 major
3079 747 3161 802 vis
3187 747 3510 803 incubuerat
3530 750 3699 803 etiam

2111 841 2337 895 comites
2381 840 2589 894 vicinos
2626 847 2682 895 et
2727 840 3103 909 episcoporum
3155 838 3406 893 homines
3449 839 3520 893 ad
3561 839 3702 894 tales

2110 932 2442 987 evineendos
2486 942 2543 986 et
2582 932 2939 1001 proterendos
2985 931 3088 986 sibi
3125 931 3499 995 asciscerent,
3552 941 3609 986 et
3634 936 3703 988 de

2111 1024 2197 1078 his
2226 1022 2453 1093 singulis
2487 1022 2590 1077 sibi
2639 1024 2694 1077 in
2731 1023 2980 1092 proximo
3026 1021 3225 1092 placito
3269 1022 3511 1092 generali
3539 1022 3704 1078 Wor-

2113 1114 2336 1167 matiam
2365 1113 2764 1179 renuntiarent,
2781 1113 2926 1182 quod
2953 1112 3194 1167 futurum
3220 1120 3501 1169 transacta
3522 1114 3701 1169 hienze

2111 1213 2170 1259 et
2195 1204 2455 1259 suadente
2481 1204 2688 1259 vernali
2718 1204 2891 1274 gratia
2918 1203 3131 1258 indixit.

2186 1293 2359 1364 (855.)
2385 1293 2669 1364 Transegit
2687 1309 2817 1365 ergo
2852 1294 3148 1364 imperator
3168 1294 3463 1349 maximam
3491 1304 3701 1365 partem

2113 1384 2326 1439 hiberni
2343 1384 2601 1455 temporis
2611 1384 3206 1455 Aquisgrani.lndeque
3224 1384 3506 1456 profectus
3529 1395 3615 1442 est
3635 1389 3703 1441 ad

2115 1474 2421 1531 Theodonis
2442 1476 2626 1529 villam
2648 1483 2776 1530 ante
2792 1474 3034 1530 Natalem
3051 1474 3285 1542 Domini,
3300 1476 3390 1531 ubi
3413 1478 3580 1532 etiam
3611 1494 3703 1549 po-

2115 1571 2291 1641 pulus,
2309 1570 2395 1625 cui
2416 1578 2746 1641 praeceptum
2766 1568 2965 1635 fuerat,
2982 1569 3219 1625 advenit.
3240 1569 3346 1625 Ubi
3372 1572 3700 1631 consistens.

2116 1668 2303 1715 contra
2335 1660 2601 1729 quosdam
2630 1660 2913 1730 episcopos
2941 1659 3008 1714 de
3033 1659 3115 1714 sui
3144 1660 3443 1730 dejectione
3471 1676 3704 1730 conque-

427 1757 499 1809 rit
535 1756 881 1810 sarvicntihus
917 1764 973 1810 et
1009 1755 1369 1810 lambentibus
1394 1755 1660 1821 flammis,
1693 1765 1871 1811 tamen
1905 1771 2012 1809 non
2041 1761 2087 1819 Β
2117 1749 2351 1803 rebatur.
2399 1748 2505 1803 Sed
2536 1765 2659 1804 cum
2704 1750 2922 1820 quidam
2960 1750 3018 1804 in
3057 1750 3267 1828 Italiam
3310 1751 3701 1823 confugissent.

429 1848 602 1916 potuit
627 1847 801 1901 aduri.
834 1846 957 1900 Fuit
978 1855 1159 1902 autem
1190 1857 1503 1903 consecrata
1536 1850 1645 1903 Deo
1671 1850 1722 1903 in
1754 1850 2013 1903 honorem

429 1941 571 1995 beati
619 1939 836 2009 Georgii
885 1941 1162 2010 martyris.
1204 1940 1315 1995 Nec
1348 1951 1525 1995 tamen
1554 1939 1799 1994 Lotharii
1826 1937 2015 1992 volun-

433 2043 516 2087 tas
548 2032 651 2086 fuit
683 2040 741 2086 ut
764 2033 957 2088 civitas
981 2034 1421 2089 suceenderetur.
1460 2032 1862 2087 Acclamatione
1893 2046 2018 2099 por-

432 2139 492 2176 ro
533 2122 755 2175 militari
800 2130 922 2191 post
955 2123 1145 2177 urbem
1193 2131 1439 2192 captam,
1470 2122 1782 2177 Golselinus
1810 2136 2014 2183 comes,

430 2213 667 2283 itemque
695 2212 877 2267 Sanila
901 2228 1085 2269 comes
1103 2254 1117 2280 ,
1146 2230 1248 2269 nec
1275 2230 1383 2269 non
1414 2213 1763 2268 Madalclmus
1785 2211 2019 2266 vasallus

432 2294 767 2365 dominicus,
783 2304 959 2371 capite
991 2303 1136 2371 plexi
1173 2312 1316 2358 sunt.
1359 2303 1465 2357 Sed
1494 2312 1550 2357 et
1580 2302 1877 2372 Gerberga,
1909 2301 2016 2354 lilia

432 2391 707 2460 quondam
728 2391 980 2446 Willelmi
1004 2393 1240 2459 comitis,
1287 2402 1541 2463 tanquam
1562 2393 1823 2456 venefica,
1866 2390 2021 2459 aquis

433 2479 727 2548 prmfoeata
740 2489 842 2536 est.
870 2481 1000 2549 Qua:
1014 2483 1136 2537 dum
1153 2490 1433 2553 geruntur,
1457 2482 1750 2552 imperator
1768 2496 1888 2537 cum
1912 2480 2022 2535 filio

440 2569 714 2627 Ludovico
735 2573 1033 2643 Lingonum
1057 2574 1327 2629 civitatem
1352 2574 1667 2639 advenerat,
1691 2574 1745 2628 in
1769 2589 1874 2644 qua
1891 2573 2023 2627 urbe

442 2659 813 2729 hujuscemodi
840 2663 1077 2733 suscepit
1108 2664 1379 2728 nuntium,
1421 2664 1512 2733 qui
1540 2679 1663 2718 eum
1702 2664 1854 2718 valde
1883 2677 2021 2717 mue-

436 2756 581 2803 stum
623 2749 875 2805 reddidit.
935 2752 1003 2806 Et
1048 2751 1337 2807 Lotharius
1380 2753 1600 2823 quidem
1645 2754 1762 2823 ejus
1804 2753 1944 2807 filius
1993 2769 2023 2807 a

442 2842 723 2898 Cabillono
770 2846 875 2899 iter
924 2847 1153 2916 suscepit
1185 2847 1253 2901 ad
1287 2846 1764 2917 Augustodunum,
1798 2848 2025 2918 indeque

446 2934 790 2991 Aurelianam
819 2939 1009 2992 urbem
1039 2939 1306 3009 pervenit,
1335 2940 1527 2994 deinde
1557 2940 1608 2993 in
1636 2956 1834 3009 pagum
1861 2940 2028 2995 Ceno-

446 3027 718 3082 manicum
740 3068 754 3092 ,
805 3028 857 3081 in
888 3028 1070 3082 villam
1103 3027 1258 3097 cuius
1290 3030 1615 3085 vocabulum
1641 3039 1725 3085 est
1762 3030 2025 3097 Matualis,

2117 1841 2334 1911 quidam
2361 1842 2539 1896 vocati
2569 1841 2790 1897 obedire
2819 1842 3121 1898 noluissent
3141 1884 3156 1910 ,
3193 1844 3341 1900 solus
3369 1844 3488 1901 Eho
3515 1861 3702 1901 eorum

2115 1930 2208 1999 qui
2236 1930 2655 2000 impetebantur,
2679 1929 2870 1986 adfuit.
2896 1931 2999 1998 Qui
3023 1947 3146 1987 cum
3166 1934 3398 1990 rationis
3419 1934 3706 1989 reddenda:

2116 2036 2281 2075 causa
2310 2036 2472 2091 super
2498 2022 2695 2077 talibus
2729 2031 3047 2094 urgeretur,
3093 2025 3420 2080 causabatur
3445 2042 3504 2081 se
3528 2028 3701 2082 solum

2120 2114 2324 2170 relictis
2370 2116 2641 2183 omnibus,
2688 2118 2744 2171 in
2791 2133 3023 2187 quorum
3067 2120 3357 2189 praesentia
3402 2121 3520 2175 hac
3566 2121 3706 2174 facta

2121 2202 2357 2271 fuerant,
2388 2207 2589 2277 urgeri.
2618 2206 2689 2261 At
2709 2223 2839 2263 vero
2865 2210 3043 2264 caeteri
3073 2210 3342 2281 episcopi,
3371 2228 3495 2268 cum
3522 2212 3713 2267 obten-

2122 2296 2312 2351 derent
2358 2299 2738 2353 necessitatem
2768 2301 3102 2370 praesentiae,
3154 2313 3483 2358 excusarent
3527 2312 3711 2359 autem

2122 2385 2457 2460 voluntatem
2489 2387 2840 2455 innocentia,
2890 2389 3032 2445 idem
3070 2391 3182 2446 Ebo
3220 2394 3439 2449 tandem
3483 2396 3714 2449 moleste

2124 2472 2305 2532 ferens
2329 2476 2527 2533 talibus
2569 2480 2886 2546 extrediari,
2926 2482 3155 2537 consilio
3194 2484 3365 2554 petito
3405 2486 3713 2556 aliquorum

2124 2568 2519 2638 episcoporum,
2545 2571 2659 2640 ipse
2685 2571 2739 2625 in
2767 2586 2826 2625 se
2849 2573 3137 2641 quamdam
3159 2574 3552 2632 confessionem
3576 2591 3717 2645 pm:-

2125 2661 2348 2728 dicavit,
2378 2663 2827 2733 confirmavitque
2853 2680 2911 2719 se
2932 2674 2988 2719 et
3013 2666 3291 2736 indignum
3322 2668 3628 2723 sacerdotio
3657 2679 3715 2721 et

2128 2753 2560 2809 irrevocabiliter
2588 2771 2653 2810 eo
2682 2756 2956 2811 abstinere
2993 2754 3296 2825 judicavit;
3339 2759 3480 2827 quod
3516 2766 3573 2813 et
3596 2759 3714 2827 epi-~

2130 2845 2308 2914 scopis
2336 2853 2393 2899 ct
2414 2860 2513 2915 per
2536 2861 2629 2900 eos
2658 2847 2973 2917 imperatori
3011 2849 3357 2903 contradidit.
3386 2848 3507 2915 Quo
3536 2848 3712 2909 facto.

2128 2935 2447 3007 Agobardus
2466 2935 2840 3007 Lugdunensis
2860 2939 3318 3009 archiepiscopus,
3343 2941 3436 3009 qui
3460 2952 3716 2996 evocatus

2133 3030 2201 3084 ad
2228 3027 2653 3083 satisfactionem
2678 3030 2865 3086 venire
2892 3032 3119 3100 distulit,
3158 3047 3278 3087 cum
3325 3042 3407 3088 ter
3427 3042 3575 3089 esset
3594 3050 3718 3088 evo-

444 3115 681 3172 devenit.
721 3118 790 3172 At
821 3118 1115 3188 imperator
1147 3135 1268 3175 cum
1294 3121 1408 3176 suis
1444 3121 1697 3176 maximis
1728 3123 1919 3193 copiis,
1957 3125 2030 3178 si-
2057 3109 2101 3170 C
2135 3130 2309 3187 catus,
2341 3122 2410 3176 ab
2449 3121 2704 3177 Ecclesiae
2742 3124 3032 3194 praasulatu
3077 3133 3316 3181 semotus
3345 3134 3453 3191 est,
3481 3127 3713 3188 ameris,

446 3211 558 3265 mul
600 3221 657 3266 et
703 3212 978 3268 Ludovico
1014 3214 1153 3278 filio,
1204 3229 1329 3269 cum
1370 3215 1636 3285 sequitur.
1677 3215 1796 3282 Quo
1823 3218 2027 3282 audito,

452 3301 596 3355 ﬁlius
623 3303 740 3371 ejus
762 3303 1075 3369 Lotharius,
1098 3306 1319 3375 jamque
1342 3307 1453 3361 suis
1476 3309 1743 3376 receptis,‘
1761 3325 1867 3365 non
1896 3311 2034 3364 mul-

451 3402 506 3447 to
550 3392 835 3448 intervallo
883 3410 914 3449 a
963 3404 1120 3466 patre
1166 3406 1344 3453 castra
1388 3397 1535 3465 ﬁxit;
1590 3400 1771 3470 ibique
1805 3411 2035 3471 quatuor

451 3480 644 3535 diebus
665 3481 855 3553 legatis
877 3483 1367 3541 intercurrentibus
1392 3495 1660 3543 moratum
1692 3499 1793 3544 est.
1834 3491 2036 3557 Quarta

454 3585 584 3627 sane
613 3582 771 3628 nocte
822 3573 1114 3630 Lotharius
1164 3591 1286 3631 cum
1331 3576 1445 3631 suis
1494 3578 1805 3634 hominibus
1835 3581 2039 3635 referre

451 3662 642 3731 pedem
671 3663 738 3718 ad
759 3666 1061 3734 posteriora
1083 3667 1269 3737 cmpit.
1308 3667 1508 3723 Contra
1538 3684 1697 3738 quem
1722 3681 1878 3740 pater
1896 3688 2042 3728 com-

348 3822 364 3836 O
450 3757 712 3828 pendioso
765 3759 961 3815 itinere
989 3761 1393 3827 obambulabat,
1418 3778 1698 3833 usquequo
1725 3772 2041 3834 perventum

451 3855 536 3902 est
564 3847 632 3902 ad
657 3846 878 3903 fluvium
906 3850 1141 3921 Ligerim
1171 3867 1339 3923 prope
1368 3861 1607 3908 castrum
1632 3854 1905 3921 Blesense,
1931 3872 2040 3925 quo

452 3937 582 3992 Ciza
632 3937 824 3996 fluvius
875 3941 1053 4013 Ligeri
1108 3942 1349 3998 confluit.
1410 3944 1610 4000 Positis
1636 3946 1762 4001 hinc
1800 3947 1924 4002 inde
1952 3963 2043 4003 ca—

455 4032 606 4097 stris,
636 4035 877 4089 occurrit
902 4036 1068 4091 etiam
1095 4038 1239 4106 patri
1267 4037 1527 4109 Pippinus
1551 4039 1694 4094 filius
1720 4056 1841 4095 cum
1871 4058 2043 4111 quan-

455 4134 510 4179 to
550 4128 729 4197 potuit
772 4128 994 4183 militari
1046 4137 1331 4199 apparatu.
1368 4129 1635 4185 Infractus
1671 4146 1801 4200 ergo
1840 4132 2044 4186 viribus

456 4213 791 4281 Lotharius,
848 4218 1073 4287 supplex
1122 4218 1189 4274 ad
1238 4229 1448 4288 patrem
1499 4221 1680 4295 venit.
1734 4220 1905 4288 Quem
1954 4222 2042 4276 ille

458 4305 759 4359 coercitum
796 4307 997 4372 verbis,
1046 4315 1102 4361 et
1151 4307 1475 4378 obligatum,
1527 4322 1637 4364 tam
1676 4310 1851 4379 ipsum
1879 4326 2041 4380 quam

456 4391 719 4469 proceres
745 4399 884 4471 ejus,
914 4402 1112 4471 quibus
1139 4403 1311 4459 voluit
1338 4407 1725 4472 sacramentis,
1759 4407 1812 4462 in
1838 4406 2040 4462 Italiam

456 4488 685 4555 remisit,
714 4491 966 4562 oppilatis
995 4494 1262 4565 angustiis
1294 4495 1572 4563 itinerum,
1600 4513 1722 4568 quae
1749 4499 1803 4553 in
1831 4499 2042 4554 Italiam

458 4584 856 4649 transmittunt,
898 4601 966 4641 ne
1014 4588 1137 4658 quis
1184 4589 1417 4644 transire
1455 4598 1638 4658 posset
1680 4591 1784 4645 nisi
1827 4590 2043 4647 licentia

459 4675 902 4730 custodientium.
956 4676 1164 4743 Quibus
1204 4680 1474 4746 peractis,
1519 4679 1828 4734 Anrelianis
1874 4696 2047 4749 usque

457 4766 707 4835 pervenit
734 4782 858 4822 cum
886 4766 996 4822 filio
1024 4767 1335 4833 Ludovico,
1382 4770 1563 4838 ibique
1595 4778 1702 4823 tam
1742 4770 1850 4824 tilio
1885 4786 2047 4840 quam

461 4858 585 4913 aliis
608 4859 782 4914 reditu
818 4860 885 4914 ad
914 4861 1133 4930 pr0pria
1180 4860 1389 4917 indulto
1440 4861 1679 4917 Parisius
1709 4864 1823 4933 ipse
1864 4879 2049 4933 perve—

467 4950 568 5003 nit.
609 4948 808 5004 Ilahuit
837 4960 1016 5006 autem
1058 4967 1125 5008 eo
1156 4960 1400 5023 tempore
1440 4955 1585 5008 circa
1625 4955 1846 5009 missam
1877 4956 2050 5009 sancti

465 5038 682 5094 Martini
709 5048 1035 5095 conventum
1075 5043 1381 5111 generalem
1425 5044 1476 5097 in
1518 5044 1789 5099 Attiniaco
1830 5045 2050 5114 palatio,

466 5132 556 5188 ubi
589 5147 714 5187 cum
750 5132 918 5188 multa
959 5146 1245 5203 perperam
1290 5134 1475 5189 inolita
1512 5150 1743 5205 purgare
1778 5136 2053 5190 decrevis-

465 5234 549 5281 set
589 5234 698 5280 tam
748 5226 803 5281 in
849 5227 1239 5284 ecclesiasticis
1263 5243 1425 5297 quam
1453 5227 1687 5298 publicis
1714 5228 1895 5293 rebus,
1926 5237 2052 5284 tunc

464 5317 737 5387 prmcipue
776 5318 998 5376 fuerunt
1048 5321 1172 5377 ista.
1233 5321 1510 5377 Mandavit
1539 5322 1650 5378 filio
1679 5320 1929 5392 Pippino,
1955 5338 2054 5392 per

466 5406 782 5464 Ermoldum
811 5412 1085 5476 abbatem,
1113 5428 1203 5469 res
1226 5413 1631 5469 ecclesiasticas
1663 5430 1782 5484 qua:
1809 5415 1861 5468 in
1891 5431 2055 5484 regno

471 5494 591 5561 ejus
606 5506 779 5561 erant,
796 5515 932 5568 quas
959 5501 1043 5556 vel
1070 5502 1184 5570 ipse
1206 5502 1318 5557 suis
1344 5503 1689 5567 attribuerat,
1714 5501 1796 5557 vel
1823 5503 1924 5572 ipsi
1950 5502 2053 5557 sibi

474 5584 898 5654 prmripuerant,
942 5591 1146 5659 absque
1175 5593 1519 5648 cunctatione
1545 5591 1789 5646 ccclesiis
1817 5592 2051 5645 restitui.

472 5674 667 5727 Missos
697 5678 857 5731 etiam
882 5695 981 5749 per
1013 5681 1261 5738 civitates
1288 5692 1344 5738 et
1372 5684 1701 5739 monasteria
1727 5685 2051 5749 transmisit,

2134 3221 2195 3267 ut
2217 3213 2470 3278 diximus,
2498 3214 2553 3268 in
2578 3213 2785 3268 Italiam
2814 3213 3158 3286 fugientibus.
3185 3215 3445 3286 Sequenti
3471 3232 3603 3275 vero
3624 3217 3721 3271 Do-

2136 3303 2354 3367 minica,
2385 3319 2504 3373 qua:
2532 3319 2700 3359 sacra:
2728 3305 3163 3377 Quadragesimte
3191 3307 3403 3362 initium
3442 3308 3719 3379 przecedc-

2137 3392 2259 3457 bat,
2310 3392 2364 3445 in
2410 3391 2567 3447 Metis
2598 3392 2873 3448 civitatem
2904 3395 3153 3451 dominus
3189 3395 3521 3465 imperator,
3552 3398 3645 3452 sed
3667 3406 3721 3452 et

2138 3483 2395 3555 episcopi,
2425 3491 2479 3538 et
2504 3483 2735 3554 populus
2776 3486 3099 3541 universalis
3127 3486 3271 3542 illius
3299 3496 3609 3543 conventus
3636 3505 3719 3541 ve-

2139 3576 2255 3630 nit:
2298 3585 2356 3630 et
2390 3575 2533 3630 inter
2569 3576 2858 3632 missarum
2896 3578 3350 3644 celebrationem,
3396 3589 3609 3651 septem
3638 3595 3719 3633 ar-

2141 3667 2468 3737 chiepiscopi
2490 3676 2694 3736 septem
2724 3669 3177 3725 reconciliationis
3197 3670 3587 3726 ecclesiastica
3607 3686 3723 3727 ora-

2143 3759 2316 3813 tiones
2354 3773 2518 3828 super
2561 3774 2685 3813 eum
2723 3760 3054 3815 cecinerunt.
3102 3760 3280 3831 Atque
3325 3778 3520 3818 omnes
3547 3762 3719 3833 populi

2141 3848 2244 3903 hoc
2271 3849 2410 3914 viso,
2440 3865 2540 3919 pro
2566 3850 2808 3920 plenaria
2849 3851 3193 3907 restitutione
3217 3852 3565 3922 imperatoris
3593 3853 3720 3907 mul-

2143 3947 2225 3993 tas
2252 3938 2362 3993 Deo
2390 3940 2594 4009 gratias
2624 3940 2992 3995 reddiderunt.
3021 3941 3152 3997 Post
3174 3958 3295 4012 qua:
3314 3944 3522 4010 omnia,
3554 3944 3721 3999 Theo.

2142 4029 2297 4083 donis
2329 4028 2508 4084 villam
2541 4038 2651 4084 tam
2680 4030 2932 4086 dominus
2963 4032 3275 4102 imperator,
3308 4048 3476 4102 quam
3503 4034 3597 4104 qui
3617 4033 3724 4101 ejus

2141 4118 2367 4187 populus
2389 4128 2566 4185 erant,
2597 4120 2801 4175 reversi
2832 4128 2989 4176 sunt:
3016 4131 3072 4177 et
3100 4122 3381 4178 Dominico
3409 4138 3571 4179 sacro
3591 4123 3724 4191 Qua-

2143 4209 2462 4279 dragesimte
2510 4220 2751 4282 tempore
2800 4212 3125 4279 inchoante,
3169 4229 3616 4285 unumquemque
3663 4216 3725 4268 ad

2143 4300 2360 4369 propria
2386 4300 2564 4355 redire
2602 4302 2874 4373 prmeepit.
2923 4304 3039 4374 Ipse
3080 4313 3263 4359 autem
3292 4304 3727 4377 Quadragesima:

2147 4398 2359 4460 tempus
2387 4392 2585 4447 ibidem
2614 4395 2812 4465 exegit,
2853 4396 2948 4451 sed
2988 4404 3045 4451 et
3082 4395 3306 4451 Pascha:
3330 4396 3725 4452 solemnitatem

2148 4482 2203 4536 in
2226 4482 2381 4538 Metis
2405 4472 2716 4539 celebravit.
2743 4485 2871 4541 Post
2890 4486 3285 4543 solemnitatem
3306 4503 3478 4559 porro
3498 4489 3719 4545 Pascha-

2146 4576 2272 4643 lem,
2313 4586 2475 4647 atque
2502 4578 2849 4636 Pcnteeostes
2874 4582 3235 4637 venerabilem
3261 4582 3426 4648 diem,
3459 4583 3725 4638 civitatem

2152 4667 2507 4738 Vangionum,
2534 4685 2655 4739 quae
2675 4686 2820 4725 nunc
2842 4671 3145 4726 Wormatia
3174 4681 3421 4737 vocatur,
3439 4674 3725 4729 secundum

2150 4757 2455 4811 condictum
2502 4758 2569 4812 ad
2620 4758 2996 4815 celebrandum
3051 4770 3379 4816 conventum
3428 4764 3727 4834 generalem

2152 4846 2283 4900 abiit
2311 4865 2321 4900 :
2364 4848 2455 4901 ubi
2484 4848 2532 4902 ei
2554 4849 2717 4902 etiam
2746 4850 2885 4903 filius
2914 4850 3170 4921 Pippinus
3194 4853 3459 4919 occurrit,
3492 4869 3593 4909 nec
3628 4854 3727 4908 Lu-

2155 4939 2377 4994 dovicus
2404 4940 2543 4996 alter
2568 4940 2685 5010 ejus
2715 4942 2857 4999 filius
2896 4945 3086 5000 defuit.
3123 4948 3271 5002 More
3294 4956 3480 5003 autem
3511 4965 3614 5005 suo
3638 4951 3729 5004 im-

2153 5037 2371 5095 perator
2397 5046 2734 5099 nequaquam
2774 5043 3096 5090 conventum
3126 5037 3291 5093 istum
3316 5053 3347 5092 a
3379 5039 3596 5110 publica
3639 5044 3732 5094 uti-

2155 5122 2307 5175 litate
2348 5138 2542 5179 vacare
2590 5141 2781 5194 passus
2818 5137 2920 5183 est.
2969 5127 3265 5199 Diligenter
3311 5147 3553 5202 namque
3584 5133 3642 5188 in
3675 5148 3732 5186 eo

2153 5218 2469 5273 examinare
2495 5218 2701 5273 studuit
2720 5220 2848 5289 quid
2869 5221 3067 5292 quique
3094 5224 3386 5280 missorum
3418 5224 3472 5278 in
3502 5226 3733 5281 diversas

2155 5318 2335 5377 partes
2364 5310 2551 5365 directi
2582 5310 2809 5381 egerint.
2844 5312 2910 5366 Et
2934 5314 3061 5383 quia
3090 5298 3256 5386 aliqui
3278 5318 3542 5372 comitum
3570 5318 3626 5372 in
3651 5333 3731 5372 re-

2155 5402 2432 5472 pressione
2452 5412 2508 5456 et
2530 5403 2979 5460 exterminatione
3000 5406 3269 5462 latronum
3308 5423 3506 5480 segnes
3542 5408 3729 5478 reperti

2156 5502 2314 5559 sunt,
2345 5494 2571 5549 diversis
2609 5497 2895 5551 sententiis
2928 5512 3116 5552 eorum
3144 5499 3431 5569 segnitiem
3474 5500 3731 5569 condigna

2158 5588 2459 5642 invectione
2488 5586 2805 5658 castigavit;
2844 5587 3088 5658 filiosque
3109 5598 3163 5644 et
3186 5589 3442 5661 populum
3462 5589 3731 5645 admonuit

2156 5687 2217 5733 ut
2256 5679 2562 5750 tequilatcm
2610 5678 2912 5751 diligerent,
2949 5689 3301 5750 raptoresque
3338 5682 3726 5751 opprimerent,
