3940 6180
243 307 344 363 969

1771 297 1953 354 “TA.

3395 307 3499 364 970

241 423 412 477 honos
433 431 671 488 quosque
695 424 750 472 et
773 430 962 472 eorum
990 414 1360 484 possessiones
1381 414 1449 468 ab
1469 411 1822 481 oppressione
1850 420 1898 476 Α
1919 411 2116 480 jubens
2141 429 2332 483 parare
2343 414 2456 468 sibi
2480 413 2860 482 stipendiarias
2891 431 3148 481 annonas,
3173 418 3503 489 stativusque

240 511 567 572 relevarent,
596 506 974 560 interminatus
999 505 1163 559 etiam
1201 503 1528 558 severiorem
1556 503 1610 556 in
1641 515 1734 556 eos
1760 515 1820 554 se

240 599 561 653 lihraturum
593 596 916 650 sententiam
943 594 1035 662 qui
1071 594 1196 647 huic
1220 591 1574 646 admonitioni
1600 606 1707 646 non
1732 604 1820 646 es-

241 685 832 756 sent-obtemperatum.
855 682 1098 752 Cumque
1125 682 1194 736 ab
1217 681 1320 736 hoc
1343 681 1541 750 placito
1567 680 1821 750 populum

243 777 562 842 dimitteret,
582 783 638 830 et
658 788 889 842 sequens
910 773 964 826 in
995 770 1302 827 Theodonis
1325 770 1452 824 villa
1477 777 1600 838 post
1615 768 1824 822 Pascha

243 863 632 926 constituisset,
663 862 730 916 ad
753 860 1098 916 hiemandum
1124 857 1448 934 Aquisgrani
1479 871 1536 910 se
1563 856 1820 912 contulit:
1862 872 1866 874 τ

245 954 463 1022 ﬁlioque
501 967 600 1007 suo
637 951 895 1006 Lothario
929 948 1205 1004 mandavit
1247 957 1306 1002 ut
1344 947 1554 1002 nobiles
1585 959 1828 1015 quosque

244 1062 470 1104 suorum
497 1045 566 1099 ad
597 1044 848 1099 eumdem
887 1042 1066 1097 locum
1107 1039 1396 1108 dirigeret,
1441 1045 1710 1106 quatenus
1737 1050 1828 1088 re-

245 1134 642 1192 conciliationis
677 1140 879 1187 mutua:
899 1132 1043 1184 inter
1071 1144 1130 1184 se
1164 1137 1220 1182 et
1253 1127 1402 1182 illum
1431 1125 1570 1180 ratio
1600 1123 1826 1179 investi-

245 1237 482 1300 garetur.
511 1225 752 1294 Augusta
776 1221 960 1278 Iudith
983 1236 1104 1275 cum
1134 1217 1463 1274 consiliariis
1489 1213 1831 1284 imperatoris

245 1318 474 1375 consilio
500 1317 655 1380 inito,
686 1329 754 1368 eo
781 1312 924 1383 quod
941 1310 1197 1375 valentia,
1227 1317 1290 1362 ut
1317 1307 1624 1370 videbatur,
1663 1304 1832 1371 impe-

248 1409 447 1465 ratoris
471 1421 668 1476 corpus
713 1419 837 1459 mox
865 1402 1220 1466 destitueret,
1266 1408 1322 1454 et
1356 1413 1503 1453 mors
1536 1397 1830 1466 ingrueret,

247 1509 303 1555 et
331 1499 434 1554 sibi
457 1505 514 1553 et
543 1496 738 1552 Carolo
765 1493 1068 1564 periculum
1096 1491 1426 1554 immineret,
1465 1488 1570 1544 nisi
1600 1486 1836 1556 aliquem

248 1589 481 1644 fratrum
533 1586 635 1642 sibi
685 1584 1044 1647 asciscerent,
1099 1577 1574 1648 conjectantesque
1629 1574 1833 1629 nullum

248 1679 484 1735 ﬁliorum
521 1675 862 1745 imperatoris
885 1681 996 1727 tam
1018 1671 1427 1726 convenientem
1452 1668 1578 1723 huic
1599 1667 1676 1722 rei
1698 1666 1832 1720 sicut

1922 516 2190 570 congruas
2219 518 2316 572 per
2341 518 2501 557 omne
2531 504 2662 565 iter,
2714 504 2854 573 quod
2902 504 3128 559 Remum
3167 509 3500 570 transmittit.

1922 592 2146 649 Dicebat
2175 595 2324 649 enim
2352 609 2411 648 se
2443 593 2630 648 limina
2655 595 2938 650 beatorum
2966 596 3327 665 apostolorum
3366 599 3505 658 invi-

1924 693 2044 742 sere
2080 685 2236 740 velle.
2267 683 2421 752 Quod
2450 700 2518 740 ne
2552 685 2757 752 fleret,
2779 685 3010 754 irruptio
3036 686 3508 751 Nordmannorum

1926 777 2237 832 in-Frisiam
2272 777 2570 846 impedivit.
2613 777 2695 832 Ad
2725 793 2955 846 quorum
2990 778 3334 834 insolentiam
3362 797 3510 836 com-

1925 869 2262 938 primendam
2299 882 2563 937 pergens,
2612 869 2761 923 misit
2802 870 3000 924 missos
3041 869 3110 922 ad
3157 869 3508 936 Lotharium,

1925 956 2217 1010 Fulconcm
2243 956 2450 1011 scilicet
2473 956 2744 1021 abbatem,
2779 965 2835 1011 et
2870 957 3198 1012 Richardum
3223 960 3478 1014 comitem
3496 1001 3512 1026 ,

1929 1061 2031 1101 nec
2058 1062 2165 1101 non
2191 1046 2557 1101 Adrebaldum
2587 1048 2860 1104 abbatem.
2883 1047 3123 1114 Quorum
3147 1048 3316 1105 Fulco
3342 1059 3398 1106 et
3422 1050 3515 1106 lli-

1931 1135 2164 1189 chardus
2190 1150 2508 1204 responsum
2537 1135 2640 1190 sibi
2665 1151 2696 1188 a
2723 1137 2979 1192 Lotltario
3011 1139 3280 1196 referrent
3305 1159 3316 1194 :
3346 1141 3518 1196 Adre-

1931 1222 2124 1279 baldus
2155 1238 2318 1292 porro
2345 1223 2570 1286 Romam
2597 1234 2866 1295 pergeret,
2895 1225 3216 1296 Gregorium
3238 1243 3430 1298 papam
3452 1230 3522 1285 de

1932 1312 2255 1366 necessariis
2281 1311 2647 1378 consulturus,
2691 1323 2745 1368 et
2787 1313 3120 1368 voluntatem
3149 1315 3518 1386 imperatoris,

1935 1413 2238 1472 cretei-aque
2265 1403 2367 1457 sibi
2392 1401 2632 1470 injuncta
2652 1403 2976 1473 perlaturus.
3012 1403 3119 1459 Sed
3142 1405 3433 1461 Lotharius
3453 1405 3522 1460 de

1936 1495 2022 1548 bis
2049 1501 2368 1558 conventus,
2406 1508 2508 1549 nec
2537 1509 2644 1548 non
2671 1493 2736 1548 de
2767 1495 2928 1548 rebus
2953 1497 3308 1562 quarumdam
3346 1495 3521 1551 eccle~

1937 1583 2140 1638 siarum
2170 1582 2385 1647 ablatis,
2406 1599 2526 1652 quae
2549 1583 2601 1636 in
2628 1582 2780 1638 Italia
2804 1592 2948 1649 sunt,
2966 1583 3286 1651 quibusdam
3309 1585 3519 1649 annuit,

1938 1672 2185 1742 quaedam
2214 1687 2273 1728 se
2303 1688 2412 1726 non
2454 1687 2613 1742 posse
2651 1687 2872 1727 servare
2915 1673 3210 1742 respondit.
3258 1673 3325 1727 Et
3360 1673 3526 1728 Falco

248 1770 600 1832 Lotharium,
649 1765 853 1822 hortati
903 1772 1031 1818 sunt
1073 1764 1454 1833 imperatorem
1495 1765 1556 1812 ut
1601 1757 1672 1812 ad
1712 1772 1836 1811 eum
1867 1746 1916 1806 Β
1941 1762 2158 1831 quidem
2197 1770 2358 1831 atque
2394 1761 2702 1816 Ricbardus
2748 1762 3061 1830 imperatori
3108 1777 3139 1816 a
3183 1762 3359 1817 Frisia
3402 1772 3528 1832 post

250 1859 448 1914 missos
477 1855 733 1927 paciﬁcos
762 1854 1002 1908 mitteret
1027 1859 1084 1906 et
1111 1851 1179 1906 ad
1203 1851 1309 1906 hoc
1353 1850 1531 1920 ipsum
1559 1847 1836 1902 invitaret.

250 1949 384 2018 Qui,
423 1956 484 2002 ut
526 1946 647 2018 paci
697 1960 911 2014 semper
941 1943 1202 2008 studens,
1251 1956 1570 2012 semperque
1613 1940 1842 1995 dilector

249 2042 400 2111 pacis
428 2046 590 2109 atque
629 2047 836 2092 amator
877 2036 1182 2099 firmitatis,
1228 2035 1506 2104 quaerebat
1543 2048 1651 2088 non
1682 2032 1842 2086 modo

250 2133 412 2197 filios,
453 2131 548 2186 sed
578 2139 633 2186 et
676 2129 928 2183 inimicos
957 2127 1058 2182 sibi
1103 2126 1373 2182 charitate
1419 2123 1585 2188 uniri,
1611 2123 1844 2178 libenter

250 2238 507 2278 assensus
530 2229 637 2275 est.
655 2219 712 2274 ln
739 2219 987 2274 condicta
1014 2233 1178 2288 porro
1199 2217 1346 2280 villa,
1370 2225 1427 2270 et
1451 2225 1692 2285 tempore
1712 2229 1846 2284 pra)-

249 2311 423 2372 ﬁnito,
455 2308 677 2364 adfuere
699 2306 852 2363 missi
877 2321 907 2359 a
937 2305 1072 2369 lilio,
1098 2320 1235 2374 quos
1265 2305 1379 2374 ipse
1405 2305 1694 2373 praecepit,
1726 2303 1844 2373 plu-

251 2400 398 2464 rimi,
444 2400 585 2452 inter
613 2410 750 2465 quos
793 2395 959 2449 etiam
996 2394 1155 2450 Wala
1196 2393 1407 2463 primus
1437 2391 1632 2446 adfuit.
1671 2392 1846 2448 Causa

251 2499 432 2546 autem
463 2487 722 2558 praedicta
742 2484 1023 2550 ventilata,
1052 2492 1214 2553 atque
1236 2483 1304 2537 ad
1330 2482 1536 2537 calcem
1561 2482 1843 2552 perducta,

252 2581 552 2648 imperator
577 2592 700 2632 cum
727 2573 956 2646 conjuge
983 2573 1328 2630 reconciliari
1373 2573 1574 2637 voluit,
1607 2573 1845 2646 primum

253 2667 359 2736 ipsi
404 2666 571 2722 Walae
617 2667 856 2721 dimissis
897 2678 1234 2736 quaecunque
1271 2664 1326 2719 in
1374 2679 1470 2718 eos
1498 2663 1853 2723 commiserat

253 2758 490 2822 delictis,
506 2759 675 2813 multa
687 2758 969 2814 alacritate
984 2765 1038 2813 et
1051 2757 1383 2826 benignitate
1394 2755 1574 2810 cordis
1593 2771 1607 2820 ;
1627 2754 1850 2807 manda-

252 2850 439 2920 vitque
463 2863 559 2919 per
584 2864 708 2903 eum
733 2859 788 2904 et
813 2856 1039 2904 caeteros
1057 2847 1168 2915 ﬁlio
1189 2847 1406 2909 missos,
1437 2853 1496 2898 ut
1521 2843 1849 2915 quantocius

254 2940 482 2996 veniret.
515 2938 668 3005 Quod
700 2939 746 2992 si
775 2938 977 2994 faceret
997 2978 1012 3003 ,
1045 2935 1446 2993 consultissime
1471 2933 1576 2990 sibi
1605 2934 1848 2988 futurum

257 3029 442 3085 sciret.
470 3027 570 3094 Qui
593 3029 887 3093 redierunt,
914 3035 970 3083 et
998 3027 1109 3082 lilio
1133 3042 1250 3082 rem
1281 3025 1604 3080 retulerunt.
1637 3021 1751 3078 Sed
1776 3034 1867 3078 ne.

258 3119 569 3174 mandatum
616 3118 960 3188 imperatoris
1001 3118 1069 3173 ad
1116 3117 1366 3172 eii‘ectum
1412 3118 1840 3186 perduceretur,

258 3209 480 3264 morbus
505 3208 777 3277 febrisque
806 3209 1145 3273 intercessit,
1179 3217 1235 3264 et
1268 3207 1480 3263 Walam
1509 3211 1726 3280 quidem
1759 3223 1846 3264 re-

257 3301 363 3356 bus
399 3300 647 3355 humanis
673 3301 916 3365 abduxit,
950 3301 1266 3358 Lotharium
1297 3316 1428 3357 vero
1469 3301 1667 3358 lectulo
1707 3300 1844 3369 deji-

257 3391 432 3456 ciens,
473 3390 708 3450 maximo
752 3399 992 3462 tempore
1035 3391 1290 3461 languere
1342 3389 1488 3446 fecit.
1544 3391 1845 3460 Imperator

259 3495 390 3536 vero
419 3481 870 3538 clementissimus
911 3491 1105 3538 natura
1123 3524 1138 3548 ,
1171 3492 1234 3538 ut
1257 3483 1426 3540 ﬁlium
1453 3484 1677 3540 adversa
1701 3485 1846 3540 vale-

262 3568 448 3624 tudine
489 3579 796 3640 correptum
826 3573 1047 3638 audivit,
1095 3588 1193 3641 per
1225 3573 1420 3633 missos
1470 3573 1843 3639 fidelissimos,

261 3656 469 3713 scilicet
495 3657 771 3729 Hugonem
800 3661 1023 3716 fratrem
1061 3676 1218 3715 suum
1236 3701 1251 3725 ,
1283 3671 1338 3715 et
1371 3661 1724 3730 Adalgarium
1750 3677 1844 3716 co-

262 3745 474 3812 mitem,
495 3762 619 3800 eum
645 3748 901 3812 visitavit,
943 3757 1105 3818 atque
1135 3751 1317 3804 omnia
1349 3751 1476 3819 ejus
1508 3749 1847 3805 incommoda

261 3835 467 3889 rescire
509 3834 750 3888 studuit:
794 3836 1036 3892 imitatus
1082 3839 1336 3894 videlicet
1377 3840 1596 3895 beatum
1642 3839 1845 3907 David,

260 3924 376 3993 qui,
401 3923 586 3978 multis
606 3925 1052 3980 insectationibus
1078 3926 1360 3982 lacessitus
1387 3943 1419 3982 a
1449 3927 1584 3994 filio,
1617 3939 1848 3986 mortem

263 4024 446 4069 tamen
474 4011 590 4082 ejus
616 4015 897 4084 aegerrime
924 4016 1062 4070 tulit.
1089 4017 1159 4070 At
1187 4032 1316 4072 vero
1351 4028 1640 4088 postquam
1681 4021 1851 4076 desat-

262 4102 444 4157 vieute
473 4103 731 4173 languore
754 4103 1043 4169 convaluit,
1067 4105 1372 4161 nuntiatum
1397 4115 1483 4163 est
1510 4109 1846 4180 imperatori,

262 4205 331 4245 eo
353 4192 498 4260 quod
524 4192 862 4248 conditiones
898 4203 1364 4251 sacramentorum
1391 4196 1593 4253 dudum
1619 4201 1850 4270 promis-

264 4296 356 4336 sas
385 4282 726 4354 irrumperet,
771 4286 1112 4356 maximeque
1151 4288 1435 4344 ecclesiam
1479 4292 1654 4346 sancti
1677 4291 1848 4358 Petri,

264 4385 430 4440 quam
454 4379 562 4426 tam
583 4388 716 4427 avus
743 4371 858 4442 ejus
873 4373 1330 4447 Pippiuus,quam
1361 4388 1517 4450 pater
1543 4378 1661 4448 ejus
1685 4380 1852 4437 Caro-

264 4459 377 4526 lus,
406 4476 507 4517 nec
534 4478 641 4518 non
678 4465 791 4533 ipse
833 4466 888 4520 in
933 4468 1154 4523 tutelam
1201 4482 1574 4540 susceperant,
1606 4474 1854 4530 homines

265 4550 387 4621 ejus
425 4554 798 4611 crudelissima
841 4557 993 4613 clade
1019 4570 1296 4614 vexarent.
1326 4562 1457 4629 Quae
1493 4579 1583 4618 res
1609 4564 1852 4624 animum

268 4642 414 4697 illius
438 4645 782 4702 mitissimum
806 4649 943 4704 adeo
977 4653 1338 4722 exasperavit,
1374 4661 1432 4707 ut
1455 4655 1853 4723 quodammodo

266 4734 716 4801 cxtraordinarie,
733 4745 793 4791 ut
817 4738 1118 4804 videbatur,
1140 4742 1336 4797 missos
1354 4743 1627 4813 dirigeret,
1647 4745 1852 4801 nullum

266 4838 408 4894 pene
433 4825 499 4880 ad
528 4835 734 4883 tantum
767 4829 869 4884 iter
897 4829 1293 4886 conﬁciendum
1319 4833 1552 4901 spatium
1584 4835 1849 4890 tribuens.

269 4915 419 4972 Misit
443 4917 649 4989 legatos
669 4920 738 4978 ad
755 4920 1094 4988 Lotharium,
1109 4938 1461 4981 .commonens
1491 4941 1558 4979 ne
1582 4925 1709 4980 talia
1734 4926 1856 4984 fieri

267 5005 645 5076 permitteret:
685 5024 911 5066 monens
935 5021 995 5066 ut
1023 5027 1232 5069 memor
1256 5021 1402 5070 esset
1422 5014 1547 5084 quia
1567 5016 1785 5085 quando
1803 5018 1853 5072 ei

271 5114 498 5170 regnum
522 5100 689 5158 Italiae
711 5103 948 5171 donavit,
976 5107 1138 5162 etiam
1163 5122 1350 5164 curam
1375 5116 1578 5164 sancta:
1598 5107 1856 5165 Romana;

272 5193 532 5250 Ecclesiae
571 5194 732 5250 simul
769 5199 1074 5264 commisit,
1113 5207 1169 5254 et
1211 5215 1372 5269 quam
1417 5201 1487 5256 ab
1527 5202 1856 5258 adversariis

272 5283 659 5342 defensandam
695 5298 1030 5357 susceperat,
1073 5305 1416 5362 nequaquam
1461 5308 1493 5346 a
1539 5293 1652 5348 suis
1678 5294 1857 5364 dirupi

270 5373 632 5447 permitteret.
678 5375 1041 5434 Commonens
1064 5379 1229 5434 etiam
1264 5389 1725 5436 sacramentorum
1754 5399 1855 5438 nu-

271 5480 374 5535 per
405 5464 475 5520 ab
517 5481 584 5521 eo
629 5467 732 5524 sibi
780 5468 1208 5536 promissorum,
1245 5485 1314 5525 ne
1356 5470 1495 5525 forte
1535 5471 1860 5528 obliviscens

273 5562 439 5623 atque
462 5555 859 5628 parvipendens
879 5573 945 5614 ea
974 5558 1320 5615 Divinitatem
1359 5559 1676 5618 offenderet.
1707 5559 1861 5627 Quod

273 5646 376 5703 sibi
401 5646 620 5717 impune
639 5663 747 5704 non
771 5648 1014 5706 futurum
1044 5665 1150 5705 non
1175 5651 1467 5721 ignoraret.
1500 5651 1672 5708 Simul
1695 5652 1856 5708 etiam

640 5736 914 5803 PATBOL.
960 5737 1116 5803 CIV.

1939 1853 2119 1924 fugam
2147 1853 2620 1910 Nordmannorum
2649 1855 2964 1920 revertenti,
3007 1855 3132 1909 talia
3173 1856 3425 1910 nuntiant
3468 1856 3526 1911 in

1940 1943 2344 2002 Franconoford
2388 1943 2628 2013 palatio:
2670 1943 2761 1998 ubi
2803 1944 2916 2013 ipse
2956 1944 3322 1999 autumnalem
3371 1959 3531 2000 exer-

1941 2052 2070 2091 cens
2091 2038 2452 2102 venationem,
2477 2036 2776 2090 hiematum
2796 2035 3134 2106 Aquasgrani
3156 2051 3278 2092 sese
3303 2051 3529 2092 conver-

1942 2127 2027 2181 tit.
2059 2127 2130 2180 At
2151 2142 2281 2182 vero
2312 2126 2654 2182 Adrebaldus
2676 2126 2923 2188 Romam,
2957 2134 3016 2179 ut
3039 2125 3254 2194 jussum
3283 2127 3388 2184 sibi
3415 2126 3532 2183 fuc-

1944 2227 2049 2283 rat,
2074 2219 2338 2287 pervenit,
2367 2218 2644 2273 dominum
2673 2217 2992 2287 Gregorium
3021 2232 3216 2288 papam
3253 2225 3529 2288 aegrotan-

1945 2317 2052 2362 tem
2102 2309 2330 2377 reperit,
2378 2316 2434 2362 et
2471 2309 2706 2362 maxime
2743 2307 2888 2362 ﬂuxu
2929 2308 3236 2377 sanguinis,
3278 2310 3372 2377 qui
3403 2309 3536 2367 licet

1946 2399 2171 2464 sensim,
2215 2399 2471 2454 continue
2505 2406 2683 2453 tamen
2730 2414 2796 2453 ex
2831 2399 3056 2453 naribus
3089 2398 3376 2454 deﬂuebat.
3421 2399 3528 2455 Sed

1947 2496 2098 2543 tanta
2129 2489 2412 2544 alacritate
2455 2497 2512 2543 et
2556 2490 2750 2558 gaudio
2789 2491 2856 2544 ad
2893 2491 3054 2544 verba
3105 2491 3449 2558 imperatoris
3480 2501 3537 2550 et

1949 2577 2351 2646 compassiones
2379 2577 2496 2646 ejus
2525 2586 2800 2633 recreatus
2833 2589 2937 2643 est,
2986 2587 3046 2634 ut
3092 2579 3441 2649 proﬁteretur
3475 2596 3536 2636 se

1947 2680 2086 2734 pene
2118 2665 2580 2722 incommoditatis
2602 2666 2835 2736 propria:
2855 2667 3100 2721 oblitum.
3125 2668 3310 2736 Itaque
3330 2678 3386 2724 et
3406 2671 3537 2725 mis.

1949 2767 2067 2806 sum
2095 2752 2163 2807 ad
2205 2767 2264 2808 se
2290 2753 2699 2822 opulentissime
2727 2754 2937 2810 curavit
2965 2755 3106 2824 apud
3151 2771 3210 2811 se
3237 2757 3537 2816 consisten-

1951 2850 2096 2908 tem,
2145 2851 2202 2898 et
2249 2843 2514 2902 ditissime
2559 2845 2864 2899 muneravit
2908 2845 3281 2904 recedentem:
3315 2847 3542 2904 mittens

1951 2949 2074 2989 cum
2099 2950 2164 2990 eo
2191 2935 2326 2991 duos
2348 2936 2654 3005 episcopos,
2683 2934 2904 2990 Petrum
2928 2935 3410 2995 Centumcellensis
3447 2955 3538 2993 ur-

1950 3027 2053 3092 bis,
2078 3037 2136 3084 et
2155 3027 2447 3099 Georgium
2477 3028 2839 3097 regionarium
2882 3028 3143 3085 Romamn
3188 3030 3342 3085 urbis
3373 3031 3537 3087 simul

1952 3119 2286 3190 episcopum.
2303 3118 2592 3174 Lotharius
2615 3134 2777 3187 porro
2795 3127 2853 3174 ut
2878 3119 3083 3174 audivit
3112 3129 3538 3176 memoratorum

1948 3211 2328 3280 episcoporum
2375 3208 2443 3264 ad
2481 3209 2757 3263 dominum
2798 3209 3182 3279 imperatorem
3213 3211 3537 3276 adventum,

1949 3299 2104 3354 misit
2129 3299 2390 3365 Leonem,
2413 3299 2506 3368 qui
2536 3305 2648 3354 tum
2676 3299 2817 3368 apud
2846 3299 2998 3354 illum
3023 3303 3206 3370 magni
3235 3299 3338 3354 loci
3369 3300 3539 3356 habe-

1947 3388 2128 3454 batur,
2157 3389 2453 3445 Bononiam
2480 3409 2492 3443 :
2538 3389 2628 3457 qui
2657 3405 2849 3459 magno
2877 3375 3146 3444 intentato
3181 3399 3424 3455 terrore,
3452 3391 3539 3446 ul-

1949 3490 2030 3534 tra
2051 3481 2301 3550 progredi
2332 3481 2614 3551 episcopos
2656 3479 2950 3548 prohibuit.
2991 3479 3330 3535 Adrehaldus
3359 3489 3542 3535 tamen

1948 3570 2232 3639 epistolam
2261 3570 2577 3640 imperatori
2606 3567 2931 3624 destinatam
2962 3568 3030 3622 ab
3063 3569 3146 3622 eis
3186 3569 3397 3624 occulte
3423 3584 3542 3623 sus-

1949 3661 2111 3728 cepit,
2143 3667 2198 3713 et
2218 3659 2431 3713 cuidam
2460 3672 2682 3712 suorum
2713 3658 2815 3711 sub
2843 3656 3064 3710 obtentu
3110 3655 3366 3721 mendici,
3406 3670 3545 3724 quo-

1949 3763 2120 3816 usque
2149 3748 2311 3816 Alpes
2343 3747 2622 3810 transiret,
2665 3745 2944 3800 l'erendam
2984 3745 3288 3809 commisit,
3320 3761 3382 3802 ac
3411 3756 3536 3814 post

1951 3837 2264 3906 imperatori
2295 3836 2554 3904 porrexit.
2587 3834 2662 3887 Ea
2686 3840 3006 3902 tempestate
3028 3842 3230 3902 quanta
3258 3834 3374 3889 lues
3401 3849 3542 3889 mor.

1951 3928 2075 3984 talis
2101 3926 2354 3997 populum
2396 3926 2485 3995 qui
2515 3924 2831 3980 Lotharium
2860 3933 3080 3978 secutus
3115 3932 3224 3989 est,
3257 3924 3538 3984 invaserit.

1951 4019 2257 4075 miserabile
2287 4027 2372 4073 est
2397 4019 2564 4073 dictu.
2587 4017 2647 4071 in
2670 4015 2822 4071 brevi
2845 4015 3013 4080 enim,
3046 4016 3101 4071 id
3129 4026 3213 4071 est
3237 4032 3268 4070 a
3289 4016 3546 4072 Kalendis

1953 4109 2287 4180 Septembris
2315 4119 2486 4179 usque
2510 4110 2576 4166 ad
2614 4110 2838 4164 missam
2865 4109 3042 4164 sancti
3072 4108 3312 4173 Martini,
3346 4109 3401 4163 hi
3429 4109 3542 4178 pri-

1953 4215 2133 4255 mores
2151 4199 2267 4268 ejus
2287 4201 2395 4255 vita
2422 4208 2808 4258 excesserunt:
2831 4199 2985 4256 lesse
3002 4200 3132 4256 olim
3159 4200 3543 4256 Ambianensis
3565 4232 3567 4235 -

1951 4290 2255 4360 episcopus,
2284 4290 2467 4346 Helias
2498 4291 2834 4346 Trecassinze
2859 4291 3011 4346 urbis
3044 4291 3352 4361 episcopus,
3385 4291 3544 4345 Waia

1953 4383 2295 4438 Corbciensis
2315 4384 2626 4438 monasterii
2651 4383 2836 4447 abbas,
2865 4383 3169 4448 Matfridus,
3192 4382 3368 4452 litigo.
3389 4383 3546 4436 Latn-

1955 4473 2162 4538 bertus,
2204 4471 2557 4535 Godofridus,
2591 4474 2828 4541 itemque
2865 4473 3009 4527 illius
3033 4473 3156 4542 ejus
3183 4471 3540 4532 Godofridus.

1956 4562 2208 4618 Albcrtus
2231 4577 2412 4618 comes
2439 4562 2736 4626 Pertensis,
2761 4563 3090 4632 Burgaretus
3114 4561 3385 4630 quondam
3406 4575 3544 4629 prx-

1956 4652 2130 4708 fectus
2175 4654 2524 4709 venatoribus
2564 4653 2856 4722 regalibus,
2901 4653 2993 4707 sed
3025 4661 3081 4706 et
3107 4650 3411 4708 Richardus
3453 4651 3543 4706 vix

1955 4743 2145 4798 evasit.
2189 4741 2307 4798 Non
2346 4751 2468 4812 post
2501 4742 2728 4797 multant
2757 4749 2812 4796 et
2842 4742 2958 4812 ipse
3004 4739 3254 4796 moritur.
3300 4737 3364 4792 Ili
3395 4739 3542 4793 enim

1955 4843 2114 4890 erant
2140 4849 2372 4902 quorum
2400 4835 2626 4888 decessu
2669 4833 2948 4888 dicebatur
2990 4829 3217 4884 Francia
3259 4827 3542 4882 nobilitate

1956 4925 2168 4990 orbata,
2203 4923 2513 4980 fortitudine
2533 4923 2690 4994 quasi
2712 4922 2894 4978 nervis
2920 4919 3145 4976 succisis
3166 4918 3394 4980 evirata,
3418 4931 3546 4985 pru-

1957 5016 2138 5079 dentia
2161 5015 2244 5070 bis
2270 5015 2594 5071 obeuntibus
2618 5013 2915 5069 annullata.
2940 5011 3048 5067 Sed
3076 5011 3163 5067 bis
3190 5007 3398 5063 subruti
3422 5021 3544 5061 sos-

1958 5107 2128 5166 tendit
2167 5107 2309 5162 Deus
2346 5122 2509 5177 quam
2535 5106 2753 5162 salubre
2774 5147 2788 5172 ,
2822 5120 2985 5175 quam
3031 5099 3298 5157 laudabile
3329 5099 3402 5154 sit
3444 5096 3542 5152 ob-

1958 5215 2199 5266 servare,
2225 5201 2370 5270 quod
2391 5215 2454 5256 ex
2480 5215 2576 5256 ore
2606 5197 2722 5267 ejus
2755 5199 3016 5268 probatur
3043 5194 3376 5266 procedere:
3419 5190 3546 5247 Non

1957 5290 2234 5361 glorietur,
2263 5291 2532 5361 inquiens,
2562 5291 2769 5359 sapiens
2794 5289 2848 5340 in
2884 5285 3143 5356 sapientia
3172 5301 3290 5347 tua,
3323 5299 3413 5338 nec
3435 5281 3545 5351 [στα

1957 5383 2023 5436 tis
2049 5383 2108 5436 in
2133 5383 2442 5453 [ortitudine
2466 5398 2582 5446 sua,
2611 5395 2703 5434 nec
2727 5377 2870 5430 diues
2896 5377 2951 5429 in
2973 5375 3169 5429 diuitiis
3195 5375 3323 5434 suis.
3359 5371 3463 5428 Sed
3488 5381 3545 5428 et

1961 5471 2304 5540 imperatoris
2323 5470 2566 5524 animum
2584 5468 2708 5537 quis
2729 5466 2956 5522 miretur
2975 5465 3159 5533 digne,
3175 5472 3376 5535 quanta
3400 5465 3543 5520 hunc

1960 5561 2317 5631 temperantia
2337 5559 2517 5617 divina
2556 5556 2938 5626 gubernaverit
2969 5555 3298 5612 clementia?
3330 5553 3545 5612 Etenim

1961 5651 2066 5710 hoc
2094 5657 2345 5724 suscepto
2383 5653 2593 5712 nuntio,
2620 5662 2720 5702 nec
2747 5647 2802 5701 in
2829 5661 2888 5703 se
2914 5646 3226 5708 exsultavit,
3253 5660 3354 5702 nec
3379 5643 3544 5704 morti

2993 5737 3063 5802 31
