3946 6174
424 285 522 339 9η
1573 274 1896 334 ιυῡογιει
1937 273 1957 329 l

2137 267 2468 325 NOMENTO
2508 267 2594 324 Pii
3583 279 3687 336 (J73

418 395 766 450 inimicorum
797 389 1102 452 iusultavit;
1139 389 1234 443 sed
1265 403 1442 457 pugno
1469 396 1685 458 pectore
1711 396 1890 451 tunso,
1929 385 2004 438 la-
2031 390 2084 449 Α
2109 382 2224 436 haec
2247 380 2440 451 scripsi
2462 421 2477 446 ,
2520 390 2576 437 et
2602 395 2695 452 qut
2721 379 2881 452 hujus
2907 385 2985 440 rei
3012 386 3297 442 scientiam
3335 387 3538 442 habere
3567 405 3686 445 cre-

416 485 726 558 crymisque
747 479 918 536 oculis
943 477 1190 548 oppletis,
1219 478 1388 533 Deum
1417 478 1523 532 illis
1549 478 1842 549 prepitium
1882 475 2000 530 fieri
2103 469 2292 535 debar,
2321 472 2631 540 percontari
2659 473 2864 527 studuit
2893 475 3020 543 quid
3053 490 3222 545 super
3247 477 3351 531 boc
3379 478 3513 532 mihi
3545 479 3690 534 vide-

419 591 541 631 cum
567 571 766 642 ingenti
790 568 993 640 gemitu
1033 577 1284 639 precatus
1319 576 1421 624 est.
1469 568 1581 623 Hoc
1619 577 1857 638 tempore
1881 566 2001 619 Bri-
2101 569 2272 616 retur.
2301 561 2346 615 A
2381 575 2488 630 quo
2511 577 2635 617 cum
2667 571 2880 634 tempus
2905 573 3146 634 peterem
3186 581 3292 636 quo
3318 567 3515 623 faciem
3549 569 3691 624 side-

417 676 602 720 tonum
636 662 873 730 impetus
902 669 1118 716 emotus
1149 668 1255 725 est,
1281 661 1376 717 sed
1411 671 1521 716 tam
1558 661 1716 716 facile
1744 659 1999 730 conquie—
2102 650 2178 705 ris
2200 651 2604 707 considerarent
2625 693 2641 718 ,
2673 667 2738 707 ac
2766 668 2864 724 per
2891 655 3008 711 haec
3033 656 3112 710 rei
3143 658 3426 713 veritatem
3463 659 3691 715 investi-

413 760 511 824 vit,
533 773 696 828 quam
722 757 1019 827 imperator
1041 756 1093 810 iu
1124 769 1246 810 eum
1272 771 1421 826 spem
1451 756 1629 825 posuit
1649 755 1738 811 cui
1768 754 2000 811 veracis.
2101 743 2653 815 gerem,etcognitam
2672 744 2726 798 in
2739 746 3038 800 crastinum
3053 749 3692 822 nuntiarem,imperator

412 850 548 905 sime
577 847 813 903 dicitur:
855 845 1044 901 Subest
1087 846 1223 902 enim
1263 845 1378 912 tibi,
1409 845 1650 912 Domine,
1681 861 1800 900 cum
1823 844 1970 900 value

2127 841 2271 899 atus,
2301 834 2445 904 quod
2482 842 2604 889 erat
2627 850 2808 916 verum
2831 876 2846 901 ,
2883 845 3090 906 tempus
3123 854 3208 894 me
3236 839 3506 896 redimere
3530 843 3685 908 velle,

411 941 508 1005 ﬂ."
531 955 700 1007 pm“.
2100 937 2171 978 ne
2187 934 2409 994 cogeret
2438 925 2592 980 triste
2613 927 2816 996 aliquid
2849 929 3178 997 respondere
3211 949 3224 982 :
3254 929 3456 1000 Perge,
3490 933 3688 1002 inquit,

480 1032 540 1086 in
577 1031 710 1101 ipsis
737 1031 904 1085 etiam
933 1030 1123 1085 diebus
1147 1070 1164 1095 ,
1204 1031 1260 1084 in
1289 1030 1486 1099 quibus
1525 1027 1842 1083 Puriﬁcatio
1868 1027 1999 1082 bea-
2100 1020 2155 1072 ln
2180 1015 2380 1072 muenia
2420 1017 2547 1072 huic
2592 1017 2777 1073 domui
2826 1020 3099 1089 contigua,
3146 1030 3203 1076 ct
3229 1022 3384 1077 nobis
3418 1040 3540 1092 qua
3570 1041 3691 1095 per-

411 1123 636 1178 tissima:
665 1136 880 1191 semper
897 1120 1124 1190 virginis
1145 1119 1329 1174 Marias
1348 1119 1675 1184 celebratur,
1698 1125 1967 1173 conventu

2129 1107 2346 1174 pexeris
2375 1105 2586 1160 nuntia.
2627 1105 2762 1160 Novi
2795 1107 2939 1161 enim
2979 1124 3008 1162 a
3038 1124 3125 1163 me
3161 1111 3301 1165 hanc
3339 1113 3552 1168 stellam
3591 1131 3687 1169 ne-

412 1212 631 1282 quidcm
659 1225 905 1280 magnus,
937 1209 1035 1263 sed
1060 1209 1333 1279 praecipue
1355 1209 1733 1278 episcoporum
1751 1247 1768 1273 ,
1799 1207 1999 1277 Aquis-
2100 1209 2374 1266 quaquam
2395 1197 2667 1266 Ρΐεθῑθτίω
2696 1213 2921 1267 vespera
2953 1200 3143 1264 Visam.
3174 1201 3259 1256 Vel
3287 1218 3318 1256 ἃ
3342 1211 3397 1258 ιε
3421 1213 3689 1260 monstra-

340 1355 345 1360 .
411 1303 566 1374 grani
593 1301 843 1358 convenit
871 1299 1042 1373 (856).
1072 1300 1130 1355 in
1155 1315 1266 1371 quo
1288 1315 1412 1356 cum
1434 1300 1502 1355 de
1531 1300 1651 1355 aliis
1672 1299 1892 1355 utilitati

2133 1301 2214 1340 am
2243 1300 2259 1340 :
2295 1287 2388 1341 sed
2415 1287 2530 1341 scio
2555 1287 2658 1342 hoc
2687 1287 2900 1357 signum
2927 1292 3288 1346 cometarium
3315 1309 3452 1360 esse,
3486 1296 3554 1350 de
3582 1311 3691 1365 quo

411 1397 665 1453 Ecclesiae
696 1395 1024 1451 necessariis
1047 1435 1062 1459 ,
1114 1402 1228 1449 tum
1281 1394 1555 1465 praecipue
1592 1396 1659 1450 de
1705 1394 1790 1449 bis
1834 1395 1997 1449 rebus
2096 1381 2210 1451 iam
2235 1381 2529 1451 praeteritis
2555 1383 2745 1438 diebus
2767 1383 2931 1438 ιοουιί
2955 1400 3160 1440 smnus-
3186 1386 3325 1453 Ουίά
3349 1398 3531 1444 δυιθω
3561 1407 3687 1461 P0?-

379 1494 659 1555 questum
701 1493 802 1549 est,
834 1498 972 1552 quas
1006 1481 1266 1553 Pippinus
1303 1491 1359 1538 et
1386 1483 1469 1536 sui
1521 1482 1704 1537 multis
1742 1482 1937 1538 Ecclesi

2127 1473 2323 1528 cudere
2358 1471 2455 1527 tibi
2483 1474 2749 1537 videatur,
2794 1475 3013 1530 edicito.
3057 1476 3301 1548 Cumque
3328 1480 3511 1550 aliqua
3541 1483 3685 1537 dice-

408 1575 762 1631 abstuierunt.
809 1572 891 1628 Ob
916 1587 1079 1642 quam
1117 1587 1231 1627 rem
1261 1571 1559 1642 imperialis
1603 1574 1900 1628 auctoritas
1941 1582 1998 1628 et
2100 1578 2239 1628 rem,
2279 1571 2332 1618 ει
2358 1563 2537 1633 aliqua
2582 1566 2869 1620 ῑπυίδεθω
2903 1581 2916 1620 τ
2956 1567 3130 1622 Unum
3159 1581 3272 1636 est.
3303 1571 3522 1641 inquit,
3549 1576 3690 1644 quod

407 1665 712 1723 communis
731 1665 946 1720 concilii
974 1664 1448 1719 commonitorium
1470 1664 1774 1730 ordinatur,
1797 1664 1995 1733 quibus
2024 1727 2065 1735 _
2101 1656 2275 1710 adhuc
2298 1655 2513 1710 Silenlio
2539 1657 2760 1726 premis.
2800 1657 3150 1715 Mutationem
3177 1663 3322 1716 enim
3349 1666 3513 1735 regni
3542 1680 3684 1720 mor-

406 1763 849 1812 commoneretur
879 1755 1139 1824 Pippinus
1164 1762 1220 1808 et
1241 1754 1323 1808 sui
1362 1769 1484 1808 cum
1513 1761 1714 1824 quanto
1755 1727 1994 1824 periculo
2024 1727 2070 1785 Β
2098 1752 2317 1816 temque
2367 1747 2628 1816 principis
2673 1749 2775 1804 boe
2823 1759 3076 1819 portento
3129 1727 3441 1810 monstrari~
3480 1756 3684 1811 dicunt.

405 1863 496 1903 res
535 1845 934 1902 ecclesiasticas
981 1844 1340 1914 pervaserint.
1377 1842 1507 1910 Qua:
1552 1859 1640 1898 res
1675 1857 1995 1913 prosperum
2098 1837 2343 1908 Cumque
2372 1853 2472 1908 ego
2499 1841 2873 1896 testimonium
2903 1842 3190 1913 Propheta:
3213 1845 3266 1900 in
3295 1847 3537 1902 medium
3565 1865 3689 1918 pro-

407 1939 649 2009 suscepit
700 1937 928 1992 exitum.
986 1935 1124 1990 Nam
1163 1934 1423 2006 Pippinus
1463 1935 1666 1989 monita
1709 1934 1782 2003 pii
1824 1935 1998 2004 patris
2099 1928 2339 1984 tulissem
2360 1970 2374 1994 ,
2402 1945 2509 1999 quo
2535 1930 2754 1996 dicitur,
2780 1931 2822 1985 Α
2849 1933 3013 2002 signis
3043 1934 3156 1987 steti
3179 1951 3243 1988 ne
3267 1937 3549 1990 timuerim
3572 1956 3689 2009 φιιε

405 2038 825 2097 sanctorumque
854 2026 1094 2081 virorum
1125 2024 1358 2080 libenter
1380 2024 1712 2093 suscipiens,
1738 2023 1996 2079 obedien-
2096 2028 2283 2088 pavent
2306 2030 2502 2090 gentes,
2543 2019 2636 2075 ille
2667 2021 2823 2076 solita
2849 2037 2978 2077 usus
3001 2025 3451 2094 magnanimitate
3480 2035 3539 2080 et
3563 2042 3688 2096 pru-

402 2129 482 2175 tei
511 2119 724 2190 paruit,
751 2127 807 2173 et
833 2116 1014 2172 omnia
1043 2117 1226 2171 invasa
1254 2115 1463 2171 restitui
1495 2116 1660 2170 etiam
1686 2129 1785 2184 per
1809 2116 1995 2170 annuli
2098 2111 2281 2166 dentia
2313 2128 2325 2164 :
2352 2111 2474 2166 Non
2501 2111 2666 2166 alium
2722 2114 2916 2183 inquit,
2967 2115 3160 2171 timere
3185 2115 3446 2172 debemus
3491 2128 3688 2187 praeter

402 2212 485 2265 sui
516 2209 925 2281 impressionem
955 2208 1260 2263 constituit.
1291 2207 1605 2262 Proximum
1634 2208 1761 2262 huic
1795 2207 1994 2277 placito
2097 2203 2247 2258 illum
2274 2205 2364 2274 qui
2407 2206 2580 2260 nostri
2625 2212 2680 2260 et
2729 2205 2890 2276 hujus
2933 2206 3128 2262 sideris
3165 2216 3379 2262 creator
3423 2217 3530 2263 est.
3577 2209 3684 2264 Sed

403 2307 726 2356 conventum
773 2299 1070 2369 imperator
1115 2297 1169 2352 in
1209 2312 1347 2368 pago
1391 2297 1732 2367 Lugdunensi
1784 2298 1992 2364 habuit,
2099 2293 2216 2363 ejus
2243 2293 2586 2350 clementiam
2612 2311 2719 2350 non
2761 2298 2894 2351 satis
2937 2297 3161 2352 laudare
3195 2305 3250 2352 et
3274 2298 3462 2352 mirari
3493 2314 3684 2369 possu-

399 2400 646 2462 tempore
661 2391 869 2456 aestivo,
893 2392 947 2444 in
977 2390 1094 2446 loco
1115 2391 1206 2460 qui
1235 2399 1460 2445 vocatur
1487 2389 1840 2456 Stramiacus,
1869 2407 1996 2446 cum
2097 2400 2236 2450 mus,
2269 2385 2360 2455 qui
2399 2393 2642 2442 nostram
2673 2387 2945 2448 inertiam,
2990 2401 3112 2441 cum
3158 2387 3327 2442 simus
3371 2399 3688 2458 peccatores

401 2481 630 2555 Pippino
653 2489 709 2537 et
738 2481 1012 2536 Ludovico
1052 2480 1196 2536 filiis.
1233 2480 1370 2536 Nam
1398 2481 1543 2552 quod
1565 2481 1857 2538 Lotharius
1885 2498 1993 2537 non
2096 2486 2151 2532 et
2180 2478 2602 2547 imptenitentes,
2631 2479 2826 2534 talibus
2853 2479 3066 2534 indiciis
3091 2480 3344 2549 dignatur
3371 2482 3680 2537 admouere.

396 2573 591 2640 adfuit,
634 2574 926 2630 invalentia
953 2573 1290 2644 aegritudinis
1325 2589 1487 2644 supra
1525 2573 1683 2630 dicta:
1709 2571 1901 2628 obfuit.
1935 2572 1993 2627 In
2096 2567 2230 2636 Quia
2255 2585 2386 2641 ergo
2408 2577 2463 2625 et
2489 2585 2577 2625 me
2603 2579 2657 2626 et
2689 2573 3266 2627 omnescommuniter
3282 2574 3388 2629 hoc
3413 2582 3684 2629 ostentum

401 2678 512 2734 quo
549 2678 770 2719 causam
820 2663 1176 2719 ecclesiarum
1206 2662 1582 2734 Lugdunensis
1625 2672 1788 2732 atque
1827 2663 1992 2719 Vicu-
2097 2661 2302 2731 tangit,
2334 2675 2525 2716 omnes
2549 2677 2650 2732 pro
2678 2677 2838 2733 posse
2875 2671 2930 2718 et
2957 2679 3152 2733 sapere
3181 2665 3247 2718 ad
3276 2665 3502 2719 meliora
3530 2663 3681 2720 festi-

399 2757 586 2812 nensis
610 2755 923 2810 vacantium
971 2754 1223 2809 ventilari
1253 2754 1402 2819 fecit,
1459 2770 1526 2809 eo
1563 2755 1707 2825 quod
1752 2753 1991 2823 episcopi
2095 2766 2318 2815 nemus,
2352 2767 2420 2806 ne
2458 2751 2600 2807 forte
2639 2753 3067 2808 misericordiam
3104 2754 3196 2809 illo
3229 2766 3588 2827 praet-egente,
3631 2765 3684 2810 et

399 2846 602 2900 dudum
627 2843 864 2910 illarum,
905 2844 1226 2916 Agobardus
1253 2845 1468 2915 quidem
1492 2845 1678 2916 jussus
1717 2843 1783 2898 ad
1819 2845 1989 2898 ratio-
2092 2855 2278 2902 nostra
2301 2846 2714 2916 imptenitudine
2740 2846 3087 2916 impediente,
3112 2865 3208 2903 nos
3230 2848 3318 2902 illa
3342 2849 3682 2904 inveniamur

400 2951 524 2991 nem
576 2951 684 2991 non
739 2937 954 2991 venerit
1008 2935 1337 2991 reddendam
1369 2953 1383 3001 ;
1439 2934 1750 2990 Bernartius
1808 2942 1989 2988 autem
2090 2935 2315 3006 indigni.
2359 2935 2456 2990 His
2481 2935 2661 3001 dictis,
2691 2946 2748 2992 et
2779 2937 2897 3007 ipse
2935 2937 3211 3006 paulisper
3249 2953 3400 2993 mero
3436 2938 3676 3002 indulsit,

401 3026 724 3082 Viennensis
763 3025 998 3080 adfuerit
1021 3027 1259 3096 quidem,
1293 3026 1387 3081 sed
1418 3041 1608 3081 rursus
1635 3025 1817 3094 fugam
1847 3025 1986 3080 inie-
2017 3073 2060 3136 Γ
2091 3033 2148 3082 et
2167 3026 2422 3081 omnibus
2446 3026 2498 3081 id
2518 3026 2699 3081 facere
2721 3026 2906 3095 jussit,
2929 3036 2983 3082 et
3012 3019 3453 3098 unumquemque
3482 3027 3550 3081 ad
3582 3042 3676 3082 sua

401 3115 466 3136 με.
522 3114 628 3136 α-.
659 3117 770 3136 .-μ
804 3116 1009 3136 --μω
1059 3130 1144 3136 _-__
1184 3115 1494 3136 εμμ-ρη.-
1543 3117 1801 3136 μωμε.
1869 3130 1960 3136 η,
2047 3113 2062 3134 ι
2097 3130 2149 3136 _-
2191 3115 2432 3136 -_..,_-__
2483 3116 2737 3136 “una.
2797 3115 3127 3136 κτημμμ-
3411 3125 3469 3136 _.
3529 3118 3676 3136 μυ-

398 3115 490 3168 rit.
522 3114 628 3169 Sed
659 3117 774 3171 haec
799 3116 1023 3184 quidem
1059 3130 1148 3170 res
1184 3115 1502 3186 imperfecta
1543 3117 1822 3182 remansit,
1869 3130 1992 3187 pro-
2018 3113 2062 3136 “
2094 3130 2154 3172 se
2184 3115 2437 3185 colligere
2483 3116 2762 3185 praecepit.
2797 3115 3131 3186 Noctemque
3173 3117 3363 3184 illam,
3411 3125 3474 3170 ut
3526 3118 3678 3171 nobis

398 3211 522 3271 pter
543 3203 867 3268 absentiam,
901 3211 962 3257 ut
985 3205 1306 3273 praedictum
1334 3206 1856 3275 est,episcoporum.
1882 3204 1991 3260 Sed
2091 3207 2360 3276 perlatum
2388 3216 2494 3272 cst,
2531 3207 2848 3277 pervigilem
2891 3209 3060 3272 duxit,
3106 3224 3170 3264 ac
3206 3209 3300 3264 Dei
3338 3209 3592 3265 laudibus
3625 3219 3677 3262 et

397 3303 454 3348 et
477 3307 640 3348 causa
668 3292 969 3348 Gothorum
1007 3294 1206 3348 ibidem
1229 3296 1487 3348 ventilata
1515 3304 1617 3360 est,
1644 3309 1874 3364 quorum
1900 3294 1988 3348 alii
2091 3299 2560 3353 obsecrat'ouibus
2588 3307 2895 3364 oneratam,
2941 3299 3049 3355 luci
3096 3299 3502 3369 supervenienti
3543 3315 3679 3370 prr-

396 3385 644 3456 partibus
666 3385 940 3439 Bernardi
977 3384 1260 3450 favebant,
1291 3385 1381 3439 alii
1429 3386 1765 3441 ducebantur
1805 3386 1990 3439 favore
2091 3387 2344 3442 sentavit.
2375 3387 2430 3441 in
2465 3386 2617 3454 cujus
2642 3388 2960 3458 crepusculo
2989 3389 3266 3444 ministros
3292 3389 3502 3445 aulicos
3523 3406 3681 3444 voea-

394 3475 700 3546 Beringarii
724 3474 982 3530 ﬂuronici
1012 3474 1297 3547 [Hum-cci]
1325 3477 1595 3546 quondam
1623 3477 1837 3532 comitis
1866 3476 1984 3530 lilii.
2088 3478 2166 3532 vit
2187 3485 2241 3531 et
2263 3477 2636 3548 elcemosynas
2663 3492 2798 3546 quas
2814 3477 3461 3548 largissimepauperibus
3487 3494 3549 3533 ac
3564 3495 3678 3533 ser-

397 3563 506 3620 Sed
553 3563 872 3635 Beringario
919 3565 1208 3619 immatura
1259 3572 1433 3620 morte
1477 3574 1786 3636 praerepto,
1845 3566 1987 3634 apud
2089 3569 2172 3623 vis
2208 3569 2343 3632 Dei,
2394 3577 2501 3622 tam
2551 3569 2834 3623 monachis
2878 3584 3041 3638 quam
3096 3569 3414 3636 canonicis,
3471 3571 3676 3640 porrigi

399 3656 739 3712 Bernardum
767 3664 1010 3726 potestas
1054 3654 1404 3726 Septimaniae
1429 3673 1594 3727 quam
1635 3657 1870 3712 maxima
1899 3673 1986 3712 re.
2080 3659 2278 3730 jussit;
2304 3661 2705 3730 missarumque
2729 3661 2990 3716 solemnia
3011 3677 3108 3731 per
3128 3677 3485 3730 quoscunque
3506 3662 3680 3732 potuit

397 3747 619 3811 mansit,
663 3745 856 3817 legatis
898 3745 1028 3801 illuc
1052 3745 1258 3810 missis,
1281 3747 1392 3816 qui
1417 3761 1483 3801 ea
1509 3761 1630 3815 quae
1671 3747 1983 3819 indigebant
2087 3753 2354 3808 celebrari
2385 3752 2515 3808 fecit
2543 3771 2555 3806 :
2585 3768 2694 3807 non
2726 3760 2936 3806 tantum
2967 3752 3070 3807 sibi
3101 3762 3379 3816 metuens,
3412 3762 3675 3821 quantum

395 3838 733 3894 correctione
767 3837 823 3891 in
863 3837 1144 3892 meliorem
1187 3846 1577 3907 componerent
1618 3846 1840 3894 statum.
1886 3841 1984 3896 liis
2085 3845 2341 3910 Ecclesiae
2371 3843 2474 3899 sibi
2503 3844 2723 3898 creditae
2745 3843 3114 3912 prospiciens,
3133 3842 3339 3910 Quibus
3361 3844 3468 3898 rite
3497 3844 3677 3911 dispo-

393 3927 666 3997 peractis,
697 3936 754 3983 et
773 3926 888 3996 jam
911 3925 1038 3982 ﬁliis
1062 3927 1368 3998 populoque
1393 3927 1653 3994 dimissis,
1679 3930 1981 3999 imperator
2083 3935 2205 3989 sitis
2246 3934 2324 3987 uti
2360 3934 2726 3998 ordinaverat,
2766 3942 3019 3987 venatum
3051 3933 3104 3988 in
3145 3933 3500 3988 Arduennam
3549 3950 3675 4003 per-

395 4018 1006 4073 autumnali‘veuatione
1028 4025 1272 4088 peracta,
1295 4018 1364 4072 ad
1388 4018 1608 4073 missam
1638 4021 1810 4075 sancti
1838 4019 1980 4074 Mar-
2084 4024 2244 4078 rexit.
2275 4024 2501 4090 Quodut
2521 4022 2791 4087 dicebant,
2823 4023 2961 4076 ultra
2990 4024 3208 4078 solitum
3231 4022 3280 4078 ei
3305 4025 3674 4094 prosperrime

392 4109 490 4162 tini
516 4107 843 4178 Aquisgrani
874 4107 1055 4171 rediit,
1078 4114 1132 4161 et
1154 4107 1390 4162 hiemem
1412 4107 1612 4162 ibidem
1635 4109 1839 4180 exegit,
1868 4109 1976 4162 Νη-
2082 4115 2287 4180 cessit;
2335 4115 2624 4184 omniaque
2665 4129 2786 4184 qua:
2839 4113 2930 4168 illo
2964 4123 3204 4184 tempore
3249 4114 3324 4168 illi
3383 4115 3671 4184 placuere.

392 4201 559 4255 talem
602 4215 816 4269 quoque
846 4200 1058 4254 Domini
1089 4200 1330 4270 itemque
1365 4201 1685 4257 Paschaiem
1725 4203 1978 4258 solemui-
2079 4219 2340 4276 prospero
2368 4213 2563 4260 eventu
2595 4215 2974 4259 cucurrerunt.
3017 4203 3285 4259 Praeterea
3313 4245 3327 4268 ,
3379 4205 3674 4260 insistente

393 4301 582 4357 tatem,
609 4290 764 4359 juxta
788 4305 994 4346 morem
1024 4291 1264 4347 debitum
1294 4293 1472 4348 etsibi
1499 4293 1976 4364 semper'famiiia-
2078 4297 2320 4366 Augusta
2362 4302 2419 4350 et
2459 4295 2726 4350 ministris
2776 4294 3061 4364 palatinis,
3115 4296 3408 4364 quamdam
3459 4306 3669 4365 partem

394 4384 689 4449 rissimum,
726 4381 925 4438 ibidem
955 4381 1268 4438 celebravit.
2001 4401 2054 4460 Ι)
2082 4385 2295 4454 imperii
2319 4385 2618 4454 imperator
2635 4385 2745 4439 lilio
2768 4399 2868 4440 suo
2889 4385 3242 4440 dilectissimo
3258 4385 3455 4440 Carolo
3475 4387 3670 4456 Aquis-

407 4519 412 4523 .
443 4473 632 4546 «(8257.)
651 4472 882 4528 ‘Ativero
904 4474 1174 4528 mediante
1191 4473 1494 4530 festivitate
1520 4473 1762 4531 Paschaii
1793 4481 1973 4530 dirum
2076 4475 2233 4546 grani
2260 4475 2502 4540 tradidit,
2535 4476 2630 4530 sed
2669 4475 2793 4545 quia
2823 4473 3120 4532 inoﬂlciosa
3144 4478 3427 4540 remansit,
3457 4493 3489 4531 a
3513 4479 3665 4531 nobis

391 4581 609 4635 semper
637 4580 700 4620 ac
729 4565 886 4620 triste
911 4573 1238 4633 portentum,
1277 4564 1330 4620 id
1359 4573 1689 4620 est-cometae
1714 4566 1884 4630 sidus,
1919 4566 1970 4619 iu
2075 4578 2292 4632 quoque
2325 4562 2543 4617 silentio
2577 4563 2862 4633 premitur.
2897 4562 3071 4630 Quam
3118 4579 3233 4619 rem
3269 4566 3509 4621 auditam
3543 4581 3661 4621 cum

390 4658 547 4727 signo
575 4655 812 4726 Virginis
857 4655 1130 4724 apparuit,
1171 4655 1224 4710 in
1255 4671 1316 4710 ea
1350 4664 1515 4726 parte
1548 4654 1788 4724 ejusdem
1834 4657 1974 4726 signi
2075 4654 2558 4725 fratresejusmgre
2573 4655 2844 4722 tulissent,
2862 4665 3105 4712 mutuum
3128 4657 3660 4728 inierecolloquium.

391 4765 495 4818 qua
524 4747 774 4818 penulam
803 4748 922 4818 ejus
943 4748 1157 4812 subtus,
1183 4745 1413 4800 caudam
1442 4761 1572 4802 vero
1595 4747 1868 4816 serpentis
1892 4747 1969 4801 si-
2075 4746 2184 4802 Sed
2206 4746 2281 4800 nil
2301 4761 2361 4800 se
2392 4747 2665 4801 contraire
2694 4761 2855 4815 posse
2881 4747 3173 4812 intuentes,
3204 4756 3260 4802 et
3287 4758 3527 4817 emptum
3555 4749 3660 4802 dis-

392 4841 609 4912 mulque
650 4855 872 4895 corvum
919 4838 1261 4908 constringit.
1299 4838 1454 4904 Quod
1499 4853 1623 4893 cum
1668 4854 1775 4894 non
1823 4855 1973 4894 more
2073 4834 2413 4900 simulantes,
2462 4843 2640 4889 motus
2668 4836 2879 4905 patris,
2918 4836 3009 4906 qui
3040 4851 3107 4890 ex
3151 4837 3254 4890 boc
3284 4837 3552 4892 accidisse
3585 4836 3661 4887 ri-

389 4931 689 4986 errantium
722 4938 928 5000 septem
954 4929 1193 4984 siderum
1218 4927 1492 4984 Orientem
1524 4944 1714 4985 versus
1740 4939 1968 5003 peteret,
2071 4926 2360 4992 debentur,
2402 4926 2656 4982 facillime
2703 4942 3078 4997 composuere.
3132 4926 3191 4980 in
3240 4926 3327 4980 bis
3367 4927 3662 4996 imperator

390 5035 488 5090 per
523 5020 712 5093 viginti
761 5020 1001 5090 quinque
1035 5019 1152 5074 dies
1177 5060 1191 5084 ,
1238 5021 1383 5088 quod
1415 5019 1614 5075 mirum
1661 5031 1747 5076 est
1776 5022 1926 5076 dictu
1953 5063 1966 5086 ,
2073 5027 2186 5074 tota
2214 5028 2402 5076 testate
2425 5020 2748 5083 consistens,
2768 5020 2959 5074 indixit
2975 5018 3279 5091 generalem
3306 5025 3656 5078 conventum,

389 5113 530 5169 idem
553 5113 702 5169 sidus
723 5111 996 5167 et'Leonis
1020 5126 1085 5166 ac
1110 5109 1328 5179 Cancri,
1360 5127 1459 5168 nec
1481 5127 1588 5166 non
1617 5111 1970 5168 Geminorum
2072 5113 2314 5167 autumni
2338 5121 2602 5183 tempore,
2632 5113 2685 5167 id
2709 5120 2792 5167 est
2819 5111 3124 5182 Septembri
3157 5110 3454 5175 mediante,
3483 5111 3534 5162 in
3559 5107 3655 5161 Cn-

392 5207 661 5260 transiens
689 5203 862 5276 signa,
893 5203 953 5257 in
983 5203 1158 5272 capite
1183 5202 1347 5257 Tauri
1379 5203 1596 5258 tandem
1627 5203 1728 5257 sub
1755 5203 1971 5274 Aurigae
2073 5203 2290 5258 risiaco.
2321 5203 2395 5257 hr
2409 5219 2518 5274 quo
2554 5203 2672 5258 loco
2713 5211 2772 5258 et
2812 5211 3054 5274 tempore
3083 5201 3225 5256 filius
3255 5200 3374 5269 ejus
3401 5201 3660 5271 Pippinus

389 5295 574 5365 pedes,
608 5295 823 5367 igneum
857 5293 1072 5365 globum
1096 5292 1459 5364 jubarumque
1485 5293 1850 5363 prolixitatem
1877 5293 1970 5347 de-
2071 5293 2141 5347 ab
2161 5292 2448 5363 Aquitania
2484 5294 2552 5349 ad
2582 5308 2708 5348 eum
2742 5293 2914 5356 venit,
2951 5300 3007 5347 et
3042 5293 3143 5362 ipsi
3174 5292 3466 5346 conventui
3491 5291 3660 5344 inter-

391 5385 569 5454 posuit
595 5424 609 5450 ,
637 5400 773 5455 quas
795 5391 1183 5455 usquequaque
1217 5391 1538 5456 porrexerat
1581 5391 1759 5439 antea.
1793 5383 1968 5451 Quam
2073 5383 2191 5438 fuit.
2241 5384 2340 5439 Ubi
2370 5385 2620 5440 dominus
2661 5385 2964 5453 imperator
2992 5383 3162 5437 lilium
3203 5397 3362 5437 suum
3401 5379 3659 5435 Cat-clum

390 5480 503 5530 rem
551 5491 674 5530 cum
701 5476 935 5546 primum
992 5477 1286 5546 imperator
1311 5476 1499 5533 talium
1541 5477 1968 5532 studiosissimus
2072 5475 2240 5530 armis
2285 5475 2548 5541 virilibus,
2585 5475 2641 5530 id
2678 5484 2785 5540 est,
2821 5489 2972 5539 ense,
3013 5475 3220 5536 cinxit,
3259 5486 3465 5526 corona
3493 5467 3659 5542 regali

390 5570 778 5632 conspexisset,
813 5568 1075 5632 constitit,
1106 5576 1162 5622 et
1205 5576 1493 5637 antequam
1522 5569 1689 5638 quieti
1722 5568 1966 5622 membra
2070 5577 2231 5638 caput
2276 5567 2582 5638 insignivit,
2631 5577 2949 5637 partemque
2979 5565 3129 5636 regni
3179 5579 3344 5634 quam
3385 5563 3656 5631 homony-

391 5654 771 5720 c'omzuittcrct,
825 5658 1053 5710 accitum
1087 5660 1372 5728 quemdam
1398 5701 1411 5726 ,
1451 5660 1688 5730 itemque
1722 5675 1838 5724 me,
1871 5659 1964 5730 qui
2072 5675 2192 5715 mus
2232 5661 2346 5732 ejus
2379 5659 2604 5716 Carolus
2636 5662 2856 5725 habuit,
2891 5661 2942 5715 id
2987 5669 3071 5715 est
3112 5657 3459 5724 Neustriam,
3491 5655 3651 5710 attri-
