3940 6180
206 323 292 381 073

1689 314 1872 374 VlTA.

3303 321 3407 379 θτι

202 438 315 501 bait.
349 436 529 504 itaque
565 431 816 487 demimus
859 430 1152 499 imperator
1179 428 1322 484 inter
1350 427 1491 483 ﬁlios
1512 468 1525 491 ,
1558 442 1728 497 quan.
1757 429 1809 488 Α
1832 423 1969 482 velle
1990 426 2154 483 verbo
2179 427 2430 500 signavit.
2454 428 2756 500 Imperator
2771 433 3202 493 veroiaetabatur
3222 435 3278 491 in
3299 437 3408 502 bis,

201 537 297 583 tum
317 524 406 582 sibi
428 520 676 594 possibile
698 520 817 585 fuit,
841 519 1065 590 coagulo
1087 519 1470 585 benevdentia:
1498 518 1729 581 ﬁrmato,

198 614 442 686 Pippinum
468 612 521 668 in
554 611 925 681 Aquitaniam,
956 609 1206 666 Carolutn
1241 617 1421 667 autem
1452 609 1509 664 in
1532 609 1736 678 pou-uo-

196 719 302 762 nam
321 703 458 776 regni
484 703 587 773 ipsi
611 703 931 759 attributam
949 700 1175 756 dimisit.
1207 701 1277 756 Et
1295 708 1587 770 praesentes
1610 701 1734 770 qui-

195 796 299 854 dem
332 794 592 851 Neustrim
640 793 930 867 provinciae
969 793 1238 863 primores
1296 792 1499 848 Carolo
1540 806 1736 847 manus

195 886 444 950 dederunt,
477 892 534 939 et
558 883 873 939 ﬁdelitatem
912 889 1252 938 sacramento
1279 882 1684 938 obstrinxerunt
1716 900 1731 939 :

195 977 462 1033 absentium
491 984 670 1031 autem
697 974 927 1046 quisque
956 973 1360 1045 posteaitidem
1386 972 1534 1030 ﬁe‘cit.
1566 974 1624 1028 ln
1646 988 1737 1029 eo-

192 1068 299 1123 dem
327 1067 439 1122 loco
462 1073 525 1120 et
553 1074 797 1136 tempore
819 1078 956 1134 pene
988 1078 1179 1120 omnes
1207 1062 1554 1133 Septimania:
1578 1063 1737 1117 nobi-

193 1159 261 1215 les
294 1159 569 1213 adfuerunt
591 1198 607 1223 ,
658 1165 1054 1227 conquerentes
1097 1157 1357 1212 adversus
1399 1154 1736 1209 Bernardum

192 1249 358 1306 Meam
377 1248 591 1304 illarum
618 1249 875 1318 partium,
899 1260 965 1301 eo
998 1247 1142 1317 quod
1168 1246 1312 1301 illius
1345 1246 1602 1302 satellites
1624 1254 1735 1300 tam

192 1337 334 1391 rebus
365 1334 748 1391 ecclesiasticis
790 1349 952 1403 quam
968 1333 1218 1404 privatis,
1257 1333 1467 1403 absque
1498 1333 1607 1389 ullo
1651 1349 1738 1390 re—

190 1434 355 1495 specta
623 1425 985 1491 humanoque,
1034 1437 1135 1492 pro
1161 1422 1315 1478 libita
1363 1424 1733 1479 abuterentur.

193 1518 327 1574 Unde
348 1516 614 1587 petierunt
641 1523 703 1570 ut
726 1515 980 1570 dontinus
1004 1514 1299 1583 imperator
1334 1514 1435 1567 sub
1469 1528 1580 1568 sum
1605 1527 1737 1582 pro-

190 1608 413 1664 tectionis
436 1607 735 1662 munimine
762 1621 857 1663 cas
881 1606 1204 1676 susciperet,
1229 1612 1284 1660 et
1312 1612 1432 1675 post
1459 1605 1576 1659 haec
1593 1605 1743 1659 tales

190 1697 364 1753 missos
390 1699 443 1752 in
475 1697 721 1752 eamdem
744 1704 948 1751 terram
969 1696 1248 1765 dirigeret,
1272 1696 1368 1766 qui
1389 1703 1445 1750 et
1467 1702 1736 1764 potestate

1837 524 1893 572 et
1921 524 2149 572 cunctus
2171 518 2401 589 populus
2445 519 2640 577 talibus
2663 521 2821 578 factis
2853 523 3200 592 applaudens,
3227 541 3411 582 omma

1837 605 1938 660 sibi
1970 604 2186 674 placere
2210 607 2445 664 dicebat.
2474 608 2544 663 At
2571 625 2702 665 vero
2729 610 2989 667 Ludovici
3026 614 3265 669 animum
3303 630 3409 673 non

1836 711 2027 766 parum
2061 697 2179 752 haec
2207 706 2357 768 gesta
2385 699 2658 756 laeserunt.
2686 702 2986 772 Imperator
3009 718 3175 772 porro
3201 719 3300 775 pro
3325 705 3412 760 bis

1836 786 2000 857 gestis
2027 786 2138 841 Deo
2168 788 2372 857 gratias
2398 791 2612 859 agebat,
2644 790 2888 867 ﬁliosque
2917 795 3167 850 monebat
3193 803 3256 851 ut
3279 812 3414 852 una-

1836 877 2010 933 nimes
2032 887 2230 942 essent,
2257 887 2314 935 et
2342 895 2400 935 se
2426 880 2685 938 alterutro
2710 891 2989 940 tuerentur
3013 904 3026 940 :
3050 893 3106 942 et
3126 886 3415 944 Lotharius

1837 968 2055 1038 quidem
2078 970 2312 1039 junioris
2336 970 2517 1027 fratris
2540 988 2728 1030 curam
2754 986 2996 1047 gereret,
3034 978 3190 1050 cujus
3218 996 3278 1036 se
3302 983 3415 1052 spi~

1837 1055 2084 1111 ritualcm
2129 1072 2251 1112 esse
2290 1068 2500 1128 patrem
2542 1064 2850 1120 meminisse
2888 1066 3109 1123 deberet
3140 1087 3153 1124 :
3191 1070 3415 1127 Carolus

1836 1154 2018 1201 autem
2051 1155 2308 1217 tanquam
2337 1150 2479 1218 patri
2514 1152 2777 1220 spirituaii
2805 1164 2858 1209 ct
2900 1155 3053 1212 fratri
3090 1159 3292 1214 seniori
3321 1159 3415 1214 de-

1837 1234 2007 1289 bitum
2028 1236 2293 1292 honorem
2315 1239 2571 1296 deferret.
2593 1241 2835 1313 Cumque
2862 1244 2965 1301 hoc
2991 1254 3248 1317 tanquam
3269 1265 3415 1305 verae

1836 1326 1985 1399 pacis
2028 1337 2239 1382 amator
2284 1331 2615 1402 peregisset,
2662 1344 2714 1389 et
2749 1335 2891 1390 inter
2931 1336 3129 1394 fratres
3169 1349 3414 1396 mutuam

1839 1408 2201 1480 dilectionem,
2219 1426 2274 1471 et
2285 1418 2426 1473 inter
2448 1421 2731 1491 utriusque
2745 1423 2836 1478 ﬁlii
2852 1425 3124 1495 populum,
3147 1436 3411 1497 quantum

1838 1502 1943 1559 sibi
1971 1516 2129 1573 posse
2150 1504 2334 1560 datum
2351 1515 2455 1571 est,
2485 1507 2754 1567 alternum
2774 1513 2999 1569 sevisset
3025 1528 3265 1571 amorem
3284 1555 3300 1579 ,
3326 1514 3418 1571 la:-

1838 1600 1926 1648 tus
1952 1593 2271 1650 Lotharium
2302 1596 2359 1651 in
2384 1596 2592 1654 Italiam
2616 1599 2796 1657 laetum
2823 1603 3063 1670 dimisit,
3088 1604 3272 1662 multis
3297 1621 3416 1662 mu-

1838 1686 2061 1755 neribus
2089 1687 2337 1754 ditatum,
2363 1690 2621 1746 donatum
2654 1692 3119 1752 benedictionibus
3144 1697 3414 1768 paternis,

188 1798 238 1845 et
264 1787 533 1858 prudentia
576 1788 643 1842 de
680 1786 876 1842 ablatis
898 1801 1058 1856 aequo
1100 1785 1390 1841 libramine
1418 1785 1736 1854 penderent,
1766 1776 1814 1835 B
1841 1782 1897 1829 et
1923 1776 2185 1833 monitum
2210 1793 2280 1833 ne
2297 1780 2710 1837 oblivisceretur
2738 1784 2932 1841 saltem
2964 1802 3137 1856 nuper
3155 1788 3257 1844 sibi
3284 1803 3416 1859 pro-

186 1888 238 1938 et
259 1881 442 1936 avitam
464 1880 546 1936 eis
572 1880 749 1951 legem
771 1885 1174 1935 conservarent.
1203 1876 1289 1932 Ad
1311 1876 1453 1946 quod
1475 1891 1740 1948 peragen—

186 1970 302 2026 dum
323 1970 464 2025 missi
500 1977 654 2035 sunt,
680 1970 977 2026 secundum
1007 1968 1425 2039 postulationem
1451 1982 1660 2032 eorum,
1684 1974 1741 2022 et

186 2060 369 2117 εἰαυὶθὶ
410 2059 755 2131 imperatoris
785 2059 1126 2124 electionem,
1182 2057 1492 2115 Bonifacius
1531 2066 1738 2123 comes,

184 2161 235 2208 et
268 2151 495 2207 Donatus
519 2151 707 2206 itidem
729 2163 915 2205 eomes
945 2167 959 2202 :
989 2149 1085 2203 sed
1114 2157 1170 2202 et
1197 2146 1537 2203 Adrebaldus
1557 2146 1740 2201 Flavi-

181 2243 433 2299 niacensis
458 2241 773 2297 monasterii
802 2241 989 2295 abbas.
1025 2238 1122 2293 His
1150 2239 1254 2293 rite
1274 2238 1540 2307 peractis,
1572 2238 1743 2307 impe-

181 2343 319 2388 rator
333 2334 398 2389 ab
417 2348 483 2388 eo
498 2333 619 2387 loco
638 2329 880 2394 divertit,
902 2336 959 2384 et
978 2326 1253 2382 venationi
1270 2326 1565 2381 autumnali
1583 2325 1739 2395 juxta

179 2441 372 2481 morem
396 2439 620 2495 operam
648 2423 831 2488 dedit,
872 2431 928 2476 et
954 2421 1023 2477 ad
1057 2428 1299 2489 tempora
1326 2418 1582 2473 hiemalia
1626 2420 1745 2475 exi-

176 2515 340 2587 genda
364 2528 421 2568 se
448 2510 773 2581 Aquisgruni
805 2509 1041 2581 collegit.

242 2604 353 2670 Qua
397 2603 576 2658 hieme
624 2608 896 2656 transacta
920 2640 937 2666 ,
988 2599 1245 2655 Kalendis
1284 2596 1529 2655 Januarii
1569 2611 1743 2654 savus

173 2701 387 2749 coarctat
410 2692 551 2763 ignis
578 2692 632 2746 in
655 2691 810 2761 signo
837 2690 1148 2761 Scorpionis
1178 2689 1446 2759 apparuit,
1478 2704 1585 2743 non
1611 2688 1746 2743 mulo

173 2793 362 2854 topost
385 2784 516 2840 solis
539 2784 870 2839 occubitum.
905 2781 1073 2851 Cujus
1097 2782 1367 2837 minacem
1394 2780 1605 2836 vultum
1634 2796 1742 2836 non

170 2874 335 2929 multo
366 2882 489 2943 post
513 2889 772 2929 excessus
801 2872 1013 2943 Pippini
1043 2882 1125 2928 est
1155 2872 1498 2929 subsecutus.
1530 2873 1743 2929 interea

170 2967 346 3022 Iudith
376 2966 646 3037 Augusta,
684 2965 894 3022 consilii
923 2966 1065 3035 quod
1091 2964 1302 3035 pridem
1332 2980 1456 3021 cum
1484 2965 1742 3021 cnsilia-

169 3059 266 3113 riis
300 3058 487 3113 aulicis
525 3056 843 3126 ueterisque
891 3056 1044 3127 regni
1094 3054 1427 3111 Francorum
1464 3055 1741 3111 nobilibus

168 3149 365 3204 inierat
393 3163 735 3218 nequaquam
755 3117 1066 3213 immernor,
1116 3146 1386 3217 persuasit
1429 3146 1740 3218 imperatori
1768 3117 1814 3182 θ

164 3247 431 3310 quatenus
456 3240 523 3294 ad
543 3224 856 3295 Lotliarium
879 3237 1047 3292 ﬁlium
1074 3252 1229 3293 suum
1250 3238 1454 3292 missos
1477 3238 1740 3304 mitteret,

161 3328 258 3399 qui
300 3343 425 3384 eum
464 3329 531 3383 ad
558 3336 770 3398 patrem
806 3327 1124 3393 invitarent,
1170 3342 1235 3383 ea
1278 3328 1672 3409 conditionem
1695 3327 1742 3382 si

161 3418 353 3475 fratris
371 3419 454 3474 sui
476 3418 655 3474 Caroli
677 3418 902 3474 dilector
920 3427 979 3474 et
998 3418 1233 3489 adiutor,
1264 3425 1518 3488 tutorque
1535 3424 1591 3473 et
1606 3432 1742 3487 pro-

161 3519 341 3569 tector
360 3525 480 3568 esse
503 3511 685 3577 vellet,
714 3512 926 3569 veniret
954 3511 1023 3566 ad
1048 3518 1279 3581 patrem,
1316 3519 1372 3565 et
1397 3511 1563 3567 sciret
1592 3524 1652 3566 se
1673 3510 1743 3566 ab

156 3617 233 3659 eo
266 3602 824 3673 omninmperperam
863 3608 1136 3672 gestorum
1185 3601 1573 3671 indulgentiam
1615 3600 1744 3656 ade-

154 3701 414 3765 pturum;
471 3693 635 3748 simul
687 3699 747 3746 et
798 3691 1148 3746 medicamen:
1204 3691 1456 3759 imperii,
1516 3699 1744 3760 excepta

152 3783 431 3854 Bajoaria,
451 3787 889 3837 consecutum
913 3778 1045 3846 Qum
1062 3795 1153 3834 res
1173 3786 1283 3833 tam
1304 3779 1563 3835 Lotbario
1577 3795 1744 3848 quam

149 3873 275 3930 suis
298 3888 403 3943 per
424 3870 613 3927 omnia
635 3868 784 3925 utilis
811 3870 926 3924 visa
956 3878 1062 3924 est.
1096 3869 1263 3925 Venit
1284 3883 1414 3939 ergo
1432 3868 1586 3936 juxta
1615 3884 1746 3926 con-

146 3964 365 4021 dictum
410 3962 479 4019 ad
513 3959 873 4023 Wet-matiam
910 3968 1035 4031 post
1081 3958 1307 4016 Pascha
1343 3959 1743 4016 solemnitatem

145 4058 332 4130 (858).
366 4055 543 4123 Quem
575 4062 731 4125 pater
767 4068 893 4110 eum
936 4051 1438 4108 multamlacritate
1482 4052 1738 4123 suscepit,

140 4156 205 4205 et
234 4148 528 4219 dapsiliter
554 4163 687 4203 suos
724 4161 922 4203 curare
956 4144 1237 4216 procepit,
1265 4153 1322 4200 et
1350 4144 1495 4201 sicut
1521 4145 1743 4205 month-

136 4245 315 4296 verat
354 4237 610 4293 universa
639 4235 869 4307 peregit,
900 4235 955 4290 in
987 4241 1197 4290 tantum
1222 4241 1283 4289 ut
1301 4233 1352 4290 ei
1386 4233 1533 4290 datis
1564 4232 1745 4288 triduo

134 4328 433 4395 induciis,
462 4329 775 4385 universum
819 4328 1437 4399 imper-inmensaimm
1477 4327 1593 4384 suis
1624 4327 1743 4397 ipse

133 4420 446 4486 divideret,
478 4420 521 4475 si
547 4419 623 4475 ita
649 4419 873 4486 liberet;
898 4419 970 4474 ita
1000 4430 1179 4476 tamen
1208 4427 1270 4474 ut
1295 4420 1535 4490 partium
1546 4419 1743 4476 electio
1766 4452 1820 4511 Β

130 4526 326 4585 penes
353 4513 743 4584 imperatorem
785 4522 844 4569 et
884 4512 1139 4568 Carolum
1167 4521 1431 4569 meamet.
1461 4512 1556 4569 Sin
1584 4512 1743 4570 aliter

128 4619 308 4669 vero,
344 4604 698 4675 partitionem
741 4604 952 4674 imperii
999 4604 1312 4674 imperatori
1349 4611 1406 4658 et
1444 4602 1638 4658 Carolo
1663 4601 1743 4657 fa-

124 4694 413 4752 ciendam
449 4696 622 4768 magis
644 4701 911 4751 censeret.
930 4694 1129 4764 itaque
1158 4692 1602 4748 Lotharius.eum
1629 4692 1744 4747 suis

121 4784 482 4842 divisionem
511 4787 663 4855 regni
712 4785 929 4841 domino
963 4784 1276 4853 iruperatnri
1313 4799 1412 4855 pro
1447 4799 1546 4839 suo
1589 4783 1744 4840 libita

118 4876 541 4943 committunt,
571 4877 910 4932 afﬁrmantes
932 4891 994 4932 se
1019 4877 1165 4932 hanc
1189 4876 1507 4932 divisionem
1540 4890 1742 4945 nequa-

115 4983 317 5038 quam
363 4968 589 5039 exsequi
634 4982 792 5038 posse
828 4975 1049 5038 propter
1092 4965 1450 5038 ignorantiam
1478 4964 1737 5020 locorum.

112 5060 323 5129 Igitur
354 5060 658 5131 imperator
680 5072 804 5114 cum
825 5058 960 5123 suis,
1006 5071 1162 5126 :equo
1187 5063 1246 5110 ut
1277 5054 1380 5111 sibi
1423 5054 1641 5125 suisque
1663 5055 1744 5109 vi-

110 5168 263 5211 sum
318 5159 416 5208 est
457 5150 766 5216 libramine,
811 5164 975 5207 omne
1014 5162 1173 5205 suum
1214 5146 1401 5203 divisit
1434 5146 1738 5217 imperim,

104 5253 356 5317 preter
412 5243 736 5315 Bajoariam,
791 5257 953 5313 quam
1001 5240 1276 5297 Ludovico
1317 5239 1534 5309 reliquit
1578 5248 1743 5309 atque

104 5338 262 5393 ideo
297 5335 365 5391 iu
390 5344 605 5407 partem
632 5349 825 5390 eorum
848 5334 1053 5389 nemini
1069 5334 1254 5388 cessit.
1283 5331 1379 5388 llis
1399 5332 1659 5403 peractis,
1686 5341 1743 5385 et

102 5427 265 5483 aliis
300 5426 680 5496 universoque
699 5423 895 5495 popqu
916 5424 1175 5487 evocatis,
1207 5423 1335 5477 data
1371 5423 1474 5478 sibi
1498 5423 1739 5494 optione,

96 5516 458 5573 Laclantius
497 5530 531 5570 ι
566 5514 730 5570 ﬂuvio
767 5513 913 5569 lusa
944 5513 1240 5568 australem
1275 5511 1378 5567 sibi
1415 5520 1623 5582 partem
1666 5518 1743 5563 te-

92 5607 403 5662 nendam
428 5605 663 5678 delegit;
694 5603 978 5663 occiduam
1002 5616 1137 5658 vero
1157 5599 1353 5656 Carolo
1366 5600 1519 5657 fratri
1542 5600 1746 5656 baben-

90 5703 260 5758 ἀίω
304 5701 566 5772 reliquit,
600 5709 655 5756 et
684 5710 745 5758 ut
778 5701 1003 5757 haberet
1030 5712 1215 5754 coram
1241 5705 1439 5752 cuncto
1462 5695 1657 5768 populo
1686 5710 1744 5750 se

1841 1865 2151 1921 missorum.
2193 1868 2315 1940 Egit
2341 1886 2470 1942 ergo
2494 1872 2701 1930 Natalis
2742 1875 2955 1931 Domini
2992 1886 3156 1950 atque
3196 1878 3419 1937 Pascha:

1841 1958 2239 2015 solemnitatem
2258 1961 2611 2019 celeberrime
2635 1965 2822 2035 Aquis.

1913 2047 2084 2121 (839.)
2121 2048 2426 2107 Ludovicus
2462 2068 2599 2110 vero
2645 2057 2868 2114 audiens
2916 2058 3220 2128 hujusmodi
3248 2064 3421 2134 patris

1840 2153 1970 2210 erga
2025 2138 2225 2196 fratres
2280 2156 2409 2198 suos
2454 2143 2807 2214 voluntatem,
2858 2156 2914 2203 et
2965 2151 3115 2222 regni
3154 2151 3296 2207 inter
3323 2169 3421 2211 eos

1842 2232 2182 2300 divisionem,
2211 2250 2317 2290 non
2359 2235 2500 2290 tulit.
2531 2237 2763 2309 Ideoque
2792 2234 3053 2311 quidquid
3081 2246 3235 2317 regni
3266 2255 3420 2302 trans

1852 2319 2099 2375 Rhenum
2133 2320 2253 2388 fuit,
2285 2323 2388 2378 sibi
2421 2327 2801 2383 ascribendum
2822 2333 3050 2400 putavit,
3066 2342 3119 2388 et
3146 2335 3422 2391 vindican—

1843 2413 1970 2469 dum
1999 2415 2209 2471 statuit.
2263 2416 2414 2484 Quod
2441 2434 2566 2474 cum
2619 2420 2934 2491 imperatori
2964 2425 3199 2480 delatum
3250 2438 3421 2494 esset,

1842 2504 1900 2560 in
1938 2514 2266 2564 transactam
2307 2508 2657 2567 festivitatem
2693 2513 3008 2571 Paschalem
3063 2517 3420 2576 differendum

1837 2595 2123 2667 judicavit.
2177 2597 2295 2665 Qua
2319 2609 2560 2671 peracta,
2624 2618 2965 2675 nequaquam
3014 2610 3419 2678 procrastinan-

1844 2686 1972 2742 dum
1999 2687 2057 2742 in
2088 2689 2285 2746 talibus
2310 2700 2480 2758 ratus,
2509 2708 2633 2749 cum
2674 2696 2857 2753 multis
2908 2699 3115 2756 viribus
3167 2700 3418 2759 Rhenum

1843 2777 2062 2849 quidem
2090 2780 2235 2850 apud
2262 2780 2661 2853 Mogontiacum
2712 2788 2929 2845 transiit
2956 2798 3013 2845 et
3047 2790 3307 2849 Triburas
3332 2810 3425 2851 ve-

1842 2869 1945 2935 nit,
2000 2869 2183 2941 ibique
2238 2871 2552 2943 aliquandiu
2604 2877 2672 2933 ad
2724 2878 3080 2951 colligendum
3120 2883 3421 2939 exercitum

1844 2961 2108 3021 consedit.
2133 2960 2251 3030 Quo
2271 2972 2480 3031 coacto,
2504 2981 2673 3037 usque
2696 2966 3028 3027 Bedonniam
3055 2970 3418 3048 [Hodomiam]

1842 3052 2101 3120 perrexit,
2139 3053 2324 3125 ibique
2372 3054 2518 3114 ﬁlius
2568 3072 2877 3129 quanquam
2928 3063 3150 3131 invitus,
3196 3067 3423 3138 supplex

1845 3141 2016 3207 venit,
2046 3151 2102 3197 et
2127 3145 2438 3216 increpatus
2459 3148 2528 3203 ab
2553 3163 2638 3214 eo,
2668 3150 2809 3205 male
2835 3168 2896 3207 se
2919 3153 3094 3225 egisse
3121 3157 3424 3224 confessus,

1846 3232 2365 3306 emendaturumquc
2396 3253 2457 3293 se
2484 3254 2766 3310 perperam
2814 3253 2967 3313 gesta
3016 3246 3290 3315 professus
3317 3261 3423 3306 est.

1843 3324 1917 3380 At
1942 3326 2238 3397 imperator
2261 3338 2518 3386 consaeta
2551 3339 2606 3387 et
2658 3333 2763 3389 sibi
2803 3351 3016 3407 semper
3063 3340 3238 3396 amica
3267 3350 3426 3397 utens

1845 3420 2279 3488 mansuetudine,
2308 3430 2367 3497 et
2393 3422 2507 3479 ﬁlio
2553 3424 2795 3493 indulsit,
2847 3437 2904 3484 et
2951 3446 3075 3486 eum
3108 3434 3291 3489 verbis
3318 3435 3427 3506 pri-

1843 3524 2014 3577 mum,
2049 3518 2110 3566 ut
2134 3512 2352 3583 dignum
2375 3512 2804 3584 fuit,'paululum
2845 3523 3054 3589 asperis
3080 3523 3424 3594 increpavit:

1843 3608 1967 3668 post
1992 3608 2173 3656 autem
2197 3603 2497 3659 lenioribus
2533 3606 2849 3673 demnltum,
2881 3610 2938 3663 in
2986 3625 3153 3679 regno
3182 3613 3422 3684 reliquit.

1843 3687 2021 3758 Atque
2058 3691 2114 3744 in
2141 3691 2418 3747 redeundo
2476 3694 2727 3751 Rhenum
2757 3697 2811 3751 in
2844 3698 2965 3753 loco
3008 3700 3101 3768 qui
3133 3701 3427 3760 Conﬂuens

1845 3777 2061 3843 dicitur,
2115 3783 2486 3848 transmeavit,
2542 3784 2597 3838 in
2624 3786 2916 3841 Arduenna
2965 3791 3303 3849 venationem
3333 3811 3425 3849 so-

1843 3864 1995 3920 litam
2028 3875 2370 3936 peracturus.
2406 3868 2464 3924 In
2494 3885 2599 3940 qua
2658 3888 2781 3929 cum
2830 3887 3202 3947 exerceretur,
3246 3885 3422 3939 nuntii

1844 3955 1913 4011 ad
1941 3971 2064 4012 eum
2098 3958 2389 4014 certissimi
2423 3970 2708 4029 venerunt,
2770 3964 3118 4035 afﬁrmantes,
3168 3974 3312 4042 quod
3338 3990 3430 4029 ve-

1845 4061 1966 4100 rum
1998 4054 2134 4113 erat,
2190 4047 2404 4118 aliquos
2460 4048 2853 4120 Aquitanon
2910 4071 3065 4112 suam
3096 4063 3423 4119 sententiam

1843 4146 2187 4208 exspectare,
2215 4140 2450 4210 qualiter
2471 4158 2559 4199 res
2609 4144 2920 4217 Aquitanici
2970 4151 3125 4220 regni
3149 4153 3430 4211 ordinare-

1843 4237 1973 4286 tur:
2002 4229 2213 4302 aliquos
2239 4232 2370 4290 item
2432 4235 2650 4308 indigne
2682 4236 2826 4296 ferre
2849 4241 2993 4311 quod
3029 4246 3302 4302 audierint
3324 4245 3430 4303 Ca-

1843 4321 1961 4378 rolo
1984 4332 2195 4394 apatre
2243 4324 2386 4380 idem
2424 4343 2647 4397 regnum
2686 4332 2964 4389 traditum.
3005 4333 3141 4391 Nam
3193 4338 3427 4409 impera-

1847 4421 1965 4469 tore
2000 4415 2066 4469 de
2097 4415 2293 4472 talibus
2320 4418 2571 4484 sollicito,
2623 4422 2889 4477 Ebroinus
2939 4426 3308 4485 nobilissimus
3335 4431 3426 4486 Pi-

1843 4505 2119 4560 ctavensis
2192 4506 2483 4577 episcopus
2549 4508 2820 4565 Flateram
2884 4514 3119 4579 advenit,
3170 4519 3426 4574 nuntians

1846 4604 1957 4650 tam
2003 4610 2063 4652 se
2094 4611 2261 4667 quam
2309 4609 2536 4658 caeteros
2593 4603 2860 4671 primores
2884 4604 3125 4675 ejusdem
3152 4612 3303 4683 regni
3327 4626 3428 4667 ex-

1846 4694 2095 4755 spectare
2117 4686 2459 4756 imperatoris
2480 4690 2830 4760 voluntatem,
2857 4704 2911 4751 et
2936 4695 3253 4769 imperantis
3270 4715 3428 4757 exse-

1848 4778 1943 4846 qui
1981 4777 2117 4833 vcllc
2148 4779 2470 4849 iussionem.
2520 4782 2687 4838 Erant
2723 4786 2873 4841 enim
2916 4789 2971 4844 in
3019 4791 3120 4848 hac
3151 4792 3426 4850 voluntate

1849 4870 2226 4940 conspirantes
2277 4874 2499 4929 maximi
2552 4876 2751 4948 quippe
2805 4895 3134 4950 procorum:
3189 4900 3423 4955 quorum

1849 4961 2157 5017 eminentes
2183 4970 2360 5028 erant,
2411 4963 2618 5020 scilicet
2656 4967 2771 5037 ipse
2799 4969 3067 5028 Ebroinus
3094 4976 3426 5035 venerabilis

1850 5053 2155 5124 episcopus,
2189 5050 2530 5123 Reginardus
2581 5072 2787 5126 eomes,
2822 5059 3095 5119 Gerardus
3122 5064 3307 5123 itidem
3333 5084 3428 5125 co-

1849 5159 1968 5201 mes
1999 5152 2055 5200 et
2077 5160 2242 5216 gener
2290 5148 2561 5217 quondam
2591 5149 2825 5221 Pippini,
2856 5169 2957 5213 nec
2985 5171 3092 5211 non
3122 5156 3428 5221 Hiratarius

1852 5236 2193 5311 [Ratharius]
2249 5240 2500 5297 similiter
2548 5258 2731 5298 comes
2756 5243 2965 5316 Pippini
3023 5263 3210 5319 gener,
3250 5257 3345 5312 sed
3369 5269 3429 5314 ct

1846 5331 1937 5386 alii
1966 5332 2314 5400 quamplures
2340 5332 2531 5388 borum
2580 5345 2872 5404 sequentes
2895 5338 3247 5411 voluntatem,
3279 5346 3427 5401 nullo

1846 5430 2101 5491 poterant
2124 5429 2287 5491 pacto
2311 5423 2539 5491 sejungi.
2576 5424 2649 5479 At
2676 5441 2807 5481 vero
2845 5429 3013 5485 altera
3060 5448 3191 5503 pars
3215 5440 3421 5508 populi,

1848 5525 2079 5581 quorum
2108 5510 2193 5565 vel
2247 5511 2516 5566 maximus
2566 5511 2668 5568 fuit
2720 5516 2957 5574 Emenus
3003 5523 3244 5592 quidam,
3274 5541 3427 5583 assu-

1848 5611 2063 5657 mentes
2121 5599 2287 5656 ﬁlium
2345 5603 2614 5673 quondam
2670 5604 2883 5679 Pippini
2941 5615 3106 5684 regis,
3132 5614 3423 5690 Pippinum

1850 5692 2035 5750 itidem
2092 5692 2329 5761 nomine,
2366 5708 2797 5765 quaquaversum
2843 5711 3111 5774 poterant,
3152 5709 3424 5777 vagaban-
