3940 6180
229 290 330 345 9'77

1762 284 1918 340 VITA
1929 325 1942 338 .

3379 295 3492 349 978

227 422 326 476 per
357 407 460 460 hoc
503 403 701 458 virtute
729 398 968 456 destitui.
1005 398 1206 453 Natura
1251 398 1397 452 enim
1428 398 1542 452 suis
1586 398 1800 452 deserta
1829 401 1880 460 Α
1905 397 2202 451 commodis
2228 397 2296 450 ab
2326 413 2391 451 eo
2424 399 2658 454 aillictus
2683 401 2772 462 sit,
2823 409 2875 454 et
2901 402 3029 468 quid
3081 411 3270 455 contra
3326 412 3480 458 natu-

226 494 536 557 comitibus,
567 504 790 546 necesse
829 499 913 545 est
943 498 1005 544 ut
1046 491 1188 544 victa
1217 488 1452 543 fatiscat.
1512 488 1667 555 Quod
1687 502 1807 544 cer-

225 599 383 648 nens,
407 583 570 652 jussit
607 582 709 636 sibi
737 581 920 652 parari
972 578 1280 634 habitacula
1307 579 1492 633 aistiva
1520 586 1683 646 atque
1710 593 1805 631 ex-

223 671 592 744 peditionalia,
644 671 699 726 in
751 671 928 726 insula
977 670 1213 739 quadam
1274 669 1526 738 contigua
1581 666 1806 737 Mogon-

225 766 383 820 tiacte
410 765 614 819 civitati
648 781 660 817 :
695 763 878 832 ibique
925 762 1134 817 viribus
1159 762 1442 825 desertus,
1460 759 1658 816 lectulo
1684 773 1804 814 sese

221 853 529 908 conmittit.

293 945 465 997 Porro
487 943 612 1012 quis
632 941 868 1012 explicet
909 941 1028 1009 ejus
1050 955 1151 1012 pro
1177 941 1436 996 Ecclesia
1482 948 1627 996 statu
1655 939 1804 995 solli-

222 1035 548 1099 citudinem,
601 1033 690 1088 vel
743 1048 844 1103 pro
899 1031 1015 1101 ejus
1063 1032 1420 1088 concussione
1470 1030 1805 1086 mmrorem?

218 1125 342 1193 quis
367 1136 626 1178 enarrare
651 1122 1014 1191 lacrymarum
1043 1119 1285 1184 ﬁumina,
1323 1135 1460 1190 quas
1514 1135 1616 1189 pro
1644 1132 1802 1173 acce-

220 1213 486 1267 leratione
507 1211 703 1264 divine
748 1210 1050 1266 clementia:
1105 1209 1404 1264 fundebat?
1430 1207 1545 1263 Non
1571 1207 1718 1262 enim
1744 1222 1803 1262 se

218 1317 562 1360 recessurum
589 1301 828 1367 dolebat,
865 1302 960 1357 sed
984 1301 1130 1372 quod
1166 1300 1409 1356 futurum
1459 1305 1685 1354 noverat
1712 1311 1804 1366 ge-

218 1396 426 1460 mebat,
458 1393 644 1448 dicens
673 1407 734 1448 se
781 1393 1064 1455 miserum,
1117 1391 1272 1461 cujus
1319 1397 1562 1444 extrema
1595 1388 1805 1442 claude-

219 1491 411 1540 rentur
464 1482 664 1536 talibus
712 1479 920 1538 inferiis
981 1479 1294 1551 [miseriis].
1342 1478 1584 1533 Aderant
1622 1487 1803 1530 autem

215 1574 338 1644 ejus
363 1571 715 1628 consolationi
768 1569 1104 1625 venerabiles
1127 1569 1397 1625 antistites
1436 1575 1492 1622 et
1538 1565 1628 1620 alii
1659 1563 1804 1620 servi

219 1668 314 1722 Dei
345 1663 754 1736 quamplurimi,
780 1663 920 1718 inter
953 1677 1090 1732 quos
1118 1670 1276 1718 erant
1297 1661 1458 1716 Hethi
1478 1658 1803 1716 venerabilis

1908 500 2024 539 ram
2049 495 2104 539 et
2127 485 2339 540 Domini
2367 499 2691 556 perceptum
2724 489 2850 542 talia
2881 492 3089 560 agendo
3137 506 3475 548 commerue-

1905 573 1996 627 rit.
2033 572 2137 628 Sed
2161 575 2287 642 quia
2334 575 2465 644 ipse.
2500 576 2692 646 inquit,
2725 579 2791 632 ad
2821 593 2906 633 me
2955 579 3140 633 venire
3164 580 3476 636 satisfactu-

1905 679 1997 718 rus
2024 665 2234 733 nequit,
2265 680 2366 736 ego
2391 667 2532 735 quod
2563 681 2743 722 meum
2789 676 2872 723 est
2899 684 3020 738 ago,
3052 669 3202 724 vobis
3251 672 3478 727 testibus

1868 762 1960 810 .et
1989 754 2122 819 Deo,
2147 756 2325 809 omnia
2357 771 2476 824 quae
2503 757 2556 810 in
2586 773 2671 812 me
2710 759 2955 827 peccavit
2982 759 3056 812 illi
3088 761 3323 815 remitto.
3379 761 3479 816 Vc-

1903 855 2077 900 strum
2113 855 2293 900 autem
2329 849 2432 902 erit
2462 847 2609 902 illum
2652 864 2892 914 monere,
2923 860 2981 903 ut
3006 851 3049 904 si
3075 867 3175 921 ego
3213 851 3286 905 illi
3321 853 3478 907 toties

1904 952 2186 1007 perperam
2233 947 2382 1007 gesta
2432 939 2646 1002 indulsi,
2672 939 2767 994 ille
2818 949 2994 993 tamen
3026 941 3106 993 sui
3155 955 3260 994 non
3289 940 3477 994 oblivi-

1905 1038 2106 1093 scatur,
2137 1030 2230 1099 qui
2283 1045 2446 1085 canos
2492 1039 2746 1100 paternos
2787 1031 3003 1085 deducit
3033 1047 3155 1084 cum
3199 1029 3382 1086 dolore
3410 1031 3476 1084 ad

1904 1128 2157 1183 mortem,
2190 1127 2246 1173 et
2274 1119 2328 1172 in
2375 1120 2572 1174 talibus
2600 1121 2902 1174 communis
2941 1120 3120 1174 Patris
3165 1120 3259 1173 Dei
3285 1135 3479 1190 pracc—

1902 1217 1995 1278 pta
2056 1209 2335 1278 minasque
2388 1213 2732 1280 contempsit.
2788 1211 2884 1266 His
2933 1212 3169 1281 peractis
3212 1219 3268 1264 et
3320 1211 3479 1265 dictis

1905 1299 2043 1369 (erat
2083 1301 2227 1354 enim
2279 1316 2506 1372 vespere
2569 1300 2824 1372 sabbati),
2860 1303 3117 1373 praecepit
3167 1309 3225 1356 ut
3269 1311 3394 1356 ante
3421 1318 3480 1356 se

1904 1389 2310 1445 celebrarentur
2337 1391 2532 1462 vigilia:
2556 1399 2851 1456 nocturnae,
2883 1399 2936 1446 et
2966 1390 3111 1458 ligno
3133 1400 3332 1446 sancta:
3357 1408 3480 1446 cru-

1904 1483 1983 1536 cis
2029 1491 2218 1551 pectus
2261 1498 2416 1538 suum
2468 1483 2813 1538 muniretur:
2845 1491 2902 1537 et
2954 1482 3193 1552 quandiu
3243 1483 3481 1544 valebat,

1905 1588 2070 1626 manu
2107 1574 2327 1644 propria
2357 1581 2468 1628 tam
2509 1573 2741 1629 frontem
2768 1589 2928 1643 quam
2975 1582 3163 1643 pectus
3205 1573 3392 1627 eodem
3417 1573 3486 1624 si-

1905 1663 2133 1732 gnaculo
2163 1663 2471 1734 insignibat.
2497 1663 2552 1718 Si
2577 1663 2789 1733 quando
2819 1663 3139 1727 lassabatur,
3171 1677 3267 1730 per
3291 1677 3485 1715 manus

219 1756 581 1811 Treverorum
630 1752 1084 1822 archiepiscOpus,
1125 1750 1379 1822 Otgarius
1410 1749 1697 1821 Mogontia:
1729 1749 1802 1804 si-
1829 1756 1878 1816 B
1907 1751 2095 1808 fratris
2147 1754 2230 1810 sui
2264 1754 2530 1826 Drogonis
2561 1764 2693 1809 nutu
2744 1755 2797 1809 id
2827 1755 2942 1809 ﬁeri
2969 1755 3244 1826 poscebat.
3288 1754 3488 1808 Mansit

219 1844 422 1901 militer
461 1842 901 1914 archiepiscopus
929 1883 946 1908 ,
985 1843 1080 1897 sed
1109 1851 1165 1897 et
1190 1843 1368 1912 Drogo
1397 1841 1567 1896 frater
1593 1840 1799 1896 domini

218 1933 561 2004 imperatoris
609 1931 866 1988 Metensis
916 1933 1220 2001 episcOpus,
1252 1947 1353 1986 nec
1396 1946 1504 1986 non
1531 1931 1671 1986 sacri
1705 1946 1800 2001 pa-

219 2021 339 2077 latii
366 2020 853 2090 archicapellanus.
883 2021 1055 2088 Quem
1081 2029 1283 2092 quanto
1311 2021 1415 2076 sibi
1457 2021 1802 2091 prepinquio-

219 2130 336 2170 rem
375 2121 624 2179 noverat,
655 2121 810 2168 tanto
835 2114 886 2168 ei
924 2113 1245 2168 familiarius
1277 2127 1375 2167 sua
1404 2113 1584 2167 omnia
1619 2120 1673 2166 et
1710 2128 1800 2166 sc-

219 2212 332 2258 met
368 2202 642 2258 credebat.
693 2200 798 2255 Per
856 2201 1105 2254 eumdem
1152 2187 1404 2268 quotidié'
1443 2198 1800 2256 confessionis

217 2307 330 2347 sua:
355 2306 570 2354 munus,
603 2287 928 2345 sacriﬁcium
957 2288 1178 2358 spiritus
1203 2288 1569 2353 contribulati,
1601 2298 1658 2343 et
1676 2305 1800 2344 θοι·-

216 2385 302 2440 dis
327 2381 618 2444 humiliati,
676 2381 821 2448 quod
869 2379 1012 2434 Deus
1050 2393 1159 2434 non
1216 2379 1464 2448 despicit,
1518 2378 1798 2436 offerebat.

213 2473 384 2529 Cibus
433 2475 553 2543 ejus
596 2481 715 2526 erat
760 2471 1097 2525 solummodo
1146 2485 1247 2540 per
1297 2469 1414 2525 dies
1447 2473 1802 2542 quadraginta

219 2565 562 2620 Dominicum
592 2581 809 2635 corpus,
848 2563 1098 2619 laudante
1123 2579 1187 2618 eo
1231 2563 1498 2633 justitiam
1527 2565 1620 2620 Dei
1644 2575 1698 2622 et
1724 2567 1804 2620 di-

215 2660 377 2708 cente
403 2670 417 2707 :
447 2651 634 2708 Justus
679 2669 760 2719 es,
821 2653 1072 2718 Domine,
1139 2661 1201 2710 ut
1222 2655 1345 2724 quia
1372 2654 1804 2726 Quadragcsima:

218 2753 434 2814 tempus
484 2760 590 2799 non
640 2745 892 2816 jejunans
947 2745 1126 2815 exegi,
1169 2745 1359 2800 saltem
1414 2753 1632 2801 coactus
1661 2746 1802 2801 idem

206 2831 476 2901 jejunium
509 2834 602 2888 tibi
633 2834 931 2890 exsolvam.
982 2834 1151 2889 Jussit
1183 2843 1364 2889 autem
1419 2835 1597 2890 eidem
1643 2849 1804 2892 vene-

219 2923 377 2978 rabili
408 2922 561 2977 fratri
589 2939 689 2978 suo
715 2923 972 2995 Drogoni,
1009 2934 1067 2980 ut
1094 2923 1376 2982 ministros
1429 2939 1661 2986 camerae
1688 2941 1805 2986 suae

216 3021 346 3066 ante
375 3027 434 3067 se
465 3012 652 3068 venire
671 3011 890 3076 faceret,
924 3021 980 3068 et
1000 3029 1115 3068 rem
1143 3012 1486 3079 familiarem,
1518 3030 1641 3085 quat
1666 3029 1799 3070 con-

1901 1858 2032 1913 ergo
2083 1852 2195 1898 tota
2224 1845 2313 1898 illa
2346 1854 2504 1900 nocte
2553 1846 2732 1902 omnis
2753 1845 2966 1900 virtutis
3007 1860 3281 1915 corporeae
3307 1846 3482 1915 inops,

1899 1933 2066 1988 solius
2103 1934 2413 1989 sobrietatis
2444 1935 2607 1989 animi
2639 1949 2876 2006 compos.
2925 1934 2985 1988 ln
3015 1935 3331 1999 crastinum,
3367 1951 3486 2005 qua:

1889 2031 2023 2095 erat
2046 2022 2350 2088 Dominica,
2377 2023 2540 2092 jussit
2573 2025 2933 2079 ministerium
2960 2025 3149 2079 altaris
3169 2027 3484 2096 praeparari,

1899 2119 1954 2166 et
1981 2125 2078 2180 per
2117 2109 2350 2165 cilicium
2391 2111 2651 2182 Drogonis
2687 2113 2977 2167 missarum
3024 2112 3287 2167 solemnia
3341 2113 3492 2168 celes

1898 2204 2046 2261 brari
2078 2221 2090 2256 :
2136 2220 2236 2259 nec
2261 2220 2368 2260 non
2396 2219 2496 2274 per
2531 2221 2725 2260 manus
2752 2203 2887 2272 ejus,
2904 2206 3059 2275 juxta
3083 2221 3312 2271 morem,
3337 2220 3486 2262 com-

1901 2292 2211 2346 munionem
2252 2308 2460 2346 sacram
2499 2293 2604 2347 sibi
2630 2294 2766 2359 dari,
2801 2302 2854 2348 et
2893 2303 3015 2362 post
3044 2295 3158 2348 hate
3204 2294 3483 2364 cujusdam

1901 2382 2225 2451 potiunculze
2269 2382 2514 2442 calidulm
2536 2385 2786 2442 haustum
2817 2383 3066 2452 prmberi.
3122 2382 3239 2450 Quo
3263 2399 3488 2453 perpau-

1904 2470 2070 2524 lulum
2123 2470 2423 2540 praelibato,
2473 2480 2724 2540 precatus
2766 2480 2852 2526 est
2898 2471 3157 2537 fratrem,
3215 2480 3270 2526 et
3325 2473 3487 2527 simul

1905 2569 2168 2624 astantes,
2199 2570 2258 2615 ut
2287 2562 2543 2616 curandis
2571 2563 2888 2633 corporibus
2937 2578 3160 2632 cperam
3186 2563 3398 2629 darent,
3427 2577 3511 2618 so~

1906 2650 2092 2707 tandiu
2140 2651 2573 2721 praestolaturum
2623 2652 2860 2720 quandiu
2925 2652 3001 2706 illi
3052 2651 3200 2707 reﬁci
3245 2663 3485 2721 possent.

1903 2741 2144 2795 instante
2173 2749 2352 2795 autem
2374 2741 2712 2812 migrationis
2739 2741 2854 2810 ejus
2877 2740 3125 2807 articulo,
3155 2738 3345 2808 juncto
3367 2741 3486 2811 pol«

1904 2830 2007 2885 lice
2043 2845 2167 2885 cum
2214 2829 2461 2885 articulis
2514 2829 2641 2901 (hoc
2691 2830 2834 2884 enim
2882 2829 3062 2885 facere
3106 2840 3487 2896 consueverat,

1903 2921 1949 2980 si
1977 2921 2195 2991 quando
2218 2919 2444 2980 fratrem
2490 2929 2621 2975 nutu
2654 2921 2905 2992 vocabat)
2949 2919 3258 2992 Drogonem
3306 2936 3487 2975 accer-

1905 3012 2048 3066 sivit.
2088 3010 2206 3078 Quo
2235 3011 2485 3067 veniente
2517 3020 2572 3066 et
2601 3011 2825 3083 reliquis
2874 3013 3269 3077 sacerdotibus,
3297 3013 3486 3068 verbis

219 3103 401 3158 stabat
425 3102 480 3156 in
530 3103 865 3158 ornamentis
893 3103 1191 3174 regalibus,
1241 3104 1448 3159 scilicet
1474 3104 1713 3170 coronis,
1738 3095 1865 3160 etC
1895 3102 2093 3172 quibus
2141 3102 2316 3172 potuit
2338 3108 2394 3158 et
2421 3102 2641 3158 nutibus
2691 3117 2750 3158 se
2781 3103 3190 3168 commendans,
3231 3103 3477 3158 benedici

221 3191 411 3256 armis,
447 3192 613 3256 vasis,
643 3191 816 3255 libris,
858 3192 1390 3262 sacerdotalibusque
1413 3195 1676 3258 vestibus,
1701 3208 1799 3264 per

216 3280 429 3350 singula
458 3281 689 3336 describi
715 3281 950 3351 juberet.
984 3281 1082 3336 Cui
1137 3291 1296 3352 prout
1324 3282 1428 3338 sibi
1472 3285 1646 3340 visum
1675 3283 1796 3345 fuit,

213 3368 348 3438 quid
376 3369 642 3434 ecclesiis,
667 3370 795 3440 quid
837 3371 1184 3440 pauperibus,
1220 3381 1496 3443 postremo
1514 3375 1643 3444 quid
1673 3374 1798 3430 ﬁliis

209 3458 437 3528 elargiri
486 3459 732 3526 deberet,
769 3461 1036 3528 edixerat,
1080 3461 1336 3519 Lothario
1384 3463 1589 3520 scilicet
1617 3472 1672 3518 et
1695 3463 1800 3520 Ca-

212 3548 351 3603 rolo.
381 3549 445 3602 Et
469 3549 725 3605 Lothario
754 3551 972 3620 quidem
994 3566 1275 3617 coronam,
1297 3567 1505 3618 ensem,
1525 3562 1798 3624 sceptrum

207 3653 351 3694 auro
377 3639 714 3709 gemmisque
773 3640 1106 3705 redimitum,
1139 3655 1206 3695 eo
1258 3649 1447 3697 tenore
1491 3642 1798 3699 habendum

209 3730 382 3793 misit,
409 3739 469 3784 ut
504 3730 666 3784 ﬁdem
719 3729 911 3786 Carolo
969 3740 1025 3786 et
1049 3729 1237 3786 Jndith
1283 3740 1527 3788 servaret
1554 3741 1609 3788 ct
1630 3741 1797 3788 totam

208 3822 365 3890 regni
397 3821 702 3890 portionem
756 3821 830 3874 illi
859 3821 1193 3877 consentiret
1218 3831 1275 3876 et
1301 3829 1566 3887 tueretur,
1608 3838 1794 3892 quam,

207 3915 328 3971 Deo
380 3922 519 3969 teste
563 3922 620 3969 et
645 3915 964 3984 proceribus
983 3913 1189 3985 palatii,
1230 3914 1320 3970 ille
1368 3929 1552 3970 secum
1583 3923 1639 3970 et
1676 3924 1799 3972 ante

204 4025 272 4064 se
301 4008 529 4076 largitus
556 4007 610 4063 ei
659 4006 855 4062 fuerat.
893 4007 990 4063 llis
1020 4007 1124 4063 rite
1151 4009 1405 4077 peractis,
1456 4008 1658 4076 gratias
1689 4008 1798 4062 Deo

205 4102 327 4171 egit
353 4101 481 4169 quia
537 4099 669 4155 nihil
715 4099 818 4154 sibi
867 4114 1154 4170 superesse
1196 4100 1472 4170 proprium
1526 4099 1795 4170 cognovit.

207 4188 362 4243 Inter
387 4189 502 4243 hac
525 4196 636 4243 tam
656 4187 982 4245 venerabilis
1011 4188 1242 4244 antistes
1267 4187 1466 4259 Drogo,
1498 4203 1662 4256 quam
1691 4203 1798 4242 cat-

208 4277 321 4336 teri
358 4276 658 4345 pontiﬁces,
697 4279 824 4333 dum
855 4277 908 4334 in
949 4278 1163 4335 cunctis
1209 4293 1330 4348 qua!
1359 4279 1659 4349 agebantur
1689 4279 1799 4335 Deo

207 4375 398 4438 grates
442 4366 852 4435 persolverent:
906 4375 966 4422 ut
1017 4374 1143 4436 pote
1195 4368 1284 4439 qui
1329 4367 1586 4422 videbant
1651 4367 1798 4437 quod

1901 3193 2113 3262 petivit,
2145 3201 2201 3248 et
2247 3207 2368 3262 qua:
2404 3191 2578 3246 solent
2622 3192 2708 3262 agi
2755 3192 2808 3246 in
2837 3206 3054 3262 egressu
3091 3192 3306 3258 animae,
3369 3192 3484 3246 ﬁeri

1900 3283 2211 3354 postulavit.
2267 3282 2474 3350 Quibus
2503 3283 2556 3336 id
2597 3281 2900 3352 agentibus,
2941 3283 3086 3338 sicut
3139 3283 3321 3353 plures
3349 3281 3505 3336 mihi.

1902 3372 2222 3436 retulerunt,
2279 3387 2542 3427 conversa
2591 3372 2708 3427 acie
2738 3371 2791 3425 in
2831 3371 3108 3427 sinistram
3140 3383 3372 3441 partem,
3405 3371 3488 3424 in-

1900 3463 2171 3534 dignando
2220 3462 2637 3532 quodammodo,
2669 3462 2870 3518 virtute
2913 3469 3113 3531 quanta
3153 3462 3329 3530 potuit
3349 3461 3486 3514 dixit

1901 3557 1983 3610 bis
2015 3554 2176 3618 Hutz,
2215 3553 2381 3619 llutz,
2412 3552 2554 3624 quod
2580 3553 2873 3624 signiﬁcat,
2902 3551 3090 3613 Foras,
3115 3549 3304 3604 Foras.
3333 3549 3490 3604 Unde

1899 3652 2051 3712 patet
2095 3645 2221 3712 quia
2253 3644 2545 3713 malignum
2582 3643 2830 3710 spiritum
2874 3641 3029 3704 vidit,
3060 3639 3214 3709 cujus
3258 3640 3488 3694 societa-

1903 3742 2009 3788 tem
2037 3747 2137 3787 nec
2182 3733 2339 3787 vivus
2373 3748 2471 3787 nec
2513 3733 2754 3786 moriens
2806 3731 3006 3786 habere
3033 3729 3219 3784 voluit.
3251 3729 3322 3785 At
3357 3747 3486 3786 vero

1902 3823 2128 3877 elevatis
2162 3823 2230 3877 ad
2257 3823 2455 3878 ccelum
2493 3822 2687 3885 oculis,
2735 3831 2940 3891 quanto
2977 3822 3082 3876 huc
3111 3821 3374 3878 minacius
3403 3823 3486 3879 in-

1903 3913 2176 3978 tuebatur,
2225 3920 2374 3967 tanto
2409 3913 2536 3966 illuc
2588 3911 2762 3966 laetius
2809 3909 3128 3965 intendebat
3179 3910 3306 3982 [Με.
3338 3913 3482 3974 σοαπ,

1901 4005 2214 4076 angelorum
2253 4004 2468 4075 agmina
2497 4003 2564 4058 ad
2592 4018 2650 4057 se
2691 4003 2908 4057 intuens
2930 4003 3212 4071 conspexit
3264 4004 3483 4058 venir"-

1903 4099 1976 4154 tia
2007 4117 2021 4155 z
2063 4097 2148 4152 illa
2190 4097 2367 4153 laetius
2402 4099 2481 4153 sic
2536 4096 2870 4160 intendebat,
2918 4093 3068 4168 cte.],
3101 4096 3176 4150 ita
3207 4104 3264 4151 ut
3287 4098 3423 4153 nihil
3451 4116 3481 4153 a

1902 4191 2112 4246 ridente
2142 4188 2361 4245 differre
2393 4189 2686 4244 videretur.
2719 4187 2777 4243 ln
2819 4188 3014 4243 talibus
3039 4203 3169 4260 ergo
3199 4189 3318 4248 vitae
3344 4207 3482 4262 przc-

1901 4281 2071 4337 sentis
2132 4281 2419 4336 terminum
2463 4279 2706 4344 sortitus,
2755 4280 2822 4333 ad
2853 4279 3095 4350 requiem
3143 4278 3390 4346 feliciter,
3423 4290 3483 4336 ut

1902 4371 2194 4435 credimus,
2250 4370 2661 4440 commigravit:
2693 4369 2838 4440 quia,
2874 4379 2932 4423 ut
2977 4369 3246 4425 veraciter
3273 4371 3476 4425 dictum

207 4429 362 4520 cum,
396 4470 556 4525 quem
581 4458 783 4512 chorus
834 4457 1092 4512 virtutum
1130 4429 1346 4528 semper
1371 4429 1801 4516 comitatus-fue-
1824 4429 1878 4488 D
1901 4473 1988 4519 est
2032 4480 2062 4517 a
2112 4463 2348 4517 veridico
2394 4429 2651 4515 dovctore:
2688 4429 2811 4512 {fon
2859 4469 3020 4529 potest
3069 4460 3204 4513 nialc
3234 4461 3367 4514 mori
3393 4462 3481 4530 qui

209 4555 322 4612 rat,
363 4562 506 4600 nunc
564 4548 968 4617 perseverantia
1027 4549 1390 4619 subsequens,
1441 4551 1596 4620 quasi
1625 4552 1797 4606 cauda

209 4637 430 4701 hostiae,
461 4645 631 4692 totum
653 4639 770 4708 ejus
798 4639 924 4694 vita:
973 4640 1298 4696 sacriﬁcium
1329 4641 1440 4698 Deo
1467 4659 1689 4712 prorsus
1712 4659 1798 4698 ac-

207 4734 433 4795 ceptum
473 4727 768 4781 reddebat:
812 4743 977 4782 unum
1020 4738 1139 4784 erat
1169 4745 1278 4799 quo
1329 4731 1584 4799 gaudium
1609 4747 1796 4788 eorum

206 4813 599 4870 offuscabatur.
651 4815 989 4872 Verebantur
1035 4819 1183 4874 enim
1234 4835 1304 4875 ne
1339 4819 1478 4876 forte
1527 4822 1636 4877 ﬁlio
1685 4823 1795 4878 Lu-

207 4902 408 4958 dovico
435 4903 790 4972 implacabilis
809 4920 931 4962 esse
955 4905 1136 4974 vellet,
1175 4908 1411 4964 scientes
1437 4911 1580 4980 quod
1605 4910 1799 4966 vulnus

211 4996 532 5066 frequenter
584 4998 836 5064 incisum,
891 5005 986 5054 aut
1033 5000 1274 5055 cauterio
1325 5001 1594 5067 adustum,
1652 5018 1797 5059 acer-

206 5086 423 5141 biorem
475 5086 717 5142 dolorem
782 5090 1067 5145 sustinenti
1104 5100 1460 5162 propagaret;
1504 5091 1588 5147 tisi
1619 5100 1796 5149 tamen

210 5177 282 5231 de
305 5173 422 5244 ejus
451 5178 650 5233 invicta
675 5179 934 5248 patientia
985 5196 1095 5250 qua
1143 5197 1360 5251 semper
1409 5197 1539 5237 usus
1566 5192 1669 5249 est,
1702 5199 1799 5252 per

211 5270 524 5338 Drogonem
554 5268 781 5323 fratrem
819 5269 958 5340 ejus,
997 5270 1152 5341 cujus
1198 5275 1362 5329 verba
1414 5290 1670 5344 spernere
1697 5291 1797 5330 no-

212 5359 382 5421 lebat,
432 5359 672 5414 animum
724 5359 866 5414 illius
920 5359 1116 5416 leniter
1148 5361 1382 5431 pulsant.
1421 5363 1522 5431 Qui
1565 5365 1799 5435 primum

209 5451 436 5522 quidem
460 5452 873 5507 amaritudinem
898 5452 980 5507 sui
1003 5451 1170 5507 animi
1193 5455 1546 5510 demonstrat.
1578 5455 1648 5510 At
1671 5469 1800 5514 vero

211 5557 510 5613 parumper
563 5542 887 5606 deliberans,
943 5551 998 5597 et
1053 5543 1257 5600 viribus
1313 5546 1798 5617 quantuliscunquc

213 5632 463 5688 mlier-tis
515 5648 832 5688 enumerare
887 5634 1206 5700 conabatur,
1229 5644 1360 5704 quot
1400 5645 1451 5691 et
1482 5638 1694 5706 quantis
1724 5638 1794 5692 in-

1905 4553 2030 4609 bene
2056 4555 2259 4609 vixerit.
2287 4552 2528 4608 Decessit
2553 4559 2733 4604 autem
2760 4566 2834 4604 xu
2871 4549 3136 4604 Kalendas
3158 4549 3305 4614 Julii,
3338 4566 3480 4603 anno

1907 4647 2032 4700 vita:
2063 4660 2173 4700 sum
2195 4643 2538 4714 sexagesimo
2583 4649 2797 4710 quarto.
2831 4640 2897 4694 Et
2927 4639 3228 4709 Aquitanize
3263 4639 3477 4710 quidem

1905 4735 2122 4806 praefuit
2148 4749 2242 4804 per
2270 4748 2443 4788 annos
2474 4732 2689 4802 triginta
2747 4738 2971 4799 septem,
3022 4727 3303 4798 imperavit
3347 4745 3476 4783 vero

1903 4825 2094 4896 viginti
2123 4832 2350 4894 septem.
2380 4823 2572 4878 Anima
2593 4838 2754 4893 porro
2781 4822 3085 4884 recedente,
3117 4821 3291 4892 Drogo
3312 4819 3483 4876 frater

1905 4914 2022 4984 ejus
2050 4923 2104 4969 et
2133 4915 2417 4984 episcopus
2449 4913 2721 4975 Metensis,
2767 4928 2888 4966 cum
2918 4911 3034 4968 aliis
3067 4909 3356 4981 episcopis,
3389 4910 3483 4963 ab-

1905 5004 2139 5069 batibus,
2190 5003 2500 5067 comitibus,
2555 5002 2729 5057 vassis
2783 5001 3089 5065 dominicis,
3145 4999 3480 5071 plurimaque

1905 5096 2209 5164 frequentia
2257 5102 2365 5149 tam
2395 5093 2524 5149 cieri
2560 5109 2720 5162 quam
2765 5092 2966 5162 populi,
2999 5090 3228 5160 sumptis
3253 5090 3483 5160 imperu-

1905 5188 2039 5242 toris
2081 5187 2323 5257 reliquiis
2377 5201 2504 5242 cum
2533 5200 2726 5255 magno
2777 5184 2980 5237 honore
3010 5180 3164 5234 Metis
3201 5189 3477 5251 transpor-

1907 5279 2008 5332 tari
2035 5278 2179 5340 fecit,
2211 5285 2266 5332 et
2291 5277 2343 5334 in
2371 5275 2592 5331 basilica
2623 5274 2794 5328 sancti
2824 5273 3050 5336 Arnulﬁ,
3082 5289 3190 5342 quo
3219 5281 3274 5326 ct
3304 5281 3478 5326 mater

1902 5367 2019 5437 ejus
2044 5368 2261 5423 condita
2286 5375 2393 5431 est,
2424 5365 2674 5420 nobiliter
2699 5364 2961 5432 sepelivit.

1977 5457 2193 5512 Finiunt
2254 5455 2373 5509 Vita
2421 5465 2466 5508 et
2493 5465 2640 5508 actus
2692 5453 2904 5523 gloriosi
2940 5453 3188 5524 principis
3227 5453 3404 5510 invicti
3427 5462 3476 5509 et

1902 5548 2176 5605 orthodoxi
2203 5547 2525 5615 imperatoris
2553 5544 2797 5600 Ludovici
2827 5544 2925 5599 Pii.
