3940 6180
735 403 1149 460 EPITAPHIUM
1206 402 1529 459 LUDOVICI
1568 402 1772 459 REGIS

951 473 1041 528 ET
1066 471 1550 538 lMPERATORlS,

467 585 556 631 Olli
580 580 741 622 ιλοετ
775 581 831 621 ιιι
873 579 1215 621 Ιοειλετειίιο
1252 581 1439 621 ελαετι
1491 581 1719 620 Αιιευιιδι
1759 578 2036 620 ιετειςειε.

466 656 682 729 Imperii
709 655 936 720 fulmen,
965 656 1299 713 Francorum
1328 656 1507 712 nobile
1528 656 1760 721 culmen,

534 747 735 803 Erutus
759 762 792 803 a
816 746 978 803 saeclo
999 748 1247 802 conditur
1270 748 1372 802 hoc
1398 746 1619 800 tumulo.

463 838 577 894 Rex
604 837 906 903 Lunovrcus
931 837 1147 906 pietatis
1176 845 1360 891 tantus
1386 836 1614 897 amicus,

534 927 687 995 Quod
709 928 839 983 PIUS
864 943 895 982 a
916 926 1113 998 p0pulo
1143 926 1340 982 dicitur
1376 933 1430 980 et
1456 924 1635 980 titulo.

464 1016 755 1086 llildegard
781 1015 1013 1080 soboles,
1044 1014 1222 1070 Caroli
1257 1014 1434 1084 Magni
1459 1015 1549 1084 pia
1571 1012 1769 1083 proles,

534 1108 594 1164 in
621 1108 770 1178 pacis
792 1118 967 1164 metas
1007 1107 1209 1179 colligit
1252 1109 1396 1163 hunc
1417 1108 1612 1179 pietas.

462 1198 803 1256 ltumelicum
822 1198 1025 1264 villam,
1054 1199 1385 1268 quidquidve
1414 1199 1650 1253 refertur
1676 1196 1744 1252 ad
1777 1197 1941 1263 illam,

533 1289 758 1346 Arnull‘o
788 1298 978 1346 sancto
1006 1289 1255 1356 contulit,
1285 1289 1520 1360 huicque
1546 1291 1684 1347 loco.

464 1380 643 1451 Stirps
674 1396 707 1436 a
731 1396 841 1453 quo
863 1396 1170 1451 procerum,
1202 1395 1497 1452 regumque
1521 1380 1606 1436 vel
1631 1380 2038 1450 imperatorum,

531 1472 772 1541 Quorum
803 1476 1119 1531 muneribus
1144 1474 1354 1530 sistitur
1380 1474 1485 1530 istc
1510 1474 1682 1530 locus.

713 1605 923 1663 ALIBD
960 1604 1382 1661 EPITAPHIUM
1419 1603 1762 1661 LUDOVlCl.

463 1714 574 1785 (Ea:
611 1717 770 1788 veteri
803 1716 1106 1788 membrana
1133 1716 1192 1772 S.
1222 1717 1428 1788 Arnulﬁ
1473 1716 1743 1780 Helensis,
1771 1718 1911 1788 apud

708 1786 928 1851 Iasium,
956 1786 1186 1859 Capitul.
1213 1797 1339 1841 tam.
1367 1786 1452 1852 II,
1479 1804 1600 1859 pag.
1623 1787 1808 1860 1566.)

461 1874 759 1932 Prtecclsus
786 1878 1018 1945 meritis,
1047 1878 1254 1935 famoso
1287 1887 1344 1934 et
1365 1881 1583 1934 nomine
1613 1880 1817 1945 clarus,

534 1965 684 2021 Felix
712 1967 987 2038 Augustus
1010 1968 1100 2022 hic
1125 1968 1396 2023 Luduicus
1419 1968 1593 2023 adest.

1932 1716 2041 1771 Ba-

1595 290 1914 350 LUDOVICI
1950 291 1973 348 ι
2009 289 2479 349 COGNOMENTO
2514 292 2601 348 Pii

2064 406 2115 465 Α
2139 400 2503 471 Corporishic
2526 412 2677 460 artus
2701 402 2902 461 clausit
2923 406 3142 476 quando
3170 405 3359 463 ultima
3382 405 3547 463 solvit

2210 490 2471 547 Humum
2498 493 2625 549 vita:
2645 502 2704 549 et
2730 509 2896 565 super
2923 503 3075 551 astra
3097 497 3254 566 petit.

2139 580 2245 636 ilic
2264 581 2425 648 ﬁdus,
2453 582 2631 649 fortis,
2654 584 3013 656 nuliipietate
3032 586 3321 653 madas,

2210 670 2480 738 Clemens,
2501 682 2559 729 et
2590 674 2824 744 patiens,
2846 684 3013 746 atque
3034 677 3298 747 benignus
3323 687 3464 733 erat.

2139 761 2413 818 Ecclesias
2435 760 2641 818 Christi
2668 764 2777 819 ritu
2803 765 3087 821 renovavit
3112 765 3356 833 honesto,
3390 811 3409 824 .

2212 853 2384 924 ipsius
2409 862 2467 909 et
2493 855 2670 912 cultor
2694 872 2861 913 verus
2884 859 3081 928 ubique
3101 858 3223 914 fuit.

2140 943 2371 1001 Cesaris
2397 944 2487 1001 hic
2521 948 2737 1016 genitus
2760 945 2940 1003 Caroli
2964 948 3303 1019 Augustique
3320 958 3600 1021 superstes

2213 1033 2485 1095 Successit
2511 1051 2680 1108 rgno
2700 1037 2829 1093 huic
2849 1044 3066 1107 sceptra
3093 1052 3289 1108 regens
3312 1038 3517 1108 populi.

2140 1126 2310 1194 Quem
2339 1143 2487 1183 nunc
2516 1144 2619 1199 pro
2640 1129 2815 1185 sacris
2840 1129 3051 1184 meritis
3067 1128 3182 1199 jam
3213 1129 3441 1185 credere
3473 1130 3559 1186 l'as
3583 1140 3667 1188 est

2211 1220 2346 1275 Cum
2369 1220 2590 1276 Christo
2616 1221 2846 1277 Domino
2873 1235 3040 1292 regna
3063 1228 3252 1276 tenere
3281 1220 3412 1290 poli.

2140 1310 2307 1379 Cujus
2330 1326 2622 1383 germanus
2652 1312 2827 1383 Drogo
2855 1310 3168 1383 Christique
3190 1313 3450 1367 sacerdos

2213 1400 2513 1456 Transtulit
2535 1401 2645 1456 huc
2670 1415 2888 1472 corpus,
2910 1401 3153 1458 condidit
3178 1401 3283 1456 hoc
3311 1400 3542 1456 tumulo.

2212 1510 2455 1581 Decessit
2507 1519 2687 1566 autem
2736 1526 2878 1567 anno
2920 1511 3135 1581 imperii
3185 1512 3270 1566 sui
3301 1527 3476 1577 mn,
3514 1512 3603 1566 die
3647 1528 3717 1567 su

2145 1579 2260 1635 Kal.
2284 1580 2434 1647 Julii,
2462 1596 2606 1636 anno
2624 1596 2754 1636 vero
2775 1582 2954 1637 atatis
2981 1579 3135 1647 inv,
3150 1582 3467 1652 quievitquc
3485 1584 3543 1637 iu
3569 1598 3716 1654 pace.

2142 1697 2317 1767 lianc,
2345 1705 2547 1752 :eterne
2578 1696 2744 1762 Deus,
2766 1695 2952 1752 Guar
2979 1695 3269 1752 Lotharius
3295 1711 3448 1750 aram

2065 1777 2116 1835 B
2215 1787 2418 1843 Devoto
2441 1787 2603 1858 jussit
2626 1787 2792 1843 corde
2816 1794 3013 1856 parare
3037 1786 3167 1851 tibi;

2147 1877 2261 1933 illic
2286 1892 2444 1932 sacra
2475 1876 2551 1931 tui
2590 1891 2698 1947 quo
2722 1877 2945 1931 victima
2972 1877 3077 1932 rite
3103 1883 3351 1932 sectetur

2215 1967 2490 2038 Corporis,
2523 1976 2577 2024 et
2612 1968 2707 2022 fiat
2735 1969 2998 2039 sanguine
3030 1970 3227 2023 munda
3253 1976 3365 2024 tuo.

1832 2097 2226 2111 ——_—_——

968 2442 1673 2525 COGNOMENTO
1729 2444 1879 2521 PII
1920 2501 1940 2538 ,
2018 2444 2710 2541 IMPERATORIS
2790 2446 3292 2547 AUGUSTI.

1207 2660 1784 2777 NECNON
1868 2661 2555 2798 FILIORUM
2640 2664 2974 2782 EJUS

977 2909 1898 3016 DIPLOMATA
2029 2909 3229 3068 ECCLESIASTICA

1132 3128 1388 3202 USQUE
1431 3128 1541 3189 AD
1590 3127 2067 3191 DIVISIONEM
2109 3128 2418 3191 IMPERII
2463 3130 2682 3192 ANNO
2726 3130 3063 3194 DCCCXL.

1889 3292 2293 3307 *δα-

796 3539 899 3585 1⁵80
935 3535 1295 3580 Νοκιιιλεεκει
1340 3534 1697 3576 Ιοκλετειιιο.

1063 3632 1236 3709 (Anno
1271 3631 1421 3704 793.)

460 3747 713 3827 [ﬂabili:,
738 3745 934 3803 Annal.
979 3744 1095 3801 0rd.
1125 3743 1186 3801 S.
1223 3743 1441 3808 Bened.,
1472 3746 1711 3813 tom.l|l,
1730 3757 1852 3813 pag.
1885 3741 2035 3814 715.]

528 3838 833 3898 Ludovicus
856 3838 1030 3911 gratia
1057 3835 1155 3891 Dei
1191 3848 1289 3891 rex
1314 3834 1725 3904 Aquitanorum.

532 3956 591 4012 in
620 3953 822 4011 Christi
866 3952 1085 4008 nomine
1131 3949 1285 4005 nobis
1312 3957 1520 4004 rectum
1549 3962 1669 4004 esse
1712 3948 1945 4013 videtur,
1976 3957 2037 4003 ut

458 4046 780 4120 quandoque
823 4044 1181 4101 ecclesiastici
1210 4042 1311 4098 viri
1360 4041 1613 4097 catholici
1647 4049 1703 4097 et
1729 4041 1823 4097 Dei
1854 4056 2040 4096 sacer-

459 4139 633 4203 dotes,
664 4135 847 4192 clerici
895 4143 951 4190 et
992 4148 1278 4204 pauperes,
1310 4133 1377 4189 ad
1426 4139 1668 4188 nostram
1696 4141 1879 4202 petent
1925 4133 2035 4188 cle-

459 4228 741 4291 mentiam,
790 4227 870 4281 eis
898 4224 1095 4296 regalis
1119 4232 1360 4294 potestas
1407 4224 1691 4280 tuitionem
1740 4224 2034 4293 impertiat,

460 4317 554 4387 qui
586 4313 815 4370 fideliter
845 4315 914 4369 ad
960 4322 1202 4370 nostram
1238 4316 1551 4371 desiderant
1587 4314 1894 4386 pertingere
1920 4331 2037 4370 ma-

459 4403 846 4477 gniﬁcentiam.
874 4403 941 4460 Et
966 4403 1181 4460 Christo
1215 4405 1423 4474 auspici
1465 4405 1583 4460 sine
1625 4405 1789 4460 dubio
1824 4405 2037 4474 plenius

459 4495 733 4552 credimus
758 4494 939 4551 divina
967 4496 1339 4553 misericordia
1371 4495 1525 4552 nobis
1551 4497 1829 4562 exaudire,
1860 4497 1905 4551 si
1941 4505 2035 4567 pc-

460 4586 740 4643 titionibus
773 4587 1116 4643 sacerdotum
1154 4587 1368 4658 placitis
1411 4587 1633 4642 auribus
1658 4587 2033 4651 obaudiamus,

459 4686 517 4734 et
541 4692 606 4734 ea
634 4691 755 4750 quas
780 4688 929 4733 recta
979 4681 1345 4750 poposcerint,
1395 4681 1464 4734 ad
1500 4678 1750 4734 eil‘ectum
1783 4678 2034 4749 perduci-

2066 3416 2113 3477 (3
2145 3422 2267 3462 mus
2294 3406 2514 3463 domino
2543 3415 2598 3463 et
2630 3409 2876 3479 genitore
2904 3423 3026 3464 meo
3054 3418 3109 3464 et
3138 3417 3345 3475 noster,
3371 3412 3531 3470 nobis
3558 3415 3716 3471 subti-

2141 3495 2265 3551 liter
2291 3498 2573 3567 suggessit,
2608 3505 2667 3551 ut
2697 3498 2812 3567 ipsa
2855 3498 2989 3552 cella
3041 3498 3125 3553 vel
3155 3499 3414 3565 reiculas,
3441 3518 3579 3572 quas
3611 3505 3714 3574 ipse

2143 3585 2339 3640 ibidem
2371 3585 2579 3649 detulit,
2610 3602 2822 3642 necnon
2874 3596 2930 3643 et
2980 3589 3083 3645 hoc
3107 3589 3250 3659 quod
3278 3589 3712 3649 Hennembertus

2140 3677 2398 3732 sacerdus
2420 3686 2601 3733 rector
2624 3678 2797 3747 ipsius
2826 3679 3030 3734 cellula:
3059 3680 3256 3735 ibidem
3283 3680 3645 3749 conﬁrmavit,
3664 3692 3712 3738 et

2139 3766 2260 3822 illas
2282 3765 2712 3835 coniunctiones,
2733 3783 2873 3837 quas
2897 3769 3158 3823 anteriori
3176 3769 3423 3839 pontiﬁci
3446 3770 3715 3827 Pictaveu-

2138 3859 2239 3922 sis,
2270 3873 2433 3928 quem
2483 3872 2585 3914 nos
2634 3859 3069 3929 recognovimus,
3100 3860 3390 3926 Ansaldus,
3440 3861 3708 3927 Ebarcius,

2138 3954 2195 4002 et
2222 3946 2584 4013 Guozbertus,
2634 3947 2702 4002 ad
2732 3948 2906 4019 ipsam
2937 3949 3128 4004 cellam
3158 3950 3495 4016 detulerunt,
3522 3953 3605 4008 vel
3630 3951 3713 4007 Dei

2138 4038 2396 4095 timentes
2417 4048 2473 4095 et
2500 4039 2606 4094 viri
2634 4040 2885 4095 catholici
2917 4041 3136 4096 inantea
3165 4041 3415 4098 conferre
3434 4044 3714 4107 voluerint,

2138 4146 2237 4200 per
2271 4139 2512 4186 nostram
2555 4131 2986 4187 munificentiam
3008 4147 3228 4203 semper
3254 4134 3328 4189 sit
3350 4135 3713 4205 conjunctum,

2137 4228 2193 4275 et
2221 4235 2499 4290 nunquam
2550 4222 2623 4277 sit
2653 4222 3033 4293 interruptum.
3080 4223 3455 4294 Precipicndo
3483 4226 3721 4295 praecipi-

2137 4328 2260 4368 mus
2285 4315 2554 4370 universis
2578 4314 2824 4370 ﬁdelibus
2864 4316 3069 4371 nostris
3092 4318 3384 4387 episcopis,
3414 4318 3717 4386 abbatibus,

2137 4405 2388 4472 ducibus,
2422 4407 2731 4471 comitibus,
2766 4407 3004 4474 vicariis,
3030 4411 3379 4476 centenariis,
3414 4412 3710 4475 teionariis,

2136 4495 2222 4551 vel
2257 4498 2510 4551 omnibus
2540 4497 2722 4552 missis
2767 4498 2969 4553 nostris
2998 4500 3448 4569 discurrentibus,
3497 4519 3594 4559 seu
3626 4503 3714 4575 qui

2138 4600 2325 4640 curam
2373 4586 2644 4655 publicam
2673 4595 2730 4643 et
2757 4588 3027 4659 privatam
3067 4589 3267 4647 habere
3309 4602 3633 4659 noscuntur,
3654 4605 3715 4647 ut

2138 4678 2191 4732 in
2223 4678 2456 4733 reiculas
2489 4679 2728 4749 praefatae
2751 4680 2971 4745 cellula),
2997 4682 3080 4737 vel
3102 4682 3351 4755 homines
3373 4700 3569 4739 eorum
3595 4685 3713 4739 ubi-

460 4784 601 4826 mus.
628 4768 870 4839 Denique
895 4777 1170 4826 ostensum
1210 4779 1291 4826 est
1318 4771 1372 4826 in
1403 4779 1694 4841 conspectu
1725 4779 1912 4826 nostro
1940 4785 2037 4841 per
2060 4784 2112 4843 1)
2138 4782 2244 4837 que
2297 4769 2784 4835 commanenlibus,
2834 4771 2929 4840 qui
2979 4771 3185 4826 ibidem
3232 4782 3380 4827 recte
3427 4774 3717 4843 aspiciunt.

460 4860 748 4934 magnifico
788 4862 909 4916 viro
929 4868 983 4916 et
1006 4871 1229 4932 parente
1282 4870 1468 4917 nostro
1493 4862 1667 4919 Atoue
1695 4864 1922 4918 diacono
1953 4873 2037 4918 at-

460 4969 565 5027 que
589 4952 784 5010 abbate
826 4960 1049 5019 statuta,
1079 4968 1239 5022 quam
1277 4953 1393 5024 ipse
1422 4970 1488 5009 ex
1531 4968 1626 5009 ore
1664 4953 2036 5025 gloriosisslmi

459 5055 517 5102 ct
536 5044 795 5118 genitoris
816 5044 923 5099 mei
947 5044 1089 5116 regis
1111 5043 1290 5100 Caroli
1313 5058 1692 5115 summumque
1711 5044 2036 5099 catholicum

460 5138 709 5209 sumpsit,
738 5137 977 5209 qualiter
1021 5135 1233 5202 cellola,
1283 5136 1438 5205 cujus
1465 5135 1785 5191 vocabulum
1819 5146 1907 5191 est
1932 5135 2040 5190 No-

460 5228 722 5295 valiacus,
779 5230 845 5286 de
894 5228 1102 5284 ratione
1153 5226 1323 5282 sancti
1374 5222 1602 5286 Hilarii,
1657 5226 1761 5279 sita
1822 5225 1875 5279 in
1919 5225 2039 5281 loco

461 5320 667 5390 quieto,
694 5330 750 5377 et
774 5321 930 5376 valde
958 5334 1197 5393 congrua
1249 5321 1314 5375 ad
1344 5318 1726 5374 habitationem
1759 5333 2037 5373 servorum

460 5411 560 5470 Dei
579 5423 635 5471 et
660 5429 979 5486 pauperum,
1004 5413 1160 5484 juxta
1182 5410 1595 5483 possibilitatem
1623 5410 1728 5465 loci
1758 5410 1901 5465 illius
1922 5420 2040 5465 mo-

465 5504 689 5570 nachos,
710 5503 803 5573 qui
825 5506 1119 5561 secundum
1148 5502 1319 5559 sancti
1355 5501 1632 5558 Benedicti
1676 5500 1915 5571 regulam
1945 5500 2039 5556 de-

464 5605 592 5661 gere
620 5592 896 5659 deberent,
922 5594 1172 5650 instituit.
1206 5593 1273 5649 Et
1301 5593 1627 5650 venerabilis
1677 5593 1761 5648 vir
1781 5592 1893 5662 jam
1924 5594 2037 5647 me”-

468 5687 710 5735 moratus
746 5682 970 5739 domnus
1000 5681 1102 5738 Ato
1147 5681 1304 5748 abba,
1335 5697 1530 5751 parens
1561 5690 1762 5747 noster,
1792 5680 2035 5738 ﬁdelissi-

2141 4858 2288 4913 nullo
2318 4873 2554 4927 unquam
2580 4866 2821 4929 tempore
2856 4860 2921 4914 ad
2948 4874 3141 4916 causas
3166 4862 3485 4927 audiendas,
3510 4863 3595 4917 vel
3622 4861 3719 4916 fre—

2141 4950 2207 5004 da
2233 4950 2472 5020 undique
2497 4950 2777 5020 exigenda,
2806 4966 2902 5006 seu
2928 4952 3240 5007 mansiones
3268 4961 3364 5007 aut
3388 4962 3615 5022 paratas
3637 4952 3719 5006 fa-

2142 5040 2411 5105 ciendum,
2436 5040 2519 5095 vel
2540 5052 2890 5110 quascunque
2909 5042 3312 5099 reddibutiOnes
3339 5044 3716 5114 requirendas.

2140 5130 2351 5200 ingredi
2381 5146 2486 5186 non
2534 5140 2892 5201 praesumant;
2944 5134 3037 5187 sed
3066 5149 3167 5203 pro
3208 5134 3420 5204 integra
3469 5134 3723 5189 ﬁrmitate

2140 5221 2297 5290 petiit
2318 5231 2648 5278 memoratus
2676 5222 2906 5277 domnus
2924 5224 3030 5278 Αιο
3065 5225 3201 5279 abba
3231 5226 3425 5294 suique
3450 5224 3721 5288 monachi.

2140 5320 2201 5367 ut
2228 5314 2373 5369 circa
2405 5314 2520 5384 ipsa
2550 5313 2687 5369 cella
2721 5314 2814 5369 Dei
2844 5328 2942 5383 per
2978 5323 3220 5370 nostram
3264 5316 3645 5370 auctoritatem
3667 5314 3723 5369 in

2140 5403 2390 5459 omnibus
2420 5403 2744 5459 conﬁrmare
2770 5403 3090 5459 deberemus
3117 5421 3130 5457 :
3156 5404 3299 5472 quod
3330 5419 3433 5473 pm
3475 5417 3726 5459 reveren-

2090 5538 2099 5543 -
2141 5496 2215 5549 tia
2244 5494 2444 5549 domini
2466 5503 2520 5548 et
2550 5495 2763 5563 patroni
2800 5492 2974 5550 nostri
3004 5493 3301 5547 beatissimi
3351 5493 3543 5547 Hilarii
3572 5490 3723 5546 belli-

2139 5584 2400 5655 gnissimo
2450 5583 2631 5638 animo
2680 5583 2811 5638 illud
2863 5583 3176 5653 praestitisse
3228 5581 3312 5635 vel
3367 5582 3726 5639 conﬁrmasse

2139 5675 2452 5747 comperitc.
2479 5673 2545 5729 Et
2567 5674 2826 5744 quidquid
2844 5673 3038 5767 exinde
3062 5672 3224 5728 ﬁscus
3247 5681 3440 5729 noster
3464 5685 3723 5743 augmen-
