3946 6174
267 309 362 371 ηε

263 538 364 594 per
387 521 710 577 emunitates
733 522 1064 576 anteriorum
1095 535 1280 590 regum
1317 521 1649 578 declaratum
1676 521 1844 576 fuisse

266 613 557 678 indultum,
591 621 700 667 tam
736 613 802 668 de
824 613 970 683 ipsas
1015 628 1122 677 res,
1155 629 1274 683 quae
1300 613 1554 682 praesenti
1605 621 1848 681 tempore

261 705 330 760 ad
354 705 471 775 ipsa
500 717 627 760 casa
651 703 748 758 Dei
769 703 1006 774 legitime
1035 703 1340 772 obtingunt,
1372 717 1536 771 quam
1564 710 1618 756 et
1640 707 1704 756 de
1726 715 1840 765 eas,

260 811 383 867 quae
431 811 462 850 a
506 795 621 851 Deo
670 796 987 851 timentibus
1037 795 1346 849 hominibus
1397 794 1595 849 ibidem
1625 793 1842 847 inautca

261 886 427 942 fuerit
480 886 862 953 condonatum,
918 888 974 941 in
1028 885 1380 940 luminaribus
1437 885 1606 954 ipsius
1663 883 1840 938 sancti

261 977 363 1033 loci
393 975 488 1030 vel»
505 977 772 1046 stipendia
807 977 1196 1031 monachorum
1227 975 1610 1045 perpetualiter
1657 974 1840 1028 debiat

260 1067 526 1138 proﬁcere
553 1068 606 1122 in
654 1069 959 1138 augmentis
989 1082 1005 1122 :
1037 1076 1302 1136 quatenus
1349 1069 1462 1137 ipsa
1489 1066 1840 1138 congregatio

258 1173 358 1227 pro
404 1156 700 1212 stabilitate
731 1158 882 1228 regni
923 1157 1093 1212 nostri
1126 1157 1318 1212 melius
1344 1157 1571 1212 delectet
1625 1155 1837 1210 Domini

259 1247 690 1304 misericordiam
729 1248 1003 1303 adtentius
1046 1263 1294 1303 exorare.
1348 1247 1416 1302 Et
1450 1255 1510 1302 ut
1553 1247 1667 1300 hac
1696 1259 1836 1314 pra:-

259 1338 436 1407 ceptio
467 1336 762 1392 ﬁrmiorem
809 1337 1096 1402 habeatur,
1135 1345 1190 1392 et
1236 1336 1430 1392 melius
1457 1343 1836 1400 conservetur,

260 1429 447 1484 subter
471 1442 592 1482 eam
645 1427 984 1482 decrevimus
1034 1427 1325 1483 afﬁrmare.
1369 1426 1430 1482 In
1475 1428 1571 1482 Dei
1619 1427 1836 1483 nomine

261 1517 623 1586 lteginpertus
673 1531 768 1571 seu
818 1516 1071 1585 indignus
1114 1525 1338 1572 vocatus
1391 1517 1678 1587 episcopus
1722 1517 1836 1571 sive

259 1607 588 1678 cappalanus
601 1607 876 1664 Ludovico
891 1608 1033 1678 regis
1044 1607 1455 1678 Aquitaniorum
1476 1609 1624 1664 subs.
1641 1608 1835 1679 Signcj-

260 1699 556 1770 Magum-io.
614 1696 765 1769 Sign.
815 1699 856 1768 σι-
905 1698 1163 1754 Immone.
1221 1697 1374 1770 Sign.
1421 1699 1462 1768 -ι-
1519 1698 1830 1754 Adalberto.

259 1791 410 1862 Sign.
439 1791 480 1862 -ι-
507 1789 741 1845 Erlaldo.
791 1789 943 1859 Sign.
967 1789 1008 1860 1-
1035 1788 1252 1844 Garico.
1305 1788 1454 1860 Sign.
1484 1788 1524 1859 1-
1547 1786 1831 1844 Witfredo.
1863 1794 1910 1852 Β

259 1882 408 1954 Sign.
450 1883 491 1952 1-
517 1883 802 1938 Ademaro.
859 1881 972 1954 Sig.
1009 1883 1049 1953 -ι-
1083 1881 1445 1953 Raganfredo.
1506 1879 1657 1952 Sign.
1687 1879 1834 1951 1-Βί-

257 1988 410 2028 eone.
438 1971 589 2043 Sign.
614 1974 654 2042 1-
674 1971 994 2028 Gislemaro.
1020 1972 1150 2027 Item
1175 1972 1310 2042 sign.
1337 1969 1636 2026 Gislemaro
1667 1969 1835 2024 Caro-

258 2064 340 2118 lus
392 2063 540 2118 subs.
584 2062 736 2135 Sign.
761 2065 802 2131 -l-
840 2062 1112 2119 ﬂarialdo.
1163 2061 1316 2133 Sign.
1354 2061 1579 2116 Abboue
1630 2059 1836 2114 Jalinus

255 2153 488 2208 clericus
554 2153 702 2206 subs.
757 2151 908 2223 Sign.
961 2153 1002 2222 -ι-
1053 2150 1316 2213 Wadone.
1364 2149 1516 2221 Sign.
1580 2147 1834 2203 Ludovici

257 2244 627 2315 gloriosissimi
650 2244 813 2313 regis.

328 2333 464 2387 Data
494 2349 551 2386 ιιι
589 2332 772 2388 Nonas
799 2332 1089 2402 Augustas,
1129 2347 1271 2385 anno
1297 2330 1369 2384 23
1408 2329 1609 2402 [Caroli
1635 2329 1833 2400 glorio-

257 2421 461 2475 sissimi
488 2419 652 2492 regis]
679 2427 735 2474 et
757 2435 900 2475 anno
921 2419 987 2473 M
1020 2419 1168 2490 regni
1201 2419 1390 2473 nostri.
1419 2421 1614 2473 Actum
1637 2418 1838 2488 Jogun-

261 2512 416 2566 diaco
435 2510 636 2582 palatio
662 2521 868 2566 nostro.
912 2511 1025 2583 Ego
1053 2511 1378 2578 Hildigarius
1404 2511 1473 2565 ad
1501 2509 1672 2565 vicem
1702 2510 1837 2565 Deo-

279 2599 375 2654 lati
405 2601 718 2670 subscripsi.

593 2818 695 2858 ιιιιο
732 2818 1067 2860 IONASTERIO
1104 2820 1278 2860 CORIA
1286 2821 1508 2862 RICENSI.

875 2915 1047 2988 (Anno
1068 2918 1216 2990 807.)

278 3010 300 3085 [
326 3025 478 3094 Apud
515 3025 721 3091 Baluz.,
749 3026 1129 3172 Capitulkorleg].
1171 3029 1394 3095 Franc.,
1419 3039 1548 3085 tom.
1582 3029 1642 3095 ll,
1673 3044 1793 3100 pag.

331 3204 652 3270 Ludovicus,
694 3208 865 3278 gratia
893 3209 987 3264 Dei
1017 3225 1112 3264 rex
1142 3209 1554 3279 Aquitanorum,
1582 3210 1833 3265 omnibus

257 3297 546 3366 episcopis,
575 3299 880 3364 abbatibus,
903 3301 1211 3367 comitibus,
1233 3302 1566 3367 domesticis,
1591 3302 1829 3368 vicariis,

259 3387 606 3452 ceutenariis,
639 3405 732 3446 seu
768 3391 990 3462 reliquis
1018 3392 1264 3448 ﬁdelibus
1311 3393 1512 3449 nostris
1551 3395 1832 3463 przesenti-

259 3479 360 3531 bus
403 3478 609 3534 scilicet
638 3487 694 3534 et
737 3480 950 3537 futuris.
992 3481 1187 3538 Notum
1216 3483 1288 3538 sit
1315 3485 1439 3554 quia
1465 3483 1833 3539 concessimus

259 3566 538 3638 Fridegiso
584 3571 763 3626 abbati
806 3587 873 3626 ex
909 3573 1238 3628 monasterio
1264 3574 1436 3628 sancti
1469 3573 1707 3638 Martini,
1741 3573 1832 3628 ubi

258 3657 372 3726 ipse
399 3674 625 3728 corpore
651 3660 960 3729 requiescit,
994 3671 1054 3715 ut
1101 3663 1380 3716 monachis
1407 3661 1832 3717 Cormaricensis

258 3750 591 3814 monasterii,
623 3750 1044 3835 qui.monastice
1073 3752 1173 3805 sub
1206 3751 1406 3820 Regula
1445 3751 1617 3805 sancti
1646 3765 1833 3805 mona—

257 3840 481 3894 chorqu
508 3841 683 3897 Patris
707 3843 981 3898 Benedicti
1007 3843 1203 3914 degere
1223 3843 1492 3906 videntur,
1517 3841 1678 3897 liceat
1700 3842 1833 3897 duas

257 3946 442 3995 naves,
478 3932 560 3987 vel
609 3943 874 4004 quotquot
919 3933 1116 3988 fuerint
1171 3933 1275 3988 sibi
1331 3932 1687 3995 necessariae,
1736 3946 1834 4001 per

254 4021 435 4074 omnia
466 4022 688 4076 flumina
714 4024 768 4077 in
792 4039 959 4094 regno
989 4032 1195 4088 nostro,
1217 4023 1327 4078 Deo
1350 4021 1607 4092 propitio,
1627 4021 1832 4076 discur-

260 4111 430 4165 rentia
457 4111 659 4182 absque
689 4113 792 4167 ulla
819 4114 1205 4180 consuetudine
1231 4120 1452 4183 propter
1492 4128 1619 4167 suas
1647 4126 1834 4167 neces-

257 4205 449 4259 sitales
486 4205 739 4276 dirigere.
762 4206 842 4262 Ad
886 4207 1040 4276 cujus
1065 4205 1434 4262 concessionis
1454 4203 1831 4259 auctoritatem

254 4295 714 4350 corroborandam
744 4296 845 4350 hoc
893 4277 1130 4364 przeseiis
1178 4296 1292 4350 ﬁeri
1329 4295 1592 4365 jussimus
1634 4309 1834 4364 praece-

255 4393 537 4454 ptum,per
557 4387 698 4455 quod
723 4387 983 4456 imperiali
1003 4387 1327 4440 auctoritate
1349 4383 1600 4453 iubemus
1627 4391 1686 4438 ut
1715 4385 1834 4438 nul-

1398 314 1790 372 DIPLOMATA
1831 279 2382 371 ECCLESIASTICA.

265 443 385 489 tare
407 432 660 504 potuerit,
691 432 989 502 inspectam
1033 440 1273 487 nostram
1316 432 1653 493 ﬁrmitatem.
1702 433 1843 487 sicut
1872 441 1915 498 Α

3415 315 3521 368 983

2689 432 2777 486 ιιι.

2304 537 2404 576 νιιο
2442 537 2776 578 IIONAS‘I‘ER‘IO
2813 536 3154 578 GELLONINSI.

2558 614 2732 686 (Anno
2773 611 2922 683 807.)

1945 701 2122 774 [Apud
2171 703 2232 757 D.
2295 701 2870 843 Bouquet.imi:e¢,-‘ig,:2t'lJ
2905 702 2996 756 des
3047 701 3194 768 hist,
3248 709 3380 760 tom.
3431 704 3521 772 Vi,

2012 863 2068 934 Iun
2095 863 2310 920 nomine
2335 863 2544 918 Domini
2575 863 2746 918 nostri
2770 861 2900 919 Iesu
2941 862 3163 928 Christi,
3205 861 3517 917 Ludovicus

1942 951 2123 1008 divina
2151 953 2434 1009 ordinante
2456 952 2793 1024 providentia
2824 967 2917 1008 rex
2945 953 3326 1009 serenissimus
3353 952 3521 1022 Aqui-

1942 1042 2102 1095 taniaa
2123 1079 2138 1094 .

2009 1129 2273 1197 Quoniam
2298 1130 2645 1201 cogitandum
2668 1133 2823 1188 nobis
2840 1141 2924 1188 est
2953 1133 3187 1202 qualiter
3211 1132 3398 1187 :eterni
3429 1145 3521 1186 re-

1940 1221 2023 1292 gis
2043 1236 2282 1277 amorem
2307 1221 2608 1278 obsistente
2638 1232 2987 1292 peccatorum
3008 1224 3245 1294 pondere
3270 1222 3522 1276 amittere
3596 1241 3604 1260 '-

1939 1323 2047 1364 non
2095 1310 2390 1380 possimus,
2447 1311 2582 1367 locis
2630 1313 3003 1368 insistentibus
3045 1312 3243 1367 divinis
3287 1311 3528 1367 cultibus

1937 1399 2141 1469 placuit
2181 1402 2366 1473 largiri
2393 1412 2616 1472 propter
2649 1419 2873 1474 regnum
2917 1412 3182 1458 aeternum
3221 1401 3530 1458 Salvatoris

1938 1493 2130 1559 nostri,
2153 1493 2376 1564 ejusque
2403 1494 2535 1549 inibi
2569 1496 2670 1550 sibi
2701 1495 3088 1551 famulantibus
3115 1495 3379 1552 beneﬁcia
3421 1510 3518 1565 op-

1937 1592 2165 1654 portuna
2197 1600 2211 1638 :
2255 1592 2521 1654 quatenus
2547 1585 2615 1640 ab
2640 1585 2733 1639 illo
2766 1586 3116 1651 remunerati,
3161 1585 3355 1657 gaudio
3398 1585 3520 1640 sine

1938 1673 2046 1730 ﬁne
2094 1688 2402 1729 mereamur
2444 1673 2670 1744 perfrui.
2719 1675 2843 1731 Ideo
2879 1684 3065 1730 notum
3112 1691 3234 1730 esse
3269 1674 3517 1730 volumus

1937 1764 2189 1819 onmibus
2219 1764 2467 1820 ﬁdelibus
2506 1766 2866 1835 praesentibus
2907 1775 2963 1819 et
2995 1765 3214 1830 futuris,
3244 1764 3386 1833 quod
3423 1778 3517 1833 pe-

1938 1863 2084 1909 tente
2113 1854 2314 1909 domno
2357 1853 2644 1909 Guillelmo
2677 1855 2963 1916 monacho,
2997 1853 3088 1923 qui
3123 1853 3178 1907 in
3208 1852 3330 1906 aula
3359 1853 3514 1922 geni-

1936 1944 2071 2000 toris
2121 1943 2292 1998 nostri
2345 1942 2523 1998 Caroli
2559 1943 2787 2014 Augusti
2813 1959 2998 1999 comes
3039 1943 3253 1998 exstitit
3281 1942 3517 1998 clarissi-

1934 2048 2073 2098 mus,
2105 2033 2198 2088 sed
2229 2049 2328 2103 pro
2365 2032 2460 2088 Dei
2505 2049 2692 2088 amore
2723 2034 3004 2088 meliorem
3052 2049 3318 2089 exercens
3345 2034 3514 2086 vitam

1934 2121 2140 2177 studuit
2180 2136 2301 2176 esse
2328 2135 2532 2191 pauper
2561 2123 2862 2176 recusando
2891 2122 3173 2184 sublimia;
3205 2121 3276 2176 ob
3312 2121 3515 2175 irrevo-

1935 2213 2164 2268 cabilem
2194 2228 2325 2268 vero
2354 2228 2464 2268 suae
2509 2213 2815 2268 dilectionis
2869 2215 3013 2269 circa
3054 2229 3156 2269 nos
3197 2211 3514 2268 ﬁdelitatem

1935 2304 2180 2374 petitioni
2203 2303 2319 2372 ejus
2337 2305 2642 2372 praebentes
2659 2319 2963 2369 assensum,
2979 2305 3182 2374 placuit
3203 2306 3379 2370 nobis,
3401 2313 3515 2359 tam
3538 2347 3542 2358 .

1934 2411 2033 2465 pro
2059 2394 2324 2449 mercedis
2368 2403 2570 2449 nosti-se
2618 2403 2929 2466 augmento,
2975 2411 3139 2464 quam
3181 2411 3280 2465 pro
3330 2411 3541 2453 amore;

1935 2488 2078 2555 ejus,
2108 2486 2176 2540 ad
2201 2485 2588 2540 monasterium
2611 2487 2754 2555 quod
2781 2487 2977 2540 dicitur
3000 2499 3025 2527 ι
3053 2486 3318 2552 Gellonis,
3350 2487 3525 2542 situm

1939 2579 1993 2632 in
2038 2592 2178 2648 pago
2223 2576 2523 2632 Lutevense
2552 2575 2707 2645 juxta
2736 2576 2955 2632 ﬂuvium
2982 2576 3177 2644 Araur,
3210 2579 3398 2633 subtus
3427 2593 3517 2632 ea-

1937 2676 2112 2723 strum
2143 2667 2391 2732 Virduni,
2419 2676 2695 2723 sacratum
2735 2669 2789 2723 in
2820 2669 3026 2724 honore
3052 2670 3264 2724 Domini
3300 2676 3356 2723 et
3389 2668 3515 2722 Sal-

1937 2759 2144 2812 vatoris
2169 2757 2340 2812 nostri
2365 2757 2491 2813 Jesu
2509 2757 2713 2813 Christi
2738 2767 2793 2813 et
2817 2768 3018 2815 sanctae
3035 2759 3217 2814 Maria:
3233 2759 3520 2828 sanctique

1940 2850 2238 2915 Michaelis,
2268 2865 2331 2906 ac
2365 2860 2676 2906 sanctorum
2709 2852 3074 2922 apostolorum
3103 2851 3247 2907 Petri
3282 2859 3336 2904 et
3364 2850 3547 2905 Pauli»

1937 2951 1993 2997 et
2031 2943 2206 2998 sancti
2235 2943 2434 2997 Andra:
2474 2944 2823 3012 omniumque
2851 2943 3239 3012 apostolorum,
3263 2951 3514 2996 constru-

1938 3039 2087 3088 ctum
2123 3049 2152 3087 a
2178 3033 2291 3104 jam
2335 3033 2482 3088 dicto
2507 3033 2704 3088 comite
2731 3031 3017 3088 Guillelmo
3060 3031 3114 3086 in
3151 3047 3314 3087 causa
3345 3033 3516 3087 nostri

1859 3133 1904 3195 ρ
1937 3123 2218 3194 genitoris,
2243 3122 2335 3178 ubi
2358 3123 2386 3163 δ
2411 3122 2741 3178 Juliofredus
2773 3130 2956 3178 rector
2977 3132 3036 3178 et
3071 3121 3257 3177 abbas.
3282 3135 3547 3192 prazesse’

1935 3213 2166 3273 videtur,
2200 3212 2404 3282 aliquid
2432 3228 2498 3266 ex
2545 3214 2706 3268 rebus
2741 3213 2955 3268 tradere
2981 3212 3226 3275 nostris,
3253 3213 3306 3266 id
3344 3219 3430 3266 est
3456 3213 3520 3265 fi-

1933 3317 2085 3356 scum
2113 3303 2400 3371 quemdam
2435 3312 2678 3358 nostrum
2717 3303 2772 3356 in
2795 3318 2933 3374 pago
2956 3303 3277 3358 Biderrense
3310 3304 3402 3372 qui
3435 3303 3518 3358 di-

1935 3391 2080 3447 citur
2117 3389 2382 3456 Miliacus,
2427 3407 2554 3447 eum
2595 3391 2722 3446 villa
2751 3400 2808 3448 et
2847 3391 3085 3448 ecclesia
3123 3393 3301 3448 sancti
3350 3391 3547 3446 Pars--

1935 3481 2094 3549 gorii,
2143 3490 2199 3536 et
2246 3481 2516 3538 Miliciano
2561 3482 2686 3538 villa
2737 3491 2900 3553 atque
2950 3481 3341 3553 Campaniano,
3391 3499 3544 3538 cum.

1935 3571 2186 3626 ouinibus
2213 3571 2545 3640 appendieiis
2565 3580 2616 3626 et
2638 3571 2958 3642 adjacentiis
2985 3573 3100 3626 suis
3129 3573 3230 3628 sub
3257 3573 3407 3626 omni
3441 3572 3519 3626 in-
3543 3612 3546 3616 -

1934 3661 2204 3729 tegritate,
2247 3662 2387 3715 sicut
2419 3676 2449 3715 a
2494 3662 2660 3716 misso
2704 3671 2890 3717 nostro
2938 3661 3138 3716 comite
3177 3673 3199 3701 ε
3237 3661 3534 3718 Goteelmo-

1934 3765 2032 3818 per
2055 3765 2244 3806 cruces
2268 3751 2322 3805 in
2359 3751 2627 3820 lapidibus
2655 3752 2895 3822 scalptas
2920 3767 3024 3806 seu
3061 3751 3320 3806 decursus
3344 3767 3514 3822 aqua-

1936 3857 2057 3895 rum
2116 3843 2170 3894 in
2219 3842 2693 3896 terminationibus
2759 3843 3015 3897 traditum
3065 3851 3122 3897 et
3180 3845 3545 3915 assignatum!

1934 3939 2037 3994 est,
2085 3947 2116 3984 a
2163 3931 2406 4000 genitore
2436 3938 2623 3984 nostro
2647 3937 2703 3986 et
2746 3946 2777 3984 a
2806 3931 2962 3986 nolis
2999 3946 3329 4001 possessum.
3363 3934 3431 3988 Et
3461 3935 3541 3988 in.

1934 4034 2072 4089 pago
2109 4018 2222 4089 jam
2262 4019 2408 4074 dicto
2448 4019 2752 4075 Lulevense
2794 4021 2972 4076 locum
3003 4022 3094 4091 qui
3138 4023 3338 4077 dicitur
3381 4023 3541 4079 Cas--

1937 4113 2085 4177 trias,
2155 4111 2377 4184 vulgare
2435 4120 2614 4166 autem
2678 4111 3146 4180 Castra-Pastum,
3210 4115 3276 4169 ad
3319 4130 3541 4184 pecora.

1934 4217 2121 4256 eorum
2147 4202 2360 4267 alenda,
2385 4216 2507 4257 cum
2523 4202 2752 4258 ecclesia
2784 4205 2960 4260 sancti
2989 4203 3226 4270 Martini,
3255 4221 3378 4261 cum
3408 4215 3541 4261 ter--

1934 4294 2098 4347 minis
2146 4302 2201 4348 et
2235 4293 2552 4362 adjacentiis
2601 4293 2734 4358 suis,
2761 4309 2885 4350 cum
2912 4296 3059 4350 omni
3089 4296 3413 4365 integritate,
3445 4297 3512 4350 ad

1935 4386 2180 4440 diversos
2208 4401 2340 4442 usus
2377 4401 2586 4440 eorum.
2615 4385 2680 4439 Et
2709 4387 2760 4440 in
2798 4389 2985 4442 eodem
3015 4403 3152 4459 pago
3183 4388 3362 4442 villam
3393 4404 3541 4460 qua»

257 4474 338 4529 lus
364 4485 672 4529 nostrorum
703 4477 1049 4546 praesentium
1072 4475 1184 4530 sive
1215 4475 1519 4529 futurorum
1549 4474 1601 4528 in
1625 4473 1728 4528 hac
1751 4489 1832 4528 re-
1858 4467 1910 4527 D
1937 4477 2134 4531 dicitur
2165 4476 2592 4547 Magaranciatis.
2631 4493 2752 4530 cum
2803 4477 3036 4532 ecclesia
3083 4480 3255 4533 sancti
3295 4480 3530 4544 Felicis,

253 4566 358 4635 gali
387 4566 669 4621 sanctione
713 4567 907 4641 audeat
938 4566 1042 4619 illis
1072 4567 1124 4619 in
1156 4565 1332 4634 aliqua
1376 4573 1529 4635 parte
1557 4563 1830 4618 contradi-

252 4671 396 4710 cere.
452 4657 519 4712 Et
563 4666 624 4712 ut
660 4655 920 4725 majorem
966 4657 1163 4710 habeat
1191 4658 1244 4710 in
1271 4673 1328 4711 se
1373 4657 1476 4710 hoc
1503 4663 1828 4725 pmceptum

253 4748 526 4818 vigorem,
569 4748 755 4803 annuli
811 4748 980 4802 nostri
1032 4748 1386 4817 impressione
1436 4747 1660 4817 sigillari
1708 4746 1826 4816 jus-

253 4839 442 4893 simus.

322 4926 459 4981 Data
488 4943 562 4981 vn
594 4928 716 4984 Idus
752 4927 970 4998 Aprilis,
1013 4943 1154 4982 anno
1200 4927 1268 4981 27
1316 4927 1461 4996 regni
1496 4927 1684 4981 nostri.
1728 4926 1829 4981 Ac-

253 5028 365 5071 tum
405 5017 764 5092 Cassanogelo
807 5019 1008 5090 palatio
1062 5018 1114 5072 in
1166 5018 1258 5073 Dei
1311 5018 1528 5072 nomine
1578 5018 1826 5073 feliciter.

251 5109 447 5164 Amen.

323 5203 459 5258 Albo
484 5201 553 5258 ad
576 5202 748 5259 vicem
771 5203 1084 5259 Helisachar
1103 5204 1317 5275 scripsi.

323 5369 347 5396 ιι
375 5353 701 5415 Cellonense
739 5358 1127 5412 monasterium
1165 5357 1330 5412 situm
1375 5359 1427 5412 in
1458 5358 1733 5413 Occitauia
1774 5359 1826 5411 in

289 5441 391 5496 ago
417 5427 705 5483 Lutevensi
735 5428 802 5482 ad
831 5427 1083 5496 Araurim
1104 5425 1398 5496 ﬁuviolum,
1423 5443 1566 5482 nunc
1588 5427 1644 5480 S.
1673 5425 1827 5482 Guil-

270 5495 399 5551 elmi
421 5497 488 5553 de
516 5498 742 5553 Deserto
767 5497 984 5558 dicitur,
1012 5495 1755 5552 δαίνυ-6αἱιιρηι-άιι-ιὶέδεη.

326 5567 353 5606 b
367 5565 529 5623 Julioi
535 5569 647 5622 redi
671 5568 917 5623 meminit
941 5565 1260 5621 tabularium
1273 5566 1592 5622 Gellonense
1609 5567 1698 5621 his
1713 5581 1830 5620 ver-

254 5636 339 5692 bis
377 5656 390 5691 :
429 5657 447 5688 «
481 5636 808 5692 Juliofredus
854 5637 1010 5696 abba,
1044 5637 1474 5696 consanguineus
1504 5636 1680 5690 Caroli
1732 5638 1830 5690 im-

253 5710 541 5776 peratoris,
590 5708 714 5762 fecit
747 5716 1124 5762 testamentum
1154 5708 1414 5774 scribere,
1447 5708 1499 5762 in
1534 5722 1639 5777 quo
1698 5721 1826 5760 con-

1938 4584 2062 4621 cum
2086 4567 2336 4622 omnibus
2364 4566 2692 4636 appenditiis
2718 4576 2771 4620 et
2815 4565 3131 4634 adjacentiis
3173 4570 3302 4623 suis.
3336 4569 3516 4624 Hono-

1940 4673 2052 4710 rem
2094 4673 2223 4712 vero
2271 4657 2441 4720 illum,
2470 4671 2631 4726 quem
2668 4657 2896 4712 domnus
2933 4655 3254 4713 Guillelmus
3299 4674 3393 4714 seu
3423 4659 3514 4713 alii

1939 4746 2124 4801 ﬁdeles
2168 4763 2265 4816 per
2300 4747 2659 4802 instrumenta
2691 4747 3003 4802 chartarum
3054 4747 3280 4818 praefato
3323 4765 3514 4804 mona-

1937 4837 2102 4891 sterio
2133 4838 2492 4901 tradiderunt,
2525 4837 2576 4890 in
2625 4840 3036 4908 quibuscunque
3077 4840 3208 4895 locis
3251 4843 3344 4905 sit,
3373 4856 3517 4909 qua:-

1937 4942 2042 4997 quc
2071 4929 2236 4981 etiam
2261 4928 2518 4998 deinceps
2549 4927 2600 4980 in
2626 4925 2749 4995 jure
2772 4928 2940 4998 ipsius
2963 4929 3136 4984 sancti
3166 4929 3266 4984 loci
3297 4944 3394 4998 per
3419 4945 3518 4982 nos

1938 5028 2030 5072 aut
2052 5033 2148 5086 per
2170 5015 2306 5070 alios
2336 5016 2566 5070 voluerit
2590 5017 2768 5071 divina
2793 5017 2965 5087 pietas
2985 5017 3191 5089 augeri,
3225 5027 3393 5071 totum
3420 5033 3518 5070 nos

1939 5123 2038 5177 pro
2065 5117 2266 5161 aeterna
2290 5107 2729 5162 remuneratione
2756 5109 3016 5178 praedicto
3041 5109 3368 5162 monasterio
3389 5124 3515 5163 eou-

1939 5197 2202 5264 cedimus,
2252 5205 2311 5250 ut
2335 5196 2612 5268 perpetuis
2657 5197 2990 5267 temporibus
3018 5198 3072 5252 in
3100 5197 3353 5252 alimonia
3389 5213 3518 5266 pau-

1943 5351 2144 5405 tinetur
2171 5351 2348 5406 omnis
2375 5351 2548 5406 honor
2573 5367 2731 5419 quem
2759 5350 3045 5420 acquisivit
3069 5362 3290 5407 sanctus
3318 5351 3518 5407 Willel-

1934 5437 2053 5494 mus
2071 5422 2325 5494 princeps
2351 5423 2516 5494 totius
2533 5420 2717 5494 Callia:
2739 5421 2935 5475 ﬁnibus
2957 5437 2989 5494 a7
3009 5423 3242 5478 dominis
3270 5432 3326 5479 et
3343 5423 3518 5494 piissi-

1935 5491 2035 5544 mis
2065 5491 2262 5544 (λιιι-010
2285 5499 2340 5543 et
2363 5490 2632 5543 Ludovico
2664 5492 3098 5559 imperatoribus.
3139 5511 3158 5545 ι

2006 5573 2028 5598 ο
2071 5560 2382 5614 Goteclmus
2419 5560 2559 5613 ﬁlius
2589 5571 2706 5613 erat
2743 5561 2915 5615 sancti
2941 5561 3209 5617 Guillelmi
3242 5563 3391 5619 ducis
3418 5562 3516 5616 To-

1933 5630 2126 5708 losani,
2182 5629 2350 5685 frater
2399 5628 2660 5685 Bernardi
2720 5633 3060 5701 postmodum
3126 5634 3277 5689 ducis
3338 5633 3514 5703 Septi—

1934 5716 2145 5755 manue.
