3946 6174
506 283 612 344 883

1635 281 1955 344 Ι.υῦοΫίαί
1993 279 2013 339 l
2051 283 2082 340 C

2182 274 2522 340 sommo
2559 276 2641 333 Pil
3610 294 3687 353 ρει

503 414 696 472 perum
727 409 782 458 et
808 397 1072 473 stipendia
1113 399 1498 455 monachorum
1531 399 1729 454 ibidem
1767 399 1880 453 Deo
1918 396 2087 452 famu-
2115 397 2156 455 Α
2191 394 2346 450 scite.
2381 391 2764 460 Praecipicutes
2810 404 2942 460 ergo
2972 386 3223 459 iubemus
3271 401 3328 449 ut
3369 396 3527 456 nudius
3561 406 3691 474 iudex

507 496 736 552 lantium
780 493 1028 565 proﬁciat
1069 493 1122 546 in
1152 498 1519 561 augmen-tum.
1568 489 1695 545 Haec
1724 488 1910 543 omnia
1941 503 2081 558 pra:—

505 589 707 656 scripta
757 600 879 639 cum
927 581 1194 647 ecclesiis,
1239 581 1400 645 villis,
1460 581 1757 645 villaribus,
1809 579 2080 642 domibus,

505 674 768 737 aedificiis,
810 672 1032 740 campis,
1068 672 1251 736 terris,
1276 671 1472 738 vineis,
1495 671 1729 736 olivetis,
1757 670 1928 735 silvis,
1960 683 2085 738 gar-

502 767 654 830 ricis,
679 764 873 834 pratis,
893 764 1132 832 pascuis,
1156 763 1497 828 molendinis,
1530 763 1685 830 aquis
1713 775 2084 831 aquarumque

503 859 844 922 decursibus,
869 857 1094 930 perviis,
1120 857 1354 948 exitibus
1376 864 1430 910 et
1457 853 1820 925 regressibus,
1844 853 2005 907 cultis
2029 857 2085 906 ct

502 949 747 1015 incultis,
780 963 901 1002 eum
945 945 1197 1002 omnibus
1228 945 1544 1014 adiacentiis
1573 959 1782 1007 earum,
1819 949 1991 996 totum
2030 948 2086 996 et

501 1041 773 1112 integrum
827 1038 1084 1107 praedicto
1112 1036 1440 1092 monasterio
1482 1033 1789 1090 Gellonensi
1819 1049 1917 1103 per
1940 1033 2083 1086 hanc

501 1129 813 1186 donationis
873 1127 1251 1181 auctoritatem
1296 1124 1680 1195 perpetualiter
1734 1122 2086 1177 concedimus

501 1221 569 1275 ad
594 1219 904 1274 habendum
935 1234 947 1268 :
974 1215 1050 1271 ita
1071 1215 1322 1270 videlicet
1345 1223 1405 1269 ut
1434 1213 1692 1285 quidquid
1723 1213 1790 1267 ab
1820 1211 2084 1266 hodierno

500 1311 587 1366 die
627 1316 680 1364 et
716 1318 956 1378 tempore
986 1306 1054 1361 de
1102 1305 1372 1375 praedictis
1413 1304 1573 1358 rebus
1599 1303 1778 1357 facere
1823 1301 1908 1355 vel
1937 1300 2083 1356 ordi-

499 1416 654 1464 nare,
679 1399 763 1456 vel
792 1399 955 1454 etiam
993 1395 1280 1466 disponere
1307 1395 1644 1450 habitatores
1671 1392 1832 1462 huius
1856 1391 1958 1446 loci
1989 1406 2084 1446 vo-

499 1491 718 1554 luerint,
752 1489 925 1544 libero
959 1488 1010 1542 in
1054 1486 1304 1542 omnibus
1355 1485 1706 1555 perfruantur
1735 1484 1963 1538 arbitrio
1997 1482 2067 1536 fa-

499 1580 694 1634 ciendi.

570 1669 917 1725 Godolelmus
967 1669 1208 1724 notarius
1267 1668 1333 1723 ad
1377 1668 1552 1723 vicem
1613 1666 1872 1738 Guigonis
1928 1683 2078 1724 reco-

499 1762 703 1835 gnovit.

571 1853 768 1907 Datum
823 1852 927 1905 hoc
970 1860 1299 1920 praeceptum
1341 1852 1382 1906 ν
1413 1850 1531 1906 Kal.
1564 1847 1829 1915 Januarii,
1872 1863 1897 1892 ι
1944 1852 2084 1906 Indi-

499 1944 680 1999 ctione
709 1942 764 2006 1,
788 1957 929 1997 anno
949 1938 1016 1996 27
1047 1942 1251 1997 domini
1282 1942 1535 1997 Ludovici
1559 1943 1728 2012 regni,
1759 1943 1965 1997 Tolosa:
1987 1959 2084 2013 pu-

496 2032 671 2097 blice;
698 2031 874 2087 Caroli
906 2046 1038 2085 vero
1063 2032 1276 2101 imperii
1306 2031 1335 2071 b
1364 2031 1416 2086 8.
1450 2032 1514 2085 Ει
1547 2041 1605 2086 ut
1635 2033 1747 2087 hzcc
1787 2033 2082 2087 auctoritas

499 2122 703 2176 nostris
745 2120 1050 2191 futurisque
1104 2122 1433 2190 temporibus
1487 2122 1717 2178 Domino
1767 2130 2083 2194 protegente

433 2263 449 2276 ,
497 2214 678 2268 valeat
707 2214 1027 2269 inconcussa
1058 2229 1296 2279 manere,
1328 2231 1489 2268 manu
1513 2216 1729 2284 propria
1763 2216 2084 2287 subscripsi-

497 2319 641 2370 mus,
665 2315 719 2359 et
745 2305 928 2359 annuli
963 2305 1134 2360 nostri
1162 2306 1518 2376 impressione
1546 2306 1752 2360 firmari
1796 2305 2078 2375 iussimus,

497 2395 552 2450 in
576 2395 669 2449 Dei
699 2396 915 2450 nomine
936 2394 1186 2449 feliciter.
1217 2396 1408 2451 Amen.

569 2485 793 2556 Signum
823 2486 1005 2541 domni
1030 2485 1288 2541 Ludovici
1327 2487 1662 2542 serenissimi
1693 2488 1863 2558 regis.

1252 2576 1340 2632 Ν.
1569 2581 1574 2584 ’

867 2681 969 2722 PRO
1007 2680 1346 2723 KONASTBRIO
1383 2682 1693 2724 DUSERENSI.

1101 2756 1274 2830 (Anno
1324 2757 1479 2829 8M.)

498 2845 677 2921 [Apud
713 2847 1283 2921 D._Bouqu_ct.,_ibid.,
1312 2864 1378 2921 ex
1413 2848 1645 2921 Chililet.
1679 2850 1731 2904 in
1754 2853 1963 2921 probat.
2012 2852 2079 2908 ad

641 2955 646 2960 ι
745 2918 886 2972 Hist.
919 2917 1038 2972 dbb.
1075 2917 1483 2982 Trsnorcieusis,
1527 2935 1652 2990 pag.
1683 2917 1832 2994 260.]

567 3010 627 3064 in
671 3011 890 3066 nomine
937 3010 1148 3064 Domini
1179 3009 1276 3065 Dei
1323 3019 1377 3065 et
1403 3010 1702 3068 Salvatoris
1743 3014 1913 3067 nostri
1951 3008 2078 3070 Iesu

2186 484 2454 554 publicus,
2482 496 2657 550 neque
2683 480 2945 552 quislibet
2963 496 3029 536 ex
3045 481 3327 551 iudiciaria
3344 495 3598 556 potestate,
3613 509 3693 553 nec

2186 573 2326 628 ullus
2361 586 2429 626 ex
2459 570 2706 626 fidelibus
2733 578 2936 625 sancta
2972 571 3067 624 Dei
3087 571 3338 629 Ecclesia:
3359 589 3419 630 ac
3438 582 3630 648 ausu-is,
3652 586 3695 640 in

2184 663 2442 719 ecclesias
2486 677 2551 717 ac
2576 661 2716 728 loca,
2747 661 2835 716 vel
2862 675 3043 732 agros,
3075 676 3172 718 seu
3206 663 3428 734 reliquas
3449 675 3697 738 possessio-

2185 771 2282 811 nes
2331 754 2574 825 praedicti
2624 754 2968 820 monasterii,
3024 769 3162 823 quas
3218 757 3463 814 moderno
3503 770 3697 834 tempore

2176 846 2324 915 iuste
2366 855 2421 901 et
2463 845 2860 902 rationabiliter
2881 861 2980 915 per
3007 846 3348 902 donationem
3371 848 3536 907 domui
3569 863 3698 926 etge.

2183 939 2381 996 nitoris
2408 939 2583 994 nostri
2609 939 2692 992 vel
2720 947 3042 994 cancrorum
3064 937 3296 993 fidelium
3315 941 3568 1008 possidens
3585 945 3697 1002 vide-

2185 1038 2275 1084 tur
2300 1030 2354 1084 in
2388 1029 2718 1098 quibuslibet
2743 1029 2895 1099 pagis
2939 1037 2997 1084 et
3029 1029 3342 1096 territoriis,
3367 1033 3597 1102 quidquid
3623 1038 3698 1092 ibi-

2183 1121 2306 1176 dem
2325 1120 2582 1175 collatum
2604 1118 2725 1183 fuit,
2753 1119 2837 1175 vel
2863 1134 3090 1190 quasque
3109 1118 3364 1191 deinceps
3377 1123 3551 1193 iniure
3572 1127 3696 1196 ipsius

2183 1213 2356 1268 sancti
2383 1211 2506 1276 loci,
2548 1217 2645 1266 aut
2664 1226 2764 1281 per
2807 1226 2929 1277 nos,
2957 1219 3054 1266 aut
3086 1226 3186 1281 per
3212 1212 3345 1268 alios
3373 1214 3579 1271 voluerit
3598 1218 3698 1273 diri-

2183 1320 2252 1360 na
2293 1305 2467 1374 pietas
2504 1304 2714 1374 augeri,
2761 1303 2831 1357 ad
2867 1317 3063 1359 causas
3109 1303 3420 1370 audiendas,
3466 1306 3542 1361 vel
3582 1305 3694 1363 freda

2181 1396 2465 1466 exigenda,
2517 1404 2612 1450 aut
2642 1395 2958 1452 mansiones
3002 1395 3086 1450 vel
3112 1396 3358 1465 parocias
3392 1395 3620 1470 [paratas]
3642 1399 3698 1452 fa-

2182 1485 2422 1550 ciendas,
2475 1493 2570 1540 aut
2633 1483 2986 1553 ﬁdeiussores
3037 1486 3322 1551 tollendos,
3379 1487 3460 1542 vel
3509 1489 3699 1544 boiues

2183 1578 2351 1647 ipsius
2390 1576 2657 1641 ecclesiae,
2695 1583 2809 1630 tam
2853 1577 3118 1648 ingenuos
3163 1591 3429 1647 quamque
3469 1587 3694 1644 etsems,

2182 1667 2272 1736 qui
2301 1679 2465 1734 super
2499 1674 2703 1720 terram
2749 1665 2920 1734 ipsius
2979 1664 3224 1719 residere
3255 1666 3507 1731 videntur,
3532 1667 3698 1722 dish-iu.

2113 1742 2161 1800 Β
2188 1756 2420 1826 gendos;
2452 1769 2554 1809 nec
2592 1754 2730 1810 ullas
2758 1754 3153 1811 redhibitiones
3171 1763 3265 1808 aut
3289 1755 3490 1810 illicitas
3511 1757 3697 1811 occasio-

2186 1845 2664 1915 nes'requirendas
2685 1885 2700 1909 ,
2731 1827 2840 1902 ullo
2865 1860 3110 1915 unquam
3141 1853 3384 1916 tempore
3415 1846 3593 1916 ingredi
3631 1862 3698 1899 θυι

2173 1938 2331 2013 deat,
2376 1936 2463 1992 vel
2486 1945 2741 1994 exactarc
2789 1944 3102 2006 praesumat.
3137 1937 3207 1992 Et
3233 1938 3479 2007 quidquid
3499 1938 3557 1992 de
3580 1939 3697 1993 rebus

2184 2028 2393 2098 praefati
2423 2029 2738 2084 monasterii
2765 2027 2929 2084 fiscus
2969 2044 3200 2098 sperare
3238 2039 3434 2099 posset,
3465 2039 3607 2083 totum
3628 2045 3696 2084 nos

2183 2133 2282 2188 pro
2313 2129 2513 2173 aeterna
2540 2119 2977 2176 remuneratione
2990 2118 3107 2188 iam
3131 2120 3277 2176 dicto
3300 2122 3591 2176 monasterio
3606 2135 3695 2174 con-

2184 2211 2443 2276 cedimus,
2497 2219 2556 2265 ut
2619 2211 2897 2280 perpetuis
2954 2212 3297 2280 temporibus
3348 2211 3398 2265 in
3453 2211 3696 2266 alimoniam

2183 2316 2483 2372 pauperum
2526 2311 2582 2356 et
2611 2303 2880 2372 stipendia
2907 2305 3303 2359 monachorum
3327 2303 3511 2359 ibidem
3535 2303 3623 2356 Deo
3641 2301 3696 2355 fa-

2184 2395 2508 2450 mulantium
2541 2396 2873 2466 proficiat-in
2903 2404 3282 2467 augmentum.
3314 2396 3378 2452 Et
3401 2396 3590 2466 quando
3609 2395 3697 2463 qui.

2185 2484 2307 2539 dem
2334 2484 2517 2540 divina
2544 2484 2831 2540 vocatione
2865 2485 3216 2555 supradictus
3241 2485 3402 2541 abbas
3425 2483 3500 2540 vel
3525 2497 3695 2538 success

2184 2588 2339 2628 sores
2387 2571 2504 2641 eius
2531 2574 2598 2628 de
2648 2575 2751 2628 hac
2780 2574 2899 2628 luce
2945 2573 3322 2643 migraverint,
3376 2572 3581 2642 quandiu
3624 2568 3696 2638 ipsi

2185 2665 2435 2718 monachi
2465 2663 2605 2718 inter
2627 2680 2686 2719 se
2715 2664 2850 2720 tales
2878 2664 3127 2719 invenire
3155 2664 3437 2734 potuerint,
3469 2664 3547 2732 qui
3568 2663 3695 2731 ipsam

2184 2755 2658 2826 congregationem
2691 2756 2986 2811 secundum
3018 2756 3265 2828 regulam
3292 2755 3454 2811 sancti
3480 2751 3694 2807 Benedicti

2185 2861 2370 2916 regere
2416 2845 2648 2912 valeant,
2681 2861 2778 2916 per
2807 2847 2948 2900 hanc
2993 2855 3241 2900 nostram
3296 2846 3624 2900 auctoritatem
3657 2850 3695 2894 ct

2185 2949 2507 2989 consensum
2536 2935 2809 2988 licentiam
2833 2934 3071 2989 habeant
3099 2935 3331 3006 eligendi
3352 2935 3573 2995 abbales,
3599 2944 3695 2999 qua-

2186 3034 2342 3080 tenus
2383 3026 2515 3095 ipsis
2544 3026 2718 3080 servis
2747 3026 2842 3080 Dei
2878 3025 2971 3094 qui
3008 3025 3213 3080 ibidem
3244 3025 3349 3080 Deo
3383 3023 3605 3078 famulare
3640 3019 3695 3072 ri-

498 3099 722 3166 Christi,
759 3099 1065 3155 Ludovicus
1087 3100 1267 3154 divina
1293 3101 1582 3157 ordinante
1601 3103 1947 3172 providentia
1979 3106 2080 3159 im—
2108 3090 2152 3152 C
2185 3090 2530 3183 demum-pro
2560 3110 2736 3177 nobis;
2776 3090 3004 3183 conj-age
3030 3113 3291 3184 proleque
3319 3122 3506 3175 nostra,
3547 3117 3591 3162 ei
3614 3115 3673 3160 sta

495 3200 720 3262 perator
743 3190 1033 3262 Augustus.
1724 3237 1727 3239 _

571 3279 881 3350 Gomperiat
923 3281 1132 3336 interea
1175 3282 1418 3336 omnium
1455 3282 1698 3338 ﬁdelium
1743 3293 2079 3350 nostrorum,

496 3373 850 3445 praesentium
878 3371 1086 3428 scilicet
1127 3383 1186 3428 et
1231 3372 1820 3441 futurorum-solertia,
1847 3377 2085 3447 qualiter

497 3465 703 3520 Dexter
731 3463 898 3518 abbas
926 3478 990 3518 ex
1030 3467 1360 3521 monasterio
1409 3475 1432 3503 α
1481 3466 1793 3534 Duserensi,
1835 3469 1978 3538 quod
2004 3477 2088 3524 est

498 3570 869 3616 constructum
909 3562 963 3616 in
1011 3561 1216 3618 honore
1265 3569 1464 3616 sancta:
1521 3560 1702 3616 Mariae
1751 3561 1984 3634 virginis
2030 3569 2089 3617 et

499 3655 673 3707 sancti
699 3651 843 3707 Petri
859 3661 914 3708 et
932 3653 1162 3707 aliorum
1185 3660 1497 3706 sanctorum
1523 3651 1575 3705 in
1603 3651 1889 3708 territorio
1918 3651 2086 3706 Arau—

498 3743 636 3806 sico,
668 3743 890 3798 veniens
911 3743 979 3798 ad
1001 3758 1120 3808 nos,
1145 3740 1336 3797 detulit
1368 3741 1524 3797 nobis
1549 3750 1878 3813 praeceptum
1907 3741 2084 3797 Caroli

499 3833 834 3888 serenissimi
863 3833 1205 3904 imperatoris
1233 3833 1494 3904 genitoris
1515 3833 1711 3898 nostri,
1742 3835 1796 3888 in
1820 3849 1927 3905 quo
1957 3849 2086 3890 con-

500 3923 776 3976 tinebatur
805 3922 1038 3993 qualiter
1067 3923 1244 3992 ipsum
1291 3923 1490 3987 locum,
1537 3924 1628 3992 qui
1663 3931 1786 3979 erat
1843 3925 1913 3979 de
1962 3941 2084 3995 pro-

498 4013 732 4084 prietate
761 4013 859 4068 soli
897 4012 1032 4082 eius,
1066 4015 1134 4068 ad
1172 4015 1420 4068 eumdem
1449 4013 1640 4088 [idem]
1692 4017 2083 4072 monasterium

502 4103 924 4158 construendum
950 4103 1192 4160 Norlidio
1211 4106 1393 4161 abbati
1419 4106 1503 4160 vel
1526 4105 1645 4174 eius
1679 4108 2084 4162 successoribus

504 4203 848 4249 concesserat
888 4203 1049 4263 atque
1090 4197 1366 4264 perpetuis
1397 4195 1732 4265 temporibus
1786 4196 1854 4250 ad
1881 4196 2082 4251 haben-

505 4283 632 4336 dum
681 4283 1114 4338 conﬁrmaverat.
1167 4285 1274 4340 Sed
1326 4294 1656 4341 memoratus
1690 4286 1828 4340 abba
1864 4293 1919 4342 et
1966 4285 2083 4355 eius

507 4373 858 4444 congregatio
880 4373 1153 4444 petierunt
1172 4375 1546 4430 celsitudinem
1571 4385 1832 4442 nostram,
1857 4384 1916 4430 ut
1939 4377 2082 4446 ipsas

504 4479 598 4520 res
621 4480 747 4520 cum
772 4465 1020 4521 omnibus
1053 4468 1382 4538 appendiciis
1409 4469 1494 4523 vel
1523 4468 1840 4537 adiacentiis
1867 4485 2077 4532 earum,

447 4585 456 4594 -
507 4555 577 4610 ad
605 4556 776 4626 ipsam
811 4555 1097 4613 ecclesiam
1129 4560 1198 4614 ad
1219 4574 1404 4615 eorum
1433 4559 1756 4629 supplendas
1785 4559 2082 4614 necessita-

505 4655 606 4705 tes,
663 4659 731 4700 ex
790 4655 975 4701 nostra
1022 4650 1363 4713 auctoritate,
1411 4664 1510 4719 pro
1566 4649 1834 4704 mercedis
1884 4658 2084 4704 nostras

507 4744 797 4805 augmento
841 4736 1283 4793 conﬁrmaremus
1326 4756 1340 4792 :
1384 4746 1439 4793 et
1473 4739 1580 4793 tale
1627 4748 1954 4808 praeceptum
2004 4741 2086 4795 eis

506 4825 628 4880 ﬁeri
667 4826 1000 4896 iuberemus,
1049 4844 1145 4898 per
1178 4829 1320 4898 quod
1361 4837 1690 4884 memoratas
1733 4846 1821 4883 res
1858 4839 1914 4884 et
1949 4830 2082 4886 alias

507 4930 629 4984 quae
660 4931 691 4970 a
717 4916 884 4970 Deum
909 4916 1224 4972 timentibus
1251 4919 1318 4972 ad
1346 4918 1596 4972 eumdem
1627 4927 1875 4973 sanctum
1904 4919 2082 4976 locum

507 5006 718 5063 collata:
743 5016 890 5072 sunt,
917 5008 1099 5078 quiete
1124 5009 1345 5073 habere,
1373 5017 1534 5078 atque
1563 5011 1841 5079 perpetuis
1871 5019 2084 5081 tempo-

508 5098 662 5154 ribus
709 5100 916 5168 absquc
964 5097 1191 5167 alicujus
1237 5100 1623 5174 contrarietate
1673 5102 1954 5170 possidere
1990 5119 2086 5156 va-

510 5199 703 5244 rcrcnt.
732 5189 972 5258 Quorum
1011 5189 1331 5259 petitionem
1363 5190 1631 5259 denegare
1660 5189 1959 5255 noluimus;
1990 5192 2084 5247 sed

511 5275 568 5335 in
607 5283 854 5338 omnibus
903 5282 979 5337 ita
1019 5281 1338 5352 praestitisse
1372 5279 1455 5334 vel
1493 5279 1845 5336 confirmasse
1889 5287 2087 5353 c‘ogno-

585 5428 610 5456 ι
641 5416 777 5472 Male
806 5417 1090 5472 indictione
1126 5417 1192 5471 i0
1219 5416 1359 5485 apud
1392 5414 1792 5485 Mabillouium”
1829 5414 1921 5484 qui
1953 5412 2083 5467 illud

514 5485 750 5556 diploma
800 5487 966 5542 edidit
1025 5487 1078 5540 in
1131 5483 1282 5542 Actis
1347 5484 1449 5540 SS.
1504 5484 1710 5540 ordinis
1772 5483 2080 5540 SyBened.

513 5569 640 5626 διες.
669 5574 743 5620 1v,
764 5567 916 5626 parte
941 5575 978 5620 ι,
1006 5573 1128 5626 pag.
1157 5558 1244 5612 90.

593 5625 622 5663 δ
651 5623 958 5693 Jam'igitur
984 5623 1299 5681 Guillelmus
1323 5626 1618 5681 monachus
1641 5633 1756 5678 erat
1786 5640 1928 5678 anno
1958 5623 2081 5686 807;

521 5701 687 5762 atque
715 5697 832 5747 ideo
859 5695 969 5760 eius
1006 5698 1490 5751 monachatusnon
1531 5704 1611 5748 cst
1660 5693 1984 5749 differendus
2029 5693 2082 5747 in

2185 3203 2391 3258 bilitate
2416 3205 2582 3258 totius
2607 3204 2821 3273 imperii
2847 3203 3020 3258 nostri
3043 3219 3074 3256 a
3099 3204 3213 3258 Deo
3235 3203 3382 3258 nobis
3408 3198 3613 3257 concessi
3633 3194 3691 3248 vel

2185 3296 2559 3360 conservandi,
2599 3294 2806 3364 iugiter
2829 3295 3043 3349 Domini
3079 3295 3491 3350 misericordiam
3518 3300 3691 3345 exorare

2185 3385 2500 3440 delectetur.
2540 3386 2606 3440 Et
2643 3393 2702 3439 ut
2728 3385 2846 3439 haec
2889 3385 3190 3439 auctoritas
3218 3383 3410 3439 nostris
3453 3379 3689 3444 futurisque

2185 3473 2516 3544 temporibus
2569 3473 2760 3529 melius
2821 3472 3139 3528 inconvulsa
3189 3482 3536 3534 conservetur,
3574 3477 3688 3521 manu

2183 3565 2403 3635 propria
2452 3565 2888 3635 subscripsimus,
2925 3572 2980 3619 et
3017 3564 3085 3620 de
3136 3564 3334 3620 annulo
3366 3570 3534 3618 nostro
3553 3557 3688 3613 subter

2185 3656 2420 3726 sigillare
2441 3656 2722 3726 iussimus.

2257 3745 2481 3816 Signum
2507 3746 2766 3800 Ludovici
2797 3744 3138 3800 serenissimi
3171 3741 3511 3814 imperatoris.

2256 3835 2572 3889 Helisaehar
2599 3835 2886 3905 recognovi
2917 3842 2973 3888 et
2995 3833 3312 3904 subscripsi.

2256 3928 2391 3982 Data
2420 3927 2595 3996 pridie
2625 3927 2894 3982 Kalendas
2920 3924 3136 3992 Junias,
3165 3942 3306 3980 anno
3342 3925 3500 3994 primo
3529 3915 3687 3973 Christo

2185 4017 2419 4087 propitio
2453 4017 2666 4087 imperii
2689 4017 2898 4081 nostri,
2935 4015 3233 4070 indictione
3259 4015 3310 4067 7.
3343 4013 3516 4067 Actum
3546 4003 3671 4073 Aquis

2185 4107 2336 4175 grani
2367 4106 2568 4176 palatio
2599 4107 2749 4177 regio
2772 4106 2826 4160 in
2857 4105 2953 4161 Dei
2981 4107 3202 4160 nomine
3228 4103 3462 4159 feliciter.
3485 4097 3636 4150 Amen.

2255 4381 2356 4421 uno
2393 4379 2729 4420 IONAS'I'ERIO
2763 4378 2952 4419 sA-rtcrt
2991 4376 3236 4416 anulum
3278 4361 3635 4414 suspectum-

2795 4495 2968 4567 (Anno
3002 4493 3153 4566 8M.)

2187 4627 2364 4699 [Apud
2409 4628 2471 4682 D.
2517 4626 2803 4699 Bouquet.,
2827 4626 3162 4699 ibid.,_pag.,
3201 4622 3435 4699 4583;);
3456 4613 3607 4673 Bestia
3645 4609 3682 4662 in

2594 4691 2823 4768 Regibus
2871 4691 3224 4767 Aquii.,'pag.
3255 4691 3360 4764 17.]

2258 4829 2315 4882 lu
2355 4826 2570 4882 nomine
2599 4825 2814 4881 Domini
2857 4824 2953 4878 Dei
2980 4832 3035 4879 et
3081 4822 3370 4878 Salvatoris
3408 4813 3557 4871 nostri
3591 4807 3682 4862 lestl

2188 4917 2410 4982 Christi,
2441 4915 2743 4971 Ludovicus
2767 4914 2950 4970 divina
2978 4913 3264 4969 ordinante
3294 4900 3590 4979 providentia
3611 4896 3682 4949 im‘

2187 5017 2405 5077 perator
2444 5009 2735 5078 Augustus.
3579 5076 3589 5082 Α
3639 5071 3648 5082 .

2260 5099 2458 5154 Notum
2499 5076 2570 5153 sit
2596 5097 2847 5152 omnibus
2890 5095 3134 5151 fidelibus
3159 5100 3354 5148 sanctze
3377 5086 3462 5141 Dei
3487 5076 3683 5137 Eccleﬁia

2191 5207 2255 5246 ac
2279 5190 2482 5245 nostris
2521 5188 2874 5260 praesentibus
2922 5187 3132 5242 scilicet
3156 5193 3210 5240 et
3237 5181 3439 5242 futuris,
3467 5175 3573 5247 quia
3599 5165 3682 5238 Ρ¹³⁸

2189 5282 2303 5337 cuit
2326 5281 2478 5336 nobis
2498 5295 2596 5350 pro
2621 5279 2887 5335 mercedis
2914 5289 3113 5334 nostra:
3141 5280 3418 5347 augmento
3435 5269 3493 5323 ad
3513 5268 3676 5318 moues.

2191 5427 2389 5467 annum
2426 5421 2764 5483 sequentem,
2792 5419 2856 5466 ut
2900 5410 3111 5465 Cointio
3152 5409 3322 5484 visum
3361 5411 3453 5484 est.

2190 5499 2259 5538 no
2304 5484 2409 5539 806
2438 5467 2855 5552 consignandus,
2903 5494 3170 5552 anonymo
3202 5478 3332 5530 Viue
3352 5473 3456 5542 eius
3482 5467 3675 5531 scripwﬂ

2190 5561 2242 5606 ct
2270 5554 2525 5610 Oraierico
2546 5550 3003 5623 suﬂ‘ragante_ltoc
3016 5550 3324 5623 diplomate.

2262 5638 2281 5663 σ
2315 5623 2483 5695 Vulgo
2521 5620 2755 5677 Demere
2783 5623 2849 5676 ad
2876 5620 3209 5677 Rhodanum.
