3940 6180
305 235 412 294 935
1433 216 1827 290 btrLouATA
1865 216 2416 288 ECCLESIASTICAL
3446 242 3550 301 936

306 355 505 410 teriam
544 362 570 392 ι
599 348 658 407 S.
691 346 937 406 Severini
962 362 1128 422 prope
1157 348 1352 412 urbem
1377 345 1879 419 Burdegalensium,
1906 345 1962 406 Α
1987 343 2130 399 tibus
2161 345 2404 401 hostibus
2448 346 2730 418 ignemque
2777 350 3216 412 submittentibus
3239 394 3255 421 ,
3305 357 3549 427 quaedam

301 441 490 496 villam
506 455 626 511 qua:
648 439 842 496 dicitur
864 438 1132 503 Miscaria,
1161 438 1218 498 in
1238 453 1377 509 pago
1399 435 1692 494 Santonico
1715 449 1878 505 super
1977 441 2276 489 strumenta
2295 435 2604 491 chartarum
2639 451 2737 508 per
2781 456 2900 509 qua:
2925 457 3080 514 reges
3105 445 3413 516 reginaeque
3432 487 3446 511 ,
3496 459 3552 504 et

301 531 522 587 fluvium
546 529 875 586 Garumnam
904 530 1086 595 sitam,
1116 544 1240 590 cum
1275 528 1526 588 omnibus
1551 526 1877 599 appenditiis
1974 521 2156 578 ueteri
2178 524 2523 592 quamplures
2554 527 2805 582 catholici
2843 531 2944 585 viri
2974 546 3060 587 res
3101 542 3261 602 atque
3282 538 3548 607 mancipia

299 622 436 689 suis,
475 621 544 676 ad
569 620 995 692 supplementum
1037 619 1266 675 fratrum
1295 621 1351 675 in
1392 618 1876 691 ipso-monasterio

298 713 711 768 consistentium
752 712 1009 778 reddere;
1040 719 1200 781 atque
1228 721 1288 767 ut
1309 711 1587 782 perpetuis
1614 710 1874 781 tempori-

297 804 400 858 bus
425 803 606 872 quiete
631 802 776 858 illam
803 817 930 871 pars
952 802 1194 871 praedicti
1216 802 1532 858 monasterii
1557 801 1760 856 habere
1789 816 1876 856 va-

297 892 426 959 leat,
451 910 548 976 per
571 893 670 950 has
697 903 894 950 nostra:
919 896 1259 950 auctoritatis
1287 895 1499 951 litteras
1519 895 1866 954 confirmare.

295 981 528 1038 Proinde
571 985 674 1040 hoc
701 991 1027 1053 praeceptum
1055 993 1292 1039 nostrum
1321 983 1438 1038 ﬁeri
1481 983 1560 1040 eis
1587 984 1868 1054 jussimus,

293 1086 394 1142 per
422 1074 565 1142 quod
585 1073 794 1127 cunctis
819 1072 1064 1128 ﬁdelibus
1091 1082 1291 1129 sancta:
1325 1073 1427 1128 Dei.
1455 1072 1698 1128 ecclesiae
1731 1087 1871 1142 pras-

295 1161 540 1217 sentibus
582 1169 636 1216 et
678 1160 873 1218 futuris
922 1172 1112 1218 notum
1164 1162 1414 1228 facimus,
1462 1171 1524 1217 ut
1553 1162 1868 1232 praedictam

294 1253 476 1317 villam
504 1267 626 1307 cum
656 1252 905 1308 omnibus
933 1253 1256 1324 appenditiis
1285 1254 1398 1309 suis
1422 1253 1504 1310 vel
1527 1252 1865 1325 adjacentiis,

295 1358 418 1398 cum
445 1341 708 1406 domibus,
736 1341 1001 1409 aediliciis,
1032 1344 1212 1410 terris,
1248 1343 1441 1412 vineis,
1471 1343 1664 1412 pratis,
1696 1339 1863 1406 silvis,

293 1432 530 1504 pascuis,
570 1432 745 1500 aquis,
781 1421 1044 1501 aquaruin
1087 1434 1425 1500 decursibus,
1467 1433 1725 1504 quidquid
1766 1433 1868 1488 ibi-

294 1521 414 1578 dem
456 1524 577 1594 jure
617 1522 888 1590 pertinere
921 1522 1151 1587 videtur,
1188 1531 1363 1578 totum
1391 1530 1447 1579 et
1481 1523 1752 1592 integrum
1781 1521 1864 1577 vel

293 1610 676 1681 inexquisitum
729 1625 828 1681 per
880 1611 1022 1666 hanc
1074 1619 1317 1667 nostram
1373 1613 1748 1667 auctoritatem
1797 1611 1866 1666 ad

1975 610 2215 666 ecclesia:
2263 613 2317 666 in
2360 613 2564 669 honore
2617 614 2815 672 Christi
2862 629 3164 692 martyrum
3200 622 3444 679 Gervasii
3497 637 3552 682 et

1971 701 2204 760 Protasii
2231 713 2575 772 constructae,
2615 709 2703 764 cui
2739 719 2959 767 auctore
2988 714 3099 769 Deo
3147 715 3262 784 ipse
3313 728 3544 785 praeest,

1971 794 2332 861 contulerant,
2349 796 2479 851 olim
2502 808 2690 854 exusta
2719 800 2802 855 vel
2825 813 3168 858 concremata
3189 804 3424 870 fuerint;
3451 823 3549 877 per

1971 900 2107 954 quas
2135 887 2300 942 etiam
2355 891 2710 947 auctoritates
2744 908 2852 948 non
2904 893 3076 950 solum
3124 897 3548 966 praedecessores

1971 976 2074 1044 sui,
2106 985 2340 1033 rectores
2365 980 2616 1037 videlicet
2644 983 2812 1053 ipsius
2838 986 3100 1051 ecclesiae,
3124 988 3218 1042 sed
3240 988 3404 1042 etiam
3434 989 3546 1058 ipse

1971 1065 2025 1120 in
2044 1068 2381 1136 postmodum
2411 1071 2626 1125 easdem
2668 1088 2758 1126 res
2781 1073 2866 1128 vel
2893 1074 3182 1145 mancipia,
3219 1091 3339 1146 qua:
3364 1075 3418 1130 in
3441 1077 3545 1130 eis-

1971 1155 2090 1212 dem
2112 1172 2230 1226 quze
2256 1168 2445 1215 exusta
2458 1159 2674 1218 fuerunt
2702 1165 3037 1232 strumentis,
3064 1167 3208 1236 juste
3227 1175 3282 1222 et
3302 1167 3547 1237 legaliter

1969 1253 2024 1298 et
2049 1261 2239 1303 secure
2277 1265 2341 1304 ac
2373 1252 2553 1320 quiete
2577 1252 2839 1308 hactenus
2865 1263 3150 1310 tenuerant
3181 1271 3245 1310 ac
3295 1257 3540 1326 possede-

1970 1344 2108 1400 rant,
2139 1352 2236 1392 ceu
2267 1340 2535 1409 firmitatis
2579 1344 2756 1398 studio
2800 1345 3076 1416 serenitati
3104 1354 3300 1400 nostrae
3342 1354 3401 1400 ut
3425 1362 3544 1402 eas-

1969 1425 2090 1479 dem
2117 1429 2465 1484 auctoritates
2488 1438 2672 1486 nostra
2704 1432 3045 1488 firmaremus
3066 1435 3408 1489 auctoritate.
3432 1434 3542 1492 Nos

1969 1514 2148 1585 itaque
2202 1520 2500 1588 perspectis
2547 1521 2748 1576 eisdem
2793 1524 3237 1590 auctoritatibus,
3271 1539 3371 1594 pro
3401 1541 3544 1582 mer-

1969 1606 2116 1661 cedis
2164 1617 2364 1664 nostrae
2393 1621 2700 1681 augmento,
2715 1613 2871 1668 libuit
2897 1616 3054 1670 nobis
3081 1616 3293 1686 praefati
3319 1633 3543 1676 venera-
3629 1632 3632 1634 ·

292 1704 468 1774 ipsum
495 1703 882 1762 monasterium
907 1710 1202 1772 agnoscant
1227 1717 1258 1756 a
1283 1703 1438 1758 nobis
1457 1718 1577 1757 esse
1600 1701 1868 1771 redditum
1896 1672 1946 1736 Β
1968 1695 2092 1753 bilis
2119 1699 2220 1754 viri
2245 1701 2591 1768 petitionibus
2621 1718 2880 1770 annuere,
2908 1712 2964 1759 et
2998 1672 3200 1762 eisdem
3249 1709 3542 1763 auctorita-

294 1804 458 1863 atque
495 1793 897 1848 confirmatum.
927 1791 1310 1862 Praecipientes
1347 1806 1476 1862 ergo
1510 1790 1764 1860 jubemus
1807 1799 1869 1845 ut

291 1883 468 1938 nullus
511 1883 736 1951 quilibet
759 1882 825 1936 de
860 1881 1134 1951 praedictis
1162 1883 1346 1946 rebus,
1371 1896 1508 1950 quas
1551 1881 1706 1936 nobis
1730 1894 1868 1949 prae-

293 1971 406 2028 fato
439 1973 768 2027 monasterio
814 1971 1051 2032 reddere,
1089 1980 1249 2042 atque
1292 1969 1615 2026 confirmare
1642 1967 1862 2039 placuit,

289 2065 495 2134 aliquid
525 2065 840 2120 abstrahere
868 2072 961 2120 aut
989 2062 1184 2132 injuste
1215 2063 1480 2128 minuere,
1508 2070 1599 2118 aut
1629 2061 1866 2132 aliquam

291 2156 734 2212 contrarietatem
777 2153 974 2220 facere,
1026 2154 1110 2209 vel
1154 2153 1422 2223 injustam
1457 2151 1865 2208 resultationem

289 2243 490 2300 inferre
539 2252 742 2298 tentet:
791 2240 897 2297 Sed
924 2241 1087 2314 liceat
1120 2241 1267 2312 ipsas
1294 2256 1383 2297 res
1416 2248 1748 2296 memoratas
1774 2254 1865 2296 ec-

287 2334 470 2389 clesiae
496 2333 792 2402 possidere,
821 2341 983 2401 atque
1016 2345 1116 2400 pro
1153 2331 1404 2388 omnibus
1442 2329 1774 2399 temporibus
1797 2327 1865 2382 ad

287 2422 615 2492 stipendium
658 2420 888 2474 fratrum
925 2418 1121 2474 ibidem
1164 2419 1277 2474 Deo
1305 2416 1681 2472 famulantium
1707 2415 1866 2485 proii-

289 2523 434 2565 cere.
476 2509 543 2562 Et
587 2507 762 2562 nullus
784 2522 902 2562 eam
934 2506 1071 2580 [eas]
1101 2507 1298 2561 exinde
1322 2507 1432 2560 ullo
1458 2520 1696 2575 unquam
1733 2511 1866 2559 tem-

285 2619 420 2675 pore
466 2603 780 2658 abstrahere
817 2602 1039 2666 nitatur,
1089 2601 1134 2656 si
1174 2599 1461 2655 Dominum
1499 2598 1617 2653 vult
1665 2598 1864 2654 habere

285 2693 600 2766 propitium.
645 2691 835 2747 Nullus
881 2706 1118 2761 unquam
1149 2687 1316 2757 judex
1356 2689 1606 2760 publicus
1645 2688 1700 2742 in
1728 2703 1865 2758 pra:-

284 2786 443 2842 dictis
465 2787 626 2841 rebus
647 2786 714 2839 ad
736 2799 927 2840 causas
953 2781 1267 2847 audiendas,
1293 2781 1379 2837 vel
1402 2779 1553 2836 freda
1577 2779 1858 2851 exigenda,

286 2885 381 2931 aut
407 2876 718 2931 mansiones
738 2874 824 2929 vel
847 2880 1064 2944 paratas
1089 2871 1383 2937 faciendas,
1414 2871 1500 2926 vel
1521 2869 1862 2937 fidejussores

1969 1785 2112 1841 tibus
2146 1787 2287 1843 hanc
2335 1804 2550 1859 quoque
2578 1799 2816 1847 nostram
2859 1791 3089 1862 iungere
3128 1795 3540 1862 auctoritatem,

1964 1891 2064 1948 per
2084 1893 2244 1947 quam
2265 1877 2518 1948 jubemus
2555 1890 2716 1952 atque
2757 1883 3099 1952 praecipimus
3122 1891 3182 1938 ut
3225 1898 3412 1940 omnes
3453 1901 3542 1941 res

1965 1965 2050 2022 vel
2093 1969 2358 2039 mancipia
2390 2009 2406 2036 ,
2459 1987 2579 2042 qua:
2615 1987 2685 2026 ex
2730 1972 3048 2028 liberalitate
3103 1973 3277 2030 eidem
3322 1975 3541 2032 collata:

1963 2053 2168 2114 fuerint
2196 2061 2455 2127 ecclesiae,
2484 2063 2686 2118 nostris
2733 2072 2789 2118 et
2829 2062 3024 2120 futuris
3048 2066 3380 2136 temporibus
3440 2082 3538 2136 per

1963 2149 2105 2206 hanc
2131 2159 2371 2208 nostram
2393 2153 2773 2208 auctoritatem
2810 2154 3070 2224 praefatus
3089 2154 3305 2211 Franco
3332 2155 3540 2225 episco-

1961 2258 2063 2316 pus
2083 2259 2529 2317 successoresque
2554 2248 2638 2303 sui
2669 2249 2873 2317 absque
2902 2248 3014 2303 ulla
3041 2248 3414 2318 inquietudine
3455 2248 3537 2304 vel

1962 2333 2163 2403 injusta
2201 2335 2630 2405 interpellatione
2670 2337 2850 2406 quiete
2882 2345 2938 2391 et
2991 2350 3182 2391 secure
3230 2337 3431 2392 habere
3454 2336 3540 2390 vel

1961 2425 2238 2494 possidere
2260 2424 2491 2480 valeant.
2515 2425 2670 2492 Quod
2691 2425 2738 2480 si
2763 2424 2902 2479 forte
2939 2439 3100 2493 super
3127 2424 3331 2479 eisdem
3376 2425 3538 2479 rebus

1962 2521 2086 2568 ante
2117 2513 2397 2584 praefatam
2421 2515 2755 2570 exustionem
2779 2529 2810 2568 a
2843 2513 3080 2585 praelatis
3109 2513 3278 2582 ipsius
3303 2512 3542 2569 civitatis

1955 2599 2079 2672 jure
2099 2603 2368 2671 possessis
2392 2603 2620 2672 quaestio
2647 2609 2768 2658 orta
2815 2601 3011 2667 fuerit,
3054 2609 3115 2656 ut
3140 2615 3240 2672 pro
3268 2601 3346 2656 eis
3366 2601 3539 2656 disce-

1959 2698 2114 2762 ptare
2141 2707 2363 2748 necesse
2395 2694 2504 2760 sit;
2554 2693 2629 2747 ita
2650 2707 2750 2762 per
2799 2692 2943 2748 hanc
2981 2699 3224 2746 nostram
3253 2692 3542 2747 auctoritr

1961 2795 2070 2841 tem
2105 2783 2320 2842 easdem
2351 2799 2439 2839 res
2464 2791 2521 2839 et
2568 2783 2834 2852 mancipia
2860 2782 3029 2854 ipsius
3083 2781 3324 2837 ecclesia:
3356 2779 3540 2836 defen-

1960 2875 2174 2939 dantur,
2210 2874 2367 2929 sicuti
2390 2887 2486 2944 per
2519 2874 2708 2930 eadem
2734 2881 3067 2936 stramenta,
3106 2873 3152 2926 si
3187 2871 3295 2943 igni
3336 2887 3540 2926 assum-

287 2966 571 3031 tollendos,
606 2974 698 3020 aut
717 2965 962 3019 homines
989 2963 1158 3035 ipsius
1177 2962 1420 3018 ecclesiae
1444 2961 1855 3034 distringendos,
1884 3006 1929 3071 Ο
1958 2973 2052 3035 pta
2087 2980 2193 3020 non
2217 2963 2466 3030 fuissent,
2491 2963 2700 3034 legibus
2748 2963 2964 3019 defendi
3009 2970 3316 3033 potuerant.
3362 2962 3429 3015 Et
3478 2971 3538 3016 ut

286 3065 379 3112 aut
401 3056 534 3111 ullas
566 3054 950 3126 redhibitiones
979 3062 1072 3107 aut
1094 3053 1307 3108 illicitas
1337 3052 1650 3108 occasiones
1675 3051 1858 3120 requi-
1885 3049 1929 3071 “‘
1959 3054 2074 3108 haec
2099 3054 2395 3109 auctoritas
2427 3053 2633 3108 firmior
2660 3053 2955 3118 habeatur,
3002 3059 3058 3106 et
3103 3052 3158 3104 in
3189 3049 3368 3104 futura
3405 3057 3538 3103 tem-

286 3149 480 3204 rendas
508 3147 714 3218 ingredi
740 3147 953 3212 audeat,
976 3145 1058 3201 vel
1079 3155 1332 3202 exaCtare
1357 3151 1676 3214 praesumat;
1705 3143 1776 3199 ita
1799 3151 1859 3200 ut

284 3239 370 3294 hze
406 3238 597 3292 futuris
639 3237 971 3307 temporibus
999 3237 1161 3292 salvae
1199 3245 1254 3290 et
1282 3235 1461 3290 illaesa:
1487 3250 1585 3304 per
1611 3245 1855 3291 nostram
1903 3308 1908 3312 ι

285 3329 652 3384 defensionem
701 3329 847 3383 omni
878 3338 1118 3398 tempore
1149 3327 1445 3398 persistere
1467 3326 1698 3384 valeant.
1731 3325 1858 3381 Haec

282 3436 414 3474 vero
456 3419 750 3474 auctoritas
803 3426 862 3472 ut
914 3418 1115 3474 nostris
1175 3417 1480 3487 futurisque
1526 3414 1857 3486 temporibus

282 3507 479 3565 melius
509 3508 778 3572 credatur,
808 3515 863 3562 et
895 3523 924 3562 a
961 3507 1208 3562 fidelibus
1237 3514 1437 3562 sancta
1467 3505 1562 3560 Dei
1603 3504 1858 3560 Ecclesia!

284 3607 338 3654 et
365 3615 392 3653 a
431 3600 631 3654 nostris
660 3597 1040 3653 inviolabiliter
1064 3597 1419 3660 custodiatur,
1450 3611 1612 3650 manu
1641 3594 1858 3663 propria

283 3693 723 3762 subscripsimus.
753 3699 808 3745 et
840 3690 905 3745 de
936 3688 1134 3743 annulo
1163 3696 1350 3742 nostro
1389 3685 1575 3740 subter
1597 3683 1858 3751 jussimus

282 3783 529 3854 sigillari.

355 3872 577 3942 Signum
603 3869 857 3924 Ludovici
890 3866 1224 3923 serenissimi
1249 3863 1613 3935 imperatoris.

352 3963 473 4017 Dat.
508 3978 539 4014 v
564 3960 688 4016 ldus
718 3958 866 4025 Julii,
895 3974 1037 4012 anno
1085 3959 1108 4011 l
1136 3957 1352 4013 Christo
1379 3955 1616 4026 pr0pitio
1647 3953 1854 4024 imperii

282 4053 478 4114 nostri,
513 4049 806 4105 indictione
833 4048 883 4100 7.
915 4046 1108 4102 Actum
1134 4045 1458 4116 Aquisgrani
1487 4043 1686 4115 palatio
1711 4043 1860 4115 regio

285 4144 337 4196 in
368 4142 460 4196 Dei
499 4143 715 4196 nomine
750 4137 1000 4193 feliciter.
1030 4137 1220 4190 Amen.

1026 4227 1092 4282 Vl
1101 4267 1114 4280 .

669 4335 767 4375 PRO
801 4332 1046 4373 ECCLESIA
1086 4331 1472 4372 CENOHANENSI.

901 4408 1073 4478 (Anno
1099 4405 1248 4477 8M.)

461 4500 644 4573 [Apud
673 4498 896 4562 Mabill.,
929 4497 1166 4552 Analect.
1208 4505 1328 4560 uet.,
1370 4511 1488 4568 pag.
1517 4495 1678 4568 296.]

355 4590 411 4647 In
441 4592 653 4646 nomine
681 4589 888 4644 Domini
913 4587 1009 4642 Dei
1035 4587 1334 4642 Salvatoris
1367 4588 1534 4642 nostri
1556 4584 1679 4643 Jesu
1701 4585 1856 4642 Chri-

281 4683 376 4748 sti,
390 4681 689 4737 Ludovicus
710 4680 887 4734 divina
910 4679 1194 4733 ordinante
1206 4677 1537 4748 providentia
1562 4679 1854 4748 imperator

278 4773 568 4826 Augustus.

354 4788 568 4842 Igustus.

354 4859 572 4914 Noverit
615 4858 878 4929 sagacitas
909 4872 1002 4912 seu
1054 4854 1316 4911 industria
1344 4853 1580 4910 fidelium
1610 4857 1850 4912 omnium

279 4959 606 5011 nostrorum,
637 4957 744 5002 tam
791 4946 1134 5017 praesentium
1165 4960 1326 5018 quam
1356 4952 1412 4998 et
1440 4942 1764 5008 futurorum,
1791 4959 1856 5000 eo

280 5039 424 5110 quod
451 5038 535 5092 vir
573 5036 896 5092 venerabilis
921 5035 1131 5090 France
1159 5034 1533 5090 Cenomanicze
1568 5033 1717 5088 urbis
1745 5033 1858 5103 epi-

280 5143 477 5197 scopus
498 5127 688 5182 obtulit
721 5126 1000 5182 serenitati
1045 5135 1242 5180 nostra:
1271 5125 1529 5196 quasdam
1568 5124 1858 5178 auctorita-

279 5227 363 5273 tes
376 5217 832 5286 praedecessorum
854 5222 1191 5282 nostrorum,
1215 5231 1400 5286 regum
1416 5215 1663 5286 videlicet
1688 5213 1855 5269 Fran-

280 5322 492 5371 corum,
528 5306 582 5361 in
619 5307 816 5376 quibus
871 5305 1286 5360 continebantur
1336 5303 1479 5374 quod
1522 5304 1719 5373 partim
1764 5319 1854 5358 ne-

283 5399 537 5471 gligentia
563 5397 954 5454 ineuriosorum
981 5395 1282 5460 hominum,
1309 5394 1507 5464 partim
1533 5391 1854 5462 depopulan-

1882 4337 1934 4397 D

1956 3158 2088 3214 pora
2114 3151 2485 3208 conservetur,
2514 3157 2677 3198 manu
2723 3143 2938 3212 propria
2991 3139 3408 3212 subscripsimus
3429 3178 3444 3204 ,
3485 3146 3540 3193 et

1958 3235 2140 3292 annuli
2168 3233 2335 3289 nostri
2366 3233 2718 3302 impressione
2747 3232 3100 3302 signavimus.

2030 3327 2252 3395 Signum
2279 3324 2536 3380 Ludovici
2571 3324 2899 3382 serenissimi
2922 3321 3284 3392 imperatoris.

2027 3416 2164 3474 Data
2188 3432 2285 3470 xui
2315 3415 2540 3471 Kalend.
2565 3413 2918 3483 Septembris,
2946 3427 3090 3468 anno
3120 3413 3143 3466 l
3172 3410 3386 3468 Christo
3409 3424 3535 3481 pro-

1956 3505 2090 3575 pitio
2152 3505 2365 3576 imperii
2427 3504 2642 3570 nostri,
2696 3504 2990 3558 indictione
3035 3503 3282 3571 septima.
3339 3501 3534 3556 Actum

1956 3594 2279 3663 Aquisgrani
2318 3593 2520 3662 palatio
2561 3601 2746 3648 nostro
2792 3593 2849 3647 in
2880 3591 2975 3645 Dei
3029 3591 3246 3644 nomine
3285 3590 3533 3644 feliciter.

1958 3682 2153 3737 Amen.
2768 3700 2774 3705 ”

2695 3769 2799 3823 VII.

2319 3877 2420 3918 PRO
2457 3875 2755 3916 ANISOLENSI
2793 3875 3142 3917 IONASTERIO.

2575 3949 2747 4021 {Anno
2774 3950 2924 4018 814.)

1962 4043 2137 4120 [Apud
2166 4045 2232 4120 D._
2249 4041 2915 4120 ΔΒοιιίιιιεξῐη-ζίρεριιςιὶι,ιιεις
2963 4041 3112 4103 Irish,
3137 4039 3378 4120 torua“,
3407 4056 3526 4111 pag.

2207 4114 2329 4179 460,
2361 4108 2428 4167 ei
2468 4112 2701 4166 archivis
2731 4111 2892 4180 hujus
2922 4108 3280 4180 mouasterii.]

2027 4209 2087 4264 In
2117 4207 2331 4263 nomine
2359 4204 2569 4258 Domini
2603 4204 2698 4258 Dei
2753 4212 2807 4258 et
2849 4201 3142 4258 Salvatoris
3190 4201 3359 4256 nostri
3403 4198 3529 4255 Jesu

1957 4298 2181 4361 Christi,
2209 4295 2512 4350 Ludovicus
2532 4293 2709 4348 divina
2751 4295 3032 4348 ordinante
3053 4291 3336 4347 clementia
3358 4291 3528 4360 impe-

1960 4399 2107 4446 rator
2129 4388 2421 4457 Augustus,
2453 4385 2700 4439 omnibus
2725 4384 3007 4454 episcopis,
3047 4383 3346 4446 abbatibus,
3381 4383 3530 4437 duci-

1958 4483 2080 4545 bus,
2103 4476 2421 4536 comitibus,
2469 4473 2717 4538 vicariis,
2772 4472 3127 4532 centenariis,
3182 4471 3527 4536 actionariis,

1957 4571 2136 4629 missis
2151 4570 2348 4625 nostris
2360 4564 2802 4628 discurrentibus,
2818 4562 2900 4616 vel
2915 4562 3121 4617 cunctis
3138 4561 3400 4625 fidelibus,
3418 4568 3525 4616 etc.

2026 4661 2260 4718 Proinde
2301 4658 2595 4728 comperiat
2650 4655 2886 4711 omnium
2944 4652 3180 4707 fidelium
3219 4659 3560 4730 nostrorum’

1958 4755 2176 4812 solertia
2211 4755 2335 4825 quia
2362 4754 2443 4808 vir
2471 4749 2786 4806 venerabilis
2825 4748 3108 4819 Adalgisus
3135 4746 3273 4800 abba
3317 4761 3383 4799 ex
3411 4761 3527 4799 mo-

1959 4846 2197 4902 nasterio
2222 4843 2442 4898 Anisola
2469 4843 2688 4897 veniens
2721 4839 2788 4895 ad
2834 4854 2961 4902 nos,
3016 4835 3204 4892 detulit
3247 4833 3525 4890 serenitati

1958 4945 2156 4992 nostra:
2184 4942 2507 5005 praeceptum
2531 4930 2714 4986 domni
2742 4945 2806 4985 ac
2849 4927 3109 5000 genitoris
3137 4925 3306 4982 nostri
3346 4923 3523 4979 Caroli

1956 5024 2286 5079 serenissimi
2324 5022 2681 5093 imperatoris,
2711 5021 2763 5075 in
2798 5035 2904 5090 quo
2944 5017 3323 5074 continebatur
3354 5014 3525 5084 quali-

1955 5125 2038 5171 ter
2060 5117 2174 5187 ipse
2194 5123 2248 5171 et
2277 5131 2408 5170 avus
2432 5122 2613 5171 noster
2637 5112 2894 5183 Pippinus
2918 5110 3072 5164 boum
3095 5107 3368 5163 memoriae
3407 5119 3521 5166 rex,

1959 5220 2052 5260 seu
2082 5212 2452 5260 antecessores
2479 5217 2666 5259 eorum
2687 5241 2702 5268 ,
2747 5215 2900 5271 reges
2922 5199 3168 5253 videlicet
3206 5195 3434 5266 priores,
3457 5193 3526 5248 ob

1961 5313 2201 5352 amorem
2231 5297 2321 5352 Dei
2349 5295 2902 5364 tranquillitatemque
2928 5289 3153 5344 fratrum
3183 5287 3381 5344 ibidem
3399 5300 3531 5339 cono

1957 5389 2284 5453 sistentium,
2313 5402 2524 5458 semper
2571 5386 2744 5456 ipsum
2777 5381 3161 5437 monasterium
3209 5378 3308 5434 sub
3332 5376 3525 5448 plenis-

359 5573 380 5598 ι·
409 5558 520 5613 Hoc
571 5553 956 5611 monasterium
991 5555 1196 5618 postea.
1227 5561 1347 5603 cum
1372 5545 1636 5602 Blaviensi
1697 5543 1754 5599 S.
1793 5543 2019 5600 Romani
2081 5543 2220 5597 idem
2245 5542 2537 5610 imperator
2560 5537 2623 5593 ad
2645 5552 2831 5607 preces
2854 5535 3082 5592 Sicharii
3105 5553 3112 5559 ·
3136 5532 3370 5603 episcopi
3421 5531 3526 5587 Ec-

282 5630 463 5686 clesiae
493 5623 872 5695 Burdegalensi
903 5620 1144 5690 subjecit.
