3940 6180
509 260 611 317 9ἲῖ

507 380 649 434 sima
671 376 985 435 defensione
1024 383 1081 434 et
1115 358 1472 433 immunitatis
1491 375 1720 432 tuitione
1749 376 2083 433 habuissent.

511 470 620 524 Sed
647 483 747 540 pro
784 468 1056 525 ﬁrmitatis
1106 467 1286 523 studio
1325 466 1482 538 petiit
1518 465 1809 538 praedictus
1846 466 1986 523 abba
2029 477 2091 523 ut

511 559 656 614 circa
683 557 861 628 ipsum
900 563 1146 613 sanctum
1180 556 1358 612 locum
1386 556 1564 614 denuo
1594 557 1720 614 talia
1747 573 1848 629 pro
1884 573 2089 615 merce-

511 648 593 702 dis
620 653 818 701 nostra:
855 654 1145 716 augmento
1192 648 1489 703 concedere
1529 655 1585 704 et
1630 647 1953 706 conﬁrmare
1995 650 2089 704 de-

510 736 778 791 beremus.
801 734 967 802 Cujus
986 736 1300 805 petitionem
1327 752 1426 807 pro
1450 737 1634 793 divino
1656 753 1839 795 amore
1860 754 2088 796 renuere

509 826 799 884 noluimus.
855 828 965 884 Sed
991 829 1045 883 in
1093 830 1342 885 omnibus
1384 835 1440 884 ct
1466 838 1762 900 praesentes
1805 838 1861 887 et
1918 831 2086 888 lbturi

510 917 693 974 ﬁdeles
718 926 920 975 sancta:
955 919 1212 975 Ecclesia:
1247 928 1303 975 et
1335 921 1505 976 nostri
1545 921 1621 977 ita
1662 936 1981 979 concessum
2004 933 2088 980 at-

509 1022 615 1078 que
638 1019 896 1081 perpetuo
920 1026 952 1065 a
982 1011 1140 1066 nobis
1166 1011 1545 1067 conﬁrmatum
1570 1027 1690 1069 esse
1736 1008 2082 1086 cegnoscant.

506 1096 891 1170 Pmcipientes
911 1115 1039 1169 ergo
1052 1099 1305 1168 jubemus
1330 1110 1393 1156 ut
1416 1100 1591 1158 nullus
1625 1101 1790 1172 judex
1817 1106 2082 1176 publicus,

508 1203 685 1258 neque
725 1188 980 1259 quislibet
1004 1205 1068 1245 ex
1092 1189 1375 1260 iudiciaria
1400 1198 1687 1260 potestate,
1712 1207 1815 1250 nec
1837 1195 1977 1252 ullus
2018 1212 2084 1253 ex

508 1277 757 1335 ﬁdelibus
780 1288 981 1336 sancta
1004 1280 1264 1336 Ecclesiae
1289 1289 1344 1335 et
1366 1282 1588 1348 nostris,
1619 1283 1674 1337 in
1701 1285 1959 1342 ecclesias
1991 1296 2087 1345 aut

507 1369 625 1426 loca
672 1370 755 1426 vel
792 1386 973 1444 agros,
1003 1389 1098 1430 seu
1152 1375 1385 1447 reliquas
1432 1382 1802 1448 possessiones
1839 1386 2086 1455 praedicti

508 1460 841 1523 monasterii,
868 1477 1006 1532 quas
1038 1464 1299 1522 moderno
1324 1474 1567 1537 tempore
1594 1468 1741 1538 juste
1767 1479 1824 1527 et
1850 1474 2086 1529 rationa-

504 1546 685 1601 biliter
711 1550 988 1618 possidere
1011 1552 1225 1609 videtur
1244 1555 1298 1609 in
1326 1557 1657 1626 quibuslibet
1701 1562 1854 1633 pagis
1882 1572 1939 1619 et
1978 1566 2087 1621 ter-

506 1637 717 1694 ritoriis
743 1639 884 1695 intra
920 1642 1176 1699 ditionem
1206 1646 1420 1716 imperii
1465 1648 1659 1715 nostri,
1686 1650 1756 1706 ad
1779 1666 1972 1709 causas
1997 1670 2087 1709 au-

509 1726 752 1791 diendas,
772 1728 857 1783 vel
881 1728 1033 1785 freda
1060 1733 1344 1804 exigenda,
1387 1744 1483 1791 aut
1505 1737 1814 1796 inferendas
1835 1751 2087 1797 exactan-

509 1815 627 1878 das,
658 1815 771 1871 sive
800 1819 1109 1877 mansiones
1153 1824 1238 1878 vel
1266 1834 1485 1895 paratas
1511 1825 1806 1895 faciendas,
1832 1845 1934 1887 nec
1958 1831 2088 1889 ﬁde-

497 1918 742 1973 jussores
788 1908 1086 1979 tollendos,
1126 1921 1225 1968 aut
1278 1915 1523 1974 homines
1565 1917 1805 1987 ejusdem
1847 1923 2088 1980 ecclesia

502 1996 929 2069 distringendos,
976 2017 1077 2059 nec
1109 2004 1244 2061 ullas
1296 2008 1687 2066 redhibitiones
1730 2019 1825 2066 aut
1870 2013 2087 2072 illicitas

507 2092 823 2146 occasiones
844 2095 1217 2164 roquirendas,
1235 2096 1345 2153 ullo
1362 2114 1599 2169 unquam
1616 2109 1859 2172 tempore
1877 2104 2085 2177 ingredi

502 2181 719 2249 audeat,
740 2182 827 2238 vel
848 2192 1104 2242 exactare
1130 2198 1440 2258 praesumat.
1469 2190 1575 2247 Sed
1600 2191 1761 2248 liceat
1783 2204 2086 2253 memorato

504 2272 687 2328 abbati
706 2274 927 2345 suisque
938 2279 1343 2335 successoribus
1361 2296 1448 2336 res
1459 2274 1697 2352 przel'atae
1708 2283 1964 2342 Ecclesiae
1982 2289 2084 2345 sub

504 2360 861 2419 immanitatis
899 2364 1212 2423 defensione
1244 2370 1428 2440 quieto
1450 2374 1668 2428 tramite
1698 2377 2001 2446 possidere,
2027 2386 2084 2434 et

503 2452 660 2509 nobis
678 2452 908 2510 fideliter
933 2456 1229 2525 deservire,
1253 2468 1415 2530 atque
1438 2477 1538 2532 pro
1566 2463 1873 2521 ‘stabilitate
1898 2478 2083 2525 nostra

502 2539 589 2595 vel
632 2543 797 2599 totius
831 2544 1041 2615 imperii
1094 2562 1125 2601 a
1164 2548 1272 2604 Deo
1306 2551 1462 2607 nobis
1491 2555 1736 2611 concessi
1766 2563 1932 2627 atque
1957 2574 2083 2614 cono

507 2632 780 2698 servandi,
805 2648 912 2689 una
937 2650 1059 2690 cum
1084 2635 1345 2694 fratribus
1381 2641 1511 2708 suis,
1539 2641 1752 2700 Domini
1773 2647 2081 2703 misericor-

502 2718 646 2775 diam
677 2736 925 2781 exorare.
977 2725 1047 2781 Et
1075 2736 1136 2782 ut
1184 2729 1303 2785 hmo
1349 2721 1692 2790 auctoritatis
1735 2736 2080 2796 conﬁrmatio

501 2807 709 2865 ﬁrmior
735 2827 799 2868 ac
834 2813 1104 2871 robustior
1125 2816 1409 2886 habeatur,
1439 2829 1496 2876 et
1538 2823 1608 2878 ab
1634 2826 1887 2882 omnibus
1907 2826 2079 2884 ﬁdeli-

499 2896 601 2956 bus
621 2910 821 2958 sanctrc
843 2902 935 2959 Dei
967 2905 1221 2962 Ecclesia:
1256 2916 1312 2963 et
1352 2911 1552 2968 nostris
1599 2913 1911 2987 diligentius
1955 2935 2079 2976 con-

500 2999 769 3060 servetur,
794 3009 956 3050 manu
977 2998 1196 3068 propria
1219 3000 1660 3071 subscripsimus,
1692 3012 1748 3060 et
1781 3008 1964 3063 annuli
1984 3025 2076 3065 no-

500 3083 595 3137 stri
625 3083 981 3157 impressione
1006 3088 1210 3157 signari
1233 3089 1514 3159 jussimus.
1652 3089 1658 3098 ’

568 3169 795 3240 Signum
819 3174 1076 3233 Ludovici
1111 3181 1443 3237 serenissimi
1475 3184 1840 3254 imperatoris.

567 3259 883 3317 Helisachar
903 3270 1210 3337 recognovi.

567 3349 702 3443 Data
721 3367 818 3407 vnt
841 3353 960 3409 Kal.
987 3356 1287 3428 Septemb.,
1315 3377 1458 3420 anno
1487 3368 1667 3437 primo
1703 3372 1923 3428 Christo
1945 3388 2072 3443 pro—

496 3440 631 3510 pitio
667 3441 876 3512 imperii
923 3450 1127 3515 nostri,
1174 3450 1361 3508 indict.
1418 3455 1469 3510 7.
1509 3456 1707 3514 Actum
1750 3440 2074 3533 Aquisgrani

497 3531 697 3603 palatio
723 3535 777 3590 in
808 3535 901 3593 Dei
929 3541 1147 3597 nomine
1171 3540 1420 3602 feliciter.
1464 3551 1654 3606 Amen.

1272 3652 1356 3709 ill.

1226 3653 1356 3709 Vill.

779 3753 879 3794 rno
915 3755 1160 3798 nsrroxe
1197 3759 1447 3804 nptscoro
1484 3765 1816 3807 usoossnsr.

1105 3832 1278 3904 (Anno
1304 3837 1453 3909 814.)

498 3912 684 3985 [Apud
706 3916 1274 4010 EuBo'qqttc‘t.,nibid‘..,
1304 3943 1426 4010 pag.
1449 3930 1544 3984 461
1571 3948 1586 3997 ;
1632 3933 1971 4010 initistrum.
2003 3939 2073 3993 ad

709 3995 839 4043 tom.
870 3989 947 4046 tv
983 3991 1173 4048 Gallice
1199 3989 1533 4065 Christianae,
1563 3989 1668 4057 col.
1703 4004 1860 4077 129.]

567 4074 625 4129 lu
658 4078 874 4133 nomine
911 4080 1122 4138 Domini
1175 4085 1269 4141 Dei
1298 4095 1352 4142 et
1400 4088 1697 4148 Salvatoris
1726 4074 1895 4151 nostri
1944 4094 2072 4153 Jesu

499 4162 720 4232 Christi,
738 4165 1041 4225 Ludovicus
1077 4173 1255 4229 divina
1285 4178 1575 4237 ordinante
1601 4183 1939 4251 providentia
1966 4186 2071 4241 im-

497 4263 716 4321 perator
736 4256 1027 4328 Augustus.

570 4342 627 4398 Si
656 4348 1026 4406 sacerdotibus
1072 4352 1126 4408 in
1152 4356 1480 4425 quibuslibet
1533 4364 1945 4423 necessitatibus
1983 4384 2072 4424 ec-

493 4431 812 4493 clesiasticis
860 4448 1043 4497 nostra
1086 4448 1406 4505 auctoritate
1450 4454 1796 4514 sublevandis
1838 4461 2074 4516 consuli-

497 4538 641 4590 mus,
662 4534 718 4580 et
765 4528 833 4582 ad
884 4531 1241 4593 ministerium
1289 4555 1444 4596 suum
1481 4544 1705 4602 liberius
1773 4565 2073 4621 exsequen-

495 4611 619 4667 dum
647 4628 802 4683 opem
833 4616 1072 4687 ferimus,
1100 4639 1131 4677 a
1160 4640 1370 4683 summo
1419 4633 1675 4700 pontiﬁce
1714 4611 1942 4694 Domino
1968 4657 2068 4697 no-

492 4711 608 4760 stro
632 4700 760 4761 Iesu
799 4707 1014 4767 Christo
1040 4724 1256 4771 :eternze
1291 4725 1741 4781 remunerationis
1767 4728 1948 4800 largiri
1974 4747 2070 4787 no-

492 4797 578 4854 bis
601 4800 819 4869 praemia
856 4818 963 4858 non
996 4806 1335 4879 ambigimus.
1373 4810 1570 4868 Notum
1619 4816 1691 4870 sit
1714 4797 1877 4887 igitur
1894 4823 2068 4877 omni-

490 4888 592 4945 bus
617 4888 863 4947 ﬁdelibus
889 4905 1088 4951 sancta:
1110 4896 1205 4953 Dei
1229 4899 1484 4957 Ecclesia:
1512 4913 1567 4959 et
1593 4908 1815 4975 nostris,
1832 4925 2067 4979 praesen-

492 4980 636 5038 tibus
661 4983 870 5042 scilicet
892 4993 950 5040 et
997 4985 1212 5055 futuris,
1238 4992 1361 5060 quia
1393 4996 1717 5053 venerabilis
1741 4997 1898 5067 Bctto
1947 5001 2069 5058 Liu-

490 5074 807 5142 gonensium
834 5075 985 5133 urbis
1006 5078 1289 5152 episcopus
1318 5084 1514 5141 obtulit
1534 5089 1690 5145 nobis
1718 5094 2068 5151 auctoritates

490 5173 893 5224 antecessorum
924 5179 1229 5228 nostrorum
1260 5166 1465 5246 regum,
1494 5179 1547 5232 in
1576 5181 1772 5249 quibus
1805 5183 2064 5240 insertum

490 5256 789 5324 reperimus
844 5261 987 5329 quod
1033 5263 1159 5318 olim
1220 5276 1441 5336 propter
1473 5272 1876 5340 occupationem
1906 5274 2068 5330 Sara-

490 5360 773 5415 cenorum,
804 5349 1156 5410 instrumenta
1198 5357 1530 5425 chartarum,
1559 5360 1640 5416 vel
1687 5364 1849 5429 etiam
1880 5366 2068 5421 immu-

491 5432 688 5489 nitates
717 5451 924 5507 regum,
954 5455 1073 5510 quae
1116 5442 1312 5500 ibidem
1341 5457 1518 5514 erant,
1566 5452 1773 5519 perdita
1802 5453 1885 5508 vel
1921 5453 2067 5511 diru-

489 5531 581 5589 pta
626 5524 873 5594 fuissent,
910 5538 964 5585 et
998 5532 1157 5589 iidem
1189 5552 1343 5609 reges
1387 5555 1482 5594 sua
1530 5543 1875 5611 auctoritate,
1906 5547 2066 5602 mise-

491 5613 647 5668 randi
677 5617 868 5684 gratia,
903 5619 966 5673 ad
997 5636 1184 5690 preces
1206 5630 1662 5696 praedecessorum
1705 5651 1924 5693 suorum
1955 5640 2070 5709 αρ’-

1642 256 1968 319 LUDOVICI
2002 260 2024 317 ι
2062 256 2541 320 consensum
2571 252 2658 319 ru
3605 276 3683 335 ,δε

2117 381 2163 441 Α
2191 390 2477 449 scoparum
2511 376 2760 434 eamdem
2794 374 3041 434 revelare
3065 375 3686 447 jacmram.....itavide-

2187 466 2334 533 licet,
2361 473 2425 523 ut
2448 464 2593 541 [per]
2618 481 2811 525 eorum
2853 468 3229 527 auctoritatem
3279 476 3608 535 antecessores
3624 483 3689 538 sui

2158 543 2427 627 episcopi
2453 571 2543 613 res
2562 563 2619 614 et
2638 557 2932 628 mancipia,
2962 572 3084 628 que
3119 561 3171 615 in
3196 562 3389 618 eisdem
3412 565 3688 625 lustrantes.

2187 649 2257 703 tis
2284 644 2597 704 chartarum
2632 649 2887 707 incendio
2920 652 3130 708 exustis
3171 654 3581 723 continebantur,
3602 659 3692 715 sive

2185 739 2373 796 eadem
2401 755 2521 810 qua:
2561 748 2752 812 postea
2796 757 2829 798 a
2858 744 3139 800 catholicis
3182 744 3309 801 viris
3352 745 3513 802 eidem
3536 748 3691 805 collata

2185 829 2403 887 luerunt
2427 831 2688 899 ecclesiae,
2707 833 2969 890 hactenus
2996 850 3187 890 secure
3202 843 3257 891 et
3283 836 3450 905 quiete
3475 838 3524 892 in
3539 838 3640 908 jure
3652 851 3695 894 et

2183 928 2453 992 potestate
2471 921 2746 992 praedicta
2778 925 3083 981 tenuissent
3099 925 3352 982 ecclesia.
3370 925 3469 983 Sed
3486 936 3535 983 et
3558 930 3693 999 ipsam

2184 1020 2429 1067 sanctam
2453 1011 2636 1068 sedem
2659 1021 3034 1071 antecessores
3060 1016 3232 1072 nostri
3260 1031 3408 1086 reges
3431 1032 3539 1073 cum
3568 1020 3694 1074 cellu-

2185 1101 2252 1157 lis
2298 1101 2564 1173 subjectis
2596 1102 2683 1159 vel
2734 1104 2988 1161 omnibus
3013 1105 3177 1161 rebus
3223 1104 3363 1175 justo
3407 1108 3470 1163 ad
3509 1122 3559 1163 se
3589 1109 3693 1178 aspi-

2185 1194 2470 1261 cientibus,
2491 1195 2851 1252 munitionem
2877 1196 3133 1254 videlicet
3161 1198 3452 1270 Lingonicte
3487 1202 3691 1266 civitatis.

2182 1286 2276 1342 ubi
2300 1286 2531 1342 habetur
2554 1287 2782 1345 ecclesia
2808 1289 2866 1344 in
2916 1289 3180 1348 honorem
3236 1293 3402 1348 sancti
3447 1292 3690 1350 lammetis

2184 1376 2370 1432 eximii
2402 1378 2694 1449 martyris;
2750 1377 3004 1436 Castrum
3056 1382 3393 1450 Divionense,
3417 1384 3467 1439 in
3498 1400 3587 1454 quo
3619 1387 3693 1442 sit:

2185 1476 2269 1523 est
2292 1468 2521 1525 ecclesia
2550 1470 2605 1524 in
2645 1469 2853 1526 honore
2901 1472 3076 1528 sancti
3108 1470 3364 1543 Stephani
3400 1485 3693 1549 protomarty-

2187 1552 2286 1624 ris,
2312 1567 2368 1613 et
2396 1557 2553 1627 juxta
2598 1574 2815 1614 murum
2864 1562 3259 1619 monasterium
3298 1562 3358 1618 Β.
3386 1563 3581 1636 Benig‘ni
3603 1582 3693 1623 cum

2186 1647 2334 1702 omni
2375 1661 2565 1703 eorum
2606 1648 2949 1720 integritate;
3011 1660 3070 1707 et
3114 1653 3172 1707 in
3224 1667 3359 1725 pago
3393 1653 3692 1710 Tomotrenso

2111 1735 2159 1796 B
2188 1738 2283 1812 [Le
2336 1739 2696 1814 Tannerrois],
2723 1744 3116 1800 monasterium
3168 1744 3498 1802 Melundense
3515 1788 3529 1812 ,
3572 1756 3617 1802 et
3651 1748 3693 1802 in

2188 1830 2378 1886 eodem
2413 1848 2553 1904 pago
2593 1832 2847 1889 Castrum
2891 1835 3281 1903 Tomotrense,
3312 1845 3464 1908 caput
3503 1838 3697 1894 videlicet

2186 1919 2508 1987 comitatus;
2548 1929 2603 1977 et
2636 1923 2970 1979 abbatiolam
3005 1924 3063 1981 S.
3099 1924 3470 1998 Symphoriani
3510 1928 3557 1982 in
3580 1927 3696 1982 ladi-

2186 2010 2346 2066 niaco
2369 2052 2385 2078 ,
2426 2027 2551 2069 cum
2573 2014 2820 2071 ecclesiis
2850 2016 3081 2088 aliisque
3133 2019 3295 2075 rebus
3326 2011 3422 2075 sibi
3449 2020 3695 2089 aspicienti-

2184 2099 2319 2168 bus;
2377 2110 2434 2157 et
2467 2103 2609 2159 intra
2638 2119 2825 2160 muros
2861 2104 2976 2175 jam
3003 2107 3166 2162 dictae
3207 2107 3457 2180 Lingonis
3477 2108 3694 2164 abbatiam

2188 2190 2248 2247 S.
2271 2190 2453 2260 Petri;
2485 2200 2541 2249 et
2569 2193 2727 2263 juxta
2774 2196 3022 2252 eamdem
3072 2197 3361 2291 civitatem.
3379 2198 3696 2291 monasterium

2183 2290 2491 2339 sanctorum
2540 2283 2920 2354 Geminorum;
2974 2295 3030 2343 et
3055 2287 3110 2343 in
3168 2283 3418 2345 comitatu
3449 2290 3694 2353 Portense,

2182 2390 2306 2432 cum
2334 2377 2587 2434 omnibus
2621 2379 2728 2436 sibi
2760 2381 3220 2450 competentibus,
3263 2384 3524 2441 ecclesiam
3535 2381 3701 2438 S.Gen-

2181 2466 2312 2539 gulﬁ
2359 2470 2617 2541 martyris
2645 2469 2885 2539 Christi,
2937 2487 3058 2542 qua:
3088 2476 3363 2544 quondam
3405 2472 3698 2545 quorumdam

2179 2559 2482 2631 principum
2510 2563 2792 2632 tyrannica
2821 2563 3197 2636 sacrilegaque
3217 2566 3503 2620 temeritate
3523 2605 3537 2630 ,
3576 2572 3700 2632 attice

2180 2647 2368 2703 illicita
2388 2651 2809 2721 praesumptione
2828 2652 2946 2711 sine
2972 2654 3364 2724 omnipotentis
3386 2654 3473 2709 Dei
3504 2660 3697 2722 respectu

2180 2740 2486 2796 substracta
2511 2740 2733 2810 fuisset;
2776 2745 2872 2800 sed
2892 2761 2990 2816 per
3008 2747 3265 2801 eumdem
3290 2747 3541 2804 decretum
3563 2747 3607 2802 in
3627 2761 3694 2800 eo-

2178 2827 2301 2884 dem
2326 2829 2446 2888 loco
2458 2832 2707 2888 restituta
2721 2843 2776 2889 et
2802 2835 3124 2891 conﬁrmata
3157 2855 3172 2890 :
3202 2844 3258 2892 et
3287 2837 3336 2890 in
3360 2852 3485 2906 pago
3501 2835 3696 2890 Atoario-

2177 2937 2295 2977 rum
2324 2925 2717 2981 monasterium
2741 2926 3013 2982 Besuense
3085 2928 3196 2984 sub
3221 2928 3510 3000 plenissima
3533 2941 3702 2997 semper

2177 3011 2488 3068 defensione
2516 3021 2573 3069 et
2630 3014 2988 3072 immunitatis
3019 3017 3256 3075 tuitione
3315 3019 3610 3074 habuissent.
3635 3013 3696 3069 0b

2102 3076 2147 3139 Ο
2179 3101 2494 3160 ﬁrmitatem
2524 3074 2704 3161 tamen
2740 3106 2817 3161 rei
2841 3107 3142 3180 postulavit
3166 3109 3446 3181 praedictus
3470 3109 3602 3163 Bctto
3619 3106 3700 3175 epi-

2178 3206 2375 3263 scopus
2401 3201 2463 3248 ut
2482 3198 2796 3250 earumdem
2820 3210 3006 3267 regum
3031 3199 3405 3263 auctoritates,
3427 3197 3492 3253 ob
3508 3208 3699 3250 amorem

2178 3281 2274 3337 Dei
2300 3290 2355 3339 et
2378 3286 2741 3341 reverentiam
2766 3288 2940 3343 sancti
2968 3287 3223 3346 Mammas
3246 3289 3491 3361 martyris
3509 3331 3522 3351 ,
3554 3294 3698 3342 nostra

2177 3372 2624 3433 conﬁrmaremus
2652 3379 2994 3435 auctoritate.
3046 3379 3219 3450 Cujus
3248 3381 3481 3451 petitioni
3520 3380 3699 3434 libenter

2176 3465 2567 3534 acquievimus,
2597 3477 2649 3524 et
2678 3469 2782 3525 hoc
2825 3480 3161 3541 praeceptum
3193 3473 3513 3529 auctoritatis
3539 3478 3693 3525 nostra

2176 3555 2320 3611 circa
2350 3557 2526 3627 ipsum
2555 3558 2751 3626 locum,
2777 3576 2877 3631 pro
2909 3577 3096 3618 amore
3152 3565 3523 3635 omnipotentis
3548 3563 3622 3618 Dei
3657 3572 3697 3613 et

2178 3643 2236 3702 S.
2252 3646 2436 3703 Jacobi
2452 3650 2681 3718 apostoli
2709 3660 2759 3706 et
2790 3650 2976 3707 fratris
2989 3654 3233 3722 Domini,
3252 3655 3399 3725 cujus
3412 3655 3647 3712 brachium
3659 3651 3697 3705 in

2175 3741 2402 3797 ecclesia
2429 3742 2487 3798 S.
2510 3744 2807 3800 Mammetis
2829 3748 3106 3803 conditum
3126 3758 3232 3815 est,
3261 3750 3374 3806 ﬁeri
3406 3748 3697 3804 decrevimus

2176 3846 2274 3901 per
2306 3834 2448 3901 quod
2484 3833 2739 3903 jubemus
2775 3844 2936 3906 atque
2993 3840 3345 3909 praecipimus
3370 3848 3425 3895 ut
3452 3850 3587 3893 nemo
3604 3833 3696 3888 ﬁde

2175 3920 2305 3976 lium
2333 3931 2665 3987 nostrorum,
2694 3926 2777 3980 vel
2809 3926 3037 3995 quilibet
3060 3941 3130 3983 ex
3153 3929 3437 4000 judiciaria
3462 3932 3693 3998 potestate.

2175 4012 2230 4066 in
2257 4012 2514 4069 ecclesias
2537 4024 2631 4069 aut
2653 4015 2772 4071 loca
2807 4017 2891 4073 vel
2943 4033 3106 4088 agros
3142 4034 3240 4075 seu
3268 4021 3493 4091 reliquas
3536 4027 3698 4087 posses-

2175 4102 2375 4169 siones,
2400 4103 2513 4159 sive
2540 4119 2634 4161 eas
2663 4114 2788 4161 ante
2823 4107 3106 4177 praefatam
3158 4112 3550 4180 occupationem
3578 4106 3700 4160 Sara-

2174 4207 2431 4249 cenorum
2475 4209 2508 4249 a
2538 4196 2841 4253 rectoribus
2891 4199 3062 4267 ipsius
3099 4200 3352 4256 ecclesiae
3398 4215 3490 4270 per
3526 4193 3697 4267 przelala

2176 4291 2477 4341 strumenta
2502 4288 2817 4344 chartarum
2848 4290 3096 4361 legaliter
3131 4308 3431 4363 possessas.
3458 4300 3509 4349 et
3529 4305 3611 4359 pro
3626 4301 3697 4340 au-

2178 4378 2433 4433 ctoritate
2482 4380 2914 4438 conﬁrmationis
2975 4393 3386 4441 antecessorum
3448 4374 3697 4439 nostrorum

2179 4481 2367 4536 regum
2396 4477 2583 4537 postea
2610 4469 2676 4524 ad
2700 4479 2909 4539 partem
2930 4472 3099 4543 ipsius
3112 4474 3372 4530 Ecclesia:
3388 4473 3698 4537 conﬁrmatas.

2180 4555 2317 4629 [ad]
2350 4557 2525 4614 nullas
2555 4560 2943 4618 redhibitiones
2965 4572 3058 4619 aut
3082 4564 3307 4619 illicitas
3336 4563 3618 4618 occasiones
3639 4571 3699 4609 re-

2174 4646 2468 4716 quirendas
2504 4651 2706 4707 nostris
2734 4661 2789 4706 et
2822 4651 3017 4709 futuris
3043 4657 3378 4726 temporibus
3427 4650 3608 4724 ingredi
3630 4660 3698 4700 au-

2175 4731 2320 4800 deat,
2349 4736 2434 4790 vel
2462 4751 2524 4792 ea
2547 4754 2667 4808 qua:
2690 4754 2851 4809 supra
2883 4753 3185 4798 memorata
3217 4754 3344 4800 sunt
3364 4744 3562 4812 exigere
3584 4732 3697 4806 μηδ’

2174 4832 2262 4880 tus
2286 4837 2605 4897 prmsumat;
2639 4830 2734 4885 sed
2760 4831 2921 4887 liceat
2945 4844 3251 4891 memorato
3296 4834 3502 4906 praesuli
3525 4830 3699 4894 suiSilne

2169 4918 2569 4974 successoribus
2597 4936 2684 4975 res
2711 4922 2980 4990 praedictae
3027 4926 3275 4981 ecclesia:
3304 4967 3318 4990 ,
3371 4912 3486 4979 cum
3535 4916 3699 4975 cellulis

2167 5004 2271 5062 sibi
2323 5006 2613 5078 subjectis,
2659 5013 2758 5068 sub
2800 5000 3157 5071 immunitatis
3212 5027 3409 5072 nostra:
3440 5010 3699 5070 defensione

2166 5096 2352 5166 quieto
2380 5100 2572 5155 ordine
2594 5102 2897 5171 possidere,
2923 5113 2979 5160 et
3006 5106 3160 5161 nobis
3184 5106 3415 5162 ﬁdeliter
3452 5100 3697 5159 deservire.

2166 5193 2328 5256 atque
2352 5203 2453 5256 pro
2485 5190 2781 5248 stabilitate
2806 5201 2991 5249 nostra
3013 5196 3094 5250 vel
3130 5197 3301 5251 totius
3330 5193 3528 5266 imperii
3555 5206 3580 5244 a
3616 5187 3697 5241 Deo

2170 5277 2327 5333 nobis
2352 5278 2529 5336 mllati
2552 5283 2635 5337 vel
2674 5287 3029 5341 conservandi
3050 5328 3065 5352 ,
3115 5302 3224 5341 una
3249 5302 3371 5342 cum
3407 5287 3540 5340 clero
3558 5290 3603 5335 et
3625 5290 3698 5347 p0-

2172 5369 2298 5441 pulo
2321 5371 2421 5427 sibi
2469 5374 2749 5444 subjecto,
2797 5378 2891 5435 Dei
2937 5381 3359 5436 misericordiam
3403 5367 3696 5435 exorach'Jl

2172 5460 2431 5531 quidquid
2461 5465 2658 5520 exinde
2689 5467 2853 5524 ﬁscus
2884 5478 3069 5525 noster
3095 5470 3313 5541 exigere
3361 5472 3525 5530 debet,
3554 5463 3693 5558 ad

2172 5560 2381 5622 ιθϐνυῐη
2415 5555 2683 5625 Prmdictae
2709 5560 2955 5616 ecclesia:
2990 5562 3359 5625 concedimus,
3384 5570 3439 5614 ut
3470 5555 3692 5629 perpetuis

2173 5646 2503 5713 temporibus
2528 5646 2728 5704 ibidem
2758 5653 3005 5722 proﬁciat
3034 5656 3087 5709 in
3115 5662 3477 5724 augmentum.
3504 5652 3555 5706 Et
3581 5649 3689 5701 hanc
