3940 6180
341 307 450 362 989

1477 305 1866 362 DlPLOMATA
1908 304 2464 366 ECCLESIAST-ICA.

3494 321 3597 380 990

345 413 742 476 auctoritatem,
774 421 834 466 ut
853 412 1062 469 ﬁrmius
1083 413 1142 468 in
1170 413 1268 470 Dei
1310 415 1528 470 nomine
1555 417 1838 480 habeatur,
1871 423 1928 470 et
1953 418 1999 476 Α
2028 417 2183 472 nobis
2233 421 2476 475 concessi
2522 431 2684 491 atque
2725 427 3106 493 conservandi,
3139 427 3362 500 iugiter
3387 431 3596 486 Domini

344 520 386 558 a.
422 503 668 558 ﬁdelibus
716 511 917 558 sanctae
969 503 1224 558 Ecclesia:
1280 514 1335 560 et
1370 504 1570 560 nostris
1613 507 1922 578 diligentius

345 599 713 656 conservetur,
742 607 906 646 manu
953 592 1173 662 pr0pria
1221 594 1409 648 subter
1459 593 1828 659 ﬁrmavimus,
1867 603 1923 650 et

345 683 523 738 annuli
552 685 723 740 nostri
747 684 1102 754 impressione
1121 685 1324 755 signari
1348 684 1630 754 iussimus.

413 772 638 843 Signum
663 772 921 828 Ludovici
948 776 1280 830 serenissimi
1311 775 1672 845 imperatoris.

413 861 695 920 Helisaltar
732 865 1047 934 recognovit
1066 873 1122 920 et
1142 865 1482 934 subscripsit.

1085 979 1176 1034 IX.

495 1083 594 1122 PRO
620 1083 944 1125 IIILDEGIUNO
978 1084 1461 1125 BALBERSTADIENSI
1493 1083 1762 1124 EPISCOPO.
1857 1116 1866 1122 .

950 1157 1123 1228 (Anno
1160 1157 1308 1229 8M.)

341 1247 528 1320 [Apud
569 1247 862 1312 Leibnitz.,
896 1247 1094 1388 chpgt.
1125 1248 1282 1390 gain]
1313 1248 1633 1317 Brunswic.,
1679 1257 1811 1304 tom.
1843 1246 1887 1302 ll

408 1407 465 1461 ln
488 1408 706 1463 nomine
734 1358 1093 1463 DominirDtei
1138 1418 1194 1464 et
1233 1358 1531 1465 Sjalvatoris
1572 1409 1743 1465 nostri
1793 1408 1920 1464 Jesu

337 1497 562 1564 Christi,
585 1497 890 1554 Ludovicus
917 1501 1098 1555 divina
1127 1501 1415 1558 ordinante
1452 1502 1791 1573 providentia
1823 1502 1921 1556 im-

335 1597 558 1659 perator
580 1589 874 1660 Augustus.

407 1678 466 1734 Si
516 1681 857 1734 sacerdotum
887 1694 951 1739 ac
998 1695 1278 1736 servorum
1309 1683 1404 1738 Dei
1446 1683 1766 1754 petitiones,
1800 1697 1920 1753 qum

336 1770 494 1828 nobis
519 1771 585 1826 de
613 1771 1406 1840 necessitatibus.innotuerint,
1421 1775 1490 1828 ad
1519 1774 1770 1830 eﬁ‘ectum
1795 1790 1918 1844 per-
1944 1767 1992 1827 Β

336 1861 615 1927 ducimus,
658 1878 766 1918 non
793 1863 966 1917 solum
993 1863 1332 1934 imperialem
1355 1881 1674 1922 exercemus
1696 1881 1917 1922 consue-

336 1954 598 2019 tudinem,
618 1970 807 2010 verum
830 1964 886 2010 et
918 1956 987 2010 ad
1008 1957 1180 2012 beata:
1206 1959 1582 2015 retributionis
1615 1959 1918 2016 mercedem

337 2044 460 2098 talia
491 2060 522 2098 a
555 2044 710 2100 nobis
738 2045 883 2100 facta
933 2047 1204 2103 credimus
1249 2047 1554 2118 profutura.
1583 2049 1921 2119 Quapropter

335 2143 521 2189 notum
555 2136 627 2190 sit
663 2137 909 2190 omnium
956 2137 1194 2192 ﬁdelium
1251 2148 1561 2195 nostrorum
1613 2141 1916 2206 industriae,

333 2226 683 2295 prmsentium
722 2227 931 2282 scilicet
955 2235 1010 2282 et
1053 2227 1380 2295 futurorum,
1405 2232 1534 2300 quia
1575 2231 1920 2303 Hildegrinus

334 2318 762 2382 Catholanensis,
809 2319 1053 2374 ecclesiae
1106 2320 1592 2378 Halberstadiensis
1638 2324 1920 2393 episcopus

334 2409 678 2475 venerabilis,
707 2424 828 2478 qua:
856 2417 940 2463 est
963 2418 1274 2465 constructa
1319 2412 1377 2465 in
1418 2413 1679 2467 honorem
1715 2412 1918 2468 Christi

335 2499 530 2567 suique
585 2499 1005 2568 protomartyris
1039 2498 1323 2568 Stephani,
1353 2516 1517 2569 super
1542 2501 1761 2555 [luvium
1787 2491 1918 2555 n31-

336 2597 538 2642 temma
565 2588 620 2642 in
645 2603 781 2658 pago
812 2589 1178 2659 llartingowe,
1209 2589 1362 2659 cujus
1401 2592 1655 2661 parochia
1689 2593 1918 2662 piissimi

336 2685 513 2754 patris
551 2686 722 2740 nostri
772 2686 949 2741 Caroli
973 2687 1316 2757 imperatoris
1357 2687 1584 2758 Augusti
1636 2696 1838 2743 statuta
1865 2676 1921 2742 et

335 2775 694 2830 determinata
745 2784 828 2831 est
868 2776 952 2830 his
996 2778 1184 2848 pagis:
1224 2777 1563 2849 Darlingowe
1597 2786 1653 2834 et
1680 2778 1918 2833 Northu-

335 2867 578 2937 ringnvve
623 2875 678 2921 et
726 2867 1118 2934 Belineslieim,
1175 2869 1551 2938 Hartingowe,
1607 2869 1804 2925 Svavia
1856 2879 1915 2927 et

337 2956 720 3026 llassingowe,
761 2958 986 3014 veniens
1032 2959 1100 3013 ad
1137 2973 1272 3025 nos,
1315 2959 1509 3014 detulit
1539 2961 1694 3016 nobis
1723 2961 1917 3015 immu-

336 3046 532 3102 nitates
547 3047 717 3102 sancti
735 3049 997 3118 genitoris
1017 3049 1190 3104 nostri
1216 3050 1304 3118 pie
1323 3065 1536 3119 semper
1557 3051 1914 3116 memorandi,

334 3138 391 3192 in
427 3135 622 3206 quibus
673 3139 1052 3194 continebatur
1103 3142 1372 3210 quomodo
1403 3141 1572 3212 ipsam
1609 3145 1790 3198 sedem
1818 3144 1918 3198 sub

333 3227 644 3298 plenissima
669 3228 980 3284 defensione
1001 3239 1056 3284 et
1077 3230 1433 3288 immunitatis
1449 3233 1677 3288 mitione
1701 3233 1920 3288 habuis-

333 3332 436 3378 set.
461 3321 566 3376 Pro
595 3321 866 3376 ﬁrmitatis
918 3337 1152 3391 namque
1200 3322 1381 3377 studio
1408 3323 1598 3393 petivit
1631 3337 1728 3378 nos
1772 3322 1916 3377 idem

333 3411 590 3484 praefatus
613 3412 896 3481 episcOpus
930 3420 989 3466 ut
1035 3414 1084 3466 ei
1117 3413 1295 3468 denuo
1336 3413 1536 3467 similia
1584 3430 1683 3484 pro
1708 3429 1918 3470 merce-

333 3504 418 3560 dis
466 3514 664 3558 nostrae
693 3511 984 3574 augmento
1025 3505 1322 3560 concedere
1386 3514 1442 3560 et
1468 3505 1796 3560 conﬁrmare
1823 3506 1918 3561 de-

334 3596 578 3651 beamus.
593 3594 758 3662 Cujus
771 3595 1016 3663 petitioni
1036 3609 1134 3663 pro
1153 3595 1336 3649 divino
1356 3610 1541 3650 amore
1563 3597 1916 3660 assensimus,

334 3694 390 3740 et
405 3687 477 3740 ita
501 3685 555 3740 in
585 3685 839 3739 omnibus
853 3698 972 3751 quae
987 3681 1134 3750 iuste
1155 3690 1211 3736 et
1237 3683 1625 3737 rationabiliter
1636 3683 1807 3751 petiit,
1823 3697 1920 3750 per

334 3778 474 3832 hanc
519 3783 762 3829 nostram
793 3774 1170 3827 auctoritatem
1223 3773 1529 3827 studuimus
1572 3774 1916 3828 continuare.

325 3868 715 3936 Praecipiemes
736 3881 864 3936 ergo
885 3864 1138 3935 iubemus
1165 3873 1224 3919 ut
1244 3864 1423 3919 nullus
1444 3864 1606 3932 iudex
1650 3865 1916 3933 publicus,

332 3972 511 4028 neque
526 3949 790 4025 quislibet
836 3970 900 4010 ex
932 3953 1221 4022 iudiciaria
1268 3961 1554 4024 potestate,
1581 3969 1675 4009 seu
1725 3953 1920 4022 aliquis

332 4065 402 4106 ex
428 4046 677 4103 ﬁdelibus
703 4054 903 4101 sancta:
938 4045 1033 4100 Dei
1064 4045 1319 4101 Ecclesia:
1372 4045 1573 4100 nostris
1599 4085 1613 4109 ,
1667 4045 1718 4099 in
1750 4043 1922 4100 eccle-

334 4143 472 4198 sia
499 4148 596 4194 aut
617 4139 732 4195 loca
763 4138 1019 4209 velagros
1031 4153 1126 4193 seu
1157 4138 1766 4207 reliquaspossessiones
1779 4152 1916 4206 quas

259 4235 262 4238 ’
333 4231 595 4286 moderno
642 4238 883 4300 tempore
910 4228 1055 4297 iuste
1103 4238 1158 4283 et
1204 4228 1596 4284 rationabiliter
1640 4229 1921 4300 possidere

334 4324 608 4386 videntur,
635 4321 689 4376 in
725 4321 1054 4392 quibuslibet
1079 4319 1230 4390 pagis
1258 4330 1311 4374 et
1340 4320 1631 4374 territoriis
1653 4321 1803 4384 sitas,
1836 4319 1922 4374 vel

2023 507 2447 562 misericordiam
2487 525 2715 566 exora-re
2737 512 2982 579 delectet,
3017 518 3329 584 praedictam
3355 535 3483 574 vero
3505 535 3598 589 pa-

2021 597 2262 652 rochiam
2289 598 2432 653 ill-ius
2465 601 2885 672 circumquaque
2911 620 3010 673 per
3054 606 3296 662 diversos
3329 624 3496 678 pagos
3527 610 3601 665 si-

2021 696 2155 750 tam,
2182 703 2342 743 nemo
2366 688 2602 744 ﬁdelium
2627 699 2936 746 nostrorum
2972 694 3020 748 ei
3051 695 3244 750 exinde
3269 696 3470 765 aliquid
3504 699 3604 752 ab.

2021 780 2269 834 strahere
2294 788 2388 833 aut
2413 781 2698 850 prohibere
2730 793 3049 851 praesumat;
3080 786 3212 854 quin
3240 787 3289 840 ei
3317 786 3476 841 liceat
3501 803 3600 857 per

2021 871 2161 926 hanc
2208 881 2452 926 nostram
2501 873 2877 928 auctoritatem
2924 877 3149 930 verbum
3199 878 3601 946 praedicationis

2022 959 2250 1015 Domino
2278 961 2572 1015 auxiliante
2612 977 2897 1027 exercere,
2938 971 2993 1017 et
3029 965 3386 1020 ministerium
3442 982 3598 1020 suum

2020 1049 2178 1118 plene
2190 1064 2469 1120 peragere.
2495 1049 2564 1103 Et
2589 1058 2650 1104 ut
2671 1051 2967 1106 auctoritas
2989 1053 3122 1118 inec,
3156 1054 3355 1109 nostris
3384 1053 3595 1108 futuris-

2021 1154 2127 1208 que
2156 1139 2490 1209 temporibus
2529 1139 2757 1195 Domino
2785 1151 3132 1212 protegente,
3181 1145 3360 1199 valeat
3418 1145 3603 1198 incon-

2022 1227 2171 1283 vulsa
2197 1243 2432 1293 manere,
2458 1243 2617 1283 manu
2644 1231 2859 1300 propria
2897 1232 3311 1304 subscripsimus
3338 1241 3392 1288 et
3415 1233 3599 1288 annuli

2023 1319 2194 1374 nostri
2217 1320 2571 1388 impressione
2593 1321 2797 1390 signari
2823 1323 3100 1393 iussimus.

2096 1411 2216 1465 Dat.
2244 1426 2295 1464 ιν
2314 1410 2452 1466 Non.
2495 1409 2672 1479 Sept.,
2699 1428 2840 1468 anno
2885 1414 3092 1469 incarn.
3143 1415 3434 1472 Dominicas
3458 1417 3594 1482 8M,

2025 1499 2211 1554 indict.
2236 1501 2288 1566 8,
2315 1501 2497 1556 annol
2528 1503 2740 1572 imperii
2763 1505 2951 1559 nostri.
2973 1504 3170 1560 Actum
3191 1507 3245 1560 in
3272 1507 3597 1579 Aquisgrani

2024 1585 2244 1659 palatio,
2269 1591 2325 1647 in
2352 1591 2449 1646 Dei
2483 1593 2703 1650 nomine
2737 1593 2984 1649 feliciter.
3013 1594 3207 1651 Amen.

2777 1721 2846 1780 Χ.

2217 1828 2316 1870 PRO
2351 1830 2684 1871 HILDEBALDO
2719 1831 2965 1870 EPISCOPO
3000 1831 3399 1872 MATISCONENSI.

2638 1906 2810 1975 (Anno
2845 1904 2992 1977 8M.)

2022 1991 2196 2074 [Apud
2215 1993 2278 2047 D.
2299 1992 2560 2062 Bouquet.
2573 2034 2586 2057 ,
2601 1992 2810 2048 Recueil
2826 1995 2914 2076 des
2935 1995 3313 2076 hist.,tom.Vl,
3331 2009 3452 2118 pag.
3468 1994 3596 2061 462,

2153 2079 2208 2116 ιιι
2229 2064 2388 2117 lustr.
2411 2064 2478 2118 ad
2500 2070 2630 2117 tom.
2654 2063 2720 2117 lV
2743 2061 2931 2118 Gallia:
2950 2063 3164 2118 ϐἠπιδι..
3191 2064 3294 2118 col.
3319 2065 3353 2118 2
3428 2063 3468 2118 .l

2153 2063 2208 2116 in
2229 2064 2388 2117 lustr.
2411 2061 2478 2118 ad
2500 2070 2630 2117 tom.
2654 2063 2720 2117 lV
2743 2061 2931 2118 Gallia:
2950 2063 3164 2126 Christ.,
3191 2064 3294 2119 col.
3319 2061 3468 2136 261.]

2089 2155 2146 2210 ln
2185 2156 2401 2210 nomine
2437 2155 2775 2210 DominiDei
2803 2163 2860 2210 et
2888 2154 3183 2212 Salvatoris
3212 2153 3339 2211 Jesu
3365 2155 3597 2221 Christi,

2017 2245 2346 2300 Hludovieus
2381 2245 2562 2300 divina
2602 2245 2890 2300 ordinante
2929 2244 3264 2314 providentia
3307 2243 3599 2314 imperator

2018 2336 2308 2406 Augustus.

2091 2426 2147 2480 Si
2176 2425 2516 2480 liberalitatis
2553 2435 2754 2480 nostrai
2779 2441 3003 2480 munere
3036 2429 3103 2481 de
3137 2426 3414 2482 beneﬁciis
3443 2427 3598 2480 nobis

2020 2531 2051 2570 a
2080 2517 2190 2570 Deo
2214 2516 2449 2579 collatis,
2488 2516 2622 2570 locis
2650 2515 2762 2571 Deo
2793 2517 2986 2571 dicatis
3018 2517 3218 2588 aliquid
3247 2518 3592 2579 conferimus,

2019 2607 2073 2661 id
2098 2604 2250 2660 nobis
2274 2613 2330 2658 et
2349 2605 2417 2659 ad
2435 2604 2720 2659 mortalem
2739 2605 2906 2659 vitam
2924 2605 3154 2660 feliciter
3177 2606 3596 2676 transigendam,

2017 2703 2073 2749 et
2097 2695 2164 2749 ad
2183 2702 2438 2749 aeternam
2463 2694 2850 2764 perpetualiter
2872 2697 3216 2751 obtinendam
3257 2696 3597 2765 profuturum

2019 2784 2222 2854 liquido
2240 2784 2531 2840 credimus.
2561 2785 2766 2840 idcirco
2785 2795 2970 2841 notum
2998 2788 3070 2841 sit
3093 2788 3331 2841 omnium
3359 2787 3595 2841 fidelium

2022 2883 2330 2931 nostrorum
2363 2883 2468 2930 tam
2494 2875 2838 2946 praesentium
2874 2892 3036 2945 quam
3073 2885 3127 2930 et
3157 2876 3456 2929 futurorum
3489 2876 3596 2946 [in-

2021 2965 2284 3036 dustriae],
2336 2965 2462 3035 quia
2510 2964 2709 3035 placuit
2762 2965 2918 3018 nobis
2955 2979 3054 3032 pro
3094 2965 3358 3018 mercedis
3403 2973 3600 3018 nostrae

2022 3064 2332 3126 augmento,
2371 3063 2426 3110 et
2466 3055 2659 3108 anima:
2694 3062 2894 3108 nostrae
2930 3053 3308 3118 emolumento,
3348 3067 3433 3107 res
3471 3068 3596 3121 pro-

2021 3146 2271 3215 prietatis
2310 3153 2530 3209 nostrae,
2563 3158 2683 3212 quas
2718 3151 2844 3197 sunt
2887 3143 2940 3197 in
2980 3157 3117 3213 pago
3142 3141 3480 3211 Lugdunensi
3501 3181 3514 3206 ,
3546 3141 3599 3194 in

2021 3235 2149 3290 villa
2182 3251 2302 3304 quae
2340 3241 2562 3288 vocatur
2598 3232 2885 3296 Rosarias,
2915 3248 3051 3301 quas
3089 3231 3215 3287 olim
3251 3233 3494 3301 quaedam
3525 3230 3599 3283 fe-

2022 3327 2167 3382 mina
2193 3327 2284 3380 Dci
2309 3323 2734 3380 sanctimonialis
2753 3323 3040 3378 Anstrudis
3062 3323 3277 3378 domino
3299 3329 3351 3377 et
3373 3319 3598 3392 genitori

2019 3430 2142 3470 meo
2169 3413 2363 3468 Carolo
2397 3413 2551 3467 bona:
2591 3412 2864 3467 memoria:
2900 3411 3342 3482 praestantissimo
3371 3410 3600 3477 impera-

2017 3508 2124 3563 tori
2170 3522 2268 3576 per
2312 3505 2611 3561 chartulam
2658 3503 2924 3573 delegavit
2973 3503 3306 3566 donationis,
3358 3500 3598 3555 ecclesia:

2021 3598 2078 3654 S.
2113 3598 2380 3653 Vincentii
2420 3597 2828 3651 Matisconensis
2860 3595 3092 3659 tradere,
3123 3595 3212 3648 ubi
3253 3593 3599 3648 Hildcbaldus

2017 3689 2302 3757 episcopus
2342 3694 2556 3755 praeest.
2601 3684 2710 3738 Has
2747 3685 2926 3751 itaque
2957 3699 3066 3748 res,
3102 3698 3225 3737 cum
3257 3682 3504 3736 omnibus
3532 3683 3597 3736 ad

2020 3795 2079 3834 se
2122 3777 2515 3846 pertinentibus
2554 3775 2640 3828 vel
2683 3773 3098 3843 aspicientibus,
3148 3789 3271 3826 cum
3319 3773 3599 3842 mancipiis

2019 3865 2246 3931 duobus,
2283 3864 2369 3919 his
2397 3863 2727 3926 nominibus,
2760 3861 3100 3931 Elmengario
3126 3859 3374 3914 videlicet
3410 3869 3463 3914 et
3494 3860 3599 3913 Ad-

2021 3956 2191 4027 gerio,
2223 3971 2345 4012 cum
2370 3969 2496 4010 casa
2533 3951 2942 4014 indominicata,
2975 3950 3173 4016 curtis,
3205 3950 3351 4004 soliis
3379 3948 3592 4021 [silvis],

2019 4049 2222 4120 pratis,
2268 4048 2498 4118 perviis,
2529 4045 2794 4109 exitibus,
2841 4045 2925 4098 vel
2961 4045 3208 4100 omnibus
3248 4041 3594 4111 adjacentiis,

2021 4141 2107 4195 vel
2135 4149 2609 4210 quantumcunque
2635 4139 2822 4193 eadem
2860 4136 3282 4191 sanctimonialis
3318 4136 3513 4191 femina
3545 4137 3595 4190 in

2021 4234 2208 4290 eadem
2233 4233 2357 4288 villa
2395 4248 2491 4286 sua
2530 4232 2630 4286 fuit
2663 4229 2935 4302 possessio
2971 4228 3106 4300 [visa
3144 4227 3243 4282 fuit
3273 4227 3593 4298 possidere],

2021 4334 2078 4380 et
2102 4325 2351 4396 praesenti
2381 4332 2617 4392 tempore
2659 4323 2829 4377 nostri
2865 4321 3007 4390 juris
3044 4328 3204 4390 atque
3238 4319 3597 4391 possessionis

333 4413 596 4485 quidquid
619 4411 871 4482 deinceps
897 4411 1059 4467 etiam
1115 4419 1337 4478 propter
1391 4423 1630 4462 amorem
1679 4409 1916 4462 diVillum
1945 4439 1997 4498 Β
2024 4417 2078 4471 in
2104 4417 2291 4471 eadem
2320 4413 2445 4467 villa
2474 4413 2724 4466 Bosarias
2749 4412 2804 4464 in
2833 4427 2891 4464 re
2910 4409 3255 4479 proprietatis
3281 4417 3394 4472 est,
3427 4418 3594 4463 totum

333 4503 592 4559 collatum
605 4510 705 4564 est,
721 4509 776 4555 et
795 4499 860 4554 ad
887 4515 1081 4554 causas
1109 4496 1404 4552 audiendas
1429 4497 1511 4552 vel
1539 4496 1698 4552 feuda
1721 4496 1914 4569 [freda]

333 4596 618 4667 exigenda,
649 4601 744 4648 aut
770 4592 1080 4646 mansiones
1099 4591 1182 4646 vel
1218 4599 1440 4660 paratas
1469 4588 1776 4655 faciendas,
1827 4597 1920 4643 aut

333 4684 582 4739 homines
612 4683 776 4752 ipsius
801 4680 1060 4744 ecclesiae,
1100 4687 1210 4734 tam
1233 4679 1494 4750 ingenuos
1518 4694 1680 4748 quam
1706 4694 1916 4743 servos,

335 4773 535 4842 injuste
590 4768 1035 4840 distringendos,
1079 4778 1171 4822 aut
1207 4767 1345 4823 ullas
1391 4769 1780 4825 redhibitiones
1835 4769 1919 4822 vel

334 4861 603 4915 villicatus
627 4859 943 4914 occasiones
975 4857 1347 4927 requirendus,
1379 4858 1488 4913 ullo
1522 4874 1755 4928 unquam
1789 4868 1920 4913 tem-

333 4965 468 5020 pore
495 4950 698 5019 ingredi
731 4948 815 5004 vel
835 4955 1091 5003 exactare
1131 4957 1439 5018 praesumat.
1487 4949 1710 5020 Insuper
1754 4951 1916 5004 etiam

336 5040 774 5111 prmscriptorum
812 5039 1018 5095 incolas
1044 5054 1233 5094 omnes
1280 5054 1539 5110 pagorum
1570 5038 1805 5108 praefata:
1829 5055 1918 5094 ec-

335 5132 518 5188 clesiae
556 5145 682 5186 suas
709 5131 947 5186 decimas
977 5129 1207 5185 ﬁdeliter
1254 5131 1560 5199 persolvere
1595 5145 1693 5200 pro
1737 5131 1919 5186 divino

335 5239 523 5279 amore
563 5222 844 5291 iubemus;
887 5229 942 5276 et
967 5221 1249 5286 donamus,
1293 5230 1352 5276 ut
1378 5223 1628 5277 omnibus
1661 5222 1918 5292 tempori-

334 5315 438 5370 bus
469 5314 524 5368 in
544 5312 853 5368 alimoniam
886 5309 1181 5381 palmerum
1230 5321 1285 5366 et
1315 5311 1580 5382 stipendia
1633 5328 1916 5366 servorum

337 5404 454 5469 Dei,
479 5403 677 5458 ibidem
705 5403 814 5458 Deo
847 5400 1240 5464 famulantium,
1264 5401 1549 5469 proﬁciant
1583 5401 1636 5455 in
1665 5418 1920 5470 augmen-

340 5502 482 5558 tum;
513 5502 778 5563 quatenus
822 5491 954 5561 ipsis
1004 5491 1173 5545 servis
1201 5490 1295 5544 Dei
1335 5493 1422 5560 qui
1456 5492 1650 5545 ibidem
1690 5491 1798 5546 Dco
1839 5492 1920 5544 fa-

339 5584 534 5639 mulari
571 5585 835 5646 videntur,
861 5597 962 5652 pro
1008 5581 1162 5636 nobis
1189 5591 1242 5635 et
1272 5584 1498 5652 coniuge
1542 5583 1795 5654 proleque
1823 5599 1917 5638 no-

342 5688 476 5740 stra,
502 5683 554 5730 et
590 5691 686 5746 pro
716 5674 1004 5729 stabilitate
1041 5673 1201 5726 totius
1246 5672 1451 5741 imperii
1485 5673 1652 5726 nostri
1681 5711 1695 5737 ,
1749 5690 1776 5726 a
1809 5673 1918 5730 Deo

2019 4515 2076 4561 et
2101 4506 2165 4560 ad
2195 4505 2492 4573 integrum,
2526 4500 2609 4555 vel
2642 4499 3024 4568 inexquisitum
3056 4497 3325 4566 praedicta:
3355 4497 3596 4552 ecclesiae

2018 4596 2190 4651 sancti
2235 4591 2504 4649 Vincentii
2554 4588 2810 4656 martyris
2851 4595 2908 4640 et
2955 4585 3355 4655 congregationi
3401 4585 3596 4639 ibidem

2020 4685 2130 4738 Deo
2173 4679 2456 4736 famulanti
2503 4679 2556 4731 in
2601 4684 2784 4731 nostra
2830 4673 3196 4729 concessimus
3238 4673 3593 4742 elcemosyna.

2020 4773 2356 4841 Quapropter
2384 4770 2630 4825 volumus
2659 4774 2820 4836 atque
2839 4763 3088 4832 iubemus
3116 4770 3176 4816 ut
3207 4777 3304 4831 per
3331 4763 3469 4816 hanc
3498 4779 3596 4817 no-

2023 4870 2188 4916 stram
2219 4861 2598 4915 auctoritatem
2638 4855 2996 4926 prmsentibus
3024 4852 3270 4906 videlicet
3309 4860 3362 4905 et
3403 4849 3598 4906 futuris

2024 4951 2353 5020 temporibus
2389 4949 2677 5019 praedictas
2717 4960 2824 5009 res,
2870 4958 2991 4997 cum
3033 4941 3313 5010 mancipiis
3352 4940 3600 5010 superius

2025 5042 2316 5098 nominatis
2345 5048 2400 5093 et
2421 5039 2672 5094 onmibns
2697 5036 2857 5090 rebus
2880 5035 2948 5089 ad
2976 5049 3035 5089 se
3059 5033 3469 5104 pertinentibus,
3501 5046 3598 5087 ea-

2023 5134 2145 5188 dem
2183 5131 2412 5188 eeclesia
2462 5130 2513 5184 in
2553 5136 2740 5183 nostra
2788 5127 3125 5196 eleemosyna
3170 5137 3456 5178 concessas
3502 5121 3598 5176 hn-

2025 5223 2167 5286 beat,
2203 5231 2365 5290 atque
2389 5218 2512 5288 iure
2549 5227 2807 5287 perpetuo
2837 5217 2888 5268 in
2926 5214 3128 5268 ditionc
3164 5212 3330 5280 ipsius
3357 5211 3598 5266 ecclesia

2027 5309 2401 5385 [consistant];
2443 5325 2506 5363 ea
2543 5305 2851 5362 conditione
2884 5303 3129 5358 videlicet
3164 5309 3223 5355 ut
3251 5300 3508 5369 quidquid
3532 5299 3598 5354 de

2025 5400 2226 5453 eisdem
2263 5397 2425 5450 rebus
2462 5395 2531 5448 ob
2573 5393 2858 5447 utilitatem
2898 5398 2953 5445 et
2990 5390 3288 5459 profectum
3311 5429 3324 5454 ,
3363 5397 3600 5445 rectores

2027 5488 2196 5556 ipsius
2226 5484 2468 5539 ecclesiae
2503 5483 2584 5536 vel
2621 5482 2962 5550 congregatio
2997 5482 3164 5550 ipsius
3199 5479 3367 5536 sancti
3401 5477 3502 5532 loci
3530 5476 3601 5534 ab

2027 5577 2286 5632 hodierno
2314 5575 2401 5629 die
2434 5580 2488 5627 et
2524 5580 2765 5640 tempore
2801 5571 2979 5627 facere
3008 5570 3303 5632 voluerint,
3341 5569 3508 5623 libero
3535 5564 3597 5622 in

2026 5666 2274 5725 omnibus
2312 5662 2658 5734 perfruantur
2700 5661 2926 5714 arbitrio
2969 5660 3218 5716 faciendi.
3267 5659 3329 5712 Et
3377 5666 3433 5712 ut
3479 5657 3594 5711 hanc

3623 203 3660 242 δ
