3940 6180
301 179 334 214 Ι

383 287 482 342 991

1529 269 1848 327 ιυοογιοι
1886 267 1908 322 ι
1944 265 2411 324 COGNOMENTO
2449 265 2531 320 Pl]

3543 265 3633 320 989

386 397 681 454 auctoritas
709 395 1004 466 pleniorem
1042 390 1098 445 in
1125 385 1226 444 Dei
1263 385 1480 441 nomine
1515 383 1759 438 obtineat
1798 379 1967 434 ﬁrmi—
1993 383 2040 441 Α
2070 378 2165 434 Dei
2184 377 2440 433 Ecclesia:
2461 386 2518 432 et
2539 375 2744 432 ostris
2759 375 3072 447 diligentius
3092 383 3461 441 conservetur,
3483 392 3639 431 manu

389 496 586 554 tatem,
614 496 669 542 et
705 501 803 556 per
828 484 1083 539 diuturna
1121 487 1362 546 tempora
1397 471 1762 529 inviolabilem
1799 478 1855 525 et
1883 470 1965 525 in-

386 580 701 636 couvulsum
727 576 973 630 obtineat
1005 571 1287 634 eﬁ'ectum,
1323 583 1484 622 manu
1523 564 1746 635 propria
1778 562 1966 618 subter

383 685 506 725 eam
545 668 911 732 ﬁrmavimus,
956 673 1011 720 et
1057 662 1239 718 annuli
1283 659 1455 716 nostri
1498 657 1854 729 impressione
1893 656 1966 712 si-

383 761 538 832 gnari
561 759 824 826 iussimus
839 795 854 812 .

455 850 680 921 Signum
711 848 969 904 Ludovici
999 843 1331 902 serenissimi
1364 840 1720 911 imperatoris.

456 939 732 993 Helisacar
757 936 1091 1006 recognovit.

454 1031 589 1084 Data
623 1029 814 1099 quinto
841 1029 962 1084 ldus
993 1023 1348 1095 Septembris,
1379 1035 1522 1075 anno
1549 1020 1726 1088 primo
1754 1016 1965 1087 imperii

386 1119 580 1183 nostri,
608 1119 898 1173 indictione
921 1118 974 1169 7.
1007 1116 1203 1170 Actum
1239 1110 1560 1181 Aquisgrani
1589 1108 1790 1178 palatio
1819 1108 1966 1178 regio

386 1211 439 1266 in
474 1209 570 1266 Dei
601 1210 832 1264 nomine.

387 1429 484 1470 PRO
514 1427 763 1467 WIRUNDO
793 1425 996 1465 ΔΒΒᾹΤΕ
1031 1419 1345 1462 ετΑιιυιεΝδι
1377 1418 1447 1456 E‘l‘
1483 1413 1964 1456 IALHUNDAIHENSI.

998 1498 1170 1567 (Anno
1203 1494 1353 1564 8M.)

463 1595 642 1668 [Apud
672 1594 927 1653 Martem,
957 1586 1127 1657 Ampi.
1157 1584 1397 1648 ϐουλὴ,
1423 1581 1612 1646 tom.l,
1635 1597 1755 1652 pag.
1777 1577 1894 1649 τι]

459 1667 516 1740 lu
540 1685 770 1740 'nomine
808 1683 902 1736 Dei
939 1688 994 1734 et
1029 1675 1325 1732 Salvatoris
1361 1673 1530 1729 nostri
1569 1671 1697 1727 Jesu
1740 1667 1964 1732 Christi,

389 1776 696 1832 Ludovicus
746 1774 926 1830 divina
969 1769 1252 1828 ordinante
1296 1765 1632 1837 providentia
1679 1764 1975 1832 imperator

387 1868 679 1938 Augustus.

459 1957 722 2014 Omnibus
743 1955 1029 2025 episcopis,
1058 1951 1364 2015 abbatibus,
1387 1948 1637 2012 ducibus,
1664 1945 1970 2009 comitibus,

387 2047 628 2107 vicariis,
667 2043 1020 2106 centenariis,
1060 2039 1370 2103 telonariis,
1409 2035 1750 2099 aetionariis,
1792 2031 1973 2088 missis

392 2136 594 2192 nostris
637 2133 1066 2189 discurrentibus
1106 2131 1193 2184 vel
1237 2127 1546 2184 hominibus
1585 2123 1972 2193 rempublicam

392 2225 926 2286 administrantibus,
965 2239 1059 2278 seu
1100 2221 1311 2276 caeteris
1351 2216 1598 2272 ﬁdelibus
1636 2223 1837 2270 sancta:
1877 2212 1972 2267 Dei

393 2318 672 2381 Ecclesiae,
703 2323 758 2369 et
783 2314 985 2368 nostris
1025 2320 1131 2365 tam
1160 2309 1515 2380 praesentibus
1553 2321 1713 2375 quam
1742 2313 1799 2359 et
1831 2301 1975 2356 futu-

392 2406 471 2462 ris
498 2413 683 2460 notum
711 2405 782 2458 sit
805 2403 930 2473 quia
971 2402 1057 2455 vir
1091 2397 1414 2454 venerabilis
1437 2394 1732 2450 Wirundus
1759 2393 1895 2448 abba
1919 2400 1975 2445 et

393 2496 573 2551 omnis
608 2491 955 2564 congregatio
987 2506 1051 2546 ex
1084 2487 1414 2543 monasterio
1451 2484 1712 2540 Stabulau
1751 2491 1807 2537 et
1847 2481 1976 2535 Mal-

397 2585 704 2647 mundario,
733 2582 875 2652 quod
901 2588 984 2636 est
1011 2580 1175 2634 situm
1205 2579 1256 2632 in
1285 2577 1418 2632 silva
1447 2575 1817 2636 Ardennense,
1848 2589 1976 2628 con-

397 2684 660 2733 structum
689 2675 741 2730 in
775 2675 979 2728 honore
1011 2679 1324 2726 sanctorum
1360 2666 1724 2737 apostolorum
1749 2663 1892 2718 Petri
1921 2673 1977 2718 et

399 2767 547 2822 Pauli
584 2781 678 2821 seu
715 2772 769 2818 et
809 2763 1044 2827 Martini,
1075 2761 1166 2816 ubi
1205 2767 1259 2814 et
1287 2765 1510 2814 sanctus
1544 2755 1834 2810 Remaclus
1859 2769 1979 2809 cor-

399 2871 528 2924 pore
567 2853 891 2922 requiescit,
924 2850 1197 2920 petierunt
1230 2847 1578 2902 serenitatem
1617 2852 1889 2908 nostram,
1920 2851 1978 2897 ut

396 2944 477 2997 eis
501 2941 956 2996 concessissemus
978 2938 1248 2992 teloneum
1272 2936 1338 2990 de
1363 2950 1549 2990 eorum
1580 2933 1830 2997 navibus,
1857 2947 1979 3002 qua:

2069 467 2288 536 propria
2321 467 2762 536 subscripsimus,
2788 475 2845 520 et
2867 467 3050 520 annuli
3095 466 3262 521 nostri
3296 467 3644 536 impressione

2068 559 2268 630 signari
2291 557 2572 628 iussimus.

2141 649 2364 722 Signum
2391 648 2647 706 Ludovici
2677 647 3398 716 serenissimi-imperatoris.

2140 738 2277 794 Data
2317 738 2541 793 Kalend.
2583 737 2800 801 0ctob.,
2840 752 2983 791 anno
3023 736 3232 804 primo,
3273 735 3489 790 Christo
3523 750 3649 803 pro-

2069 830 2220 901 pitio,
2250 829 2462 898 imperii
2491 828 2692 882 domini
2717 827 2974 882 Ludovici
3000 825 3248 894 Augusti,
3277 825 3568 880 indictione
3590 827 3642 880 8.

2139 922 2337 976 Actum
2375 920 2622 990 Cisp-iaeo
2661 918 2861 988 palatio
2903 918 2958 972 in
3001 917 3096 972 Dei
3140 916 3356 972 nomine
3396 915 3643 972 feliciter.

2069 1012 2261 1066 Amen.

2799 1099 2902 1155 XH-

2461 1227 2560 1267 PIO
2597 1227 2932 1266 κοΜδτειιιο
2965 1224 3259 1266 ειΑεῦεκθι.

2687 1303 2859 1371 (Anno
2889 1299 3014 1356 8M.

2072 1415 2248 1486 [Apud
2276 1414 2339 1472 D.
2365 1413 2651 1486 Bouquet.,
2681 1413 3000 1486 Recueildes
3019 1415 3164 1486 Ιιὶδιλ,
3198 1423 3236 1468 t.
3265 1414 3350 1478 Vl,
3377 1429 3502 1485 pag.
3523 1415 3646 1486 463g,

2139 1482 2206 1540 ex
2229 1482 2637 1556 probationibus
2659 1499 2803 1538 nona
2828 1483 3079 1538 Historia:
3110 1482 3416 1548 Occitaniaé,
3453 1482 3583 1539 tom.
3607 1483 3645 1550 l,

2139 1555 2260 1625 pag.
2292 1555 2377 1608 tt.

2141 1571 2206 1625 pa
2233 1554 2260 1609 “.
2292 1555 2377 1608 Η.

2141 1554 2456 1720 ΙηΒυοπιὶΞιε
2491 1661 2704 1718 Domini
2745 1661 2842 1717 Dei
2878 1667 2935 1716 et
2975 1660 3270 1717 Salvatoris
3310 1662 3482 1717 nostri
3523 1660 3650 1719 Iesu

1998 1727 2047 1788 Β
2074 1753 2300 1819 Christi,
2330 1752 2635 1807 Ludovicus
2663 1751 2843 1806 divina
2873 1751 3158 1806 ordinante
3193 1751 3531 1820 providentia
3557 1752 3652 1808 im-

2069 1851 2290 1914 perator
2317 1841 2610 1910 Augustus.

2144 1932 2203 1986 Si
2250 1931 2590 1986 liberalitatis
2635 1938 2835 1986 nostra:
2877 1943 3102 1985 munere
3143 1930 3276 1985 locis
3313 1929 3424 1985 Deo
3464 1931 3651 1987 dicatis

2072 2023 2340 2092 quoddam
2371 2021 2702 2077 conferimus
2727 2019 3071 2086 beneﬁcium,
3103 2030 3160 2074 et
3193 2021 3544 2077 necessitates
3571 2037 3650 2077 eeo

2074 2112 2409 2168 clesiasticas
2435 2112 2502 2164 ad
2530 2111 2823 2180 petitiones
2851 2125 3132 2167 servorum
3167 2111 3270 2165 Dei
3297 2120 3486 2166 nostro
3520 2112 3654 2167 rele-

2072 2217 2262 2256 vemus
2282 2200 2581 2269 juvamine,
2611 2208 2774 2269 atque
2798 2199 3064 2270 imperiali
3087 2207 3302 2255 tuemur
3331 2201 3650 2266 munimine,

2075 2293 2131 2346 id
2167 2291 2326 2346 nobis
2355 2291 2423 2345 ad
2446 2289 2730 2345 mortalem
2762 2289 2929 2343 vitam
2959 2289 3323 2358 temperanter
3353 2290 3655 2360 transigeno

2073 2383 2216 2448 dam,
2237 2390 2295 2437 et
2320 2382 2386 2437 ad
2407 2390 2664 2436 aeternam
2690 2380 2923 2436 feliciter
2943 2381 3289 2435 obtinendam
3312 2379 3650 2451 profuturum

2073 2458 2280 2544 liquido
2294 2473 2582 2529 credimus.
2611 2473 2776 2542 igitur
2799 2472 3010 2526 noverit
3035 2471 3302 2542 sagacitas
3326 2486 3420 2526 seu
3446 2471 3652 2526 utilitas

2071 2564 2312 2619 ninnium
2349 2562 2584 2618 ﬁdelium
2614 2569 2814 2616 sancta:
2843 2561 2939 2615 Dei
2968 2561 3244 2626 Ecclesiae,
3273 2569 3383 2614 tam
3420 2577 3655 2631 pnesen-

2076 2655 2209 2710 tium
2245 2669 2409 2724 quam
2449 2653 2792 2719 futurorum,
2829 2653 2957 2722 quia
2994 2652 3079 2706 vir
3113 2652 3439 2706 venerabilis
3477 2651 3653 2706 Attaia

2075 2749 2244 2804 abbas
2278 2763 2346 2804 ex
2381 2746 2711 2803 monasterio
2744 2746 2804 2799 S.
2836 2745 3038 2808 Mariae,
3075 2744 3217 2814 quod
3254 2751 3338 2798 est
3374 2745 3538 2798 situm
3575 2760 3657 2798 su-

2075 2851 2174 2906 per
2193 2835 2411 2891 fluvium
2433 2835 2721 2890 Orbionem
2745 2834 2798 2886 in
2824 2831 3057 2888 conﬁnio
3078 2831 3426 2886 Narbonense
3451 2841 3505 2886 et
3529 2833 3654 2888 Car-

2074 2939 2361 2990 cassense,
2391 2925 2589 2979 obtulit
2609 2923 2888 2978 obtutibus
2923 2921 3125 2975 nostris
3168 2922 3523 2976 auctoritates
3559 2922 3656 2975 im-

397 3049 496 3102 per
532 3033 779 3086 Rhenum
817 3038 872 3083 et
907 3043 1005 3099 per
1040 3028 1242 3082 Mosam
1279 3024 1500 3079 ﬁumina
1537 3032 1757 3094 propter
1789 3037 1976 3077 eorum
2005 3060 2052 3123 Ο
2081 3016 2365 3071 munitatis
2391 3015 2593 3070 domini
2621 3023 2675 3068 et
2701 3012 2965 3084 genitoris
2997 3011 3167 3066 nostri
3201 3011 3354 3066 bona:
3381 3012 3655 3066 memoriae

400 3125 727 3193 supplendas
772 3123 1121 3176 necessitates
1166 3121 1508 3185 discurrunt,
1559 3133 1764 3173 necnon
1811 3125 1867 3172 et
1913 3117 1979 3171 de
2006 3102 2052 3123 υ
2082 3105 2263 3160 (1³1·οΠ
2309 3105 2538 3174 luminii
2587 3105 2844 3175 Αυῧυειίο
2893 3103 2946 3157 in
2994 3103 3191 3193 (Ιιιίιηιδ
3231 3111 3351 3156 eral
3395 3102 3654 3158 ίοθθηυιπ

403 3216 578 3268 carris
617 3223 671 3268 et
708 3215 992 3284 sagmariis
1028 3213 1330 3268 necessaria
1369 3228 1553 3266 eorum
1591 3210 1977 3266 deferentibus.

404 3303 641 3370 Quorum
669 3303 1015 3371 petitionibus
1045 3302 1200 3355 nobis
1233 3303 1303 3356 ob
1331 3316 1572 3355 amorem
1609 3301 1701 3355 Dei
1735 3311 1789 3355 et
1821 3317 1983 3356 vene-

405 3391 670 3449 rationem
708 3399 1016 3444 sauctorum
1054 3390 1416 3458 apostolorum
1458 3389 1603 3445 Petri
1639 3399 1696 3444 et
1738 3390 1882 3444 Pauli
1919 3405 1984 3445 ac

405 3484 577 3539 sancti
622 3482 836 3536 Martini
877 3479 1204 3536 confessoris
1243 3495 1498 3545 annuere,
1543 3487 1598 3535 et
1638 3482 1741 3535 hoc
1780 3495 1985 3550 prmed-

404 3580 555 3641 ptum
605 3570 1002 3641 magniﬁcentia
1054 3578 1241 3624 nostra
1296 3569 1568 3624 ﬁrmitatis
1614 3568 1787 3639 gratia
1836 3568 1981 3623 circa

407 3663 555 3733 ipsos
583 3661 699 3715 ﬁeri
736 3660 914 3722 libuit,
958 3677 1056 3731 per
1083 3661 1228 3730 quod
1259 3659 1512 3728 iubemus
1547 3669 1709 3730 atque
1738 3659 1985 3729 praecipi-

410 3767 531 3806 mus
569 3761 628 3806 ut
670 3766 828 3806 nemo
868 3751 1103 3805 ﬁdelium
1149 3759 1458 3806 nostrorum
1499 3765 1600 3804 nec
1635 3749 1860 3819 quilibet
1891 3765 1986 3804 ex-

410 3851 563 3898 actor
596 3841 898 3910 iudiciaria:
941 3843 1225 3912 potestatis
1265 3843 1332 3896 de
1365 3842 1540 3897 carris
1576 3841 1660 3898 vel
1703 3842 1987 3912 sagmariis

411 3934 579 4002 ipsius
608 3933 1068 4004 congregationis,
1099 3933 1167 3987 de
1193 3931 1434 4002 quolibet
1465 3931 1791 3985 commercio
1820 3930 1987 3986 unde—

415 4037 626 4090 cunque
653 4023 904 4076 videlicet
939 4022 1101 4076 ﬁscus
1139 4023 1410 4078 teloneum
1446 4021 1662 4092 exigere
1689 4029 1897 4091 potest,
1929 4028 1988 4075 ut

411 4112 558 4166 nullo
587 4111 705 4165 loco
739 4111 1008 4164 teloneum
1043 4111 1286 4178 accipere
1314 4111 1400 4165 vel
1427 4112 1643 4181 exigere
1674 4119 1984 4179 praesumat.

412 4203 588 4258 Naves
614 4219 743 4257 vero
765 4218 883 4270 qua:
908 4203 1050 4256 dicta
1076 4201 1292 4256 ﬁumina
1318 4204 1388 4258 ob
1408 4204 1692 4258 utilitatem
1722 4213 1778 4258 et
1802 4219 1988 4259 neces—-

412 4294 628 4346 sitatem
670 4292 839 4358 ipsius
867 4291 1301 4359 congregationis
1335 4291 1678 4358 discurrunt,
1721 4293 1789 4346 ad
1830 4308 1988 4362 quas-

412 4396 624 4450 cunque
640 4380 899 4436 civitates
929 4388 1023 4434 aut
1057 4389 1265 4452 portus,
1297 4381 1381 4436 vel
1421 4390 1616 4437 caetera
1657 4383 1771 4438 loca
1803 4397 1988 4439 acces-

411 4488 529 4527 sum
566 4470 1077 4536 babuerint,-nullus
1110 4487 1176 4526 ex
1208 4471 1291 4526 eis
1319 4479 1412 4526 aut
1442 4473 1748 4528 hominibus
1773 4472 1864 4542 qui
1894 4487 1987 4527 eas

410 4560 748 4632 praeviderit,
791 4561 995 4615 nullum
1042 4561 1341 4625 teloneum,
1391 4571 1486 4615 aut
1528 4563 1844 4632 ripaticum,
1894 4571 1989 4617 aut

409 4651 767 4721 postaticum,
810 4660 899 4706 aut
940 4653 1302 4721 pontaticum,
1347 4660 1442 4706 aut
1479 4651 1846 4716 salutaticum,
1892 4661 1987 4707 aut

410 4741 735 4804 cenaticum,
765 4749 857 4796 aut
881 4741 1206 4810 pastionem,
1242 4749 1335 4795 aut
1361 4743 1718 4796 trauvaticum
1738 4783 1752 4808 ,
1786 4752 1878 4797 aut
1908 4744 1987 4796 ul-

412 4827 521 4884 lum
558 4845 841 4885 occursum
873 4831 956 4886 vel
989 4831 1155 4884 ullum
1190 4846 1445 4895 censum,
1484 4840 1579 4886 aut
1616 4832 1776 4887 ullam
1808 4835 1986 4890 redhi-

411 4920 672 4975 bitionem
693 4920 939 4988 accipere
967 4920 1048 4975 vel
1075 4920 1292 4990 exigere
1320 4921 1533 4984 audeat,
1562 4921 1656 4977 sed
1683 4923 1889 4980 licitum
1919 4925 1992 4978 sit

413 5009 493 5064 eis
534 5011 737 5080 absque
766 5009 991 5080 alicuius
1031 5010 1217 5064 illicita
1258 5013 1641 5067 contrarietate
1676 5015 1761 5069 vel
1804 5016 1990 5070 deten-

415 5098 562 5153 tione
585 5114 683 5169 per
709 5099 848 5153 hanc
873 5105 1112 5152 nostram
1142 5100 1519 5154 auctoritatem
1551 5118 1716 5158 naves
1742 5111 1798 5157 et
1823 5105 1992 5159 homi-

415 5203 534 5254 nes,
560 5190 652 5259 qui
678 5205 772 5246 eas
794 5189 1078 5260 providere
1101 5190 1315 5256 debent,
1341 5207 1464 5245 eum
1490 5192 1575 5246 his
1599 5207 1717 5261 quae
1743 5193 1990 5249 deferunt

415 5295 512 5350 per
548 5283 856 5338 universum
897 5282 1183 5352 imperium
1219 5291 1462 5338 nostrum
1499 5283 1668 5339 libere
1703 5292 1866 5355 atque
1904 5302 1988 5342 se-

415 5385 547 5426 cure
572 5372 650 5427 ire
671 5380 726 5426 et
744 5373 938 5436 redire,
962 5383 1019 5428 et
1043 5373 1087 5428 si
1110 5373 1319 5444 aliquas
1340 5386 1520 5428 moras
1547 5375 1597 5427 in
1619 5375 1855 5444 qualibet
1875 5377 1989 5431 loca

419 5460 668 5529 fecerint,
696 5475 788 5519 aut
811 5466 1012 5535 aliquid
1041 5468 1264 5522 mercati
1287 5467 1485 5523 fuerint
1509 5476 1606 5542 aut,
1629 5468 1986 5532 vendiderint,

421 5553 553 5610 nihil
581 5557 649 5610 ab
683 5559 761 5611 eis
787 5574 1028 5627 prorsus,
1070 5570 1127 5614 ut
1158 5561 1358 5616 dictum
1399 5568 1502 5624 est,
1534 5545 1797 5630 erigatur.
1834 5561 1896 5615 Et
1931 5571 1989 5615 ut

425 5645 538 5698 haec
563 5648 854 5701 auctoritas
875 5650 1077 5703 ﬁrmior
1099 5651 1360 5704 habeatur
1387 5659 1438 5705 et
1461 5667 1488 5704 a
1522 5652 1765 5706 fidelibus
1791 5662 1989 5707 sancta:

2082 3195 2316 3266 qualiter
2343 3195 2485 3250 idem
2519 3195 2731 3264 genitor
2767 3201 2954 3248 noster
2988 3191 3234 3247 eumdem
3273 3195 3655 3247 monasterium

2082 3302 2206 3341 cum
2235 3286 2442 3341 cellulis
2469 3286 2571 3340 sibi
2601 3285 2878 3354 subiectis,
2913 3299 3022 3337 una
3048 3298 3168 3352 qum
3193 3291 3420 3337 vocatur
3440 3283 3652 3349 Flexus,

2081 3393 2204 3448 quae
2223 3386 2310 3433 est
2333 3384 2643 3432 constructa
2670 3376 2726 3430 in
2757 3377 2962 3430 honore
2991 3373 3165 3429 sancti
3194 3372 3440 3428 Cucufati
3470 3375 3524 3428 in
3555 3384 3657 3429 ter-

2086 3469 2276 3523 ritorio
2295 3467 2680 3531 Carcassense,
2701 3481 2864 3535 super
2887 3463 3106 3518 ﬂuvium
3134 3465 3224 3534 qui
3249 3471 3480 3518 vocatur
3497 3463 3653 3528 Atax,

2084 3575 2206 3614 cum
2225 3558 2478 3614 omnibus
2499 3557 2824 3628 appenditiis
2845 3555 2930 3610 vel
2952 3553 3268 3623 adiacentiis
3293 3553 3436 3620 suis;
3465 3554 3653 3617 altera,

2083 3663 2204 3716 quae
2229 3647 2428 3702 dicitur
2453 3645 2626 3714 Caput
2661 3644 2850 3714 Spina.
2887 3659 3008 3714 quae
3039 3652 3123 3698 est
3155 3643 3334 3698 dicata
3364 3644 3420 3698 in
3459 3645 3659 3698 honore

2086 3738 2144 3792 S.
2174 3737 2320 3792 Petri
2352 3737 2610 3806 principis
2644 3735 3029 3806 apostolorum,
3057 3736 3112 3789 in
3145 3735 3422 3790 territorio
3459 3735 3658 3789 Narbo-

2089 3835 2288 3897 nensi,
2321 3845 2484 3899 super
2522 3829 2753 3884 rivulum
2792 3829 2882 3898 qui
2917 3837 3141 3886 vocatur
3175 3826 3505 3891 Clamesitis,
3535 3843 3656 3883 eum

2083 3919 2336 3974 omnibus
2361 3919 2692 3990 appendiciis
2715 3920 2799 3974 vel
2823 3919 3141 3990 adjacentiis
3164 3921 3308 3984 suis;
3337 3921 3519 3983 tertia,
3541 3933 3656 3988 qua

2085 4017 2426 4079 nuncupatur
2452 4009 2657 4074 Palma,
2694 4025 2814 4078 qua:
2838 4017 2923 4064 est
2951 4009 3054 4064 sita
3086 4009 3141 4063 in
3171 4008 3447 4063 territorio
3473 4008 3656 4062 eodem

2087 4099 2435 4156 Narbonense
2469 4115 2632 4168 super
2665 4100 2816 4154 littus
2845 4099 3032 4163 maris,
3058 4113 3182 4154 cum
3215 4098 3467 4152 omnibus
3502 4098 3568 4152 ad
3602 4111 3658 4151 se

2086 4191 2504 4259 pertinentibus,
2531 4206 2637 4245 una
2660 4205 2782 4245 cum
2802 4189 3306 4260 congregationibus
3329 4188 3528 4242 ibidem
3555 4186 3657 4240 Deo

2087 4279 2491 4343 famulantibus,
2530 4282 2600 4336 ob
2627 4296 2868 4336 amorem
2895 4281 2990 4335 Dei
3029 4280 3582 4349 tranquillitatemque
3606 4279 3655 4330 in

2090 4372 2294 4427 eisdem
2324 4371 2456 4427 locis
2489 4373 2928 4435 consistentibus,
2972 4387 3186 4441 semper
3213 4372 3314 4426 sub
3349 4372 3654 4440 plenissima

2093 4463 2316 4517 tuitione
2349 4472 2405 4517 et
2440 4463 2798 4517 immunitatis
2834 4461 3143 4518 defensione
3181 4464 3483 4518 consistere
3511 4461 3656 4515 fecis-

2091 4561 2193 4608 set.
2224 4552 2329 4607 Sed
2361 4567 2458 4622 pro
2483 4553 2561 4607 rei
2588 4552 2845 4608 ﬁrmitate
2868 4553 3159 4622 postulavit
3192 4553 3350 4608 nobis
3377 4552 3656 4622 pmdictus

2092 4645 2260 4700 abbas
2291 4653 2347 4699 et
2377 4645 2554 4700 omnis
2581 4645 2698 4714 eius
2732 4644 3100 4714 congregatio,
3139 4653 3198 4698 ut
3231 4652 3516 4714 paternum
3556 4658 3657 4695 mo-

2093 4747 2206 4787 rem
2243 4743 2549 4803 sequentes,
2577 4733 2883 4803 huiusmodi
2912 4742 3110 4789 nostrae
3147 4735 3506 4790 immunitatis
3529 4749 3656 4804 pra-

2091 4837 2323 4895 ceptum,
2350 4827 2419 4881 ob
2447 4842 2686 4882 amorem
2707 4827 2801 4882 Dei
2822 4835 2877 4882 et
2897 4828 3258 4882 reverentiam
3280 4827 3446 4881 divini
3467 4827 3654 4888 cultus,

2091 4929 2218 4984 erga
2264 4915 2438 4985 ipsum
2479 4916 2864 4972 monasterium
2898 4923 2952 4969 et
2990 4915 3212 4970 cellulas
3249 4915 3351 4969 sibi
3395 4915 3658 4985 subiectas

2095 5008 2210 5064 ﬁeri
2239 5025 2603 5066 censeremus.
2641 5010 2806 5080 Cuius
2833 5010 3082 5080 petitioni
3119 5011 3350 5064 libenter
3384 5022 3657 5068 assensmn

2092 5101 2442 5169 praebuimus,
2473 5111 2530 5158 et
2571 5103 2673 5157 hoc
2708 5111 2905 5158 nostrae
2944 5101 3284 5157 auctoritatis
3316 5111 3656 5171 praeceptum.

2095 5192 2452 5248 immunitatis
2496 5202 2658 5262 atque
2699 5193 2948 5248 tuitionis
2989 5193 3162 5263 gratia
3187 5232 3202 5257 ,
3248 5207 3347 5261 pro
3394 5192 3660 5247 ﬁrmitatis
3709 5219 3715 5224 -

2094 5280 2272 5336 studio
2313 5290 2369 5336 et
2410 5283 2603 5337 animo:
2637 5291 2838 5338 nostra
2872 5283 3236 5341 emolumento
3273 5283 3390 5340 fieri
3427 5285 3660 5340 decrevi-

2095 5388 2243 5437 mus;
2277 5388 2375 5442 per
2401 5375 2544 5444 quod
2571 5375 2913 5444 pmcipimus
2942 5383 3103 5444 atque
3122 5373 3376 5442 iubemus
3405 5384 3467 5429 ut
3492 5374 3661 5429 nullus

2086 5462 2249 5530 iudex
2286 5465 2551 5534 publicus,
2588 5480 2762 5533 neque
2807 5464 3057 5534 quislibet
3097 5481 3161 5520 ex
3195 5464 3483 5534 iudiciaria
3517 5474 3658 5534 pote—

2095 5565 2256 5621 state,
2293 5565 2386 5610 aut
2416 5557 2590 5611 nullus
2618 5572 2680 5611 ex
2713 5556 2957 5611 ﬁdelibus
2987 5557 3201 5616 nostris,
3234 5565 3342 5609 tam
3387 5555 3658 5625 pra-senti-

2096 5651 2194 5703 bus
2229 5662 2386 5718 quam
2418 5646 2644 5713 futuris,
2682 5649 2734 5701 in
2771 5647 3010 5715 cellulas,
3049 5657 3141 5702 aut
3179 5649 3231 5702 in
3270 5648 3548 5710 ecclesias,
3579 5643 3652 5697 vel
