3946 6174
354 276 466 331 995

1485 266 1882 329 DiPLOMATA
1920 266 2472 327 ECCLESlAS‘l‘lCA.

3513 275 3617 333 95.1

358 384 501 451 loca,
544 386 660 442 sive
707 398 886 456 agros,
936 399 1033 441 seu
1078 386 1319 459 reliquas
1359 386 1747 456 possessiones,
1797 396 1937 456 quas
1963 383 2015 445 Α
2041 381 2207 438 tionis
2245 381 2446 439 ibidem
2497 382 2811 440 famulantis
2859 385 2988 451 Deo,
3049 385 3132 441 vel
3168 401 3334 443 naves
3372 402 3492 457 quae
3530 405 3632 460 per

356 477 619 532 moderns
647 485 892 547 tempore
916 476 974 531 in
1013 477 1342 548 quibuslibet
1369 477 1521 550 pagis
1554 487 1611 533 et
1644 477 1938 533 territoriis

355 564 500 620 inira
520 565 783 621 ditionem
804 566 1021 636 imperii
1041 569 1214 624 nostri
1233 569 1538 638 possident;
1559 568 1823 637 quidquid
1836 567 1940 622 ibi»

353 663 477 716 dem
505 670 730 732 propter
772 662 1015 718 divinum
1054 675 1294 718 amorem
1334 660 1587 716 collatum
1628 658 1756 725 fuit,
1794 672 1940 730 quie-

353 768 461 823 que
482 754 649 808 etiam
673 753 927 824 deinceps
950 754 1007 808 in
1035 753 1157 821 jure
1188 754 1359 824 ipsius
1386 751 1560 806 uncti
1586 748 1691 804 loci
1721 755 1816 803 aut
1840 760 1942 818 per

351 858 455 899 nos
492 850 587 897 aut
621 857 718 914 per
753 844 903 900 alios
926 843 1160 899 voluerit
1189 844 1368 899 divina
1410 844 1584 912 pietas
1612 841 1831 912 augeri;
1871 838 1941 895 ad

353 947 549 988 mus
586 934 903 999 audiendas,
935 934 1022 989 vel
1054 932 1211 989 freda
1239 933 1525 1004 exigenda,
1569 942 1664 987 aut
1701 932 1941 987 mansio.

354 1037 454 1078 nes
472 1022 558 1078 vel
587 1032 818 1093 paratas
844 1023 1141 1089 faciendas,
1162 1030 1257 1078 aut
1282 1021 1628 1092 tldejussores
1652 1021 1936 1088 tollendos,

354 1120 450 1167 aut
474 1112 724 1168 homines
753 1112 921 1183 ipsius
947 1113 1212 1179 ecclesiae,
1238 1122 1352 1170 tam
1378 1115 1642 1183 ingenuos
1669 1126 1942 1183 quamque

354 1211 407 1258 et
438 1217 648 1271 servos,
680 1218 845 1275 super
883 1212 1088 1260 terram
1124 1205 1369 1275 ejusdem
1396 1213 1825 1270 commaneutes,
1855 1204 1940 1259 di-

356 1292 721 1363 stringendos,
749 1307 853 1348 nec
876 1292 1013 1348 ullas
1041 1294 1427 1349 redhibitiones
1462 1301 1558 1348 aut
1594 1292 1810 1348 illicitas
1842 1305 1938 1346 oc-

356 1384 606 1440 casiones
628 1384 1002 1454 requirendas,
1028 1387 1231 1441 nostris
1254 1394 1367 1441 nec“
1383 1384 1584 1441 futuris
1607 1385 1941 1456 temporibus

358 1473 566 1544 ingredi
603 1474 833 1540 audeat,
871 1476 956 1531 vel
985 1490 1075 1541 ea,
1112 1483 1234 1546 qua:
1262 1490 1423 1547 supra
1459 1482 1759 1531 memorata
1788 1483 1937 1540 sunt,

357 1565 575 1633 penitus
599 1564 817 1635 exigere
843 1575 1157 1635 praesumat.
1189 1563 1296 1621 Sed
1323 1566 1481 1621 liceat
1504 1564 1731 1636 przefate
1756 1564 1937 1620 abbati

355 1655 577 1724 suisque
614 1656 1018 1711 successoribus
1055 1671 1146 1712 res
1178 1655 1415 1724 ejusdem
1451 1655 1769 1711 monasterii
1808 1670 1935 1710 cum

2040 488 2192 529 mare
2216 474 2305 529 vel
2330 473 2551 529 ﬂumina
2576 472 2890 530 discurrunt
2911 475 3146 542 illorum,
3177 476 3261 532 vel
3287 478 3353 533 de
3375 477 3630 535 omnibus

2040 565 2396 635 undecunque
2435 565 2602 623 ﬁscus
2638 566 2908 623 teloneum
2948 569 3165 638 exigere
3214 577 3455 640 poterat,
3496 585 3630 627 eon-

2038 656 2376 722 cedet-emus,
2413 662 2471 711 et
2506 663 2751 712 nostram
2789 658 3166 713 auctoritatem
3203 659 3379 714 eidem
3417 659 3630 717 lacere-

2039 756 2163 798 mus
2192 742 2279 798 vel
2316 743 2767 801 eonﬁrmaremus
2791 747 3143 803 monasterio.
3177 747 3343 817 Cujus
3373 749 3627 819 precibus

2040 833 2207 888 nobis
2232 834 2303 890 ob
2331 846 2577 889 amorem
2609 835 2706 891 Dei
2740 844 2797 891 et
2823 839 3229 893 venerationem
3267 839 3414 896 illius
3450 842 3626 898 sancti

2039 926 2143 981 loci
2168 941 2425 992 aunuere,
2445 928 2626 983 ethoc
2649 937 2978 1000 pnecepmm
3002 930 3383 1009 muniﬁcentia:
3402 942 3623 1000 nostrae,

2040 1015 2316 1072 ﬁrmitatis
2352 1016 2556 1087 gratia,
2601 1018 2747 1073 circa
2786 1019 2958 1089 ipsam
2995 1023 3469 1092 congregationem
3507 1023 3629 1080 ﬁeri

2040 1105 2229 1171 libuit;
2258 1121 2357 1176 per
2382 1108 2527 1176 quod
2545 1104 2802 1176 iubemus
2828 1118 2991 1180 atque
3015 1110 3358 1181 praecipimus
3383 1120 3443 1167 ut
3466 1128 3629 1170 nemo

2041 1195 2279 1251 ﬁdelium
2309 1205 2640 1265 nostrorum,
2681 1215 2784 1255 nec
2816 1200 3043 1270 quilibet
3075 1212 3297 1256 exactor
3322 1200 3626 1270 judiciarias

2039 1287 2325 1356 potestatis
2353 1289 2421 1344 de
2449 1290 2622 1345 carris
2645 1298 2701 1345 et
2728 1293 3016 1363 sagmarlis
3054 1301 3149 1347 aut
3175 1294 3241 1349 de
3268 1295 3513 1361 navibus,
3539 1294 3629 1351 vel

2041 1378 2108 1434 de
2130 1380 2372 1448 quolibet
2411 1382 2758 1447 commercio,
2784 1383 3141 1452 undecunque
3168 1383 3331 1439 fiscus
3357 1384 3626 1440 teloneum

2039 1469 2255 1540 exigere
2273 1478 2474 1539 potest,
2498 1471 2664 1525 ullum
2687 1471 2959 1528 teloneum
2985 1473 3231 1543 accipere
3252 1482 3346 1528 aut
3371 1484 3627 1531 exactare

2038 1567 2352 1629 praesumat.
2400 1559 2469 1615 Et
2518 1561 2825 1631 ubicunque
2873 1577 3039 1617 naves
3087 1577 3274 1618 eorum
3317 1572 3411 1618 aut
3444 1563 3625 1634 aliqua

2038 1650 2366 1705 commercia
2394 1651 2463 1705 ad
2491 1666 2842 1722 quascunque
2869 1652 3044 1717 villas,
3079 1660 3172 1707 aut
3206 1652 3322 1708 loca
3349 1668 3628 1709 accessum

356 1722 564 1801 cellulis
600 1746 703 1801 ibi
740 1746 1019 1815 subjectis,
1048 1755 1105 1802 et
1139 1722 1300 1802 rebus
1334 1746 1417 1801 vel
1447 1746 1758 1802 hominibus
1791 1746 1939 1816 aspi-
1967 1722 2016 1786 Β
2043 1739 2352 1805 habuerint,
2386 1738 2564 1796 nullus
2591 1741 2772 1812 exigat
2801 1740 2866 1796 de
2903 1742 3212 1796 hominibus
3240 1757 3427 1797 eorum
3458 1742 3628 1798 ullum

357 1837 629 1893 cientibus
655 1837 742 1892 vel
770 1838 1190 1908 pertinentibus,
1216 1838 1318 1892 sub
1338 1836 1583 1892 tuitlonis
1610 1843 1668 1892 et
1688 1836 1941 1891 immuni-

357 1927 486 1983 tatis
507 1937 710 1983 nostra:
735 1926 1070 1994 defensioue,
1100 1935 1308 1983 remota
1338 1928 1503 1982 totius
1520 1925 1823 1995 iudiciariis
1846 1938 1943 1997 po-

358 2016 573 2072 testatis
620 2016 1014 2086 inquietudine,
1060 2017 1246 2087 quieto
1291 2016 1484 2071 ordine
1529 2016 1828 2086 possidere.
1874 2016 1945 2071 Et

356 2106 619 2177 quidquid
655 2106 723 2161 de
748 2105 990 2176 praefatis
1018 2107 1180 2161 rebus
1208 2106 1524 2161 menasteri
1557 2106 1645 2177 jus
1683 2105 1803 2160 tiscl
1829 2105 1945 2159 exi-

357 2211 491 2268 gere
512 2204 753 2266 poterat,
794 2196 849 2250 in
887 2203 1075 2250 nostra
1095 2195 1435 2266 eleemosyna
1472 2196 1527 2249 in
1564 2197 1833 2266 integrum
1859 2195 1942 2249 ei-

359 2288 483 2343 dem
523 2286 895 2343 concessimus
929 2286 1292 2351 monasterio;
1332 2286 1551 2341 scilicet
1582 2294 1644 2340 ut
1683 2294 1947 2355 perpetuo

360 2385 601 2446 tempore
643 2377 712 2432 ad
753 2380 1120 2449 peragendum
1148 2376 1245 2432 Dei
1282 2377 1568 2433 servitium
1598 2383 1945 2446 augmentum

361 2468 872 2538 tit-supplementum
907 2470 1019 2525 sat.
1050 2470 1118 2526 ει
1151 2471 1371 2541 quando
1395 2468 1612 2541 quidem
1647 2470 1828 2525 divina
1852 2454 1948 2526 io.

362 2560 579 2616 catione
618 2562 962 2633 supradictus
998 2563 1171 2620 abbas
1208 2564 1296 2619 vel
1338 2576 1687 2619 successores
1725 2560 1843 2632 ejus
1881 2562 1949 2619 de

366 2649 467 2704 hac
494 2650 612 2706 luce
637 2651 1020 2724 migraverint,
1049 2653 1295 2723 quandiu
1318 2654 1571 2709 monachi
1608 2653 1751 2707 inter
1775 2664 1835 2707 se
1868 2658 1950 2708 ta-

366 2737 445 2792 les
488 2738 731 2795 invenire
771 2741 1066 2810 potuerint,
1113 2741 1207 2811 qui
1256 2741 1429 2811 ipsam
1473 2740 1948 2811 congregationem

366 2829 665 2885 secundum
695 2831 935 2902 regulam
968 2833 1146 2889 sancti
1175 2831 1449 2888 Benedicti
1473 2845 1679 2900 regere
1712 2831 1945 2897 valeant,

363 2936 461 2990 per
493 2922 633 2978 hanc
661 2933 915 2979 nostram
937 2925 1317 2985 auctoritatem
1344 2932 1402 2980 et
1424 2939 1749 2981 consensum
1777 2925 1950 2981 lieen-

367 3012 499 3065 tiam
536 3013 771 3068 habeout
798 3013 1033 3085 eligendi
1074 3015 1328 3081 abbates;
1378 3020 1645 3086 Quatenus
1672 3015 1773 3085 ipsi
1803 3014 1946 3070 servi

2042 1830 2363 1895 ebcursum,
2396 1838 2491 1886 aut
2513 1830 2681 1885 ullum
2714 1845 2970 1896 censum,
2998 1839 3092 1885 aut
3114 1831 3281 1885 ullam
3311 1832 3630 1888 redhibitio-

2042 1936 2167 1976 nem
2186 1922 2434 1992 accipere
2459 1922 2546 1976 vel
2569 1929 2822 1977 exactare
2851 1931 3159 1991 praesumat.
3192 1921 3298 1979 Sed
3326 1923 3533 1978 licitum
3561 1924 3633 1979 sit

2043 2013 2125 2067 eis
2165 2013 2370 2081 absque
2408 2012 2637 2082 alicujus
2674 2012 2861 2069 illicita
2900 2016 3286 2070 contrarietate
3321 2015 3405 2071 vel
3444 2017 3631 2073 deten-

2045 2102 2213 2168 tione,
2244 2118 2343 2174 per
2368 2104 2509 2160 hanc
2533 2113 2777 2161 nostram
2819 2107 3199 2161 auctoritatem
3216 2146 3229 2170 ,
3266 2107 3513 2162 homines
3537 2108 3631 2177 qui

2043 2206 2228 2248 eormn
2256 2209 2420 2249 causa
2450 2195 2748 2264 praevidere
2777 2196 3004 2262 debent,
3042 2212 3166 2252 cum
3204 2196 3291 2252 his
3327 2212 3448 2267 quae
3481 2196 3633 2252 defe-

2045 2292 2193 2348 runt,
2219 2296 2319 2352 per
2345 2284 2657 2339 universum
2684 2285 2969 2355 imperium
2998 2295 3242 2341 nostrum
3272 2287 3442 2342 libere
3471 2296 3636 2358 atque

2046 2383 2238 2426 seeae
2273 2372 2352 2426 ire
2378 2378 2434 2426 et
2463 2372 2660 2428 redire.
2691 2374 2758 2428 Et
2786 2374 2831 2428 si
2861 2374 3074 2444 aliquas
3106 2360 3286 2429 moras
3317 2376 3370 2430 in
3394 2378 3637 2445 qdolibet

2049 2460 2168 2516 loco
2197 2460 2448 2526 fecerint,
2477 2472 2570 2517 aut
2596 2463 2801 2532 aliquid
2830 2465 3056 2518 mercati
3085 2463 3310 2530 fuerint,
3336 2474 3431 2519 aut
3454 2468 3639 2522 vendi-

2047 2548 2258 2616 derint,
2285 2551 2422 2606 nibil
2454 2553 2524 2607 ab
2548 2554 2628 2607 eis
2661 2564 2906 2622 prorsus,
2941 2562 2999 2607 ut
3024 2553 3229 2609 dictum
3256 2563 3365 2622 est,
3390 2556 3639 2627 exigatur

2049 2649 2143 2697 aut
2165 2650 2467 2698 exactctur.
2492 2630 2618 2699 Haec
2642 2659 2772 2699 vero
2797 2644 3094 2699 auctoritas
3122 2653 3305 2700 nostra
3330 2653 3391 2700 ut
3415 2644 3639 2719 diligen-

2048 2730 2159 2786 tius
2183 2730 2438 2785 credatur
2471 2731 2554 2786 vel
2577 2741 2955 2800 conservetur,
2986 2748 3106 2789 eam
3133 2734 3199 2788 de
3224 2734 3423 2790 annulo
3448 2746 3637 2791 nostro

2048 2819 2274 2890 sigillati
2290 2818 2571 2887 iussimus.

2120 2912 2405 2967 mirandus
2426 2912 2688 2970 diaconus
2710 2914 2778 2968 ad
2794 2914 2967 2969 vicem
2984 2914 3302 2971 Heiisachar
3326 2921 3634 2989 recognovi.

2122 3004 2325 3058 Data...
2355 3020 2498 3060 anno
2519 3004 2737 3062 Christo
2766 3007 3001 3078 propitio
3036 3007 3056 3060 l
3093 3008 3307 3078 imperii
3335 3009 3516 3066 domui
3538 3011 3641 3066 Lu-

366 3099 483 3164 ορί,
512 3101 605 3169 qui
635 3100 833 3157 ibidem
869 3080 981 3157 13,0
1008 3080 1554 3168 famuhﬂ-vme'nwr,
1584 3080 1864 3174 pro—nobis
1890 3110 1946 3159 ει
1973 3080 2018 3143 C
2050 3094 2225 3149 dovici
2254 3095 2587 3152 serenissimi
2620 3095 2880 3167 Augusti,
2915 3097 3103 3152 indici.
3132 3100 3185 3153 8.
3223 3097 3418 3155 Actum
3447 3100 3638 3170 Aquis-

364 3191 589 3264 oonjuge
610 3193 869 3263 proleque
896 3202 1107 3260 nostra,
1136 3203 1193 3250 et
1217 3195 1513 3250 stabilitate
1542 3195 1706 3249 totius
1733 3194 1947 3265 imperii

366 3299 398 3339 a
436 3283 548 3339 Deo
582 3285 740 3339 nobis
768 3285 998 3351 eonlati,
1040 3294 1099 3340 et
1116 3285 1236 3354 ejus
1264 3285 1682 3341 clementissima
1718 3285 1947 3339 misera—

367 3377 514 3431 tione
540 3389 638 3445 per
662 3376 987 3431 immensum
1024 3376 1382 3432 conservandi
1404 3416 1419 3442 ,
1465 3376 1685 3430 Domini
1714 3375 1953 3430 clemeno

369 3466 500 3521 tiam
521 3464 726 3537 jugitsr
752 3480 982 3521 exorare
1008 3466 1296 3522 delectent.
1322 3465 1483 3520 lianc
1502 3466 1685 3535 itaque
1712 3465 1952 3521 auctori-

367 3563 556 3620 tatem,
599 3563 660 3611 ut
697 3554 997 3625 pleniorem
1037 3555 1095 3610 in
1136 3554 1229 3609 Dei
1271 3554 1491 3608 nomine
1519 3553 1765 3608 obtineat
1804 3553 1953 3623 vigo-

368 3655 508 3710 rem,
536 3650 594 3699 et
615 3658 648 3697 a
669 3642 921 3698 ﬁdelibus
940 3649 1143 3699 unum
1167 3641 1262 3696 Dei
1288 3641 1545 3696 Ecclesia
1570 3650 1626 3695 et
1651 3640 1856 3696 nostris
1872 3642 1957 3696 di-

368 3732 624 3804 ligentius
647 3739 1022 3795 conservetur,
1057 3744 1217 3786 manu
1248 3730 1470 3800 propria
1497 3730 1683 3785 subter
1714 3728 1953 3783 ﬁrmavi-

370 3839 513 3890 mus,
542 3832 603 3879 et
633 3805 819 3881 annuli
845 3823 1017 3879 nostri
1045 3822 1401 3894 impressione
1433 3821 1635 3892 signari

443 3915 577 3971 Data
601 3930 699 3971 nn
724 3913 843 3969 Kal.
871 3913 1207 3979 maenala.
1242 3926 1387 3967 anno
1410 3911 1439 3966 ί
1466 3910 1688 3966 Christo
1718 3910 1955 3980 propitio

368 4004 583 4074 imperii
632 4004 840 4060 domini
889 4002 1148 4060 Ludovici
1577 4000 1952 4070 imperatoris,

370 4092 663 4153 Masone
688 4093 745 4149 ε.
776 4091 974 4149 Actum
1007 4090 1567 4163 Aqu'sgranipshtio
1595 4089 1745 4161 regis
1769 4089 1831 4145 in
1862 4090 1957 4146 Dei

662 4404 764 4447 H9
795 4402 972 4448 loss:
1009 4398 1284 4445 οιλεεεκει
1321 4398 1675 4444 Ιοςλετεκιυ.

990 4479 1164 4550 (Anno
1188 4475 1339 4549 814.)
1643 4511 1647 4514 μ

602 4571 781 4645 [Apud
808 4568 872 4625 ιν.
904 4569 1196 4640 BouqueL,
1225 4569 1381 4635 om,
1412 4578 1471 4623 ut
1497 4582 1680 4639 supra.
1688 4567 1711 4641 ι

446 4661 503 4718 lu
538 4661 759 4718 nomine
794 4660 1011 4716 Domini
1042 4656 1147 4715 Dei
1180 4668 1241 4714 et
1279 4652 1578 4714 Salvatoris
1617 4659 1787 4714 nostri
1831 4657 1959 4715 Iesu

375 4753 600 4820 Christi,
630 4752 933 4807 Ludovicus
958 4751 1141 4805 divina
1175 4750 1459 4805 ordinante
1484 4751 1823 4821 providentia
1853 4751 1959 4806 im-

374 4850 597 4913 perator
617 4842 912 4912 Augustus.

449 4933 713 4988 Onmibus
730 4932 1018 5004 episcopis,
1045 4930 1349 4995 abbatibus,
1375 4929 1622 4995 ducibus,
1646 4931 1956 4998 comitibus,

378 5024 623 5089 vicariis,
660 5024 1007 5088 centenariis,
1048 5023 1231 5079 missis
1266 5022 1695 5079 discurrentibus
1726 5023 1811 5079 vel
1845 5040 1962 5080 om-

380 5121 539 5176 nibus
572 5134 688 5175 nem
729 5118 997 5190 publicam
1036 5116 1574 5183 administrantibus,
1616 5132 1712 5173 seu
1752 5119 1963 5175 caneris

380 5210 628 5266 tilelilms
664 5218 869 5265 sam
899 5209 995 5264 Dei
1027 5208 1285 5264 Ecclesiae
1316 5217 1373 5264 et
1412 5209 1628 5273 nostris,
1673 5218 1858 5265 notum
1893 5212 1966 5265 sit

380 5299 507 5368 quia
547 5301 632 5354 vir
664 5298 990 5353 venerabilis
1026 5297 1206 5353 Attala
1243 5296 1380 5353 abba
1416 5313 1481 5353 ex
1524 5300 1857 5377 monasterio
1899 5299 1961 5355 S.

384 5389 568 5445 Mariae
589 5389 814 5446 unicus
850 5389 921 5444 ad
952 5402 1087 5455 nos,
1116 5387 1439 5459 deprecatus
1471 5396 1555 5444 est
1589 5388 1964 5445 celsitudinem

384 5487 630 5537 nostram
668 5487 732 5535 ut
765 5479 942 5534 eidem
969 5477 1301 5533 monasterio
1330 5486 1387 5533 et
1425 5480 1829 5549 congregationi
1870 5479 1970 5535 ibi-

385 5569 508 5629 dem
549 5571 661 5628 Deo
699 5571 913 5643 degenti
958 5569 1437 5633 concessissemus,
1490 5579 1551 5625 ut
1593 5571 1660 5626 de
1702 5572 1875 5627 carris
1913 5582 1970 5627 et

388 5660 672 5732 sagittariis
696 5660 1003 5718 necessaria
1030 5659 1203 5730 ipsius
1225 5659 1538 5717 monasterii
1567 5660 1651 5714 vel
1681 5675 1970 5732 congrega-

2050 3185 2203 3253 graai
2226 3186 2432 3258 palatio
2457 3187 2608 3261 regio
2634 3188 2689 3243 in
2714 3186 2811 3243 Dei
2837 3190 3054 3244 nomine
3084 3187 3335 3246 feliciter.
3362 3190 3556 3247 Amen.

2278 3402 2380 3444 PRO
2416 3404 2743 3446 CHRISTIANO
2780 3407 3103 3448 NEIIAUSENSI
3140 3409 3410 3450 EPISCOPO.

2664 3480 2845 3554 (Anno
2874 3481 3032 3554 8H.)

2143 3560 2334 3638 [Apud
2376 3568 2653 3624 Baiuzium
2676 3612 2690 3637 ,
2726 3570 2818 3626 lib.
2860 3588 2912 3627 tv
2944 3571 3192 3635 Miscell.,
3223 3589 3346 3645 pag.
3373 3573 3526 3649 420.]

2122 3650 2181 3711 in
2215 3658 2431 3714 nomine
2468 3660 2683 3715 Domini
2717 3661 2811 3716 Dei
2852 3671 2908 3716 ct
2939 3660 3240 3717 Salvatoris
3289 3665 3460 3719 nostri
3508 3664 3640 3722 Jesu

2051 3745 2278 3815 Christi,
2306 3747 2610 3804 Ludovicus
2637 3750 2817 3805 divina
2839 3752 3125 3807 ordinante
3153 3752 3490 3823 providentia
3538 3756 3641 3810 im-

2052 3846 2276 3909 perator
2301 3837 2595 3910 Augustus.

2124 3928 2258 3984 Cum
2288 3929 2644 4000 petitionibus
2672 3931 3015 3987 sacerdotum
3038 3930 3203 4003 justis
3226 3940 3281 3990 et
3303 3935 3643 3993 rationabili-

2052 4022 2156 4079 bus
2190 4024 2357 4079 divini
2386 4024 2561 4081 cultus
2590 4039 2775 4080 amore
2806 4023 3073 4092 favemus,
3101 4042 3333 4096 superna
3369 4041 3469 4082 nos
3516 4043 3643 4099 gra-

2056 4116 2133 4172 tia
2160 4115 2361 4170 muniri
2382 4130 2490 4172 non
2519 4115 2873 4171 dubitamus:
2899 4114 3105 4172 idcirco
3138 4116 3350 4172 noverit
3396 4117 3639 4173 omnium

2057 4204 2295 4261 ﬁdelium
2318 4214 2649 4271 nostrorum,
2666 4211 2779 4261 tam
2801 4206 3146 4276 praesentium
3167 4222 3329 4279 quam
3357 4216 3412 4262 et
3432 4206 3641 4263 futuro-

2059 4308 2202 4361 rum,
2228 4292 2455 4360 utilitas,
2492 4296 2618 4367 quia
2649 4295 2735 4351 vir
2779 4296 3104 4353 venerabilis
3151 4297 3492 4355 Christianus
3543 4298 3644 4356 Ne-

1984 4424 2038 4485 D
2061 4396 2248 4438 mansa
2287 4382 2508 4439 civitate
2552 4382 2841 4456 episcopus
2891 4384 3087 4439 obtulit"
3122 4387 3396 4442 obtutibus
3439 4387 3640 4442 nostris

2064 4474 2458 4531 immunitatem
2487 4475 2670 4530 domui
2698 4484 2754 4530 et
2775 4475 3037 4546 genitoris
3060 4476 3233 4529 nostri
3263 4475 3439 4531 Caroli
3483 4477 3640 4533 bona:

2034 4564 2342 4620 tmemoriaa
2384 4560 2612 4636 piissimi
2659 4561 2920 4635 Augusti,
2948 4563 3004 4618 in
3057 4576 3163 4633 qua
3209 4572 3327 4619 erat
3374 4565 3640 4620 insertum

2064 4657 2300 4728 qualiter
2325 4652 2466 4712 idem
2493 4656 2708 4728 genitor
2735 4664 2920 4710 noster
2947 4665 3002 4711 et
3053 4655 3479 4731 praedecessores
3523 4653 3645 4725 ejus

2067 4764 2222 4822 reges
2244 4746 2553 4820 praedictam
2579 4748 2782 4815 sedem,
2811 4763 2931 4818 qua:
2957 4756 3040 4803 est
3088 4749 3142 4802 in
3189 4748 3396 4803 honore
3438 4754 3644 4804 sancta)

2067 4838 2251 4895 Mariae
2275 4846 2489 4910 semper
2518 4838 2747 4910 virginis
2798 4853 2892 4895 seu
2936 4838 3185 4894 etsancti
3236 4836 3474 4909 Baudelii
3512 4852 3645 4893 con-

2066 4934 2293 4994 structa,
2323 4942 2431 4982 una
2462 4938 2584 4983 eum
2612 4926 2823 4984 cellulis
2858 4926 3099 4993 duabus,
3136 4942 3240 4982 una
3284 4940 3405 4995 quae
3446 4925 3645 4986 dicitur

2065 5009 2370 5087 Tornagus,
2398 5029 2520 5086 qua:
2548 5022 2631 5071 est
2660 5024 2972 5072 constructa
2998 5017 3052 5072 in
3086 5017 3293 5072 honore
3320 5014 3494 5070 sancti
3524 5013 3645 5071 Ste-

2065 5105 2230 5177 phani
2256 5107 2696 5178 protomartyris,
2720 5116 2776 5164 et
2800 5108 2903 5163 alia
2930 5123 3050 5181 quas
3089 5107 3287 5165 dicitur
3330 5104 3497 5165 Vallis
3524 5105 3646 5165 Fla.

2068 5201 2247 5266 viana,
2278 5214 2399 5271 quin
2427 5210 2512 5256 est
2537 5201 2590 5255 in
2618 5200 2824 5257 honore
2858 5200 3030 5256 sancti
3058 5199 3201 5255 Petri
3230 5198 3490 5271 principis
3516 5214 3645 5269 apo-

2069 5293 2332 5349 stolorum
2353 5301 2683 5360 constructa,
2698 5310 2796 5349 seu
2818 5302 2873 5348 et
2901 5293 3022 5348 aliis
3046 5290 3254 5347 cellulis
3280 5291 3478 5347 ibidem
3501 5289 3649 5364 aspi-

2066 5386 2358 5451 cientibus,
2394 5386 2464 5441 ob
2512 5400 2752 5441 amorem
2802 5385 2898 5439 Dei
2946 5383 3505 5455 tranquillitatemque
3539 5380 3650 5440 fra-

2069 5481 2214 5528 trum
2244 5487 2458 5543 semper
2480 5473 2581 5529 sub
2608 5473 2923 5547 plenissima
2951 5472 3181 5528 tuitione
3204 5481 3259 5528 et
3288 5471 3649 5531 immunitatis

2067 5560 2379 5621 defensione
2405 5562 2742 5619 habuissent.
2772 5556 3004 5634 Propter
3022 5561 3333 5618 ﬁrmitatem
3362 5569 3541 5616 tamen
3564 5561 3646 5619 rei

2070 5661 2224 5718 nobis
2258 5658 2552 5732 postulavit
2583 5657 2841 5734 pnei'atus
2887 5658 3172 5734 episcopus
3213 5657 3557 5719 Christianus
3584 5664 3645 5718 ut
