3946 6174
114 313 121 320 ε
251 285 352 339 997

1385 283 1779 339 Dil’LOMATA
1816 284 2370 345 ECCLESIASTICA.

3400 296 3504 351 998

249 396 465 469 praelati
489 398 804 457 monasterii
830 399 885 454 iu
916 413 1072 454 usum
1100 413 1260 457 suum
1306 399 1579 455 vindicent
1623 398 1825 467 absque
1851 406 1903 464 Α
1927 413 1958 452 a
1982 400 2163 470 vigilia
2187 400 2462 472 prmelara:
2492 402 2852 460 solemnitatis
2878 404 3022 460 beati
3054 406 3296 477 Dionysii
3325 420 3501 476 usque

202 486 205 487 ⁷
249 488 483 558 alicujus
510 490 879 558 inquietudine
901 497 956 544 et
979 488 1175 558 injusta
1194 489 1603 554 contrarietate,
1630 496 1738 544 tam
1758 504 1826 544 ex

249 580 680 653 negetiatoribus
708 577 990 636 Saxonica:
1010 590 1067 636 et
1089 580 1403 637 Frisionicm
1425 582 1623 651 gentis,
1636 595 1827 651 quam-

246 684 356 741 que
383 676 440 725 et
462 683 531 724 ex
557 668 680 726 aliis
720 658 972 742 gentibus
1010 685 1131 740 quae
1175 669 1244 725 de
1281 669 1508 725 diversis
1535 669 1829 740 provinciis

246 772 305 819 et
329 758 623 819 territoriis
651 763 779 820 illuc
807 778 875 820 eo
897 770 1140 835 tempore
1166 764 1474 835 negotiandi
1503 764 1833 821 conveniunt

246 855 448 928 gratia,
479 870 691 913 necnon
715 864 773 912 et
798 855 867 915 de
892 856 1065 912 carris
1086 864 1141 912 et
1165 856 1395 912 navibus
1422 862 1477 911 et
1497 855 1710 911 caeteris
1737 870 1828 911 ve-

248 946 466 1011 hiculis,
495 946 692 1015 quibus
716 946 904 1005 vinum
939 955 997 1002 et
1027 946 1134 1001 mel
1162 953 1218 1000 et
1247 946 1352 1001 alia
1391 945 1649 1015 pleraque
1678 959 1829 1000 com-

246 1036 451 1094 mercia
477 1036 609 1092 illuc
627 1036 697 1092 ad
722 1038 1074 1093 mercandum
1117 1039 1491 1109 deportantur,
1526 1053 1621 1093 seu
1656 1039 1827 1094 etiam

247 1135 304 1183 et
324 1126 393 1183 de
416 1127 635 1182 cunctis
670 1126 794 1182 aliis
835 1128 1226 1193 mercimoniis,
1249 1145 1370 1198 quae
1407 1129 1524 1183 sive
1549 1129 1603 1184 in
1635 1130 1828 1186 eodem

247 1222 517 1281 mercatu,
538 1215 649 1270 sive
678 1214 820 1270 infra
849 1216 1183 1272 Parisiorum
1216 1218 1428 1283 urbem,
1455 1218 1571 1281 sive
1599 1218 1654 1273 in
1703 1219 1827 1288 qui-

174 1370 185 1387 .
246 1304 484 1360 buslibet
529 1304 652 1360 aliis
699 1305 863 1371 villis,
894 1305 1158 1375 locisque,
1195 1317 1249 1362 et
1296 1309 1465 1378 agris,
1496 1309 1550 1364 in
1592 1310 1828 1367 circuitu

247 1394 393 1450 illius
431 1402 707 1450 mercatus
729 1394 1136 1465 circumjectum
1165 1405 1291 1451 tunc
1319 1398 1575 1467 temporis
1606 1414 1637 1452 a
1661 1412 1827 1468 nego-

248 1486 537 1546 tiatoribus
588 1485 714 1541 illuc
760 1488 1204 1545 convenientibus
1249 1487 1404 1543 ﬁunt.
1456 1489 1531 1544 De
1580 1490 1831 1545 omnibus

246 1575 457 1631 scilicet
484 1575 840 1647 undecunque
880 1576 1044 1633 ﬁscus
1070 1577 1338 1633 teloneum
1376 1578 1592 1653 exigere
1629 1585 1825 1649 potest,

245 1683 406 1722 omne
429 1666 696 1722 teloneum
719 1666 786 1722 ad
810 1667 1078 1738 integrum
1102 1683 1199 1738 per
1221 1668 1617 1725 bauenostram
1638 1676 1825 1724 aucto—

1929 487 2057 542 dum
2084 498 2384 545 mercatum
2411 491 2580 561 ipsius
2602 491 2814 547 ﬁnitum
2853 493 3138 561 habeatur,
3175 505 3232 551 et
3263 498 3500 555 auctori-

1926 587 2039 635 tate
2065 587 2120 635 et
2147 582 2432 651 praeceptis
2460 582 2546 637 avi
2579 583 2752 638 nostri
2776 583 2990 654 Pippini
3033 586 3305 655 quondam
3335 588 3504 659 regis,

1925 679 1980 724 et
2001 670 2185 726 domui
2214 671 2475 741 genitoris
2507 672 2677 731 nostri
2706 671 2885 728 Caroli
2906 674 3011 745 pia:
3035 676 3314 731 memoriae
3340 678 3509 748 impe-

1927 761 2147 825 ratoris,
2176 769 2470 831 nostraque
2493 762 2699 832 pariter
2728 764 3189 829 corroboratione,
3222 766 3505 835 quodcun-

1925 864 2032 920 que
2049 852 2258 920 acquiri
2292 856 2490 921 potest,
2542 852 2789 922 partibus
2835 852 3009 908 sancti
3057 853 3301 924 Dionysii
3346 855 3502 911 reddi

1926 951 2087 1013 atque
2114 944 2301 1001 haberi
2320 944 2537 1010 debeat,
2573 950 2683 998 tam
2705 943 2773 999 de
2793 943 3081 1014 portatieo,
3117 952 3174 1000 et
3205 946 3505 1015 pontatico,

1926 1040 1982 1087 et
2008 1032 2236 1102 ripatico
2259 1072 2276 1099 ,
2305 1041 2360 1090 et
2388 1033 2638 1099 rotatieo,
2666 1040 2722 1088 et
2745 1032 3079 1098 timonatico,
3109 1039 3166 1088 et
3188 1032 3507 1100 volutatico,

1926 1132 1982 1179 et
1996 1123 2321 1193 cispitatico,
2340 1131 2394 1179 et
2409 1123 2760 1193 pulveratico,
2776 1130 2831 1178 et
2851 1122 3123 1189 l’ortatico,
3140 1132 3195 1179 et
3212 1124 3504 1190 laudatico,

1928 1229 1992 1270 ac
2027 1215 2329 1281 salutatico,
2362 1231 2527 1287 quam
2550 1218 2720 1272 etiam
2768 1225 2825 1272 et
2870 1216 2939 1272 de
2985 1217 3210 1287 reliquis
3255 1218 3510 1274 omnibus

1928 1304 2313 1371 mercimoniis,
2345 1306 2488 1361 unde
2514 1305 2602 1361 lex
2629 1306 2843 1375 publica
2875 1306 3146 1362 teloneum
3194 1308 3337 1379 exigi
3383 1324 3512 1378 pos-

1928 1396 2001 1450 sit
2025 1395 2107 1450 vel
2134 1396 2345 1452 debeat.
2373 1396 2526 1453 Unde
2545 1412 2689 1452 nune
2710 1412 2925 1468 quoque
2944 1399 3340 1468 comperientes
3364 1400 3510 1468 quod

1928 1474 2146 1554 quidam
2175 1486 2558 1557 praedictorum
2582 1475 2893 1543 nostrorum
2938 1487 3374 1543 ministerialium
3420 1502 3508 1543 su-

1927 1591 2026 1646 pra
2052 1575 2213 1632 dictis
2247 1577 2413 1648 regiis
2464 1576 2879 1633 auctoritatibus
2927 1578 3215 1634 temerario
3263 1592 3399 1633 ausu
3448 1579 3504 1633 in

1932 1665 2209 1720 reddendo
2264 1664 2350 1721 vel
2405 1666 2672 1737 exigendo
2723 1667 2914 1723 eodem
2974 1666 3184 1723 teloneo
3238 1668 3510 1722 contraire

249 1760 468 1813 ritatem
493 1757 715 1827 pnefato
735 1799 751 1825 ,
777 1766 838 1814 ut
872 1759 1077 1815 dictum
1119 1770 1235 1826 est,
1266 1759 1597 1817 conferimus
1642 1776 1828 1833 mpna-
1855 1759 1904 1818 Β
1931 1755 2273 1824 θρετιίεείσιει
2302 1755 2667 1828 refragatione
2699 1758 2972 1824 Videntur,
3002 1758 3144 1813 hanc
3166 1766 3368 1813 nostra?
3413 1773 3506 1812 δυο

248 1848 434 1913 sterio,
472 1847 605 1902 utin
633 1863 764 1903 usus
788 1851 1221 1920 congregationis
1249 1851 1449 1906 ibidem
1498 1851 1610 1907 Deo
1651 1850 1826 1906 famu-

248 1937 430 2002 lantis,
457 1945 513 1991 et
542 1936 828 1992 luminaria
866 1939 1035 2008 ipsius
1070 1939 1315 1996 ecclesiae
1338 1940 1734 2005 concinnanda,
1768 1940 1825 1995 in

246 2037 434 2083 nostra
499 2027 841 2099 eleemosyna
905 2030 1169 2099 perpetim
1230 2030 1405 2086 cedat.
1475 2028 1826 2099 Praecipimus

247 2122 413 2176 etiam
440 2131 598 2190 atque
617 2120 870 2190 jubemns
899 2131 961 2176 ut
996 2122 1176 2178 nullus
1203 2121 1440 2177 ﬁdelium
1487 2130 1822 2185 nostrorum,

249 2227 351 2267 nec
384 2211 607 2280 quilibet
637 2219 860 2266 exactor
899 2209 1199 2280 judiciaria:
1250 2209 1555 2279 potestatis,
1589 2208 1825 2279 aliquam

247 2301 684 2356 contrarietatem
713 2308 807 2353 aut
830 2299 1249 2367 inquietudinem
1276 2299 1341 2352 de
1374 2299 1566 2352 eodem
1614 2298 1826 2352 teloneo

250 2400 440 2447 contra
469 2399 707 2445 rectores
734 2388 902 2458 ipsius
929 2387 1237 2441 monasterii
1266 2386 1489 2455 ejusque
1528 2399 1824 2456 congrega-

252 2479 416 2534 tionis
438 2479 504 2532 ab
531 2478 790 2534 holicrno
813 2477 899 2532 die
927 2484 982 2530 et
1012 2483 1253 2546 tempore
1297 2475 1479 2530 facere
1532 2482 1624 2530 aut
1668 2489 1828 2546 gene-

254 2582 375 2621 rare
402 2574 714 2637 praesumat,
741 2581 841 2621 nec
876 2565 1025 2619 illum
1058 2580 1278 2620 censum
1315 2581 1475 2635 quem
1509 2564 1587 2638 [a]
1620 2565 1829 2621 Soana-

252 2656 433 2712 cbilde
459 2664 515 2710 et
540 2655 802 2711 Gerfrodo
826 2656 1024 2711 comite
1046 2654 1473 2725 superadditum,
1492 2664 1547 2709 et
1573 2671 1603 2710 a
1632 2656 1829 2710 domno

250 2756 309 2802 et
335 2747 582 2817 genitore
605 2755 792 2823 nostro
814 2744 1121 2800 abdicatum
1150 2751 1256 2810 est,
1279 2759 1381 2799 nec
1425 2744 1592 2799 alium
1640 2758 1830 2813 quem-

251 2836 385 2891 libet
408 2850 634 2891 censum
667 2836 1093 2905 negotiatoribus
1121 2834 1245 2890 illuc
1274 2833 1720 2905 convenientibus
1743 2848 1830 2888 su-

251 2926 548 2997 peraddere
590 2927 784 2981 audeat
816 2944 830 2979 :
864 2927 960 2982 sed
1002 2934 1209 2982 remoto
1238 2925 1403 2982 totius
1445 2924 1830 2996 inquietudinis

252 3013 639 3084 impedimento
662 3024 717 3070 et
744 3015 1153 3070 ternerariorum
1174 3013 1453 3070 hominum
1504 3020 1637 3071 ausu
1655 3055 1670 3081 ,
1701 3029 1828 3085 pars

251 3105 496 3176 praedicti
525 3105 837 3160 monasterii
868 3120 965 3175 per
992 3105 1134 3160 hanc
1175 3114 1414 3160 nostram
1451 3105 1829 3160 auctoritatem
1856 3094 1900 3156 C

255 3194 457 3250 nostris
484 3202 539 3247 et
568 3192 762 3249 futuris
790 3196 1125 3264 temporibus
1146 3196 1198 3250 in
1224 3197 1491 3268 integrum
1518 3196 1570 3250 in
1598 3196 1831 3251 cleemo—

253 3298 388 3354 syna
417 3291 600 3337 nostra
630 3283 911 3351 prmfatum
940 3283 1209 3338 teloneum
1264 3286 1512 3356 accipiat.
1545 3284 1695 3339 Hanc
1729 3285 1829 3338 ita-

253 3389 361 3443 que
398 3374 796 3439 auctoritatem,
828 3382 887 3428 ut
933 3373 1143 3429 ﬁrmior
1197 3376 1251 3429 in
1305 3375 1401 3431 Dei
1458 3376 1673 3431 nomine
1731 3391 1831 3445 per

254 3461 426 3517 multa
472 3477 735 3517 annorum
780 3463 1053 3521 curricula
1098 3464 1382 3531 habeatur,
1413 3473 1470 3520 et
1504 3480 1534 3518 a
1581 3464 1831 3522 ﬁdelibus

252 3560 457 3611 sancta:
477 3553 573 3608 Dei
598 3553 851 3609 Ecclesia:
891 3562 948 3609 et
989 3555 1190 3609 nostris
1241 3554 1432 3609 melius
1480 3554 1732 3610 credatur
1776 3562 1828 3609 ct

252 3643 566 3715 diligentius
590 3654 960 3711 conservetur,
991 3661 1151 3700 manu
1188 3646 1407 3715 propria
1454 3644 1831 3699 subterﬁrma-

252 3737 456 3803 vimus,
483 3747 537 3793 et
563 3737 746 3794 annuli
781 3738 955 3794 nostri
989 3737 1345 3808 impressione
1392 3737 1609 3807 signare
1661 3736 1828 3806 jussi-

251 3843 394 3885 inus.

326 3920 551 3992 Signum
586 3922 768 3978 domui
805 3922 1062 3980 Ludovici
1105 3923 1437 3981 serenissimi
1468 3923 1828 3994 imperatoris.

296 4007 642 4065 'Helisachar
670 4013 976 4085 recognovi.

325 4097 457 4152 Data
488 4098 607 4154 Kal.
632 4100 967 4167 Decembris,
992 4116 1135 4157 anno
1158 4100 1393 4173 propitio
1412 4100 1630 4157 Christo
1649 4102 1830 4173 primo

251 4186 464 4255 imperii
509 4187 691 4244 domui
743 4189 1001 4246 Ludovici
1040 4191 1372 4247 serenissimi
1408 4191 1663 4263 Augusti,
1688 4193 1832 4249 indi-

250 4276 434 4331 ctione
459 4277 512 4331 7.
540 4278 732 4334 Actum
761 4280 1085 4352 Aquisgrani
1116 4280 1317 4350 palatio
1347 4281 1495 4351 regio
1526 4281 1582 4337 in
1621 4281 1716 4338 Dei
1740 4298 1836 4338 uo-

252 4366 400 4425 minc
424 4367 673 4425 feliciter.
695 4370 888 4429 Amen.

978 4461 1115 4518 XVI.

512 4584 575 4625 DE
612 4586 859 4626 κυκιιιαιε
895 4585 1219 4627 ηοκιετειιη
1260 4587 1575 4628 DIONYSIANI.

860 4678 1035 4751 (Anna
1063 4679 1214 4751 su.)

719 4767 896 4840 [Apud
920 4768 1140 4823 eosdem
1157 4808 1173 4833 ,
1200 4769 1354 4842 ἰδίει]

321 4858 380 4914 in
409 4860 625 4913 nomine
666 4858 876 4913 Domini
924 4858 1018 4913 Dei
1046 4866 1102 4913 et
1150 4857 1449 4913 Salvatoris
1485 4860 1655 4914 nostri
1697 4858 1826 4915 Iesu

247 4948 475 5014 Christi,
508 4948 812 5005 Ludovicus
840 4949 1020 5003 divina
1050 4948 1336 5003 ordinante
1364 4949 1699 5020 providentia
1729 4951 1828 5005 im-

247 5047 470 5108 perator
501 5040 794 5109 Augustus,
838 5038 1040 5109 Begoni
1079 5037 1273 5093 illustri
1317 5038 1524 5101 comiti,
1563 5048 1617 5094 et
1646 5040 1825 5094 omni-

1856 4447 1909 4507 D

1929 1845 2202 1901 ctoritatis
2247 1846 2552 1902 chartulam
2593 1856 2893 1904 memorato
2921 1856 3110 1905 sancto
3134 1849 3252 1904 loco
3285 1847 3509 1919 ejusque

1929 1935 2232 1992 rectoribus
2267 1937 2442 1992 denuo
2470 1937 2588 1992 ﬁeri
2604 1937 2894 2006 jussimus,
2922 1954 3021 2009 per
3064 1938 3210 2009 quod
3239 1939 3360 1994 viva
3397 1937 3512 2006 jus‘

1927 2025 2080 2081 sione
2127 2025 2281 2082 vobis
2330 2034 2386 2081 et
2425 2027 2680 2083 omnibus
2732 2028 3141 2083 successoribus
3181 2028 3379 2083 vestris
3417 2043 3515 2083 ex-

1882 2124 1890 2131 ‘
1925 2108 2124 2186 presse
2148 2118 2514 2189 praecipimus,
2548 2127 2817 2190 quatenus
2851 2120 3110 2190 pradicta
3149 2120 3232 2175 lex
3260 2127 3317 2175 et
3342 2121 3505 2192 regiae

1929 2205 2268 2261 auctoritatis
2314 2208 2593 2264 decretum
2644 2225 2676 2262 a
2729 2209 2949 2265 nemine
2977 2224 3251 2279 quoquam
3293 2218 3506 2266 vestro-

1928 2313 2051 2353 rum
2098 2306 2262 2369 atque
2304 2316 2678 2358 successorum
2706 2309 3012 2358 vestrorum
3042 2303 3230 2359 violari
3270 2319 3507 2373 unquam

1928 2375 2305 2457 praesumatur,
2332 2390 2472 2445 sicut
2505 2392 2572 2445 de
2601 2391 2698 2446 Dei
2724 2398 2780 2446 et
2803 2399 2989 2447 nostra
3037 2392 3212 2460 gratia
3258 2393 3464 2448 curatis
3491 2433 3507 2455 ,

1930 2484 2038 2531 etc.
2089 2476 2160 2532 Ut
2202 2485 2384 2532 autem
2433 2480 2550 2534 haec
2601 2480 2920 2535 tractatoria
2963 2480 3164 2534 nostris
3211 2479 3513 2550 futurisque

1933 2569 2263 2637 temporibus
2292 2570 2474 2624 verius
2496 2569 2772 2635 credatur,
2806 2578 2863 2624 et
2890 2569 3137 2624 devotius
3180 2584 3212 2624 a
3257 2570 3414 2625 vobis
3452 2580 3508 2624 et

1931 2660 2337 2715 successoribus
2382 2660 2578 2715 vestris
2605 2660 2909 2726 obediatur,
2954 2658 3023 2717 de
3065 2660 3268 2715 annulo
3322 2668 3512 2716 nostro

1931 2751 2116 2806 subter
2134 2766 2254 2805 eam
2274 2749 2537 2819 jussimus
2563 2751 2811 2822 sigillari.

2005 2839 2113 2909 Ego
2139 2838 2458 2896 llelisachar
2481 2842 2797 2911 recognovi.

2640 2951 2797 3006 XVII.

2356 3076 2455 3116 PRO
2493 3075 2679 3115 IAJORI
2722 3075 3074 3117 IONASTERIO.

2548 3150 2722 3221 (Arma
2751 3149 2899 3221 8H.)

1934 3239 2109 3311 [Apud
2149 3239 2211 3294 D.
2244 3238 2717 3320 Bouquet.,.ibid.,
2748 3255 2870 3320 pag.
2917 3239 3043 3320 res,
3066 3254 3133 3295 ex
3185 3239 3511 3298 chartularic

2398 3310 2643 3377 ejusdem
2673 3310 3037 3381 mona‘sterii.]

2002 3398 2307 3454 Ludovicus
2352 3400 2445 3455 Dei
2495 3399 2781 3456 ordinante
2831 3402 3169 3470 providentia
3217 3404 3509 3474 imperator

1930 3492 2223 3561 Augustus.

2004 3582 2061 3636 Si
2091 3599 2219 3647 erga
2262 3582 2380 3637 loca
2427 3583 2623 3638 divinis
2658 3583 2894 3639 cultibus
2932 3583 3239 3652 mancipata
3287 3594 3509 3653 propter

1932 3686 2171 3726 amorem
2199 3672 2295 3725 Dei
2338 3673 2562 3741 ejusque
2588 3673 2643 3725 in
2691 3673 2898 3727 eisdem
2944 3672 3079 3727 locis
3126 3672 3510 3729 famulantibus

1931 3768 2232 3829 opportuna
2279 3760 2559 3831 largimur,
2608 3761 2890 3829 praemium
2951 3761 3109 3815 nobis
3158 3762 3300 3829 apud
3338 3762 3506 3816 Deum

1931 3858 2148 3905 aeternae
2216 3849 2668 3905 remunerationis
2732 3852 2956 3921 rependi
3023 3866 3130 3906 non
3192 3851 3505 3907 diﬁidimus.

1934 3939 2167 3995 Proinde
2227 3940 2522 4009 conmeriat
2563 3940 2808 3995 omnium
2851 3940 3091 3996 ﬁdelium
3152 3951 3356 3997 sancta:
3414 3942 3509 3999 Dei

1934 4032 2209 4089 Ecclesiae.
2233 4040 2339 4088 tam
2374 4032 2724 4103 praesentium
2767 4047 2933 4101 quam
2979 4033 3143 4086 etiam
3179 4030 3507 4097 futurorum,

1935 4122 2224 4187 industria,
2273 4124 2400 4193 quia
2447 4122 2531 4177 vir
2555 4122 2886 4178 venerabilis
2916 4122 3216 4177 Hieremias
3260 4122 3397 4178 abba
3440 4138 3517 4177 ex

1935 4214 2268 4269 monasterio
2312 4212 2371 4268 S.
2405 4212 2619 4267 Martini
2652 4211 2895 4281 majoris,
2936 4210 3080 4283 quod
3125 4221 3208 4267 est
3264 4220 3511 4267 constru-

1935 4313 2081 4360 ctum
2105 4320 2273 4375 prope
2299 4305 2501 4361 Turon.
2538 4304 2812 4361 civitatem
2844 4321 3009 4376 super
3030 4305 3241 4362 alveum
3268 4304 3476 4378 Ligeris
3493 4348 3508 4370 ,

1935 4398 2132 4453 obtulit
2167 4398 2444 4454 obtutibus
2484 4398 2686 4453 nostris
2728 4398 3105 4454 auctoritatem
3156 4399 3513 4454 immunitatis

1935 4489 2117 4544 domui
2145 4496 2202 4544 et
2225 4488 2482 4559 genitoris
2503 4488 2676 4544 nostri
2703 4488 2858 4543 bona:
2884 4488 3161 4544 memoria:
3180 4487 3358 4543 Caroli
3382 4488 3514 4557 piis-

1934 4583 2059 4643 simi
2105 4582 2353 4654 Augusti,
2400 4583 2453 4636 in
2485 4597 2593 4651 qua
2620 4589 2742 4636 erat
2784 4581 3050 4635 insertum
3087 4579 3319 4648 qualiter
3365 4578 3503 4633 idem

1934 4673 2147 4737 genitor
2178 4680 2364 4727 noster
2404 4672 2655 4726 eumdem
2701 4669 3086 4725 monasterium
3107 4708 3123 4734 ,
3157 4668 3230 4723 ob
3265 4681 3504 4722 amorem

1937 4766 2028 4821 Dei
2084 4764 2642 4834 tranquillitatemque
2680 4760 2913 4817 fratrum
2969 4761 3170 4816 ibidem
3215 4760 3517 4815 cerisiuen-

1934 4855 2089 4920 tium,
2118 4871 2332 4925 semper
2354 4855 2453 4910 sub
2476 4854 2791 4923 plenissima
2815 4852 3042 4908 tuitione
3058 4860 3119 4907 et
3153 4850 3525 4925 immunitatis.

1930 4943 2244 5000 defensione
2278 4944 2575 5000 consistere
2601 4942 2839 4999 fecisset.
2876 4941 2986 4999 Sed
3017 4957 3117 5013 pro
3139 4941 3217 4996 rei
3256 4939 3513 4995 ﬁrmitate

1929 5037 2218 5106 postulavit
2244 5036 2403 5091 nobis
2421 5036 2714 5105 praedictus
2737 5035 2876 5091 abba
2905 5041 2961 5088 ut
2988 5041 3275 5104 paternum
3304 5046 3511 5085 morem

246 5127 351 5181 bus
374 5127 777 5183 successoribus
801 5127 908 5182 tuis
953 5127 1309 5196 pra-sentibus
1329 5134 1384 5180 et
1409 5125 1629 5191 futuris,
1664 5137 1828 5198 atque
1929 5135 2239 5195 sequentes,
2262 5125 2637 5195 hujuscemodi
2663 5134 2868 5182 nostra:
2908 5123 3267 5180 immanitatis
3312 5136 3515 5191 praece—

250 5216 576 5286 relpuhlicm
595 5217 1141 5281 administratoribus,
1172 5217 1289 5271 sive
1310 5217 1656 5272 exactoribus
1686 5218 1825 5272 infra
1929 5226 2079 5287 ptum
2105 5219 2178 5273 ob
2210 5233 2453 5273 amorem
2483 5218 2578 5273 Dei
2621 5226 2679 5271 et
2724 5215 3088 5271 reverentiam
3123 5213 3294 5268 divini
3332 5212 3516 5268 cultus

243 5321 447 5377 pagum
499 5306 831 5362 Parisiacum
862 5305 1073 5361 telonea
1122 5307 1512 5376 recipientibus
1535 5347 1550 5372 ,
1605 5322 1707 5361 seu
1743 5308 1828 5362 his
1932 5323 2060 5377 erga
2108 5310 2282 5378 ipsum
2328 5309 2723 5364 monasterium
2763 5307 2879 5362 ﬁeri
2926 5319 3292 5361 censeremus.
3343 5301 3511 5371 Cujus

243 5396 501 5451 omnibus
533 5397 625 5466 qui
656 5394 794 5450 infra
841 5394 1087 5449 eumdem
1123 5409 1320 5465 pagum
1365 5396 1597 5452 honores
1627 5396 1831 5451 habere
1932 5399 2181 5465 petitioni
2207 5398 2440 5453 libenter
2476 5412 2758 5453 assensum
2793 5394 3140 5466 praebuimus,
3168 5400 3228 5448 et
3275 5393 3377 5449 hoc
3413 5408 3511 5448 no-

245 5482 521 5540 videutur.
1933 5498 2061 5542 stre
2085 5489 2394 5543 autoritatis
2414 5497 2762 5557 praeceptum,
2792 5484 3158 5541 immunitatis
3195 5492 3358 5555 atque
3406 5484 3513 5541 tui-.

320 5573 517 5631 Notum
541 5577 695 5632 vobis
719 5592 839 5633 esse
860 5575 1135 5631 credimus
1157 5585 1213 5630 et
1238 5584 1425 5633 notam
1452 5576 1681 5631 facimus
1700 5591 1829 5645 qua-
1937 5576 2100 5632 tionis
2118 5578 2315 5647 gratia,
2349 5591 2447 5645 pro
2475 5576 2750 5631 ﬁrmitatis
2772 5574 2952 5630 studio
2978 5581 3033 5629 et
3074 5573 3269 5630 animae
3310 5580 3509 5629 nostrae

248 5660 377 5722 liter
403 5682 559 5724 oruuc
604 5666 873 5723 teloneum
903 5666 968 5719 de
1011 5665 1423 5735 quibuscunque
1462 5659 1829 5719 mercimoniis
1936 5665 2299 5724 emolumento
2320 5668 2435 5723 tieri
2463 5670 2801 5723 decrevimus
2834 5685 2845 5720 :
2873 5682 2969 5734 per
2995 5664 3138 5733 quod
3166 5662 3512 5734 praecipimus
