3940 6180
433 274 534 332 999

1530 259 1849 321 LUDOVICI
1885 257 1907 312 ι
1943 251 2413 311 COGNOMENTO
2449 252 2534 309 Pll

3499 254 3608 308 1000

433 382 854 458 atqmjubemus
882 387 942 435 ut
962 378 1138 433 nullus
1153 376 1320 448 judex
1343 375 1612 446 publicus,
1646 387 1821 443 neque
1853 368 2000 440 quis—
2027 369 2078 426 Α
2103 368 2188 421 nis
2215 368 2408 432 nostri,
2439 375 2498 421 ut
2521 376 2750 420 matrem
2769 364 3053 420 ecclesiam
3082 363 3244 434 ipsius
3265 363 3496 430 civitatis,
3515 382 3613 435 quae

430 478 564 534 libet
590 492 656 532 ex
692 471 980 546 judiciaria
1007 476 1294 539 potestate,
1323 475 1418 523 aut
1467 468 1608 523 ullus
1635 481 1704 521 ex
1750 463 1998 518 ﬁdelibus

431 568 656 629 nostris,
686 573 794 617 tam
838 560 1196 631 praesentibus
1226 573 1390 629 quam
1427 569 1482 614 et
1527 557 1721 613 futuris
1750 555 1806 609 in
1835 551 2004 609 eccle-

432 660 540 715 sias
571 663 664 710 aut
712 654 827 708 loca
862 650 947 706 vel
983 665 1160 722 agros,
1192 665 1287 705 seu
1315 649 1554 719 reliquas
1597 644 1998 718 possessiones,

431 737 565 820 quas
585 747 846 802 moderno
869 751 1112 813 tempore
1141 741 1195 796 in
1225 741 1565 812 quibuslibet
1583 737 1740 809 pagis
1763 745 1819 792 et
1845 733 2005 789 terri-

433 839 586 895 toriis
611 836 751 891 infra
781 833 1039 890 ditionem
1089 831 1300 901 imperii
1337 827 1505 884 nostri
1548 825 1809 900 possidet,
1849 821 2005 892 quid-

431 927 560 998 quid
592 926 786 980 ibidem
816 932 1315 992 proptersummum
1344 933 1586 974 amorem
1609 916 1862 972 collatum
1884 912 2002 977 fuit,

432 1031 657 1088 quaeque
683 1015 844 1070 etiam
875 1013 1128 1081 deinceps
1163 1011 1216 1064 in
1253 1009 1376 1080 jure
1410 1008 1581 1079 ipsius
1612 1004 1786 1062 sancti
1833 1003 1936 1058 loci
1975 1017 2006 1055 a

432 1111 543 1164 Deo
563 1104 779 1180 [Deum]
806 1104 1118 1160 timentibus
1148 1101 1458 1157 hominibus
1491 1099 1693 1154 ibidem
1723 1097 1898 1166 pietas
1919 1092 2005 1147 di-

429 1200 555 1252 vina
586 1197 818 1252 voluerit
846 1195 1052 1264 augeri,
1081 1195 1148 1248 ad
1167 1207 1362 1247 causas
1397 1189 1714 1252 audiendas,
1741 1187 1825 1242 vel
1856 1185 2006 1240 freda

433 1287 715 1358 exigenda,
743 1294 836 1339 aut
871 1285 1179 1339 mansiones
1201 1283 1284 1337 vel
1329 1289 1550 1352 paratas
1577 1279 1882 1342 faciendas,
1915 1283 2009 1330 aut

434 1378 777 1447 fideiussores
816 1375 1098 1439 tollendos,
1143 1381 1236 1429 aut
1270 1374 1516 1429 homines
1540 1372 1708 1441 ipsius
1736 1376 2010 1424 monaste-

435 1471 522 1534 rii,
551 1480 663 1523 tam
690 1471 949 1537 ingenuos
994 1481 1158 1535 quam
1204 1473 1260 1519 et
1304 1478 1512 1528 servos,
1564 1477 1728 1533 super
1770 1460 2009 1532 ejusdem

435 1571 636 1616 terram
665 1565 1066 1614 commanentes
1094 1553 1510 1624 distringendos,
1549 1565 1652 1607 nec
1675 1551 1812 1605 ullas
1835 1549 2012 1604 redhi-

2100 467 2184 512 est
2208 459 2262 512 in
2283 456 2487 512 honore
2512 464 2823 511 sanctorum
2849 453 2988 509 Justi
3007 461 3058 508 et
3084 453 3324 517 Pastoris,
3347 454 3424 506 vel
3446 464 3614 510 sancte

2102 547 2285 602 Mariae
2309 561 2524 617 semper
2547 546 2794 618 virginis,
2822 559 2947 600 cum
2974 545 3291 598 monasterio
3309 545 3468 598 sancti
3489 545 3613 600 Pauli

2101 637 2429 693 confessoris
2448 677 2463 703 ,
2514 637 2605 691 ubi
2649 637 2762 708 ipse
2815 641 3036 690 sanctus
3085 648 3300 703 corpore
3349 636 3615 702 requiescit,

2102 728 2247 798 quod
2273 737 2358 784 est
2389 733 2760 783 constructum
2794 727 2940 782 haud
2971 725 3156 796 procul
3186 725 3253 779 ab
3285 725 3457 780 eadem
3490 725 3619 791 urbe,

2104 835 2226 875 cum
2271 821 2520 876 omnibus
2556 820 2816 874 moderno
2848 826 3092 888 tempore
3123 818 3224 873 sibi
3256 817 3506 885 subjectis,
3538 818 3621 873 sub

2104 919 2291 966 nostra
2319 910 2628 966 defensione
2651 918 2707 966 et
2737 911 3093 966 immunitatis
3121 910 3342 965 tuitione
3365 909 3620 964 consistere

2105 998 2429 1056 faceremus.
2477 999 2642 1068 Cujus
2665 1000 2919 1070 precibus
2954 1000 3026 1055 ob
3053 1013 3290 1054 amorem
3315 999 3402 1053 Dei
3427 1008 3475 1053 et
3499 1013 3622 1053 reve-

2106 1094 2336 1148 rentiam
2365 1094 2678 1148 earumdem
2702 1100 3232 1148 sanctorum-aurem
3265 1090 3621 1146 accommodare

2105 1183 2281 1251 libuit,
2331 1193 2386 1239 et
2434 1185 2539 1239 hoc
2581 1190 2784 1239 nostrae
2831 1183 3174 1238 auctoritatis
3211 1181 3623 1251 immunitatisque

2107 1281 2433 1344 praeceptum
2457 1289 2584 1344 erga
2609 1275 2853 1330 eamdem
2880 1273 3165 1329 ecclesiam
3188 1272 3386 1336 facere;
3406 1286 3494 1342 per
3511 1270 3625 1340 quod

2110 1366 2448 1422 decernimus
2491 1375 2652 1434 atque
2691 1365 2940 1434 jubemus
2985 1373 3047 1418 ut
3093 1377 3252 1418 nemo
3295 1377 3354 1418 ex
3387 1360 3624 1430 iudiciaria

2108 1465 2397 1528 potestate,
2432 1473 2532 1513 nec
2561 1457 2699 1512 ullus
2715 1473 2785 1512 ex
2815 1456 3061 1512 ﬁdelibus
3086 1456 3284 1512 nostris
3313 1455 3364 1509 in
3389 1453 3622 1515 ecclesias,

2113 1560 2205 1606 aut
2234 1551 2373 1615 loca,
2407 1550 2492 1604 vel
2522 1565 2703 1620 agros,
2732 1556 2826 1603 aut
2860 1549 3101 1618 reliquas
3131 1546 3501 1618 possessiones,
3523 1559 3626 1613 quas

432 1653 664 1708 bitiones
719 1657 813 1703 aut
857 1648 1072 1702 illicitas
1118 1645 1433 1700 occasiones
1479 1641 1865 1713 requirendas,
1915 1655 2010 1694 no-
2040 1711 2066 1713 ξ
2111 1641 2368 1711 praesenti
2397 1648 2641 1711 tempore
2683 1638 2948 1710 possidet,
2994 1637 3081 1693 vel
3111 1653 3174 1693 ea
3202 1652 3320 1706 quae
3346 1635 3566 1702 deinceps
3583 1633 3626 1687 in

434 1740 563 1795 stris
594 1754 694 1793 nec
717 1738 913 1791 futuris
964 1737 1298 1805 temporibus
1325 1733 1536 1802 ingredi
1562 1711 1781 1796 audeat,
1819 1730 1904 1785 vel
1943 1743 2009 1785 ea
2038 1711 2084 1770 Β
2105 1731 2229 1800 jure
2257 1738 2417 1800 atque
2441 1737 2706 1800 potestate
2728 1729 2894 1798 ipsius
2917 1728 3162 1783 ecclesiae
3186 1728 3356 1782 divina
3382 1727 3533 1796 pietas
3555 1738 3626 1777 ve

434 1843 555 1898 quae
583 1842 743 1895 supra
767 1834 1064 1880 memorata
1120 1833 1264 1887 sunt,
1303 1822 1519 1891 penitus
1548 1821 1767 1891 exigere
1809 1833 2014 1888 praesu-

435 1925 566 1974 mat.
603 1916 709 1971 Sed
736 1916 895 1969 liceat
927 1914 1151 1984 praefato
1201 1912 1383 1967 abbati
1425 1912 1649 1981 suisque
1687 1899 2014 1964 successori-

435 2007 535 2062 bus
562 2021 650 2059 res
671 2003 910 2072 ejusdem
953 2002 1286 2067 monasterii,
1315 2015 1437 2055 cum
1455 2031 1458 2034 -
1475 2001 1636 2054 rebus
1665 1999 1750 2053 vel
1779 1998 2014 2054 homini-

434 2099 536 2153 bus
559 2096 755 2150 ibidem
795 2093 1181 2164 aspicientibus
1209 2092 1295 2147 vel
1324 2091 1742 2160 pertinentibus,
1776 2090 1877 2144 sub
1913 2088 2016 2142 tui—

437 2188 600 2242 tionis
629 2195 791 2255 atque
822 2184 1175 2239 immunitatis
1200 2191 1400 2239 nostrae
1425 2181 1739 2237 defensione
1757 2221 1770 2243 ,
1807 2188 2013 2234 remota

439 2281 604 2334 totius
641 2276 945 2346 judiciariae
964 2276 1252 2346 potestatis
1294 2273 1684 2344 inquietudine,
1716 2271 1900 2342 quieto
1925 2287 2014 2334 or-

437 2371 563 2426 dine
584 2369 879 2441 possidere.
906 2369 973 2422 Et
993 2367 1252 2438 quidquid
1279 2367 1345 2422 de
1371 2365 1610 2435 praefatis
1645 2364 1806 2418 rebus
1828 2377 2012 2418 mona-

440 2459 589 2514 sterii
615 2459 702 2530 jus
728 2457 844 2512 ﬁsci
873 2458 1086 2527 exigere
1111 2465 1342 2528 poterat,
1378 2458 1431 2510 in
1465 2464 1648 2511 nostra
1675 2454 2014 2525 eleemosyna

440 2551 495 2605 in
521 2551 791 2620 integrum
818 2549 994 2602 eidem
1033 2547 1401 2602 concessimus
1428 2545 1781 2610 monasterio,
1807 2543 2014 2598 scilicet

440 2649 500 2695 ut
527 2649 788 2710 perpetuo
813 2647 1054 2708 tempore
1098 2638 1166 2692 ad
1206 2635 1571 2706 peragendum
1598 2635 1696 2691 Dei
1733 2635 2015 2691 servitium

441 2740 787 2802 augmentum
837 2739 892 2786 et
934 2729 1364 2800 supplementum
1409 2727 1525 2791 ﬁat,
1575 2735 1842 2796 quatenus
1884 2725 2014 2795 ipsis

443 2823 615 2877 servis
643 2822 760 2888 Dei,
787 2822 875 2890 qui
929 2820 1125 2875 ibidem
1174 2821 1284 2874 Deo
1319 2817 1572 2873 famulari
1612 2818 1886 2882 videntur,
1915 2830 2014 2885 pro

443 2913 598 2966 nobis
629 2919 682 2967 et
703 2909 930 2979 conjuge
966 2909 1223 2979 proleque
1249 2917 1455 2971 nostra,
1502 2915 1557 2960 et
1597 2905 1888 2960 stabilitate
1935 2913 2016 2958 to-

442 3003 550 3060 tius
579 3001 790 3070 imperii
836 3017 866 3054 a
898 2999 1006 3057 Deo
1035 2999 1192 3054 nobis
1231 2998 1434 3064 collati,
1463 3007 1519 3052 et
1544 2995 1660 3066 ejus
1705 2995 2014 3055 clementis-

445 3093 581 3147 sima
619 3091 966 3146 miseratione
997 3104 1094 3158 per
1131 3089 1453 3144 immensum
1499 3086 1877 3150 conservandi,
1922 3085 2019 3140 Dei

446 3183 766 3242 immensam
818 3180 1162 3236 clementiam
1181 3179 1386 3248 jugiter
1434 3193 1665 3233 exorare
1715 3175 2017 3248 [delectet].

446 3272 597 3326 llanc
635 3271 816 3341 itaque
850 3269 1249 3332 auctoritatem,
1281 3277 1340 3322 ut
1361 3268 1657 3338 pleniorem
1682 3259 1744 3320 in
1785 3266 1882 3321 Dei
1920 3281 2019 3320 no-

446 3363 594 3418 mine
635 3361 877 3415 obtineat
896 3361 1157 3428 vigorem,
1205 3367 1262 3411 et
1303 3373 1333 3410 a
1378 3357 1624 3412 ﬁdelibus
1673 3364 1876 3411 sanctae
1925 3356 2020 3410 Dei

448 3450 704 3506 Ecclesiae
754 3459 808 3504 et
854 3448 1056 3503 nostris
1090 3445 1397 3516 diligentius
1450 3454 1826 3510 conservetur,
1860 3459 2024 3500 manu

445 3541 664 3612 propria
703 3538 1250 3605 subterﬁrmavimus,
1275 3546 1332 3594 et
1369 3537 1553 3593 annuli
1584 3537 1754 3592 nostri
1798 3538 2022 3608 impres-

448 3632 600 3687 sione
622 3630 822 3701 siguari
843 3628 1128 3697 jussimus.

518 3723 740 3793 Signum
764 3723 1015 3778 Ludovici
1050 3721 1378 3777 serenissii
1413 3721 1779 3792 imperatoris.

520 3811 833 3868 Helisachar
867 3812 1176 3883 recognovi.

518 3905 652 3960 Data
683 3919 744 3958 ιιι
773 3901 952 3958 Nonas
981 3904 1316 3969 Decembris,
1347 3917 1492 3962 anno
1514 3903 1736 3960 Christo
1781 3903 2018 3975 propitio

451 3997 505 4060 i,
533 3996 826 4051 indictione
855 3996 909 4050 8.
940 3994 1136 4051 Actum
1169 3996 1495 4068 Aquisgrani
1526 3996 1730 4066 palatio
1777 3996 1928 4066 regio
1966 3995 2024 4050 in

452 4087 544 4150 Dei
568 4087 786 4141 nomine
807 4085 1056 4140 feliciter.
1082 4085 1277 4140 Amen.

1137 4195 1318 4250 XVI".

629 4302 727 4342 1³1ιο
764 4300 1014 4342 NEFRIDIO
1053 4299 1460 4342 ARCIHEPISCOPO
1497 4302 1844 4344 NABBONENSI.

1073 4375 1243 4447 (Anno
1282 4375 1428 4449 su.)

455 4470 631 4546 [Apud
658 4468 721 4524 Β.
745 4469 1033 4546 Bouquet.,
1068 4467 1220 4546 ibid,
1255 4483 1377 4546 pag.
1410 4467 1532 4532 169,
1562 4483 1628 4546 (εξ
1657 4465 1868 4546 probat.
1911 4485 2026 4522 nor.

793 4481 1033 4551 ouquet.,
1068 4481 1220 4550 rem,
1255 4483 1377 4538 pag.
1410 4481 1532 4532 169,
1562 4483 1627 4522 ex

793 4541 933 4596 Hist.
965 4540 1156 4600 Oeam,
1187 4547 1314 4593 tom.
1347 4539 1388 4602 Ι,
1419 4553 1540 4608 pag.
1566 4481 1692 4611 ΗΕ

526 4634 580 4689 In
629 4634 845 4689 nomine
884 4631 1094 4688 Domini
1145 4630 1242 4685 Dei
1279 4639 1334 4683 et
1375 4629 1674 4685 Salvatoris
1703 4628 1875 4684 nostri
1902 4627 2028 4682 Iesu

454 4727 678 4790 Christi,
707 4723 1012 4780 Ludovicus
1037 4721 1218 4777 divina
1244 4720 1533 4775 ordinante
1556 4718 1895 4790 providentia
1924 4719 2026 4772 ἰω-

453 4826 674 4896 perator
697 4815 986 4884 Augustus.

525 4909 659 4968 Cum
685 4905 1038 4977 petitionibus
1062 4901 1403 4958 sacerdotum
1422 4897 1585 4968 justis
1606 4906 1662 4954 et
1687 4896 2030 4954 rationabili-

456 5001 556 5062 bus
585 4998 752 5055 divini
773 4995 950 5052 cultus
973 5007 1158 5047 amore
1189 4990 1448 5052 favemus,
1479 5004 1712 5060 superna
1731 5003 1834 5044 nos
1858 4987 2032 5058 gratia

457 5093 656 5157 muniri
705 5107 811 5147 non
857 5087 1164 5146 dimdimus.
1202 5083 1407 5139 Idcirco
1447 5089 1634 5136 notum
1670 5081 1740 5134 sit
1783 5080 2035 5134 omnibus

459 5183 706 5247 ﬁdelibus
733 5191 934 5239 sanctae
986 5179 1080 5234 Dei
1123 5175 1378 5233 Ecclesiae
1409 5181 1464 5229 et
1491 5173 1717 5234 nostris.
1761 5179 1874 5223 tam
1902 5184 2037 5239 pra).

459 5273 703 5336 sentibus
727 5287 888 5344 quam
913 5279 971 5327 et
991 5268 1211 5332 futuris,
1238 5266 1361 5336 quia
1395 5264 1481 5318 vir
1503 5259 1830 5317 venerabilis
1864 5258 2030 5314 ΝΠτί-

461 5364 581 5419 (lius
606 5361 970 5417 Narbonensis
991 5360 1144 5416 urbis
1164 5355 1600 5427 archiepiscopus
1625 5351 1811 5407 adiens
1833 5351 2037 5406 obtuti-

463 5451 607 5508 tibus
631 5453 851 5517 nostris,
877 5452 1198 5520 deprecata
1227 5455 1311 5503 est
1343 5443 1814 5502 mansuetudinem
1842 5441 2036 5497 eulmi-

544 5576 570 5606 ι
600 5566 843 5634 Diploma
871 5561 973 5619 hoc
999 5563 1182 5618 nullibi
1213 5562 1386 5634 adhuc
1408 5564 1584 5634 exstat
1608 5556 1849 5634 editum;
1878 5553 1946 5607 de
1965 5563 2030 5634 eo

465 5621 684 5694 tantum
721 5636 940 5692 adnotat
980 5634 1276 5701 Μιὼίιιρη.2
1317 5631 1503 5686 Annal.
1546 5627 1676 5687 ΟΜ.
1710 5626 1766 5680 S.
1813 5621 2037 5692 lienem,

2114 1820 2275 1877 luerit
2300 1837 2519 1890 erigere,
2548 1821 2616 1875 ad
2646 1835 2838 1875 causas
2865 1819 3180 1881 audiendas,
3212 1818 3294 1872 vel
3322 1816 3458 1870 freda
3485 1823 3531 1868 et
3553 1813 3627 1866 tri-

2113 1914 2243 1968 buta
2271 1912 2556 1980 exigenda,
2587 1919 2680 1965 aut
2709 1910 3018 1965 mansiones
3034 1909 3124 1965 vel
3144 1916 3357 1978 paratas
3381 1905 3626 1966 faciendas,

2113 2009 2207 2054 aut
2232 1998 2577 2069 ﬁdejussores
2601 1999 2885 2063 tollendos,
2918 2009 3012 2052 aut
3038 1999 3286 2053 homines
3316 1996 3466 2066 ipsius
3497 1992 3630 2048 eccle-

2114 2091 2209 2145 siae
2235 2097 2345 2144 tam
2375 2090 2638 2159 ingenuos
2666 2103 2937 2159 quamque
2963 2096 3018 2142 et
3048 2102 3237 2142 servos
3267 2082 3628 2154 distringendos,

2115 2192 2207 2237 aut
2237 2181 2373 2237 ullas
2394 2181 2784 2238 redhibitiones
2813 2188 2904 2234 aut
2930 2179 3148 2234 illicitas
3175 2177 3470 2233 occasiones
3491 2172 3630 2240 requi-

2115 2275 2328 2337 rendus,
2360 2273 2561 2328 nostris
2603 2281 2696 2326 aut
2733 2272 2931 2326 futuris
2971 2270 3306 2340 temporibus
3345 2266 3525 2338 ingredi
3560 2279 3633 2316 au-

2114 2366 2258 2430 deat,
2289 2363 2371 2418 vel
2399 2379 2463 2418 ea
2490 2378 2608 2432 qua:
2639 2377 2800 2431 supra
2830 2368 3130 2416 memorata
3161 2367 3305 2423 sunt,
3331 2357 3523 2426 penitus
3545 2353 3633 2408 exi-

2115 2469 2241 2526 gere
2268 2461 2562 2523 praasumat
2587 2470 2601 2505 :
2631 2452 2727 2507 sed
2769 2450 2932 2506 liceat
2971 2457 3272 2504 memorato
3297 2444 3492 2516 praesuli
3526 2442 3634 2496 suis-

2114 2556 2220 2613 que
2273 2540 2674 2597 successoribus
2727 2541 2828 2594 sub
2889 2548 3082 2594 nostra
3140 2536 3437 2592 defensione
3485 2531 3632 2600 quieta

2114 2630 2375 2696 residere,
2406 2639 2460 2687 et
2485 2637 2675 2686 nostro
2708 2643 2900 2700 parere
2925 2628 3179 2698 imperio.
3231 2626 3296 2681 Et
3320 2619 3548 2695 quidquid
3567 2617 3636 2685 jus

2115 2721 2233 2777 ﬁsci
2259 2720 2383 2775 inde
2407 2721 2621 2790 exigere
2647 2726 2877 2789 poterat,
2915 2725 3092 2772 totum
3125 2731 3225 2772 nos
3249 2729 3344 2785 pro
3374 2721 3547 2767 :eterna
3568 2723 3635 2759 re-

2113 2811 2494 2866 muneratione
2531 2810 2704 2864 eidem
2732 2807 3079 2864 concedimus
3120 2805 3379 2864 emissus,
3412 2809 3464 2854 ut
3487 2809 3638 2868 perpe-

2116 2905 2227 2958 tuis
2275 2900 2608 2970 temporibus
2657 2897 2870 2954 clericis
2918 2897 3122 2951 ibidem
3185 2892 3515 2951 servientibus
3551 2886 3636 2939 Deo

2120 2992 2372 3064 proﬁciat
2415 2991 2470 3044 in
2520 2988 2862 3060 augmentis;
2915 2992 3192 3055 quatenus
3243 2991 3462 3038 rectores
3501 2976 3632 3046 ipsius

2124 3083 2388 3148 ecclesias,
2436 3096 2558 3135 cum
2610 3078 2862 3133 omnibus
2903 3077 2972 3131 ad
3017 3089 3079 3130 se
3122 3069 3516 3144 pertinentibus,
3543 3077 3636 3119 eum

2121 3175 2266 3232 eiero
2303 3180 2358 3227 et
2382 3169 2578 3242 populo
2616 3168 2718 3224 sibi
2757 3165 2996 3236 subjecto
3015 3205 3029 3228 ,
3063 3179 3166 3234 pro
3198 3162 3345 3220 nobis
3378 3167 3427 3214 et
3460 3152 3638 3222 conjuge

2121 3265 2376 3337 proleque
2403 3269 2610 3326 nostra,
2633 3274 2697 3315 ac
2735 3257 3071 3330 (stabilitate)
3104 3255 3270 3312 totius
3291 3248 3482 3321 imperil
3506 3261 3532 3300 a
3555 3244 3638 3298 Deo

2120 3359 2277 3415 nobis
2305 3372 2400 3428 per
2445 3355 2766 3409 immensum
2804 3348 3086 3415 concessi,
3139 3345 3346 3404 Domini
3388 3339 3639 3428 miscricor-

2122 3451 2268 3506 diam
2293 3423 2547 3502 alacriter
2577 3458 2804 3500 exorare
2833 3442 3083 3496 delectet.
3125 3440 3195 3494 Et
3232 3447 3290 3492 ut
3325 3437 3431 3491 haec
3459 3423 3641 3486 auctori.

2123 3554 2206 3600 tas
2248 3549 2448 3595 nostra:
2486 3533 2858 3606 praeceptionis
2893 3547 2926 3587 a
2965 3529 3217 3585 ﬁdelibus
3255 3532 3440 3582 sancta:
3465 3518 3543 3572 Dei
3567 3513 3640 3566 Εε-
3684 3563 3686 3570 .

2123 3632 2301 3688 οὶοεὶεε
2325 3639 2380 3685 et
2406 3629 2606 3682 nostris
2632 3625 2814 3680 verius
2849 3620 3107 3678 credatur
3150 3630 3207 3676 et
3234 3615 3514 3689 diligentius
3542 3618 3638 3661 cou-

2125 3731 2403 3785 servetur,
2475 3733 2594 3773 eam
2648 3731 2810 3772 manu
2865 3713 3088 3785 propria
3142 3707 3560 3777 subscripsimus,
3599 3701 3641 3747 ei

2125 3813 2308 3869 annuli
2339 3810 2694 3880 impressione
2719 3807 2921 3878 signari
2947 3806 3237 3875 jussimus.

2197 3903 2426 3974 Signum
2451 3899 2710 3954 Ludovici
2743 3897 2973 3968 piissimi
3003 3895 3259 3963 Augusti.

2198 3994 2482 4050 Durandus
2532 3992 2790 4047 diaconus
2839 3988 2906 4042 ad
2961 3987 3138 4041 vicem
3193 3978 3487 4038 Helisachar
3527 3977 3636 4022 rem

2127 4087 2329 4158 gnovit.
3613 4145 3624 4157 .

2197 4177 2333 4231 Data
2372 4189 2426 4229 rv
2454 4168 2722 4228 Kalendas
2749 4169 3054 4231 Ianuarias,
3108 4178 3252 4220 anno
3275 4159 3473 4218 Christo
3503 4161 3645 4222 νωρμ

2129 4268 2204 4322 ῑὶο
2242 4266 2268 4318 ι
2313 4262 2524 4334 imperii
2575 4260 2756 4316 domui
2801 4257 2976 4312 nostri
3014 4255 3278 4311 Ludovici
3319 4245 3522 4321 piissimi
3557 4237 3643 4334 Atl-

2053 4388 2107 4448 D
2131 4356 2293 4427 gusti,
2327 4325 2713 4448 indictione-8..
2739 4348 2934 4448 Actum
2975 4345 3303 4416 Aquisgrani
3333 4338 3509 4410 palatio
3533 4325 3646 4395 regio

2133 4448 2190 4504 in
2216 4447 2308 4501 Dei
2331 4445 2551 4500 nomine
2578 4441 2823 4496 feliciter.
2858 4439 3048 4492 Amen.

2851 4531 2990 4588 XIX.

2425 4640 2452 4672 ⁸
2495 4643 2594 4681 PRO
2633 4638 2970 4680 IONASTIIIO
3007 4630 3426 4675 ειειιειιιεωεκδι.

2743 4714 2916 4784 (Anno
2951 4711 3100 4780 8M.)

2135 4811 2314 4886 [Apud
2349 4807 2705 4886 εηηάωίρεε.
2731 4804 2875 4859 HM
2920 4804 2986 4886 4‘
3021 4801 3241 4886 ιἘριίκ
3269 4785 3643 4886 eseam

2207 4851 2337 4938 $33.
2726 4851 3204 4944 :-
3219 4851 3501 4924 adulterino
3521 4851 3647 4908 abbas

2205 4974 2297 5045 tiae
2329 4963 2948 5040 Aprimonasteriensis.]
3384 5043 3390 5045 ν
3468 5037 3486 5045 _
3550 5033 3561 5045 _
3618 5027 3626 5045 ε

2206 5033 2266 5124 ιιῖ
2291 5033 2508 5120 nomine
2534 5068 2734 5116 sanctae
2756 5067 2812 5112 et
2843 5033 3129 5110 individua:
3152 5043 3440 5108 Trinitatis,
3468 5033 3648 5124 Ludovi-

2136 5173 2234 5214 cus
2254 5123 2353 5211 Dei
2380 5149 2762 5221 omnipotentis
2789 5146 2966 5218 gratia
2996 5160 3087 5200 rex
3119 5141 3441 5198 Francorum
3472 5123 3647 5221 etLOI'

2139 5249 2502 5324 gohardorum
2521 5219 2544 5313 ,7
2593 5243 2960 5298 Romanorum
3005 5251 3134 5292 vero
3187 5235 3467 5303 imperator
3507 5219 3646 5281 Μεθ’

2139 5350 2346 5487 διῃίέῗιιιι
2388 5427 2667 5497 Ρτοῃὶιθιω
2709 5421 3019 5477 testimonio
3045 5415 3288 5474 laetitiam
3320 5406 3451 5478 regis
3483 5399 3540 5455 de
3566 5391 3648 5444 Vi!"

2139 5556 2250 5600 tom
2278 5543 2342 5608 ll,
2371 5555 2494 5611 pag.
2537 5537 2660 5601 592,
2695 5535 2952 5593 mendose
2974 5532 3202 5589 relatum
3229 5536 3345 5581 esse
3365 5535 3395 5572 a
3431 5501 3645 5575 οιποιιίω

2144 5612 2512 5676 Novlmteusi.
