3946 6174
320 217 453 275 1001

1454 211 1850 272 DIPLOMA'I‘A
1890 212 2444 272 ECCLESIASTICA.

3441 202 3581 284 toea

316 345 436 392 tute
462 336 554 389 Dei
581 332 873 404 procedere
902 332 1154 395 sciamus,
1188 331 1338 400 regni
1371 331 1540 386 nostri
1570 331 1811 386 lmtitiam
1842 338 1897 385 et
1924 335 1970 393 Α
1997 329 2319 398 potestative
2364 328 2654 398 possideat.
2700 328 2968 403 Quidquid
3008 332 3170 403 igitur
3214 332 3471 402 forensis,
3500 340 3586 392 vel

317 432 552 484 honores
592 441 789 496 augere
838 425 1129 490 credimus,
1169 425 1214 479 si
1252 433 1438 480 sancta
1462 440 1526 480 ac
1562 424 1894 479 venerabilia

314 531 597 574 servorum
622 516 717 571 Dei
739 514 1066 571 monasteria
1098 515 1395 569 secundum
1416 514 1733 585 petitionem
1757 514 1896 584 ipso-

315 627 438 665 rum
471 609 714 665 stabilire
752 625 848 663 seu
882 606 1209 663 confirmare
1246 608 1635 673 studuerimus,
1673 622 1899 677 praiser-

316 701 413 754 tim
443 715 566 755 cum
586 707 644 754 et
669 699 772 769 ipsi
799 714 899 768 pro
918 713 1050 767 pace
1073 707 1129 753 et
1152 698 1453 753 stabilitate
1493 706 1680 754 nostra
1726 698 1898 753 Deum

310 792 653 862 frequentius
698 798 946 846 exorent.
1009 789 1347 860 Quapropter
1389 789 1630 845 omnium
1659 788 1897 845 ﬁdelium

309 882 584 953 pmipue
622 889 802 936 tamen
844 880 1145 951 principum
1179 888 1488 935 nostrorum
1519 879 1741 935 auribus
1766 880 1897 935 inti-
1930 932 1933 935 .

310 988 529 1028 mamus
574 972 717 1041 quod
754 971 1079 1027 venerabilis
1124 969 1436 1025 Sambatius
1470 970 1639 1026 abbas
1675 971 1743 1025 de
1783 986 1897 1026 cte-

314 1063 479 1119 nobio
520 1061 673 1130 cujus
719 1061 1037 1116 vocabulum
1081 1069 1164 1115 est
1222 1060 1546 1116 Novicntum
1595 1061 1709 1115 sive
1757 1060 1915 1116 Ehe--

315 1155 576 1219 resbeim,
602 1155 748 1223 quod
773 1154 858 1207 vir
894 1153 1103 1209 illuster
1136 1153 1292 1208 Etich
1329 1155 1437 1208 dux
1463 1162 1518 1209 et
1553 1152 1749 1222 coniux
1780 1151 1898 1223 ejus

315 1244 613 1301 Bersviuda
646 1245 702 1299 in
729 1244 931 1300 Christi
961 1245 1181 1300 nomine
1217 1253 1272 1301 et
1300 1246 1354 1300 in
1381 1247 1587 1301 honore
1614 1245 1900 1301 beatorum

314 1336 684 1408 apostolorum
709 1336 859 1392 Petri
874 1345 929 1392 et
954 1335 1126 1403 Pauli,
1152 1346 1574 1407 sanctorumque
1598 1345 1900 1409 martyrum

317 1427 561 1482 Mauricii
591 1442 656 1482 ac
680 1428 950 1483 sociorum
968 1427 1111 1497 ejus,
1142 1428 1195 1482 in
1225 1441 1363 1499 pago
1386 1426 1711 1493 Alsaciensi,
1736 1440 1903 1499 super

316 1516 492 1586 ripam
512 1515 622 1570 Illa:
639 1514 896 1577 ﬂuminis,
914 1516 968 1570 in
988 1517 1299 1587 episcopatu
1320 1516 1702 1588 Argentinensi
1727 1517 1779 1571 in
1802 1532 1902 1572 suo

314 1606 537 1676 proprio
582 1613 1004 1660 construxerunt
1057 1605 1421 1671 fundoycum
1475 1607 1739 1663 fratribus
1788 1607 1903 1663 suis

1997 415 2170 471 civilis
2228 418 2578 487 querimonia:
2630 417 2770 473 infra
2826 420 3003 488 ipsum
3064 421 3256 485 locum,
3304 424 3387 478 vel
3437 435 3588 482 exte-

2000 508 2112 562 rius
2149 508 2201 561 in
2244 508 2388 563 villis
2422 509 2490 564 ad
2526 510 2701 580 ipsum
2737 509 2912 565 locum
2950 513 3347 581 pertinentibus
3375 527 3583 572 motum

1999 599 2191 664 fuerit,
2247 601 2316 655 ad
2367 602 2542 656 solum
2591 603 2841 657 abbatem
2890 603 2973 658 vel
3022 603 3089 657 ad
3122 604 3334 659 villicos
3386 608 3454 661 ab
3515 623 3585 664 eo

1993 692 2321 747 constitutos
2356 691 2545 760 judicii
2587 707 2750 748 causa
2786 694 3073 763 pertineat.
3117 693 3194 749 De
3233 692 3394 751 furtis
3430 706 3581 761 vero,

1999 785 2083 838 vel
2110 784 2430 848 latrociniis,
2460 784 2575 838 sive
2601 782 2818 839 frevelis
2846 797 2871 824 ιι
2899 792 3051 839 extra
3088 792 3237 853 septa
3266 786 3584 841 monasterii

1998 875 2343 944 perpetratis,
2376 875 2536 929 tertia
2573 889 2701 944 pars
2743 875 3061 929 advocatum
3094 875 3337 930 ecclesia:
3362 891 3391 930 a
3429 878 3589 932 nobis

1994 965 2349 1019 constitutum
2375 964 2649 1035 respiciat.
2668 964 2893 1018 Taxatio
2916 973 3093 1019 autem
3118 965 3425 1035 bnjusmodi
3451 968 3589 1022 erit:

1996 1057 2043 1111 si
2064 1056 2185 1125 quis
2215 1056 2281 1110 de
2321 1054 2524 1110 familia
2570 1055 2834 1122 ecclesite,
2866 1056 2980 1111 sive
3023 1056 3090 1110 de
3130 1058 3374 1113 externis
3408 1058 3463 1113 in
3496 1058 3590 1114 tali

2001 1163 2136 1201 noxa
2183 1147 2512 1202 acclamatus
2554 1146 2747 1213 fuerit,
2778 1156 2833 1201 et
2879 1161 3065 1202 coram
3109 1148 3305 1203 abbate
3342 1149 3427 1205 vel
3471 1148 3589 1218 ejus

2000 1236 2274 1291 causidico
2305 1237 2331 1276 ιι
2371 1237 2578 1306 positus
2614 1238 2894 1293 convictus
2937 1237 3116 1303 fuerit,
3159 1252 3251 1294 sex
3293 1240 3531 1296 lirdoncs
3564 1249 3587 1281 δ

1996 1328 2197 1396 publici
2226 1329 2501 1397 ponderis,
2532 1328 2647 1384 sive
2673 1329 2893 1400 triginta
2923 1329 3085 1385 siclos
3114 1328 3139 1368 ἀ
3172 1329 3588 1402 Argentinensis

1999 1430 2232 1476 monetae
2258 1421 2546 1491 persolvat.
2586 1420 2644 1476 Si
2675 1431 2855 1476 autem
2884 1432 3037 1477 extra
3072 1422 3246 1494 ipsum
3270 1422 3473 1489 locum,
3503 1422 3593 1479 vel

2002 1513 2122 1583 ejus
2150 1515 2442 1569 terminum
2468 1513 2663 1581 fuerit,
2686 1526 2853 1569 unum
2883 1514 3147 1569 flrdouem
3168 1555 3183 1580 ,
3214 1515 3330 1570 sive
3355 1524 3466 1571 tres
3492 1532 3592 1571 un-

2000 1604 2119 1659 cias
2142 1603 2555 1675 Argentinensis
2577 1612 2807 1659 moneta:
2838 1604 3144 1675 persolvat:
3170 1606 3313 1674 quod
3332 1605 3378 1661 si
3408 1605 3591 1662 facere

317 1704 559 1752 nostram
589 1697 722 1752 adiit
748 1697 1119 1762 serenitatem,
1172 1698 1469 1768 deprecans
1493 1708 1552 1754 ut
1578 1699 1752 1770 ipsum
1783 1715 1899 1754 mo-
1927 1681 1974 1741 Β
2002 1694 2255 1761 noluerit,
2270 1696 2565 1751 vindictam
2573 1694 2885 1765 judicialem
2900 1696 3191 1766 persolvat.
3209 1695 3595 1754 Concessimus

314 1788 613 1842 nasterium
656 1788 801 1858 quod
849 1787 1109 1857 pratfatus
1157 1789 1266 1843 dux
1310 1799 1368 1845 et
1411 1791 1739 1846 venerabilis
1788 1790 1899 1845 filia

316 1878 486 1947 ipsius
506 1876 678 1933 Odilia
702 1878 754 1932 in
772 1878 862 1948 jus
885 1893 950 1933 ac
969 1878 1267 1933 dominium
1303 1881 1454 1953 regni
1479 1881 1696 1950 penitus
1721 1888 1900 1935 trans-

313 1964 594 2031 fuderunt,
632 1967 902 2037 aliquibus
925 1967 1086 2039 regite
1111 1969 1452 2025 auctoritatis
1474 1969 1689 2024 indiciis
1710 1968 1899 2024 suﬂ'ul-

314 2067 431 2127 tum
471 2058 937 2116 confirmaremus.
978 2061 1088 2116 Nos
1125 2076 1257 2131 ergo
1297 2070 1352 2117 et
1391 2061 1626 2132 propria
1653 2061 1814 2116 saluti
1844 2068 1900 2116 et

313 2150 639 2205 utilitatibus
677 2149 909 2205 fratrum
949 2151 1147 2207 ibidem
1184 2151 1297 2208 Deo
1335 2153 1437 2207 sub
1466 2152 1703 2223 regulari
1739 2152 1900 2208 disci-

313 2242 460 2312 plina
478 2242 830 2296 servientium
857 2242 1224 2308 consulentes,
1258 2243 1528 2314 simulque
1545 2260 1642 2312 pro
1661 2247 1899 2300 remedio

315 2335 510 2388 animae
538 2333 989 2388 Christianissimi
1014 2334 1276 2403 genitoris
1297 2336 1472 2389 nostri
1507 2335 1708 2401 Caroli,
1740 2346 1796 2390 et
1817 2353 1901 2392 se-

317 2425 618 2479 renissima:
642 2425 919 2495 genitricis
946 2432 1147 2480 nostra:
1171 2425 1511 2496 Hildegardis
1540 2427 1903 2497 imperatricis

318 2514 571 2583 Augusta:
614 2515 931 2585 petitionem
974 2516 1145 2586 ipsius
1187 2516 1418 2588 benigne
1459 2518 1818 2586 suscepimus,
1849 2528 1905 2574 et

317 2604 505 2673 perfici
543 2605 834 2661 salubriter
862 2606 1222 2662 decrevimus.
1268 2607 1530 2663 Volumus
1559 2623 1690 2678 ergo
1724 2608 1901 2664 locum

318 2695 611 2765 supradicti
627 2694 1024 2760 Novientensis,
1048 2695 1166 2752 sive
1186 2696 1651 2752 Ebersheimeusis
1670 2698 1903 2754 cmnobii

315 2792 370 2838 et
384 2800 600 2841 omnem
617 2787 906 2842 terminum
922 2786 1259 2843 fundamenti
1274 2787 1440 2857 ipsius
1453 2787 1636 2843 liberte
1650 2788 1902 2845 immuni-

317 2879 447 2935 tatis
467 2893 607 2946 esse,
636 2889 694 2935 et
718 2895 883 2934 omne
901 2881 949 2936 ei
971 2881 1061 2951 jus
1091 2880 1203 2936 ﬁsci
1244 2880 1414 2936 nostri
1437 2881 1675 2937 totaliter
1703 2895 1769 2935 ex
1799 2881 1904 2937 boc

315 2975 371 3021 et
398 2969 650 3040 deinceps
676 2971 1006 3028 remittimus
1027 3012 1041 3036 ,
1069 2987 1132 3027 ea
1161 2972 1370 3027 scilicet
1394 2973 1606 3028 ratione
1633 2981 1698 3028 ut
1718 2972 1898 3029 nullus

309 3058 475 3129 judex
512 3060 779 3129 publicus,
826 3076 927 3117 nec
974 3062 1257 3132 spiritalis,
1298 3080 1399 3119 nec
1443 3064 1735 3132 saecularis,
1782 3067 1897 3123 sive

315 3149 615 3220 episcopus,
647 3150 763 3205 sive
788 3152 919 3217 dux,
949 3152 1063 3207 sive
1097 3167 1296 3219 comes,
1329 3154 1416 3209 vel
1450 3153 1764 3222 advocatus,
1800 3173 1896 3213 seu

316 3240 495 3310 aliqua
519 3239 802 3309 iudiciaria
833 3251 1070 3311 potestas
1095 3253 1290 3312 prtetcr
1318 3244 1648 3303 voluntatem
1684 3249 1898 3307 abbatis

316 3330 523 3399 ingredi
550 3339 860 3400 praesumat,
891 3347 990 3387 nec
1017 3332 1221 3387 fredam
1246 3334 1417 3400 tollat,
1443 3352 1544 3392 nec
1567 3339 1893 3405 mansiones,

314 3429 411 3473 aut
437 3429 652 3489 paratas
691 3422 761 3476 ibi
798 3421 978 3489 faciat,
1019 3432 1121 3478 uec'
1143 3439 1468 3496 quemquam
1511 3428 1583 3482 ibi
1615 3430 1896 3486 hominum

313 3511 418 3564 nisi
457 3519 674 3582 rogatus
718 3512 788 3567 ab
821 3513 1015 3569 abbate
1048 3516 1404 3587 constringat,
1442 3534 1543 3573 nec
1568 3535 1763 3577 causas
1802 3538 1897 3578 au-

314 3601 457 3666 diat;
486 3603 579 3657 sed
605 3616 843 3671 praesens
874 3602 1182 3660 Sambatius
1213 3606 1400 3672 abbas,
1421 3608 1648 3678 ejusque
1672 3625 1878 3667 succes-

313 3708 466 3748 seres
492 3693 666 3763 ipsum
708 3693 885 3750 locum
934 3710 1058 3750 cum
1105 3697 1357 3751 omnibus
1387 3700 1721 3769 appendiciis
1757 3704 1893 3769 suis,

312 3786 415 3840 viis
460 3786 669 3842 scilicet
706 3795 764 3841 et
806 3786 987 3852 inviis,
1035 3787 1269 3843 exitibus
1307 3795 1362 3844 et
1409 3789 1689 3855 reditibus,
1732 3794 1896 3849 terris

311 3877 474 3932 cultis
522 3886 576 3933 et
624 3878 864 3944 incultis,
908 3880 1096 3948 pratis,
1144 3880 1378 3948 pascuis,
1429 3880 1599 3946 silvis,
1649 3881 1888 3952 forestis,

312 3970 469 4038 aquis
490 3984 820 4038 aquarumve
842 3970 1180 4035 decursibus,
1202 3970 1543 4035 molendinis,
1574 3972 1889 4041 piscationi-

309 4057 443 4120 bus,
500 4058 895 4122 venationibus,
944 4057 1217 4125 aediﬁciis,
1272 4060 1555 4129 mancipiis
1605 4064 1888 4134 utriusque

2001 1787 2188 1853 etiam,
2221 1789 2337 1858 ipso
2367 1789 2561 1844 abbate
2596 1797 2837 1860 rogante,
2862 1786 3125 1844 fratribus
3145 1798 3329 1845 autem
3361 1806 3594 1848 consen-

2002 1875 2281 1942 tientibus,
2311 1877 2378 1932 de
2422 1878 2635 1933 allodiis
2672 1878 2916 1933 ecclesia:
2949 1878 3010 1932 in
3052 1878 3374 1934 beneficium
3405 1878 3593 1938 domui

2001 1966 2293 2022 Wollhaldi
2324 1968 2593 2034 advocati,
2621 1978 2675 2024 et
2717 1969 2956 2023 omnium
3001 1983 3375 2026 successorum
3418 1972 3591 2043 ipsius

2001 2057 2203 2127 absque
2240 2058 2349 2114 ulla
2390 2061 2849 2125 contradictione,
2893 2069 3161 2130 quatenus
3187 2063 3254 2118 ad
3294 2064 3586 2121 utilitatem

2001 2162 2065 2203 ac
2092 2146 2460 2204 defensionem
2496 2149 2741 2205 ecclesia:
2772 2159 2827 2205 et
2865 2152 3028 2206 totius
3053 2151 3271 2208 familiae
3297 2155 3593 2211 studiosius

2002 2253 2066 2293 ac
2091 2238 2372 2294 sollicitius
2404 2239 2642 2305 insistat,
2677 2249 2732 2294 et
2755 2255 2824 2294 ne
2861 2241 3029 2296 abbas
3062 2243 3144 2296 vel
3182 2243 3379 2300 fratres
3418 2246 3589 2316 ipsius

2002 2331 2232 2385 ulterius
2259 2332 2311 2385 in
2335 2332 2527 2399 quovis
2559 2332 2678 2387 loco
2704 2334 2770 2387 de
2794 2333 3020 2388 introitu
3044 2335 3130 2389 vel
3157 2336 3340 2407 aliquo
3367 2353 3594 2394 accessu

2004 2421 2176 2491 ipsius
2206 2430 2519 2491 graventur,
2541 2423 2593 2477 in
2622 2421 2786 2477 Sulza
2818 2435 2843 2462 ο
2870 2440 3117 2480 mansum
3143 2443 3327 2490 unum,
3354 2429 3407 2482 in
3431 2428 3593 2499 Eges-

2003 2510 2149 2565 beitn
2177 2509 2196 2549 ί
2227 2511 2425 2565 curtim
2447 2511 2774 2566 dominicam
2795 2528 2916 2567 cum
2947 2514 3112 2569 salica
3143 2523 3286 2571 terra
3321 2519 3369 2583 ε,
3415 2518 3468 2573 in
3492 2519 3595 2573 Las

2004 2601 2301 2671 gelenheim
2339 2601 2388 2667 ιι,
2425 2614 2672 2656 mansum
2709 2616 2897 2670 unum,
2935 2605 2989 2660 in
3021 2604 3310 2663 Burc’heim
3350 2610 3361 2649 ί
3401 2626 3589 2677 unum,

2004 2691 2060 2745 in
2101 2691 2480 2763 Sigetelsbeim
2528 2691 2542 2742 i
2600 2709 2788 2761 unum,
2815 2696 2869 2750 in
2903 2697 3294 2754 Rcchenbusen
3329 2700 3352 2739 ιι
3392 2701 3592 2755 curtim

2005 2781 2333 2836 dominicam
2369 2798 2491 2837 cum
2532 2783 2697 2840 salica
2731 2793 2898 2851 terra,
2922 2787 3095 2841 vineis
3126 2788 3333 2844 scilicet
3365 2798 3420 2846 et
3445 2790 3591 2862 agris

2004 2878 2058 2925 et
2078 2870 2282 2941 capella
2310 2872 2485 2942 ipsius
2502 2874 2627 2941 loci,
2652 2876 2704 2929 in
2728 2874 3108 2943 Grusenbeim,
3133 2894 3378 2934 mansum
3402 2897 3590 2950 unum,

2005 2963 2060 3018 in
2090 2962 2350 3019 Wiswille
2387 2964 2404 3003 ι
2435 2982 2680 3023 mansum
2708 2983 2896 3041 upum,
2928 2969 3395 3042 in‘Stotesheimln
3425 2974 3587 3042 duos,

2001 3055 2055 3109 in
2084 3053 2415 3111 Hittenheim
2441 3067 2466 3095 η
2494 3074 2681 3126 unum,
2714 3038 2766 3114 in
2790 3038 3026 3116 Nortbds
3051 3069 3074 3096 °
3098 3061 3250 3118 duos.
3271 3061 3403 3120 lllud
3424 3038 3592 3120 etiam

1999 3162 2130 3202 sane
2156 3163 2261 3203 non
2287 3151 2808 3219 praetermittendum
2831 3152 3282 3220 existimavimus,
3302 3155 3395 3210 sed
3418 3156 3593 3212 omni-

1998 3238 2174 3293 modis
2219 3238 2616 3305 interdicimus,
2661 3248 2720 3293 nt
2750 3257 2847 3296 nec
2874 3252 3124 3311 praesens
3149 3242 3336 3307 abbas,
3370 3260 3471 3300 nec
3493 3244 3593 3299 ali-

1999 3329 2120 3398 quis
2166 3343 2539 3384 successorum
2568 3330 2757 3399 ipsius,
2801 3344 2899 3387 ncc
2937 3333 3225 3404 quisquam
3271 3335 3593 3391 monasterii

1998 3418 2243 3486 provisor
2263 3419 2328 3473 de
2349 3417 2514 3474 fundo
2540 3420 2782 3476 ecclesiae
2803 3421 2942 3477 infra
2965 3423 3244 3493 praeﬁxum
3274 3425 3586 3490 terminum,

1996 3509 2053 3565 id
2079 3517 2183 3573 cst,
2213 3524 2241 3564 a
2270 3509 2410 3565 saltu
2433 3511 2522 3580 qui
2555 3511 2754 3566 dicitur
2779 3508 3196 3569 Standenbruch
3225 3526 3274 3579 Ρ,
3303 3516 3416 3569 sive
3445 3516 3594 3571 Brei-

1998 3603 2247 3657 tenlacba
2266 3643 2281 3668 ,
2325 3618 2499 3673 usque
2531 3604 2599 3659 ad
2630 3604 2806 3659 lacum
2834 3605 2926 3674 qui
2955 3615 3182 3660 vocatur
3211 3603 3590 3673 Quercblaclta

1997 3693 2254 3759 totaliter,
2289 3708 2461 3762 usque
2490 3694 2545 3748 in
2575 3695 2810 3749 medium
2852 3690 3063 3749 alveum
3097 3696 3205 3751 Illa:
3236 3696 3496 3763 ﬂuminis,
3528 3698 3585 3752 in

1994 3784 2277 3840 latitudine
2303 3800 2432 3840 vero
2474 3801 2504 3839 a
2548 3785 2664 3841 rivo
2706 3783 2873 3841 fontis
2913 3803 3086 3859 usque
3123 3790 3191 3844 ad
3233 3790 3467 3844 medium
3504 3790 3590 3845 al-

1997 3886 2157 3927 veum
2185 3872 2292 3927 Illa:
2318 3873 2372 3927 in
2402 3873 2578 3929 locum
2608 3876 2699 3945 qui
2742 3876 2940 3931 dicitur
2970 3876 3351 3949 Staﬂ‘elgruba,
3382 3895 3591 3949 praesu-

1996 3970 2109 4017 mat
2135 3963 2426 4034 quidquam
2448 3964 2572 4033 jure
2599 3969 2944 4038 proprietatis
2965 3969 3159 4024 alicubi
3182 3972 3586 4039 transfundere,

1994 4055 2077 4111 vel
2098 4055 2223 4125 jure
2252 4058 2580 4116 liaereditatis
2606 4061 2765 4116 alicui
2800 4063 3117 4119 concedere.
3163 4063 3271 4118 Sed
3300 4064 3345 4118 si
3377 4064 3582 4121 utilitas

310 4158 473 4200 sexus
497 4187 511 4211 ,
567 4147 651 4202 vel
714 4146 1159 4217 qualitercunque
1210 4150 1499 4205 nominatis
1565 4151 1889 4211 utilitatibus
1915 4169 1967 4228 1)
1994 4151 2310 4205 monasterii
2349 4152 2433 4207 sui
2465 4154 2728 4223 exposcit,
2772 4154 3058 4225 mancipiis
3090 4155 3332 4210 ecclesiae
3362 4155 3584 4211 servilia

386 4360 411 4387 ιι
434 4346 689 4426 Ἑνενρῖξρ
729 4358 884 4426 erant
905 4352 1172 4426 quoddam
1201 4353 1414 4426 mulctm
1443 4370 1612 4426 genus
1650 4371 1748 4425 pro
1770 4356 1891 4424 qui-

313 4416 537 4471 busdam
580 4420 890 4475 excessibus
923 4416 1049 4476 'sive
1080 4423 1381 4479 insolentiis
1421 4416 1743 4480 commissis.
1787 4416 1893 4480 No-

312 4503 433 4565 men
465 4490 661 4565 adhuc
692 4488 1081 4565 Germanicum
1112 4494 1167 4547 in
1212 4493 1418 4565 {Usatia
1462 4496 1734 4565 cognitum
1785 4506 1890 4550 est.

307 4558 542 4680 (nggtéle
564 4558 826 4611 llaltausii
850 4557 1181 4620 Glossarium
1207 4557 1607 4631 Germanicum,
1632 4580 1754 4636 pag.
1788 4566 1893 4621 487

307 4644 336 4680 e
501 4669 513 4680 .

306 4637 363 4680 et
390 4637 513 4681 488.

381 4698 409 4737 b
448 4698 764 4753 Causidicus
789 4699 839 4752 in
862 4698 1199 4756 Germanicis
1223 4702 1453 4758 abbatis:
1476 4704 1892 4764 Ebersbeimen-

307 4766 384 4821 sis
406 4769 543 4840 actis
564 4779 794 4840 vocatur
826 4768 972 4840 Vogt.

385 4849 407 4876 ε
449 4837 624 4918 Firdo
650 4848 769 4894 erat
790 4837 1010 4918 __quarta
1054 4856 1181 4918 pars
1227 4857 1456 4918 [Ilﬁl‘CtB,_
1494 4852 1627 4918 teste
1663 4844 1887 4918 Cangio,

305 4906 569 4981 Glossarii
611 4916 741 4964 tom.
789 4906 875 4975 ui,
917 4927 1035 4981 pag.
1054 4906 1193 4965 7.01.
1225 4911 1399 4967 Siclos
1445 4915 1601 4969 hodie
1634 4906 1891 4975 vocamus

305 4978 896 5051 schillingOSLquorum
918 4978 1144 5051 triginta
1167 4983 1462 5038 conficiunt
1495 4992 1606 5040 tres
1632 4985 1885 5045 ﬂorenos.

304 5046 402 5101 Est
430 5046 610 5131 itaque
636 5046 770 5131 fufdo
798 5046 1886 5131 publici'ponderis.libraGallicajfranc),

305 5128 500 5197 quarta
530 5135 656 5197 pars
684 5122 833 5197 libra!
859 5121 1346 5197 Argentoratensis.
1382 5125 1512 5181 Vide
1537 5121 1885 5197 Scbilterum,

307 5188 361 5240 in
385 5187 662 5263 Glossario
687 5187 1004 5254 Teutonico,
1032 5207 1152 5263 pag.
1177 5193 1300 5248 500.

375 5257 401 5296 ἀ
445 5257 621 5314 Siclus
660 5269 779 5336 erat
828 5257 1049 5315 moneta
1067 5257 1219 5336 olim
1260 5264 1555 5336 notissima
1596 5268 1737 5336 apud
1785 5268 1890 5324 lle-

304 5326 582 5407 braeos__et
626 5331 777 5407 apud
804 5339 1013 5407 veteres
1051 5331 1272 5407 Anglos.
1313 5335 1585 5407 Ducange,
1630 5326 1761 5391 iam.
1798 5340 1887 5403 Vl,

305 5410 429 5518 pag.
460 5398 563 5455 479
598 5408 650 5455 et
678 5400 802 5454 480.
845 5400 1048 5480 Sielum
1077 5398 1217 5471 ap'ud
1247 5398 1694 5488 Anglo—Sii'xones
1730 5398 1889 5476 pretii

331 5483 474 5518 msse
502 5470 728 5518 duorum
760 5470 1106 5518 denariorum
1131 5484 1508 5518 εινρρςιιρηποιηη
1541 5479 1725 5518 ςρνιιιίι
1764 5478 1888 5518 “in-

331 5468 474 5543 nisse
502 5470 729 5543 duorum
760 5468 1510 5543 denariorum'argeuteorum
1541 5468 1744 5531 scribit'
1764 5478 1888 5532 llic-

306 5535 527 5662 kesius”,
577 5540 629 5594 in
689 5540 892 5609 praefat.
954 5540 1019 5593 ad
1067 5535 1351 5610 grauimat.
1406 5546 1886 5616 Anglo-Saxouic.,

309 5620 409 5662 [‘02
462 5628 493 5662 ἒ.
537 5648 549 5662 .

308 5620 409 5682 pag
462 5620 549 5662 εει.

749 5703 1026 5766 ΡΑτιιοι.
1081 5704 1237 5765 CIV.

2075 4369 2098 4428 ἒ
2137 4356 2402 4428 Oppidum
2433 4354 2580 4423 Sulz,
2608 4355 2721 4410 sive
2751 4354 3065 4410 OberoSulz.

2076 4427 2094 4466 ί
2138 4427 2427 4496 Egisheim.
2875 4494 2885 4496 A
3070 4494 3078 4496 4
3221 4462 3228 4469 ·

2072 4501 2097 4537 8
2136 4493 2329 4562 Μ’θδι,
2358 4496 2545 4551 franca
2576 4504 2629 4551 et
2651 4493 2817 4548 libera
2841 4494 2908 4548 ab
2936 4494 3080 4549 omni
3110 4508 3274 4547 onere
3298 4494 3581 4561 immunis,

1995 4578 2055 4623 ut
2083 4568 2318 4636 explicat
2366 4567 2667 4622 Scbilterus
2696 4565 2749 4617 iu
2778 4563 3052 4620 Glossario
3090 4563 3417 4627 Teutonico,
3448 4580 3590 4621 \‘OCe

1994 4637 2252 4708 Freygut.

2065 4709 2092 4749 h
2130 4707 2483 4778 Lagelnheim.

2072 4780 2089 4849 ξ
2133 4778 2437 4849 Burghelm.

2069 4846 2083 4898 i
2135 4846 2470 4918 Sigolsheim.

2064 4919 2092 4959 ιι
2130 4909 2308 4993 [ιςῖςιιε
2338 4920 2467 4973 olim
2496 4919 2639 4973 inter
2659 4916 2901 4972 Ostbcim
2925 4926 2979 4972 et
3003 4909 3383 4993 Hunnaweyer
3405 4924 3566 4990 situs,

1992 5005 2139 5045 nunc
2165 4990 2492 5044 destructus.

2072 5059 2090 5099 1
2135 5057 2471 5114 Weisweiler.

2066 5142 2104 5169 ω
2135 5129 2507 5185 Slotzenheim.

2065 5211 2093 5239 ιι
2133 5200 2186 5253 Η
2190 5202 2492 5255 uttenheim.

2066 5278 2092 5306 ο
2135 5270 2493 5325 Northauscn.
2878 5306 2883 5309 -

2065 5351 2093 5390 ρ
2129 5340 2206 5394 De
2228 5341 2331 5394 hoc
2356 5341 2495 5395 saltu
2528 5340 2775 5395 fabulosa
2806 5346 2993 5394 narrat
3015 5338 3321 5400 Cbronicon
3344 5344 3576 5404 Novien.

1993 5419 2162 5483 tense.
2198 5409 2395 5483 Manlio
2423 5425 2637 5483 quoque
2684 5412 2746 5483 iit
2788 5410 3085 5483 districtius
3113 5413 3411 5483 cujusdam'
3440 5419 3572 5475 dicti

1993 5427 2162 5465 tense.
2198 5427 2395 5465 :uenuo
2423 5427 2530 5478 quo
2572 5427 2637 5463 ue
2684 5427 2746 5465 ut
2788 5427 3085 5465 msmcuus
3113 5427 3411 5483 cujusaam'
3440 5427 3572 5475 dicti

1993 5480 2361 5540 Stanenbruh,
2412 5427 2957 5534 sivggtandenbruch
2986 5481 3038 5533 in
3070 5482 3205 5537 libro
3232 5487 3575 5543 membratim

1992 5549 2303 5617 ceojurium
2338 5549 2566 5603 abbatize
2589 5551 3072 5618 Ebersbeimensis,
3104 5568 3247 5610 anno
3282 5557 3414 5614 1520
3439 5558 3573 5615 Ger-

1993 5620 2203 5675 manice
2231 5618 2457 5689 scripto,
2487 5618 2579 5677 fol.
2612 5619 2699 5676 56.
