3946 6174
472 230 626 283 1003

1582 210 1905 293 Lunovtﬁt
1947 224 1965 277 ι
2000 219 2473 281 cocNOMEN'ro
2510 219 2599 279 Pn

3556 234 3663 290 illud

479 346 689 394 tantum
716 336 867 392 feoda
900 336 1268 391 concedantur
1296 347 1343 389 δ.
1374 334 1431 391 Si
1457 336 1579 405 quis
1607 342 1789 390 autem
1815 333 1883 389 de
1912 334 2069 389 fami-
2096 347 2145 403 Α
2241 332 2376 388 Cum
2412 331 2761 404 petitionibus
2796 347 3076 389 servorum
3115 334 3207 391 Dei
3230 335 3379 405 iustis
3402 346 3452 395 et
3477 345 3669 404 rationa-

471 428 548 483 lia
572 427 813 491 ecclesiae
842 426 1057 492 obierit,
1089 426 1202 480 sive
1230 426 1398 492 intus,
1431 427 1545 482 sive
1585 434 1760 491 extra,
1805 425 2068 495 optimum

478 520 622 589 quod
649 519 700 573 in
734 517 1047 589 pecudibus,
1080 516 1166 571 vel
1204 516 1258 571 in
1284 517 1523 587 qualibet
1557 515 1911 587 suppellectili
1942 530 2068 586 pos-

470 613 712 675 sederat,
729 610 782 664 in
803 609 1106 679 proximam
1122 609 1449 665 dominicam
1463 610 1657 666 curtim
1678 608 2000 680 accipiatur,
2015 614 2071 662 et

470 704 657 773 iunior
682 702 825 757 filius
849 702 1038 772 ipsius,
1063 702 1111 758 si
1135 702 1201 759 de
1229 702 1431 758 familia
1459 704 1704 760 ecclesiae
1724 702 1906 769 fuerit,
1945 715 2069 757 cum

476 803 652 849 matre
698 791 1032 859 infeodetur;
1079 793 1165 849 sin
1200 802 1418 860 autem,
1460 795 1516 850 in
1558 802 1829 865 potestate
1857 792 2071 849 abbatis

478 886 588 941 erit
641 885 693 939 δ.
738 883 876 939 Illud
912 883 1079 939 etiam
1118 884 1399 941 sciendum
1438 894 1524 942 est
1560 886 1711 957 .quod
1749 886 1794 942 si
1831 899 2071 955 praesens

481 974 673 1039 abbas,
703 972 791 1027 vel
818 971 1037 1041 aliquis'
1050 988 1422 1030 successorum
1456 975 1648 1045 ipsius,
1679 975 1791 1030 Deo
1822 975 2068 1046 iubente,

480 1064 548 1118 de
574 1064 678 1118 hac
708 1062 829 1117 luce
856 1061 1194 1132 migraverit,
1240 1062 1438 1119 fratres
1465 1065 1851 1120 convenientes
1880 1079 2074 1120 secun-

479 1158 608 1211 dum
635 1154 876 1226 regulam
903 1154 1077 1210 sancti
1098 1153 1375 1209 Benedicti
1396 1155 1461 1209 de
1480 1153 1885 1225 ipsisfratribus
1904 1156 2071 1211 alium

458 1247 682 1318 ’cligant
714 1263 727 1299 :
761 1245 968 1302 electus
998 1252 1182 1300 autem
1207 1245 1365 1300 nobis
1390 1253 1749 1315 praesentetur
1777 1254 1833 1301 et
1861 1262 1892 1301 a
1914 1246 2074 1303 nobis

456 1335 822 1402 'investiatur,
856 1343 911 1390 et
969 1335 1037 1390 ad
1084 1334 1396 1404 episcopum
1445 1334 1895 1406 Argentinensem
1931 1336 2077 1393 ordi-

485 1426 697 1482 nandus
738 1425 1158 1482 transmittatur.
1188 1423 1579 1481 Constituimus
1610 1440 1740 1497 ergo
1773 1434 1829 1481 et
1853 1442 1954 1497 per
1982 1441 2077 1481 au-

476 1517 792 1572 ctoritatem
817 1516 980 1587 regiae
999 1516 1284 1586 potestatis
1306 1515 1669 1583 decernimus,
1690 1524 1751 1571 ut
1769 1516 2077 1588 qualiscun-

472 1620 589 1676 que
626 1605 814 1677 iudex,
854 1606 936 1661 vel
989 1605 1358 1676 cujuscunque
1387 1606 1668 1678 dignitatis
1709 1621 1941 1678 persona
1981 1621 2079 1678 po-

2170 426 2371 481 btlibus
2402 425 2570 481 divini
2609 424 2788 481 cultus
2826 439 3012 481 amore
3045 424 3327 494 faveamus,
3366 445 3569 500 superna
3597 454 3673 495 nos

2170 516 2345 586 gratia
2374 515 2573 570 muniri
2606 531 2715 571 non
2755 513 3064 572 difﬁdimus.
3095 516 3257 588 Igitur
3281 532 3563 591 comparent
3584 543 3673 582 om-

2171 611 2324 665 nium
2345 616 2660 665 nostrorum
2682 608 2923 666 fidelium
2951 611 3331 681 magnitudine,
3352 628 3504 685 eoque
3524 633 3676 674 secun-

2170 700 2298 756 dum
2329 699 2647 771 petitionem
2674 700 2778 756 viri
2807 700 3130 757 venerabilis
3152 701 3455 771 Apollinaris
3484 706 3675 774 abbatis,

2170 789 2543 846 concessimus
2570 789 2637 846 ad
2666 791 3055 847 monasterium
3080 791 3251 846 sancti
3278 791 3509 864 Antbymi
3533 798 3676 853 vicum

2169 880 2265 952 qui
2301 888 2529 937 vocatur
2556 882 2623 939 de
2647 880 2905 947 Cilcario,
2934 881 3002 937 de
3030 880 3238 936 ratione
3266 881 3501 940 Senensis
3524 886 3677 941 civita-

2174 971 2267 1037 tis,
2290 969 2345 1025 id
2368 978 2452 1026 est
2472 985 2572 1041 per
2596 969 2830 1026 conﬁnia
2855 968 2973 1027 loca
2995 970 3394 1026 denominanda.
3420 972 3493 1029 Ab
3514 976 3678 1033 oriente

2174 1059 2374 1116 fluvius
2408 1060 2548 1127 Axo,
2579 1060 2648 1116 ab
2676 1061 2957 1117 occidente
2986 1058 3181 1116 ﬂuvius
3211 1061 3483 1129 Umbrone,
3509 1080 3533 1118 a
3553 1077 3677 1134 ponte

2172 1165 2345 1221 usque
2367 1150 2424 1205 in
2465 1151 2626 1219 vado,
2656 1150 2750 1222 qui
2779 1150 2979 1206 dicitur
3001 1150 3146 1207 Ursi.
3181 1150 3227 1206 A
3251 1152 3461 1207 meridie
3492 1154 3549 1208 de
3576 1157 3678 1210 vade

2168 1237 2298 1294 -Ursi
2323 1254 2422 1310 per
2467 1240 2635 1308 viam,
2678 1256 2800 1311 quae
2840 1241 2994 1297 ducit
3019 1241 3120 1297 sub
3146 1241 3319 1298 Monte
3342 1243 3528 1299 Lucinii
3552 1262 3680 1315 usque

2174 1331 2230 1385 in
2250 1331 2395 1385 viam
2425 1330 2483 1386 S.
2518 1332 2796 1402 Anthymi.
2841 1331 2926 1387 Ab
2968 1331 3233 1402 Aquilone
3265 1332 3436 1389 Cessat
3460 1350 3542 1403 per
3560 1335 3677 1391 Poni-

2180 1424 2432 1495 gastaldi,
2480 1425 2674 1482 deinde
2729 1425 2833 1480 viae
2877 1425 3108 1496 publica:
3143 1442 3312 1498 usque
3343 1431 3407 1483 ad
3435 1431 3678 1499 pontemde

2185 1513 2459 1571 Umbrone
2486 1533 2498 1569 :
2526 1530 2648 1571 cum
2683 1516 2791 1571 duo
2829 1516 3068 1572 oratoria
3100 1516 3239 1573 infra
3252 1518 3373 1589 ipsa
3401 1519 3496 1573 fine
3527 1521 3674 1589 posita,

2180 1603 2236 1658 id
2278 1613 2363 1660 est
2404 1615 2592 1660 sancta
2639 1604 2933 1670 Christina,
2971 1612 3028 1660 et
3069 1614 3255 1662 sancta
3292 1615 3456 1662 mater
3486 1609 3674 1672 ecclesia,

455 1711 625 1766 'tens,
663 1700 749 1755 vel
794 1700 1063 1771 impetens
1109 1700 1269 1771 huius
1296 1702 1503 1757 charta:
1531 1703 1932 1769 auctoritatem,
1980 1716 2076 1758 seu

2179 1709 2304 1750 cum
2330 1711 2439 1751 una
2466 1704 2623 1752 curte
2643 1710 2811 1766 prope
2845 1696 2959 1767 ipsa
2997 1709 3189 1755 sancta
3215 1699 3450 1765 ecclesia,
3466 1713 3578 1755 cum
3597 1716 3678 1755 om-

456 1790 943 1848 --conﬁrmationem
972 1801 1261 1860 temerare,
1278 1794 1358 1849 vel
1387 1793 1703 1867 infringere,
1731 1811 1827 1852 seu
1855 1795 2065 1866 aliquas

457 1883 850 1953 ~:possessiones
887 1884 1129 1953 praedicti
1170 1886 1486 1941 monasterii
1531 1886 1796 1942 violenter
1832 1886 2069 1956 diripere

485 1970 569 2026 vel
595 1972 914 2027 subtrahere
941 1973 1312 2038 attentaverit,
1340 1973 1719 2045 quadraginta
1754 1974 1924 2030 libras
1951 1974 2071 2031 auri

484 2064 637 2135 inius
652 2064 769 2120 fisci
784 2064 952 2120 nostri
967 2063 1328 2135 persolvat.Et
1342 2072 1403 2120 ut
1414 2064 1517 2120 hoc
1527 2065 1709 2121 verius
1721 2065 1989 2130 credatur,
2008 2080 2074 2125 ac

485 2155 741 2225 deinceps
776 2153 992 2209 firmum
1036 2162 1091 2211 et
1112 2155 1483 2211 inconvulsum
1519 2156 1879 2223 custodiatur,
1907 2172 2073 2212 manu

476 2247 703 2317 pmpria
716 2248 904 2303 subter
923 2247 1223 2319 signamus,
1239 2255 1297 2304 et
1316 2246 1501 2304 annuli
1523 2249 1697 2304 nostri
1718 2249 2074 2321 impressione

483 2337 732 2408 iubemus
761 2338 987 2410 sigillari
1015 2337 1100 2394 vel
1136 2338 1406 2411 insigniri.

559 2426 784 2498 Signum
819 2428 1002 2483 domui
1034 2427 1292 2485 Ludovici
1325 2427 1693 2486 Romanorum
1730 2430 2074 2488 invictissimi

487 2518 831 2590 imperatoris
854 2516 1103 2591 Augusti.

557 2608 671 2679 Ego
726 2606 951 2664 Carolus
1003 2608 1393 2680 Moguntiensis
1441 2610 1885 2683 archiepiscopus
1949 2613 2077 2668 sub-

486 2699 683 2769 scripsi
726 2710 774 2752 ο.
814 2699 927 2771 Ego
956 2698 1309 2771 Withgernus
1339 2700 1751 2773 Argentinensis
1791 2703 2077 2773 episcopus

495 2787 862 2862 subscripsid.
894 2789 1007 2862 Ego
1040 2790 1224 2846 Turbo
1257 2790 1727 2862 archicapellanus
1753 2803 1776 2832 θ
1809 2793 1878 2848 ad
1903 2793 2077 2849 vicem

491 2881 696 2938 domini
746 2880 965 2937 lbbonis
1016 2878 1037 2919 ί
1098 2881 1516 2952 protospatharii
1568 2882 1818 2953 cognovi.
1879 2881 2077 2939 Actum

489 2974 857 3048 lngelenbeim
883 2974 940 3029 in
985 2981 1140 3030 curte
1185 2973 1359 3047 regia,
1388 2973 1444 3029 in
1479 2972 1684 3030 Christi
1726 2974 1947 3033 nomine
1998 2972 2078 3030 fe-

2183 1784 2275 1838 nia
2319 1785 2580 1856 quidquid
2628 1785 2697 1839 ad
2735 1785 2853 1855 ipsa
2890 1795 3045 1842 curte
3090 1789 3340 1858 pertinet.
3367 1789 3429 1843 Et
3450 1788 3567 1843 infra
3588 1790 3677 1844 lue:

2181 1875 2545 1931 denominata.
2571 1873 2631 1930 In
2652 1874 2800 1930 cultu
2824 1875 2880 1930 in
2909 1876 3017 1931 fine
3044 1876 3310 1945 Clusirim,
3337 1880 3543 1949 piscaria
3562 1878 3678 1935 Amo

2177 1980 2252 2021 sa:
2278 1965 2588 2031 medietate,
2610 1957 2748 2022 cum
2774 1967 3068 2024 medietate
3096 1969 3164 2025 de
3192 1970 3301 2041 ipsa
3329 1971 3535 2041 piscaria
3556 1972 3677 2042 perti-

2175 2065 2389 2126 nentes,
2417 2058 2512 2128 qui
2539 2056 2757 2113 fuerant
2789 2058 2857 2114 de
2892 2060 3117 2130 publico
3155 2062 3383 2118 civitatis
3405 2061 3615 2128 Clusina,
3639 2062 3677 2116 id

2160 2156 2266 2204 'est
2303 2163 2403 2220 per
2463 2146 2703 2203 confinia
2750 2155 2807 2203 et
2854 2147 2972 2203 loca
3022 2150 3366 2209 nominanda.
3414 2150 3487 2205 Ab
3522 2151 3678 2205 oriente

2177 2247 2391 2312 stagno,
2422 2239 2516 2310 qui
2542 2239 2740 2295 dicitur
2759 2237 3049 2306 Moreccia,
3071 2240 3167 2297 ubi
3190 2241 3409 2297 ecclesia
3425 2249 3498 2295 est
3514 2238 3561 2294 S.
3581 2239 3680 2293 Pan-

2176 2331 2356 2389 cratii.
2391 2331 2521 2387 lude
2550 2330 2796 2402 pervenit
2832 2345 2930 2400 per
2965 2346 3221 2402 campum
3254 2331 3312 2387 S.
3338 2332 3471 2387 Petri
3496 2345 3575 2400 per
3595 2344 3679 2383 tne-

2177 2425 2328 2481 dium
2362 2431 2601 2478 montem
2637 2436 2803 2492 super
2836 2420 3209 2489 Cordoliario;
3240 2422 3358 2478 inde
3380 2437 3410 2477 a
3434 2420 3680 2478 Casseratas

2159 2529 2350 2586 usque
2386 2512 2454 2568 ad
2485 2511 2678 2583 Ampla
2705 2530 2718 2566 :
2749 2512 2817 2568 ad
2858 2511 3051 2582 Ampla
3100 2512 3344 2583 pervenit
3379 2512 3439 2567 ad
3476 2509 3679 2571 Montem,

2160 2605 2273 2677 ηιιί
2313 2603 2512 2659 dicitur
2540 2602 2872 2657 Marmianus
2901 2603 2967 2658 de
2988 2601 3307 2657 Marmiano.
3353 2601 3423 2656 Ex
3454 2600 3541 2655 alia
3568 2606 3682 2669 parte

2183 2703 2374 2752 contra
2404 2694 2763 2759 occidentem,
2802 2693 2983 2764 pergit
3020 2708 3126 2763 per
3161 2692 3500 2749 summitatem
3530 2686 3681 2744 montis

2185 2786 2292 2844 'l‘ili
2332 2786 2692 2843 descendente
2736 2799 2909 2856 usque
2946 2785 3015 2840 ad
3066 2784 3257 2852 lutum,
3308 2784 3372 2839 de
3412 2782 3511 2838 luto
3534 2777 3683 2834 avalle

2179 2878 2347 2951 Impia
2369 2877 2438 2932 ad
2460 2877 2711 2933 Laterbe.
2735 2878 2814 2932 De
2839 2875 3076 2932 Laterbe
3090 2876 3245 2933 venit
3269 2875 3322 2930 in
3342 2889 3475 2930 mare
3490 2907 3507 2927 ς
3533 2868 3682 2925 Deinde

2179 2970 2337 3043 iuxta
2360 2970 2512 3027 littus
2537 2969 2729 3036 maris,
2758 2971 3008 3040 pervenit
3031 2971 3104 3026 ad
3132 2970 3303 3025 locum
3338 2968 3421 3024 ubi
3449 2975 3626 3036 stagnus
3641 2962 3681 3015 in

491 3068 688 3124 liciter.
739 3066 877 3121 Data
931 3066 1094 3147 tertio
1151 3065 1335 3124 Nonas
1393 3064 1735 3133 Novembris,
1787 3082 1930 3123 anno
1970 3067 2081 3125 Do-
2108 3074 2153 3138 C
2174 3048 2337 3120 ~mare
2363 3062 2551 3120 mittit.
2582 3063 2660 3118 Ex
2691 3062 2783 3118 illo
2805 3062 2924 3119 loco
2951 3064 3208 3132 pervenit
3227 3063 3291 3119 ad
3306 3069 3492 3117 terram
3516 3055 3682 3114 5.1m!-

492 3158 711 3214 minicaa
738 3157 1131 3214 incarnationis
1167 3157 1617 3230 octingentesimo
1651 3156 1862 3215 decimo
1890 3166 2086 3229 quarto

2185 3154 2368 3221 rentii,
2400 3167 2509 3209 una
2530 3167 2654 3209 cum
2680 3153 2795 3223 ipsa
2824 3154 3092 3209 mortaria
3115 3170 3183 3210 ex
3205 3152 3539 3226 angularique,
3562 3156 3682 3215 atque

489 3251 528 3290 ἐ
556 3247 854 3302 indictione
879 3249 1089 3317 quinta,
1130 3262 1273 3303 anno
1302 3247 1512 3303 decimo
1549 3248 1703 3319 regni
1740 3247 1944 3304 domini
1979 3248 2087 3305 Lu-
2185 3262 2307 3304 cum
2336 3246 2453 3318 ipso
2481 3254 2673 3317 stagno
2702 3261 2767 3301 ex
2798 3246 3064 3301 barcariis
3092 3246 3205 3307 suis
3234 3261 3352 3302 cum
3379 3242 3535 3303 omnia
3563 3250 3681 3307 super

498 3339 678 3396 dovici
738 3338 1084 3395 invictissimi
1138 3337 1506 3395 Romanorum
1570 3338 1913 3411 imperatoris
1974 3340 2086 3397 Au-
2185 3351 2245 3391 se
2279 3336 2561 3402 habentes,
2593 3335 2854 3405 quidquid
2880 3336 2947 3391 ad
2979 3336 3156 3407 ipsam
3184 3335 3463 3393 custodiam
3487 3330 3678 3403 pertinet.

495 3431 635 3502 gusti
660 3430 711 3486 h.
1231 3497 1328 3502 ___
2187 3426 2256 3481 Et
2305 3425 2446 3482 infra
2492 3426 2615 3482 loca
2661 3425 3015 3483 determinata
3037 3467 3053 3493 ,
3108 3426 3309 3484 cultum
3357 3433 3409 3481 et
3459 3420 3676 3478 incultum.

2174 3529 2310 3570 cum
2334 3515 2507 3571 servis
2530 3524 2587 3571 et
2606 3513 2932 3571 aldionibus.
2956 3515 3255 3587 Propterea
3275 3518 3368 3572 has
3389 3515 3566 3568 litteras
3582 3521 3677 3577 pre

2172 3606 2451 3678 ceptionis
2489 3616 2688 3663 nostrae
2713 3607 2769 3663 in
2790 3606 2978 3662 eodem
3028 3617 3223 3666 sancto
3261 3604 3555 3665 monasterio
3588 3612 3678 3653 con-

2188 3697 2427 3753 scribere
2449 3696 2730 3769 iussimus,
2760 3698 2854 3753 ubi
2879 3697 2949 3753 ab
2973 3698 3083 3755 hoc
3117 3699 3202 3754 die
3222 3696 3331 3767 iam
3358 3694 3508 3749 frater
3533 3685 3677 3757 Apolli-

2189 3790 2375 3845 narius
2403 3790 2593 3857 abbas,
2625 3789 2815 3860 suique
2842 3804 3190 3851 successores
3227 3787 3462 3851 habendi,
3501 3777 3676 3838 tenendi.

1229 3497 1355 3555 XX.

654 3607 755 3651 PRO
792 3606 982 3651 SANCTI
1018 3607 1260 3648 ANTE?!“
1297 3606 1542 3648 SENENSIS
1580 3604 1935 3649 IIONASTERIO.

1112 3680 1285 3754 (Anno
1314 3681 1465 3755 814.)

571 3773 749 3848 [Apud
776 3772 1010 3847 Ugltelli,
1041 3770 1206 3828 Italia
1228 3789 1403 3841 sacra,
1430 3780 1559 3829 tom.
1590 3771 1680 3841 Ill,
1709 3788 1833 3846 pag.
1861 3772 2014 3847 550.]

573 3889 635 3944 In
679 3887 897 3943 nomine
934 3885 1145 3942 Domini
1180 3884 1277 3941 Dei
1308 3892 1364 3940 et
1396 3883 1702 3942 Salvatoris
1743 3886 1917 3941 nostri
1960 3883 2088 3943 Jesu

500 3977 723 4044 Christi,
750 3974 1054 4032 Ludovicus
1081 3975 1271 4031 Procis
1295 3973 1475 4031 Caroli
1496 3974 1675 4046 Magni
1700 3975 2069 4046 imperatoris,

504 4068 686 4124 divina
713 4067 999 4122 ordinante
1028 4064 1317 4122 clementia
1348 4104 1364 4132 ,
1391 4065 1688 4137 imperator
1714 4067 2010 4137 Augustus.

574 4193 602 4222 ι
639 4178 884 4234 Feudum
915 4176 1110 4232 servile
1139 4176 1359 4231 denotat
1384 4175 1456 4240 id,
1490 4176 1634 4246 quod
1659 4176 1820 4233 hodie
1849 4180 1916 4234 ab
1935 4179 2091 4236 Alsa-

503 4253 585 4305 tis
620 4256 845 4302 vocatur
883 4246 1123 4317 llo/ilehn
1149 4285 1163 4311 ,
1205 4260 1314 4314 quo
1371 4260 1564 4369 nemﬁe
1605 4256 1790 4302 certus
1834 4264 2088 4319 agrorum

507 4332 771 4369 numerus
807 4315 1010 4369 rustico
1053 4323 1107 4369 et
1147 4314 1263 4369 eius
1293 4315 1492 4369 hmredi
1535 4332 1598 4369 us
1625 4316 1881 4369 colendus
1927 4319 2088 4369 relin-

507 4332 771 4374 numerus
807 4314 1010 4372 rustico
1053 4323 1107 4369 et
1147 4314 1263 4383 eius
1293 4314 1598 4370 hmredibus
1625 4314 1894 4372 colendus‘
1926 4319 2089 4375 relin-

508 4389 712 4458 quitur,
748 4385 1067 4458 atque_adeo
1094 4384 1209 4458 eius
1237 4384 1509 4458 domicilio
1546 4386 1690 4458 dicto
1713 4387 1833 4458 (to/7'
1847 4391 2089 4445 annecti-

510 4455 600 4514 tnr
658 4456 717 4511 ln
747 4455 965 4512 eo’sola
993 4464 1077 4512 est
1115 4456 1399 4512 diversitas
1426 4457 1571 4526 quod
1610 4457 1667 4512 in
1708 4455 1870 4513 feudo
1905 4461 2089 4516 servili

510 4528 697 4585 rustici
729 4536 888 4582 erant
912 4528 1075 4582 servi.

582 4601 611 4640 b
650 4599 801 4654 Licet
830 4599 946 4653 haec
978 4598 1167 4653 charta
1197 4596 1269 4650 sit
1302 4597 1672 4666 supposititia,
1717 4606 1896 4655 tamen
1923 4600 2090 4655 multa

512 4670 601 4724 hic
630 4675 849 4722 enarrat
876 4681 993 4736 qua:
1017 4666 1320 4737 inserviunt
1348 4666 1417 4720 ad
1439 4668 1529 4737 jus
1550 4667 1759 4737 feudale
1786 4670 1944 4723 medii
1966 4671 2089 4737 aevi,

510 4742 655 4793 illius
710 4735 918 4794 scilicet
966 4736 1149 4792 saeculi
1205 4751 1316 4806 quo
1371 4735 1509 4791 visit
1564 4735 1725 4805 huius
1787 4735 2093 4808 diplomatis

511 4809 739 4864 cilicior.

588 4891 611 4919 ε
653 4878 810 4933 Anno
840 4876 944 4933 8H
968 4875 1267 4947 Ecclesiam
1297 4874 1765 4947 Moguntinensem
1796 4880 2096 4947 occupabat

515 4949 800 5031 Atttlpltus,
840 4962 947 5003 non
977 4946 1221 5008 Carolus,
1265 4947 1354 5015 qui
1391 4946 1601 5018 Pippini
1626 4946 1770 5072 regSis
1790 4946 2095 5029 Aquitania:

516 5020 661 5072 titius
700 5019 769 5072 ad
817 5019 959 5072 hanc
1006 5016 1189 5072 sedem
1229 5030 1371 5072 anno
1414 5025 1623 5072 tantum
1667 5018 1701 5072 8
1739 5016 1772 5071 6
1819 5016 1919 5072 fuit
1973 5034 2095 5072 nro-

516 5016 661 5076 tilius
700 5019 769 5074 ad
817 5019 959 5074 hanc
1006 5016 1189 5073 sedem
1229 5030 1371 5072 anno
1414 5016 1623 5072 tantum
1667 5016 1772 5073 856
1819 5016 1919 5072 fuit
1971 5034 2098 5090 pro-

517 5100 716 5145 motus.

585 5161 615 5199 ιι
652 5158 1004 5230 Witghernus
1045 5154 1793 5230 cpiscopusAArgentinensis
1818 5155 1930 5223 iam
1964 5165 2094 5230 tunc

521 5223 1049 5301 temporis'supfrema
1072 5223 1313 5301 subierat
1335 5223 1475 5290 fata,
1492 5224 1778 5301 defunctus
1800 5226 2087 5301 annona.

594 5293 1234 5381 e'anbo’ignotus-‘est
1279 5295 1437 5381 inter
1470 5307 1660 5381 omnes
1696 5293 1962 5381 Ludovici
2010 5298 2095 5352 Pii

520 5370 781 5432 notarios,
840 5363 941 5438 qui
995 5365 1233 5422 nondum
1288 5363 1843 5435 archicapellanorum
1898 5381 2095 5424 nomen

523 5450 653 5508 tunc
676 5441 1024 5508 usurpabant.

602 5506 618 5545 ί
678 5504 927 5563 lbboncm
972 5509 1113 5564 inter
1157 5507 1399 5563 notarios
1444 5504 1705 5561 Ludovici
1754 5504 2097 5576 imperatoris

528 5580 627 5630 sub
668 5578 1021 5632 llclisacliarc
1065 5578 1392 5633 cancellario
1442 5589 1629 5645 revera
1676 5585 1927 5630 numerat
1962 5576 2097 5631 Bou-

529 5654 744 5713 quctus,
776 5647 827 5701 in
848 5645 1113 5714 Scriptor.
1143 5662 1248 5700 rer.
1282 5645 1529 5701 Francic.
1551 5653 1678 5700 tom.
1708 5645 1795 5711 Vl,
1821 5661 1939 5717 pag.
1967 5647 2092 5714 451,

2115 4422 2167 4482 D

2190 3882 2388 3949 dandi,
2442 3882 2845 3955 commutandi,
2910 3881 2998 3937 vel
3058 3881 3318 3952 quidquid
3371 3875 3540 3966 exinde
3580 3865 3677 3966 ³Ρ¹¹ξ¹

2189 3972 2388 4029 festum
2406 3972 2519 4044 iam
2541 3970 2667 4028 fatze
2688 3971 2951 4039 ecclesiae,
2967 3971 3232 4043 elegerint
3249 3967 3483 4031 faciendi,
3495 3965 3540 4018 in
3555 3972 3678 4016 omm-

2189 4064 2294 4121 bus
2329 4063 2558 4121 liberum
2582 4061 2931 4135 perfruantur
2953 4064 3266 4121 arbitrium.
3288 4059 3465 4116 Nullus
3486 4071 3542 4111 ex
3559 4047 3678 4105 ﬁdeli-

2190 4177 2285 4234 sed
2324 4192 2574 4248 unquam
2614 4176 2761 4232 inter
2801 4175 3042 4248 eiusdem
3088 4174 3348 4248 principis
3378 4165 3678 4248 cancellatifv

2191 4232 2570 4322 maxime-sul)
2618 4232 2850 4322 nomine
2883 4232 3325 4322 protospatharii.
3378 4232 3679 4322 Ριζοψειξῇιξῗῖ

2194 4319 2308 4372 rius
2349 4317 2491 4385 apud
2530 4316 2748 4372 Graecos
2801 4317 2854 4370 in
2883 4306 3129 4385 'imperio
3176 4306 3679 4385 Constantinopoliqu

2192 4395 2311 4442 erat
2338 4382 2573 4441 maxime
2602 4386 2829 4441 illustris
2853 4403 2866 4440 :
2893 4382 3105 4456 primus
3131 4395 3247 4440 erat
3270 4392 3323 4438 et
3349 4382 3572 4454 princeps.
3592 4383 3679 4456 Spf-

2194 4457 2517 4520 thariorum,
2564 4459 2677 4512 sive
2717 4452 2913 4511 eorum
2949 4457 3044 4524 qui
3082 4463 3239 4511 erant
3284 4452 3573 4524 imperatorii
3595 4452 3678 4524 co},-

2192 4506 2674 4598 saginantes?
2715 4506 3045 4598 baggage;
3078 4506 3133 4582 ίίί
3149 4506 3452 4598 “coeno,
3495 4506 3677 4598 tonui.

2193 4591 2479 4668 pag.7952,
2504 4605 2558 4652 et
2589 4604 2718 4651 tom.
2749 4595 2839 4668 Vl,
2868 4591 2990 4668 pag.
3022 4596 3150 4661 630,
3196 4595 3429 4668 Photjuzn
3470 4591 3676 4668 proloﬁli‘f‘

2196 4659 2360 4722 ilia'rii
2407 4659 2604 4722 munus
2640 4668 2696 4722 in
2733 4659 3281 4737 aula-imperamrum
3308 4659 3674 4737 QrchrufPllff

2198 4738 2354 4809 sisse,
2383 4744 2672 4809 antequam
2695 4752 2838 4792 anno
2861 4732 3299 4809 856'patria5cha
3324 4732 3641 4809 Consgnlﬂfog

2199 4796 2369 4862 litano
2396 4796 2821 4871 renuntiaretur,
2841 4796 3070 4862 testatur
3091 4807 3154 4861 D.
3178 4803 3368 4869 Fleuri,
3395 4796 3588 4861 Histoire
3608 4796 3677 4839 Lc-

2201 4876 2550 4951 clegigutigue,
2581 4886 2711 4932 tom.
2745 4877 2841 4951 rx,
2869 4878 2962 4931 liv.
2988 4895 3041 4943 ι,
3067 4877 3199 4951 p._6.
3593 4927 3658 4951 ,εη

2275 4928 2404 5000 an;
2431 4928 2841 5019 negasset};
2868 4928 3200 5019 autographa
3241 4928 3677 5019 supposititialiffl

2199 5016 2449 5071 videatur
2477 5009 2712 5089 deletum
2748 5016 2915 5074 fuisse
2954 5009 3155 5072 annu'm
3193 5009 3466 5089 ncccixnn
3486 5009 3679 5089 uti}???

2201 5093 2290 5140 tur
2317 5101 2586 5142 ncccxun.
2619 5086 2820 5142 Neuter
2864 5102 3210 5155 vero'annus
3241 5080 3472 5139 convenit
3501 5078 3680 5155 ωιιξ-Ψξ

2202 5156 2437 5240 dictione
2467 5158 2801 5240 quintakqui
2836 5157 2937 5240 fuit
2959 5173 3131 5238 annos
3147 5149 3410 5240 ,ὃᾷΔῚΞλ-εο
3444 5158 3547 5202 cum
3578 5143 3679 5192 εωοο

2204 5226 2357 5350 reguli
2384 5223 2637 5282 Ludovici
2664 5223 2746 5281 Pii
2769 5227 3006 5312 decimo,
3029 5228 3117 5297 qui
3144 5223 3382 5305 fuit
3476 5286 3487 5297 ο
3656 5268 3678 5321 d

2357 5312 2391 5350 n
2419 5306 2883 5368 monogrammate
2904 5300 3101 5354 diCllUl‘
3124 5296 3402 5368 Ludovtcus
3428 5285 3674 5368 ξἰιέξτξξρῗη

2199 5379 2466 5462 animm?"
2501 5345 2776 5462 “93‘1"”?
2822 5345 3675 5462 Ε’δυψΐιῖθνίίιίὲἀθνίρῗθηξέίίῗῗὲῗῖ

2198 5417 2393 5491 i-é’ré}?
2404 5417 3163 5506 'iii.dgiﬁétitmiluabtiéféoﬁ
3177 5417 3528 5506 inscriptione:
3540 5417 3675 5506 ξαμξς

2200 5482 2369 5491 ---νη
2410 5482 2699 5506 ...προ-..νη-
2738 5482 2996 5494 ..............
3029 5482 3144 5493 η.--
3178 5482 3404 5502 --η---τη

2199 5506 2375 5580 wicus‘
2399 5507 2757 5580 Romanorum
2789 5510 3089 5580 imperator.
3143 5503 3307 5580 S‘i‘gilli
3347 5482 3673 5580 verollllffnff

2198 5559 2510 5699 magnitudlo
2542 5559 2656 5632 si...
2675 5559 2878 5635 "este;
2900 5559 3298 5637 stamina,
3324 5570 3408 5625 sed
3437 5559 3571 5619 multo
3593 5561 3666 5606 ne

2199 5660 2282 5699 tus
2309 5660 2455 5699 urant
2485 5663 2584 5699 tor.

2199 5660 2282 5716 gis
2309 5660 2584 5715 grandior.
