3946 6174
329 222 467 279 1805

1463 216 1852 277 DlPLOMATA
1895 215 2448 273 ECCLESIASTICA.

3446 218 3587 276 1000

322 338 426 391 bus
457 333 689 399 nostris,
739 332 825 388 vel
872 330 1159 403 cujuslibet
1207 346 1274 387 ex
1299 330 1591 401 iudiciaria
1636 336 1906 402 potestate
1933 335 1985 395 Α
2080 327 2138 383 Si
2168 329 2338 400 quieti
2368 329 2825 385 monasteriorum
2867 327 3234 402 providemus,
3284 329 3390 389 hoc
3429 336 3590 394 nobis

316 424 434 495 jam
463 423 608 478 dicto
630 422 960 492 Apollinario
986 421 1190 485 abbati,
1228 429 1324 475 aut
1359 421 1766 476 successoribus
1789 420 1904 475 suis

290 515 389 573 tde
418 512 726 582 supradicta
758 511 991 566 conﬁnia
1029 510 1353 580 inquietare,
1389 518 1484 563 aut
1508 509 1777 564 calumnia
1807 525 1901 580 ge-

320 617 546 669 nerare,
593 602 680 658 vel
723 600 928 671 aliquid
965 616 1033 656 ex
1082 600 1187 655 hoc
1230 614 1330 670 per
1380 614 1480 654 nos
1520 613 1621 669 pro
1665 598 1919 654 remedio

318 695 514 749 animm
554 701 755 748 nostra:
791 693 860 747 ad
886 691 1203 762 praedictum
1234 698 1484 746 sanctum
1509 689 1688 745 locum
1713 704 1782 744 ex
1810 704 1908 746 no-

320 793 430 842 stra
474 782 845 839 muniﬁcentia
892 780 1264 838 concessimus
1310 780 1670 847 abstrahere,
1729 780 1905 835 admi-

317 890 490 930 nuere
510 888 729 944 quoque
750 880 996 945 tempore
1019 877 1440 942 praesumantur.
1470 869 1576 925 Sed
1594 870 1771 938 nobis,
1794 871 1908 927 Deo

319 965 566 1036 auspice,
608 963 806 1019 futuris
853 963 1207 1033 temporibus,
1248 962 1306 1017 in
1351 960 1693 1033 eleemosyna
1721 970 1908 1018 nostra

317 1058 523 1117 ibidem
570 1056 893 1127 inaugurato
926 1054 1195 1125 proﬁciat,
1234 1063 1497 1125 quantum
1527 1055 1722 1110 melius
1763 1054 1907 1111 dele-

314 1157 439 1207 ctat
482 1148 627 1219 ipsos
662 1161 853 1203 servos
898 1145 1018 1211 Dei,
1045 1145 1139 1216 qui
1162 1144 1362 1201 ibidem
1397 1145 1513 1200 Deo
1539 1144 1793 1200 famulari
1827 1145 1910 1200 vi-

320 1239 521 1295 dentur
547 1255 562 1293 :
584 1251 685 1308 pro
728 1234 890 1292 nobis
934 1248 1215 1305 uxoreque
1239 1250 1304 1291 ac
1329 1234 1516 1291 liberis
1547 1232 1792 1305 fungenti
1819 1249 1912 1290 uo-

318 1340 448 1384 strze
481 1326 687 1397 iugiter
732 1326 1163 1383 misericordiam
1219 1326 1317 1381 Dei
1368 1327 1631 1382 attentius
1656 1341 1905 1382 exorare.

317 1419 476 1488 Quod
503 1419 548 1474 si
578 1419 848 1489 quispiam
870 1418 1012 1474 hanc
1035 1424 1278 1472 nostram
1305 1418 1737 1483 concessionem,
1763 1418 1910 1488 quod

320 1525 429 1565 non
473 1510 771 1576 credimus,
812 1523 1034 1579 quoquo
1062 1507 1223 1564 modo
1247 1508 1451 1564 violare
1478 1512 1905 1579 praasumpsern,

316 1601 459 1655 sciat
504 1615 563 1656 se
603 1599 1026 1672 compositurum
1062 1599 1182 1654 auri
1231 1600 1405 1656 obrizi
1447 1599 1515 1655 60
1559 1600 1907 1655 medietatem

315 1692 502 1763 palatii
541 1692 734 1758 nostri,
778 1700 834 1747 et
871 1691 1222 1747 medietatem
1265 1690 1335 1747 ad
1381 1689 1751 1762 supradictum
1792 1705 1906 1745 mo—
1934 1689 1982 1749 B
2010 1713 2140 1770 gum
2181 1698 2448 1755 mansisse
2484 1697 2842 1768 dignoscitur,
2876 1699 3010 1754 nulli
3042 1716 3281 1770 unquam
3312 1701 3431 1757 loco
3456 1703 3592 1759 sub.
3675 1725 3685 1733 ι

318 1786 619 1843 nasterium
651 1784 710 1841 S.
741 1783 1021 1857 Anthymi.
1066 1784 1135 1840 Et
1177 1792 1237 1840 ut
1274 1785 1457 1840 verior
1484 1798 1550 1839 ac
1576 1781 1784 1838 ﬁrmior
1808 1782 1904 1838 ha-

318 1876 539 1942 beatur,
579 1874 665 1931 vel
692 1891 794 1946 pro
823 1885 1068 1945 tempore
1088 1873 1307 1930 Christo
1347 1873 1604 1944 propitio,
1648 1873 1907 1929 observe-

324 1977 436 2035 tur,
485 1983 646 2023 manu
687 1968 909 2039 propria
959 1967 1148 2023 subter
1192 1965 1554 2033 ﬁrmavimus,
1601 1973 1657 2021 et
1703 1965 1906 2021 annulo

322 2063 495 2118 nostri
525 2060 687 2133 sigilli
706 2058 969 2129 jussimus
995 2057 1267 2129 insigniri.

391 2153 616 2225 Signum
643 2150 902 2207 Ludovici
942 2149 1228 2219 potentiss.
1273 2148 1404 2218 imp.
1441 2148 1535 2217 qui
1564 2148 1900 2218 recognovit.

386 2244 584 2298 Datum
627 2256 680 2295 IV
724 2240 844 2294 Kal.
876 2239 1143 2303 Januarii,
1176 2252 1345 2303 anno,
1378 2237 1599 2293 Christo
1646 2238 1902 2307 propitio,

315 2333 492 2403 primo
522 2329 735 2400 imperii
760 2328 826 2381 D.
859 2326 1113 2382 Ludovici
1152 2326 1381 2397 piissimi
1416 2326 1670 2397 Augusti,
1703 2327 1899 2382 indict.

316 2421 371 2474 8.
396 2420 590 2474 Actum
627 2416 979 2489 Aquisgrani,
1021 2415 1077 2471 in
1121 2414 1322 2486 palatio
1367 2415 1537 2485 regio.
1581 2414 1640 2469 In
1675 2416 1771 2472 Dei
1803 2433 1904 2472 no.

320 2509 489 2564 mine.
513 2509 711 2563 Amen.

1038 2575 1180 2631 XXI.

584 2681 921 2723 NONASTERIO
957 2680 1146 2721 SANCTI
1185 2678 1378 2721 ΙΙΔΧῙΙΙΙ
1415 2680 1781 2721 τηενιιιεκειε.

932 2755 1104 2830 (Anno
1133 2756 1284 2829 8M.)

532 2845 711 2920 [Apud
733 2846 1073 2913 Hontbeim.,
1101 2845 1246 2901 Hist.
1282 2844 1431 2901 Eccl.
1461 2844 1688 2918 Trevir.]

388 2936 696 2992 Ludovicus
726 2936 904 3006 gratia
944 2935 1040 2991 Dei
1079 2950 1176 2991 rex
1218 2934 1554 2991 Francorum
1600 2943 1657 2991 et
1693 2934 1905 3008 Longo-

316 3027 608 3084 hardorum
635 3034 692 3082 et
718 3027 981 3098 patricius
1030 3026 1422 3083 Romanorum.

434 2682 536 2723 PRO

304 3178 313 3181 -
390 3156 417 3185 ι
446 3140 766 3197 Helisachar
802 3141 1085 3211 familiaris
1122 3142 1307 3197 nostri.
1348 3142 1555 3197 Summi
1585 3141 1897 3199 cancellarii

318 3228 543 3270 munere
571 3226 694 3283 eum
723 3211 779 3283 in
801 3212 923 3265 aula
944 3211 1202 3269 Ludovici
1225 3213 1470 3283 functum
1494 3212 1685 3279 fuisse,
1713 3229 1900 3283 quam-

317 3281 1087 3356 plurima3_tahulae_probant.
1137 3282 1297 3356 Juvat
1333 3284 1422 3356 hic
1450 3282 1552 3353 legi
1581 3298 1702 3353 quae
1731 3281 1899 3356 dego

318 3297 563 3356 plurimae
599 3297 796 3337 tacula;
812 3297 1087 3405 lpronam.
1137 3297 1297 3338 Juvat
1334 3297 1422 3338 mc
1450 3297 1552 3353 tegi
1581 3298 1702 3353 quae
1731 3297 1799 3338 ae
1831 3298 1892 3339 eo

318 3354 537 3434 collegit
555 3351 794 3434 Eclrhart
862 3367 942 3407 er.
968 3352 1307 3434 Francicam,
1333 3352 1427 3407 lib.
1451 3368 1645 3434 xxvin,
1668 3370 1723 3434 ῃ.
1753 3353 1892 3434 M7;

327 3444 347 3477 ‹
368 3422 611 3480 Vidimus
635 3422 898 3478 hactenus
923 3423 1146 3479 annales
1188 3424 1433 3479 diversos
1458 3439 1491 3478 a
1523 3424 1754 3480 notariis
1796 3432 1892 3479 aut

320 3493 661 3564 cancellariis
700 3492 864 3564 regiis
902 3501 996 3548 aut
1026 3494 1397 3564 continuatos,
1451 3502 1545 3549 aut
1590 3495 1646 3549 in
1684 3494 1897 3550 litteras

321 3563 523 3635 relatos
559 3577 699 3619 esse.
732 3562 808 3618 De
830 3572 986 3635 parte
1011 3562 1264 3635 Chronici
1294 3564 1691 3635 Moissiacensis
1710 3565 1904 3635 suspia

319 3634 429 3690 cati
482 3649 688 3699 sumus,
737 3647 857 3687 eam
898 3633 974 3703 ab
1013 3633 1287 3703 Egilberto
1337 3634 1554 3688 notario
1594 3633 1898 3688 confectam

320 3703 490 3760 fuisse
514 3723 527 3758 :
570 3718 714 3758 nunc
743 3702 1229 3769 statuimus,’idem
1260 3703 1567 3758 Chronicon
1593 3718 1624 3757 a
1652 3711 1897 3769 tempore

319 3789 429 3846 quo
479 3773 786 3845 Egilbertus
836 3772 1027 3846 desiit,
1083 3773 1152 3846 ab
1208 3771 1522 3828 Elisacbare
1564 3771 1896 3846 cancellario

320 3839 583 3901 Hactenus
619 3843 967 3913 imperatorio
995 3842 1367 3897 continuatum
1395 3857 1534 3897 esse.
1558 3839 1699 3913 Nam
1732 3842 1787 3896 in
1810 3857 1897 3913 re-

319 3913 424 3971 bus
460 3916 561 3970 sub
601 3911 764 3983 ﬁnem
803 3913 931 3967 anni
973 3913 1078 3969 818
1120 3920 1215 3969 aut
1262 3913 1417 3967 initio
1445 3912 1574 3966 anni
1598 3911 1702 3967 819
1730 3912 1898 3983 gestis

320 3986 551 4050 desinit;
576 3992 632 4039 et
655 3982 847 4039 eodem
877 3986 1141 4052 tempore,
1168 3991 1290 4053 post
1314 3997 1514 4037 annum
1543 3982 1749 4050 nempe
1768 3982 1891 4047 819,

320 4054 606 4111 Elizachar
636 4054 693 4124 in
732 4053 1223 4124 subscriptionihus
1253 4052 1606 4123 diplomatum
1644 4068 1751 4124 non
1781 4066 1896 4124 am-

358 4126 462 4181 lius
482 4123 774 4180 invenitur.
799 4121 963 4180 Unde
980 4123 1234 4180 existimo
1256 4121 1323 4179 eo
1353 4138 1496 4178 anno
1520 4121 1770 4178 eumdem
1801 4122 1897 4177 ab-

394 4205 502 4251 tem
546 4193 604 4250 S.
658 4195 933 4249 Maximini
974 4194 1115 4264 apud
1157 4193 1411 4248 Treviros
1436 4193 1660 4257 factum,
1702 4199 1797 4246 aut
1841 4192 1895 4247 in

320 4265 707 4321 monasterium
728 4264 787 4319 S.
808 4264 991 4319 Albini
1012 4264 1401 4334 Andegavense
1422 4278 1578 4319 suum
1607 4278 1726 4334 sese
1745 4277 1897 4334 rece-

356 4337 496 4401 isse,
549 4335 791 4405 aulaeque
818 4332 1192 4405 ivaledixisse.‘
1237 4334 1452 4390 Μίνωας
1504 4332 1897 4405 Diplomatibus

365 4407 574 4478 elgicis,
616 4403 741 4478 cap.
773 4404 833 4458 11
865 4403 1119 4478 Ludovici
1148 4414 1478 4478 praeceptum
1500 4404 1746 4478 inseruit,
1770 4418 1893 4478 Δ(ιιιο

320 4473 561 4544 ejusdem
610 4473 952 4543 imperatoris
1002 4473 1396 4543 protectionem
1450 4474 1676 4542 insignis
1731 4473 1814 4544 vir
1843 4482 1892 4527 et

320 4543 467 4601 Abba
489 4545 771 4599 Elisachar
790 4544 853 4597 de
873 4545 1186 4598 monasterio
1212 4544 1272 4599 S.
1298 4544 1580 4597 Maximini
1601 4544 1655 4597 in
1683 4543 1893 4597 civitate

356 4633 436 4671 me
467 4615 694 4670 Treviris
718 4614 929 4684 dicitur,
955 4614 1218 4680 huic,loco
1240 4613 1565 4683 impetravit,
1588 4614 1730 4684 quod
1752 4627 1894 4668 anno

354 4686 418 4740 2t
455 4686 659 4750 datum,
684 4693 741 4738 et
763 4699 795 4737 a
818 4683 1058 4749 librario,
1085 4684 1376 4753 genuinum
1398 4683 1643 4753 quamvis
1672 4683 1763 4747 sit,
1786 4698 1895 4738 non

319 4771 511 4828 parum
528 4754 891 4828 depravatum
933 4762 1035 4828 est.
1084 4752 1296 4808 Mimans
1329 4752 1555 4828 adnotat
1609 4752 1891 4828 Elisacha-

321 4821 437 4880 rem
467 4821 634 4880 fuisse
657 4823 1151 4895 quoqueabbatem
1183 4824 1498 4895 monasterii
1524 4821 1582 4877 S.
1610 4823 1761 4895 Petri
1782 4823 1894 4895 Ce-

264 4961 272 4967 _
322 4896 632 4967 meticensis
655 4892 710 4967 et
736 4892 799 4967 Si
830 4892 1069 4967 Richarii
1104 4896 1165 4967 in,
1186 4893 1415 4967 Pontivo
1457 4894 1573 4967 sive
1607 4892 1895 4967 Centulen-

323 4968 422 5023 sis.
460 4965 624 5030 Ardo,
654 4966 708 5020 in
732 4966 855 5021 Vita
878 4963 936 5019 S.
971 4964 1246 5020 Benedicti
1278 4964 1624 5034 Anianensis,
1654 4979 1771 5034 cap.
1802 4963 1895 5034 52,

323 5037 532 5092 indicat
575 5036 974 5091 Helisacharem
1019 5034 1076 5090 S.
1121 5035 1395 5091 Benedicti
1436 5044 1491 5089 et
1540 5033 1769 5087 fratrum
1814 5033 1900 5087 ln-

323 5107 570 5161 densium
607 5107 838 5161 amicum
869 5105 1237 5161 ﬁdelistimum
1279 5104 1465 5160 fuisse.
1497 5105 1639 5159 Idem
1668 5112 1899 5158 mortem

328 5176 389 5231 S.
428 5176 738 5241 Benedicti,
782 5190 902 5243 qua:
938 5191 1089 5246 anno
1129 5176 1228 5230 821
1286 5176 1536 5246 contigit,
1591 5189 1895 5229 enarrans:

328 5245 1049 5315 Ilelisachar,inquit,abbas
1075 5246 1274 5315 primus
1302 5247 1371 5300 ad
1391 5245 1507 5300 eum
1536 5246 1693 5315 uenit,
1710 5253 1756 5298 et
1781 5260 1901 5297 cum

325 5333 387 5388 ea
409 5333 570 5388 usque
601 5317 691 5388 ad_
710 5314 907 5388 obitum
942 5314 1302 5388 perseveravit.
1350 5315 1496 5388 idem
1531 5314 1644 5383 iam
1689 5315 1905 5388 dixerat

324 5383 494 5457 Ardo,‘
516 5402 633 5457 cap.
662 5386 716 5457 5,
745 5385 837 5439 ubi
864 5383 1015 5454 rogat
1040 5385 1336 5457 monachos
1360 5384 1635 5457 lndenscs,
1665 5392 1745 5448 ut,
1774 5383 1898 5437 Vita

276 5479 279 5481 ν
328 5456 386 5511 S.
420 5454 692 5512 Benedicti
718 5471 748 5508 a
772 5470 832 5509 se
870 5454 1196 5522 conscripta,
1233 5456 1563 5517 examinata,
1608 5469 1729 5508 eam
1776 5467 1899 5522 cum

327 5526 640 5582 Elisachare
684 5526 878 5579 abbate
917 5521 1333 5578 communicent.
1389 5524 1673 5589 Quoniam,
1715 5524 1812 5584 ait,
1854 5521 1901 5575 ei

326 5599 497 5651 unita:
526 5594 817 5649 dilectionis
848 5594 1039 5662 aﬁ'ectu
1091 5594 1339 5662 migranti
1375 5594 1440 5647 de
1469 5592 1661 5648 saeculo
1689 5591 1902 5662 Helisa-

326 5668 454 5722 char
486 5666 634 5720 lta‘sit
661 5664 840 5731 abbas,
857 5661 989 5717 sicut
1012 5661 1177 5729 ipsius
1203 5680 1334 5717 auro
1355 5665 1628 5732 pretiosior
1650 5661 1795 5717 nobis
1821 5661 1901 5715 di-

2007 428 2065 476 et
2091 420 2243 491 regni
2273 420 2447 475 nostri
2482 420 2747 475 diutinam
2786 422 3137 477 stabilitatem
3171 425 3502 492 conciliabit,
3533 434 3591 482 et

2004 512 2289 566 beatorum
2326 526 2628 581 pauperum
2656 511 2851 581 spiritu
2885 514 3133 567 mercede
3159 514 3399 571 donabit.
3445 516 3593 585 Qua-

2004 606 2227 670 propter
2248 599 2432 654 omnis
2456 599 2610 669 regni
2640 600 2813 654 nostri
2850 601 3183 657 [unanimitas
3212 607 3423 660 noverit
3446 608 3591 677 quod

2005 705 2107 746 nos
2147 690 2439 746 venerandi
2474 703 2499 730 ιι
2532 690 2851 745 Helisachar
2897 689 3184 749 familiaris
3213 696 3386 749 nostri
3409 705 3467 750 et
3496 697 3591 752 ab~

2004 786 2150 841 batls
2168 785 2408 841 coenobii
2438 787 2768 842 sanctissimi
2797 786 3130 843 confessoris
3161 787 3439 844 Maximini
3474 805 3593 859 pro-

2006 877 2235 934 tectoris
2281 877 2453 932 nostri
2502 878 2921 948 postulationem
2966 878 3331 948 percepimus,
3358 881 3593 950 qualiter

2004 968 2081 1039 pii
2113 968 2377 1040 genitoris
2400 968 2577 1022 nostri
2604 963 2806 1031 Caroli,
2829 969 2953 1038 jure
2976 969 3354 1039 praenominati
3386 969 3588 1040 Magni,

2007 1060 2211 1116 factum
2239 1066 2552 1131 sequentes,
2576 1059 2690 1129 jam
2718 1060 2925 1115 dictum
2956 1061 3346 1116 monasterium
3375 1061 3593 1132 privile-

2008 1152 2110 1223 giis
2134 1160 2336 1206 nostrae
2364 1165 2579 1220 quoque
2609 1151 2950 1206 auctoritatis
2980 1151 3396 1217 roboraremus;
3426 1166 3590 1220 quam

2006 1242 2321 1312 petitionem
2361 1256 2486 1297 cum
2533 1243 2949 1297 mansuetudine
2992 1243 3346 1312 suscepimus,
3378 1251 3434 1298 et
3472 1243 3587 1298 ﬁeri

2008 1334 2389 1389 auctoritative
2424 1334 2800 1404 praecepimus.
2849 1333 3201 1390 Decrevimus
3243 1350 3497 1406 namque,
3536 1344 3593 1391 et

2006 1425 2260 1480 omnibus
2302 1432 2428 1493 post
2469 1438 2570 1478 nos
2615 1422 2814 1479 futuris
2859 1420 3264 1492 denuntia’mus,
3304 1426 3591 1497 przefatum

2008 1516 2187 1572 locum
2237 1515 2340 1571 sub
2393 1522 2581 1571 nostro
2627 1516 3079 1586 sequentiumqne
3127 1532 3316 1588 regum
3370 1533 3594 1575 manere

2009 1604 2320 1670 dominatu,
2341 1604 2506 1660 veluti
2532 1606 2807 1675 prioribus
2836 1608 3168 1676 temporibus
3193 1610 3249 1663 in
3271 1610 3477 1664 ditione
3508 1624 3594 1667 re-

1998 1789 2201 1859 jaceat,
2231 1790 2433 1845 nullius
2468 1801 2715 1859 persona:
2742 1791 3185 1857 dominationem,
3218 1792 3246 1832 ιι
3272 1792 3596 1850 electionem

2005 1883 2172 1938 etiam
2212 1882 2429 1937 abbatis
2479 1882 2831 1936 concedimus
2884 1870 3275 1937 monachorum
3324 1883 3591 1950 arbitrio,

2006 1986 2131 2027 cum
2164 1970 2416 2026 videlicet
2457 1970 2548 2042 qui
2596 1970 2721 2025 vitae
2759 1988 2823 2027 ac
2862 1972 3142 2042 sapientia“:
3171 1975 3369 2028 merito
3395 1989 3595 2029 secun-

2004 2063 2135 2120 dum
2154 2063 2397 2133 regulam
2417 2063 2714 2134 probabilis
2733 2064 3030 2131 invenitur,
3052 2065 3306 2137 eligendi.
3324 2067 3596 2138 Mancipia

2006 2156 2231 2225 insuper
2266 2162 2322 2210 et
2351 2154 2577 2225 prmdia,
2607 2153 2694 2209 vel
2719 2162 2971 2211 cunctam
3000 2158 3314 2214 monasterii
3346 2144 3616 2215 substan?

2005 2247 2142 2301 tiam
2173 2245 2386 2300 abbatis
2418 2246 2675 2314 potestati
2711 2247 3098 2316 permittimus,
3149 2256 3205 2302 et
3250 2250 3317 2303 ad
3362 2246 3593 2305 fratrum

2006 2336 2347 2393 solummodo
2376 2347 2397 2375 ε
2443 2339 2795 2403 conductum,
2826 2354 2895 2394 ne
2930 2348 3136 2395 sancta:
3172 2340 3452 2412 religionis
3481 2350 3597 2398 sta-

2009 2435 2097 2479 tus
2134 2424 2373 2488 deﬁciat,
2415 2424 2644 2481 liberam
2677 2427 2940 2483 vendendi
2991 2436 3046 2483 et
3083 2431 3454 2486 commutandi
3497 2433 3596 2487 hae

2007 2513 2170 2568 beant
2209 2520 2410 2568 nostra:
2439 2516 2780 2572 auctoritatis
2817 2517 3121 2586 licentiam;
3165 2530 3433 2591 quatenus
3475 2526 3595 2583 sine

2007 2602 2325 2673 indigentia,
2356 2605 2451 2659 sed
2484 2620 2608 2660 cum
2642 2606 3033 2677 tranquillitate
3062 2619 3120 2667 et
3147 2626 3280 2681 pace
3308 2613 3594 2672 Dominum

2004 2709 2105 2764 pro
2132 2693 2308 2750 salute
2332 2704 2518 2751 nostra
2546 2697 2750 2768 jugiter
2783 2708 3033 2755 exorent.
3078 2702 3148 2756 Et
3177 2710 3235 2757 ut
3264 2704 3382 2761 haec
3408 2716 3595 2764 aucto:-

2007 2786 2144 2841 ritas
2185 2784 2442 2841 inviolata
2487 2788 2768 2858 perduret,
2798 2805 2962 2846 manu
2988 2793 3207 2864 propria
3232 2795 3592 2868 ﬁrmavimus,

2006 2887 2062 2932 et
2087 2876 2445 2950 sigillinostri
2475 2880 2836 2952 impressione
2860 2883 3064 2956 signari
3088 2885 3352 2957 jussimus
3383 2888 3436 2944 ιι.

2003 3150 2148 3197 recta
2185 3147 2410 3196 testatur
2435 3134 2677 3209 epistola,
2720 3146 2835 3209 post
2878 3140 3594 3209 vestramgexamiuationem

1999 3212 2082 3283 illi
2120 3207 3047 3283 singularitercenseoprtesentari1
3083 3207 3229 3283 Idem
3270 3209 3596 3283 Allelisachar

2000 3277 2256 3362 laudatur
2284 3279 2438 3362 apud
2451 3277 2877 3362 Amalariumuin
2906 3278 3595 3362 praefationeAtitiphonm

2001 3353 2069 3426 rii
2087 3370 2101 3419 ;
2117 3347 2385 3426 _Ch_ro_nici
2400 3347 2745 3426 Centulensis
2766 3348 2862 3403 lib.
2879 3347 2930 3416 t';
2965 3350 3017 3404 in
3038 3347 3438 3426 consultatione
3451 3353 3596 3426 Ago-s

1998 3417 2153 3478 bardi
2182 3423 2250 3478 de
2272 3417 3397 3492 baptismogJudaicorum‘mancipiorum;
3450 3417 3593 3482 et'in

1997 3491 2138 3549 libro
2181 3493 2247 3548 de
2271 3489 2696 3561 dispensatione.
2726 3489 3030 3561 Anno_8‘27
3057 3489 3199 3547 idem
3239 3508 3270 3546 a
3319 3493 3595 3553 Ludovico

1998 3578 2122 3619 cum
2148 3562 2270 3618 aliis
2292 3559 2489 3623 missus
2510 3569 2593 3615 est
2620 3560 2688 3615 ad
2708 3570 2887 3629 motus
2900 3559 2944 3613 11
2952 3561 3204 3629 ispanicm
3226 3577 3423 3617 mai-ca:
3443 3580 3595 3620 com-

2037 3633 2351 3696 rimendos,‘
2376 3639 2438 3685 ut
2484 3629 2726 3684 Annales
2759 3628 3256 3685 Laureshamenses
3295 3640 3587 3691 testantur.

2047 3703 2194 3757 bitus
2242 3701 2361 3771 ejus
2384 3715 2562 3771 annus
2584 3699 2856 3771 hactenus
2886 3714 2973 3753 me
3002 3699 3155 3771 latet.
3193 3720 3212 3753 ι
3244 3700 3399 3771 λΑόιΙ.
3449 3704 3592 3758 Hene-

1998 3767 2470 3844 mannum'dejle
2492 3767 2838 3844 diplomatica
2863 3805 2878 3831 ,
2924 3783 3046 3844 pag.
3075 3768 3200 3826 258.
3228 3769 3445 3844 (_)_bi_tum
3475 3774 3595 3844 ejus

2000 3840 2168 3913 refert
2202 3836 2763 3913 Mabillonius'Annal.
2796 3836 3070 3893 Benedict.
3091 3848 3223 3895 tom.
3240 3840 3303 3908 ll,
3318 3841 3413 3897 lib.
3433 3836 3590 3913 xxii,

1999 3926 2056 3965 n.
2086 3911 2176 3976 80,
2207 3911 2352 3965 circa
2380 3923 2582 3963 annum
2609 3907 2735 3963 837.

2072 3981 2101 4021 b
2132 3980 2456 4035 Electionem
2504 3977 2663 4032 etiam
2715 3976 2937 4042 abbatis,
2982 3985 3090 4034 etc.
3124 3978 3429 4037 Mirandum
3461 4001 3593 4044 sane

1998 4051 2142 4121 quod
2167 4049 2475 4122 postulante
2496 4048 2848 4122 Helisachare
2874 4049 2979 4104 hoc
2997 4064 3316 4122 concessum
3342 4054 3432 4119 sit,
3463 4072 3590 4113 cum

1999 4114 2187 4194 tamen
2207 4135 2398 4194 omnes
2426 4114 2964 4194 San~Ma§iminianm
3013 4120 3220 4177 notitia:
3247 4114 3589 4194 exploratum

1998 4190 2241 4258 faciant,
2295 4192 2586 4260 ipsummet
2641 4189 3047 4246 Helisacharem
3091 4189 3418 4249 monachum
3477 4212 3588 4252 non

1998 4261 2186 4344 fuisse,
2218 4261 2324 4342 sed.
2342 4260 2657 4344 saecularem
2677 4260 2955 4344 clericum.
2984 4262 3137 4344 Quod
3167 4264 3328 4344 igitur
3354 4266 3410 4319 in
3441 4266 3592 4323 hisce

2000 4332 2198 4387 tabulis
2220 4332 2480 4400 scriptum
2518 4337 2601 4385 est
2620 4371 2635 4395 ,
2664 4329 2983 4386 electionem
3004 4329 3236 4389 .ahbatis
3273 4351 3590 4393 concessam

1917 4425 1976 4485 Π
1999 4400 2828 4485 monachorum.arbitrio,‘ejus
2856 4417 3051 4485 nempe
3099 4404 3362 4485 qui-vitae
3395 4415 3452 4485 et
3499 4423 3587 4463 sa-

2004 4472 2463 4551 pientim_merito
2504 4471 2801 4551 secundum
2831 4472 3396 4551 regulamprobabilis
3433 4477 3607 4541 inve-3

2001 4539 2204 4616 piatur,
2234 4541 2613 4616 id,_si__ita_est,
2644 4539 2797 4616 nullo
2818 4539 3012 4595 ell‘eetu
3050 4539 3156 4595 alio
3189 4545 3395 4616 potuit,
3424 4561 3588 4616 quam

2000 4619 2062 4667 ut
2088 4613 2231 4667 inter
2256 4611 2539 4683 privilegia
2564 4609 2800 4666 cmnohii
2834 4618 3146 4666 servaretur
3162 4609 3332 4678 {olim
3358 4609 3481 4670 usui
3506 4615 3589 4671 fn—

2002 4691 2205 4737 turum.

2076 4764 2098 4793 ο
2141 4750 2490 4807 Conductum.
2519 4750 2578 4806 ld
2600 4757 2686 4807 est
2711 4750 3001 4807 utilitatem
3026 4767 3119 4808 seu
3146 4754 3510 4812 commodum.

2073 4822 2102 4863 d
2140 4823 2343 4896 Hal-uin
2387 4821 2695 4896 tabularum
2741 4821 2992 4896 (quarunt
3034 4826 3362 4896 cmteroqnin
3405 4837 3588 4896 proto-

2005 4901 2191 4976 typam
2215 4893 2282 4947 ad
2387 4892 2736 4976 Maximinum
2752 4891 2962 4976 exstat)
2981 4903 3213 4976 tempus,
3228 4891 3506 4976 signatura
3531 4909 3588 4955 et

2006 4962 2242 5034 sigillum
2273 4963 2691 5034 desiderantur,
2723 4978 2864 5017 anno
2902 4970 2959 5017 et
3005 4962 3230 5034 reliquis
3273 4962 3339 5021 ad
3378 4965 3586 5023 calcem

2008 5033 2340 5103 diplomatis,
2368 5041 2429 5103 ut
2468 5033 2702 5103 videtur,
2747 5034 2981 5088 extritis.
3016 5033 3224 5090 Placuit
3273 5044 3452 5092 tamen
3493 5053 3588 5093 eas

2006 5102 2109 5158 huc
2147 5102 2553 5175 annopreferre,
2583 5102 2717 5175 loco
2758 5116 3031 5173 utcunque
3076 5115 3397 5175 Opportuna,
3435 5118 3588 5164 antc-

2009 5189 2172 5254 quam
2223 5173 2432 5229 scilicet
2480 5173 2786 5254 Ludovicus
2839 5173 3242 5254 renuntiaretur
3266 5175 3582 5254 AAugustus.

2008 5245 2209 5299 Verum
2241 5258 2350 5298 non
2389 5259 2559 5314 pauca
2601 5252 2728 5314 sunt
2757 5246 2894 5314 'quze
2924 5245 3232 5314 diplomatis
3262 5245 3419 5301 ﬁdem
3452 5264 3587 5304 con‘

2009 5314 2229 5389 vellant.
2279 5312 2407 5368 Hzeé
2448 5314 2591 5389 inter
2624 5312 2729 5366 alia
2757 5327 2772 5367 :
2801 5312 3266 5389 Langobardorum
3300 5333 3482 5389 τω...
3512 5317 3587 5389 pii

2006 5384 2254 5455 genitoris
2298 5383 2482 5456 nostri,
2504 5382 2631 5451 jure
2657 5382 3026 5452 pramominati
3068 5382 3338 5456 Magni...
3367 5387 3462 5442 sub
3492 5382 3588 5456 no:

2005 5453 2115 5507 stro
2144 5453 2567 5522 aequantiumque
2614 5466 2798 5522 regum
2835 5468 3043 5505 manere
3089 5453 3392 5521 dominatu,
3425 5454 3585 5512 veluti

2006 5519 2271 5599 prioribus
2293 5519 2605 5591 temporibus
2628 5519 2683 5575 in
2702 5519 2899 5576 ditione
2921 5538 3097 5594 regum
3125 5519 3383 5583 mansisse,
3401 5527 3588 5599 dignae

2008 5593 2196 5660 scitur,
2223 5597 2330 5646 etc.
