3946 6174
329 315 469 373 1009

1457 302 1853 361 DlPLORIATA
1890 302 2443 360 ECCLESIASTICK.

3437 309 3589 366 10:0"

325 443 512 491 notum
564 429 635 485 sit
682 427 921 484 omnium
975 425 1210 481 ﬁdelium
1266 430 1575 478 nostrorum
1630 421 1893 482 solertiaz,
1926 417 1974 476 Α
2003 416 2323 484 Ludovicus,
2358 419 2536 475 divina
2567 418 2850 475 ordinante
2895 419 3252 490 providentia,
3283 423 3581 493 imperator

323 522 671 597 prmsentium
697 519 901 573 scilicet
926 526 979 572 et
1008 516 1331 577 futurorum.
1356 515 1590 584 qualiter
1622 513 1707 568 vir
1737 526 1898 567 vene-

325 615 510 671 rabilis
538 612 731 666 Petrus
758 610 924 665 abbas
947 625 1013 663 ex
1045 606 1374 661 monasterio
1402 603 1725 670 Nonantulo,
1757 602 1899 672 quod

324 718 406 764 est
437 712 811 761 constructum
842 702 895 756 in
922 701 1128 756 honore
1154 698 1435 754 beatorum
1459 697 1821 768 apostolorum
1847 704 1901 751 et

324 798 497 856 sancti
548 794 796 850 Silvestri
844 791 1196 854 confessoris,
1238 791 1306 845 ad
1353 796 1591 845 nostram
1642 788 1903 843 accedens

324 889 695 953 clementiam,
724 885 959 942 innotuit
994 883 1272 940 serenitati
1303 890 1523 948 nostrae,
1548 896 1612 937 eo
1639 881 1781 950 quod
1807 878 1904 934 ali-

323 999 460 1056 quas
492 997 582 1037 res
620 995 742 1033 cum
772 975 1004 1033 Rodulfo
1034 984 1245 1030 rectore
1277 974 1613 1037 monasterii,
1639 972 1783 1042 quod
1822 981 1906 1027 est

326 1080 694 1130 constructum
745 1069 886 1123 intra
940 1081 1122 1121 muros
1177 1065 1412 1121 civitatis
1445 1064 1641 1119 Brixia:
1687 1064 1739 1118 in
1801 1064 1903 1118 ho-

326 1179 459 1222 nore
507 1160 721 1217 Domini
770 1158 1068 1214 Salvatoris
1101 1156 1271 1211 nostri
1315 1153 1443 1211 Iesu
1488 1154 1721 1219 Christi,
1764 1153 1906 1224 quod

325 1255 486 1325 vulgo
529 1250 828 1323 appellatur
852 1248 1238 1304 Monasterium
1268 1246 1499 1313 Novum,
1540 1246 1908 1302 concambias—

328 1354 431 1402 set.
473 1342 632 1397 Dedit
668 1341 849 1410 itaque
882 1339 964 1393 vir
1000 1337 1324 1393 venerabilis
1356 1336 1550 1392 Petrus
1577 1343 1907 1392 memoratus

331 1438 499 1492 abbas
526 1434 591 1489 de
621 1441 774 1504 parte
803 1429 1118 1486 monasterii
1163 1429 1245 1483 sui
1292 1428 1547 1498 prmdicto
1588 1425 1816 1482 Rodulfo
1841 1426 1908 1480 ad

331 1534 544 1599 partem
588 1522 796 1595 praefati
841 1521 1154 1576 monasterii
1196 1521 1351 1576 villas
1395 1527 1729 1590 nuncupatas
1807 1518 1910 1574 Ca-

331 1619 600 1681 stellione,
626 1615 923 1678 Calcinato,
955 1611 1273 1678 Silviniano,
1305 1611 1617 1677 Monticulo,
1659 1611 1800 1666 sicut
1834 1610 1910 1666 ei-

333 1714 455 1767 dem
498 1704 729 1763 Rodulfo
756 1719 855 1774 pro
887 1703 1287 1773 opportunitate
1316 1701 1633 1770 monasterii
1664 1700 1907 1770 recipere

332 1801 551 1874 placuit.
603 1798 646 1853 E
683 1806 873 1853 contra
924 1795 977 1848 in
1032 1794 1467 1864 compensatione
1521 1793 1681 1864 hujus
1727 1791 1906 1846 meriti

334 1894 483 1953 dedit
509 1891 624 1961 jam
655 1888 831 1947 dictus
865 1884 1126 1940 Rodulfus
1151 1884 1466 1956 praescripto
1493 1880 1785 1938 venerabili
1811 1879 1911 1934 Pe-

336 1995 423 2041 tro
452 1984 634 2041 abbati
673 1981 738 2037 ad
768 1989 976 2051 partem
1012 1978 1324 2034 monasterii
1355 1978 1438 2033 sui
1474 1992 1571 2047 pro
1599 1974 1911 2046 opportuni-

337 2086 447 2133 tate
496 2089 775 2133 servorum
823 2073 919 2127 Dei
964 2072 1018 2125 in
1050 2070 1240 2126 eodem
1287 2067 1537 2124 coenobio
1569 2079 1908 2122 commoran-

340 2167 492 2232 tium,
528 2164 710 2219 villam
753 2168 1152 2230 nuncupantem
1200 2157 1541 2222 Reduddum,
1568 2171 1687 2226 quae
1716 2154 1916 2209 dicitur

337 2269 698 2327 supernomen
719 2250 1033 2316 Curticella,
1063 2250 1116 2303 in
1143 2262 1281 2318 pago
1303 2246 1596 2309 Persiccta,
1622 2259 1744 2298 cum
1767 2242 1921 2297 omni

338 2347 648 2418 integritate
675 2343 755 2397 vel
805 2341 1077 2397 soliditate
1122 2353 1240 2393 sua.
1276 2336 1426 2392 Unde
1452 2343 1506 2389 et
1535 2332 1914 2389 commutatio-

340 2450 463 2490 nem
486 2434 554 2489 de
577 2432 847 2503 praadietis
869 2430 1023 2494 locis,
1055 2427 1255 2482 nostris
1280 2425 1557 2481 obtutibus
1586 2421 1823 2478 ostendit
1850 2420 1916 2475 ad

342 2524 709 2597 relegendum.
738 2521 845 2578 Sed
874 2536 973 2591 pro
1000 2521 1211 2587 integra
1237 2516 1492 2571 ﬁrmitate
1520 2513 1678 2583 petiit
1703 2511 1920 2566 celsitu-

344 2616 523 2671 dinem
551 2623 816 2679 nostram,
839 2619 901 2666 ut
923 2611 980 2667 in
1003 2610 1347 2678 eleemosyna
1372 2614 1557 2661 nostra
1585 2604 1756 2673 ipsam
1780 2614 1923 2656 com-

343 2708 695 2763 mutationem
720 2706 895 2761 denuo
919 2720 1017 2777 per
1042 2711 1288 2759 nostrum
1325 2697 1758 2756 mansuetudinis
1785 2711 1924 2767 prte-

343 2808 560 2871 ceptum
589 2798 801 2870 plenius
842 2794 1168 2852 conﬁrmare
1210 2793 1546 2848 deberemus.
1576 2788 1740 2858 Cujus
1782 2786 1922 2857 peti-

344 2892 547 2946 tionem
589 2890 856 2959 deneg'are
885 2886 1190 2941 noluimus:
1220 2883 1315 2940 sed
1354 2883 1494 2938 sicut
1530 2880 1820 2948 unicuique
1856 2876 1920 2931 ﬁ-

344 2983 545 3039 delium
571 2989 879 3036 nostrorum
904 2979 1046 3050 j‘uste
1074 2974 1572 3042 rationabiliterque
1599 2969 1920 3040 petentium,

1935 1760 1983 1819 B

2001 508 2295 582 Augustus.

2070 624 2408 695 lmperialem
2439 624 2811 680 celsitudinem
2853 624 3006 703 decet
3050 639 3441 694 prtecessorum
3473 640 3569 680 no-

2002 726 2237 772 strorum
2268 717 2355 786 pie
2394 715 2532 771 facta
2574 731 2681 771 non
2726 715 2899 770 solum
2940 714 3324 770 inviolabiliter
3361 727 3583 771 conser-
3627 736 3632 744 ι

2002 821 2151 870 vare,
2167 807 2260 861 sed
2293 806 2454 860 etiam
2478 820 2721 861 censura}
2741 821 2851 861 sua:
2882 806 3205 860 auctoritate
3233 805 3578 861 conﬁrmare.
3637 805 3652 839 λ

2002 895 2206 950 Idcirco
2228 903 2413 949 notum
2439 909 2559 949 esse
2574 894 2818 949 volumus
2839 894 3087 949 omnibus
3116 893 3363 949 ﬁdelibus
3378 903 3581 950 sanctae

2004 986 2099 1041 Dei
2128 986 2470 1053 Eeclesiae,et
2495 986 2715 1047 nostris,
2750 986 3107 1057 praesentibus
3128 995 3183 1042 et
3207 986 3426 1053 futuris,
3452 988 3595 1058 quia.

2004 1080 2090 1134 vir
2119 1079 2445 1135 venerabilis
2468 1077 2770 1133 Frodoinus
2794 1077 2961 1132 abbas
2983 1077 3035 1131 in
3063 1077 3413 1143 monasterio,
3442 1079 3584 1148 quod

2006 1170 2204 1225 dicitur
2233 1168 2558 1233 Novalicius,
2585 1169 2728 1240 quod
2759 1177 2843 1222 est
2884 1176 3259 1223 constructum
3288 1169 3339 1223 iu
3376 1169 3597 1227 honore.

2007 1261 2181 1316 sancti
2213 1260 2361 1315 Petri
2401 1260 2662 1331 principis
2697 1260 3083 1330 apostolorum,
3122 1261 3174 1315 in
3201 1260 3340 1316 valle
3377 1261 3598 1317 scilicet.

2007 1348 2159 1419 cujus
2191 1349 2512 1405 vocabulum
2534 1356 2619 1404 est
2648 1348 2896 1415 Seusina,
2915 1348 3108 1404 detulit
3128 1357 3185 1403 et
3206 1349 3403 1405 obtulit
3430 1350 3589 1405 obtu-

2008 1441 2153 1497 tibus
2181 1442 2383 1497 nostris
2412 1448 2792 1495 testamentum
2818 1456 2849 1495 a
2874 1442 3144 1509 quondam
3174 1441 3292 1496 viro
3333 1441 3588 1514 religioso

2010 1533 2336 1603 dominoque
2376 1531 2573 1587 devoto
2601 1532 2825 1589 Abbone
2862 1531 3063 1588 factum
3086 1532 3173 1588 .de
3219 1531 3446 1601 przefato
3473 1548 3590 1587 mo-

2011 1623 2276 1689 nasterio,
2310 1629 2366 1678 et
2392 1637 2422 1676 a
2450 1621 2681 1678 Domino
2723 1621 2969 1692 genitore
3011 1630 3197 1677 nostro
3248 1620 3443 1676 Carolo
3477 1622 3608 1692 81οοΔ

2012 1716 2313 1772 riosissimo
2346 1715 2672 1786 imperatore
2729 1722 3047 1768 renovatum
3087 1720 3249 1782 atque
3300 1711 3603 1768 conﬁrma-.

2012 1816 2144 1871 tum,
2181 1807 2235 1862 in
2272 1821 2380 1877 quo
2420 1804 2819 1870 continebatur,
2866 1804 3098 1873 qualiter
3143 1802 3399 1872 praafatus
3435 1803 3611 1858 Abboo

2010 1900 2275 1969 patricius
2306 1899 2481 1971 ipsum
2512 1898 2689 1955 locum
2722 1897 3227 1969 supranominatum
3264 1912 3385 1953 cum
3422 1898 3596 1952 omni-

2014 1992 2117 2046 bus
2168 1990 2504 2056 rebus‘suis,
2541 1989 2613 2044 ob
2661 2004 2901 2044 amorem
2956 1988 3209 2044 videlicet
3245 1989 3595 2059 patriae‘cm-

2012 2084 2161 2140 lestis
2197 2091 2251 2139 et
2293 2083 2464 2139 beata:
2509 2082 2651 2148 vitm,
2680 2081 2841 2138 Petro
2871 2081 3183 2137 beatissimo
3220 2081 3588 2151 apostolorum

2013 2178 2208 2233 obtulit
2248 2176 2502 2247 principi,
2560 2190 2660 2231 nec
2713 2191 2820 2230 non
2877 2175 3085 2230 cunctis
3139 2174 3594 2239 destruetoribus,

2016 2267 2432 2336 dissipatoribus
2454 2268 2781 2333 temerariis,
2809 2266 2990 2321 divina
3019 2267 3217 2337 quippe
3261 2281 3517 2355 censrua,
3545 2276 3602 2320 et

2017 2365 2279 2412 aeternum
2312 2356 2658 2427 supplicium,
2694 2365 2857 2425 atque
2893 2355 3134 2411 divinum
3161 2355 3445 2411 anathema
3468 2395 3482 2419 ,
3506 2355 3617 2423 qui.

2018 2462 2258 2516 unquam
2280 2447 2334 2501 in
2361 2455 2603 2517 tempore
2637 2447 2755 2500 ausi
2805 2444 3028 2509 fuerint,
3066 2443 3274 2499 seducti
3311 2451 3477 2511 atque
3506 2458 3600 2498 cu-

2017 2539 2284 2609 piditate,
2332 2547 2497 2594 tantze
2544 2526 2845 2595 devotionis
2912 2536 3185 2593 contraire
3231 2534 3600 2605 conscriptum

2021 2639 2185 2700 atque
2213 2629 2545 2694 ﬁrmitatem,
2576 2628 2717 2683 unde
2747 2628 2861 2699 ipsa
2909 2643 3036 2684 casa
3087 2625 3217 2692 Dei,
3261 2634 3317 2681 et
3345 2626 3601 2680 monachi

2022 2719 2222 2774 ibidem
2252 2718 2334 2774 sic
2364 2719 2623 2790 religione
2674 2726 2872 2774 sancta
2913 2717 3223 2774 devotionis
3244 2716 3464 2772 Christo
3500 2716 3604 2769 Do-

2022 2808 2171 2864 mino
2190 2806 2531 2873 famulantes,
2568 2823 2662 2863 seu
2690 2822 2958 2879 pauperes
2998 2806 3201 2862 Christi
3228 2816 3285 2861 et
3330 2806 3603 2876 peregrini
3642 2826 3665 2837 κ

2022 2907 2214 2954 euntes
2245 2907 2304 2955 et
2349 2901 2637 2954 redeuntes
2663 2897 2938 2953 montibus
2962 2937 2978 2962 ,
3035 2895 3469 2965 supplementum
3502 2895 3598 2948 ha-

2022 2991 2152 3046 bere
2180 2982 2379 3046 debent
2406 2997 2626 3059 propter
2654 3003 2876 3043 suorum
2918 2987 3256 3053 mercedem;
3286 2985 3380 3056 qui
3428 2984 3598 3054 ipsam

340 3076 418 3135 ita
448 3088 546 3129 nos
574 3074 648 3128 illi
670 3073 1003 3129 concessisse
1028 3080 1191 3141 atque
1218 3069 1270 3122 in
1296 3067 1546 3121 omnibus
1571 3063 1921 3120 conﬁrmasse

2027 3080 2371 3136 donationem
2400 3078 2579 3159 facere
2603 3087 2659 3134 et
2679 3077 3004 3133 conﬁrmare
3020 3076 3247 3132 sollicite
3269 3082 3599 3132 statuerunt.

345 3164 673 3237 cognoscite.
701 3163 1085 3233 Prmeipicntes
1109 3176 1238 3231 ergo
1259 3157 1512 3228 iubemus
1538 3163 1596 3210 ut
1624 3155 1923 3224 inspectam

348 3256 520 3325 ipsam
554 3252 1054 3316 commutationem,
1101 3250 1243 3304 sicut
1284 3262 1381 3317 per
1421 3260 1541 3300 eam
1590 3243 1803 3312 plenius
1837 3242 1927 3296 de-

348 3346 606 3411 claratur,
644 3343 903 3414 quidquid
930 3357 1056 3412 pars
1077 3340 1220 3411 juste
1263 3346 1317 3392 et
1349 3333 1742 3390 rationabiliter
1769 3331 1923 3385 alteri

348 3434 578 3491 contulit
606 3433 782 3504 parti,
823 3432 1078 3500 deinceps
1119 3444 1216 3499 per
1242 3428 1380 3482 hanc
1409 3432 1655 3480 nostram
1692 3422 1927 3478 auctori-

350 3538 519 3584 tatem
544 3526 672 3597 jure
708 3526 1022 3581 ﬁrmissimo
1062 3528 1280 3577 teneant
1311 3530 1472 3588 atque
1493 3515 1842 3587 possideant:
1873 3521 1931 3568 et

348 3619 611 3692 quidquid
635 3600 828 3673 exinde
859 3616 1040 3670 facere
1056 3612 1357 3675 voluerint,
1384 3610 1556 3664 libero
1592 3607 1646 3661 in
1675 3604 1927 3661 omnibus

348 3711 699 3784 perfruantur
743 3707 988 3763 arbitrio.
1016 3705 1085 3759 Et
1112 3711 1173 3758 ut
1219 3704 1333 3757 haec
1379 3697 1672 3754 auctoritas
1719 3695 1930 3749 ﬁrmior

350 3804 631 3866 habeatur,
656 3809 712 3855 et
735 3814 831 3870 per
853 3798 1032 3853 futura
1059 3805 1299 3866 tempora
1324 3793 1533 3864 plenius
1553 3796 1927 3853 conservetur,

352 3910 517 3949 manu
548 3893 765 3964 propria
811 3888 1248 3961 subscripsimus,
1294 3894 1349 3943 et
1395 3885 1461 3941 de
1500 3882 1702 3943 annulo
1746 3887 1931 3938 nostro

355 3985 543 4040 subter
565 3983 785 4055 sigillari
804 3980 1086 4052 jusSimus.

423 4077 651 4148 Signum
677 4075 936 4131 Ludovici
964 4071 1296 4130 serenissimi
1326 4068 1688 4141 imperatoris.

427 4169 743 4225 llelisachar
768 4166 1054 4239 recognovi
1070 4172 1137 4220 .et
1162 4163 1479 4234 subscripsi.

428 4260 561 4314 Data
588 4258 844 4314 Kalendis
886 4256 1134 4328 Augusti,
1160 4270 1304 4309 anno
1338 4254 1534 4324 primo,
1564 4251 1781 4308 Christo
1809 4265 1935 4321 pro-

356 4351 521 4421 pitio,
570 4349 780 4420 imperii
834 4348 1039 4411 nostri,
1091 4345 1385 4401 indictione
1438 4343 1685 4414 septima.
1739 4340 1933 4396 Actum

2030 3171 2299 3242 Petiitquc
2360 3170 2616 3241 prmfatus
2674 3169 2842 3224 abbas
2904 3168 3210 3223 celsitudini
3258 3174 3497 3233 nostrae,
3549 3174 3607 3220 ut

2030 3264 2203 3334 ipsum
2234 3270 2613 3318 testamentum
2652 3277 2685 3315 a
2713 3261 2931 3316 domino
2976 3266 3162 3314 nostro
3191 3259 3435 3329 genitore
3475 3272 3608 3313 con-

2029 3352 2303 3407 ﬁrmatum
2346 3360 2403 3406 et
2436 3352 2780 3414 roboratum,
2832 3350 2994 3405 etiam
3046 3349 3248 3404 nostris
3291 3348 3610 3404 roboremus

2029 3444 2461 3501 auctoritatibus.
2493 3443 2602 3498 Nos
2641 3458 2773 3498 vero
2814 3443 3051 3497 divinam
3081 3441 3487 3497 considerantes
3514 3442 3610 3497 mi-

2029 3538 2381 3594 sericordiam
2408 3545 2464 3592 et
2489 3545 2746 3592 atternam
2782 3533 3275 3590 remunerationem
3316 3548 3415 3601 pro
3449 3533 3611 3589 bene-

2031 3624 2207 3690 factis,
2244 3624 2496 3695 petitioni
2540 3622 2659 3692 ejus
2694 3623 2926 3677 libenter
2949 3619 3282 3690 praebuimus
3305 3633 3606 3682 assensum.

2031 3724 2086 3772 et
2114 3717 2256 3772 hanc
2274 3724 2474 3771 nostra:
2497 3713 2838 3769 auctoritatis
2861 3711 3330 3769 conﬁrmationem
3362 3709 3478 3766 ﬁeri
3512 3713 3607 3766 de-

2032 3805 2324 3861 crevimus.
2352 3804 2458 3858 Per
2479 3818 2641 3873 quam
2668 3801 3326 3872 praecipiendojubemus,
3366 3810 3428 3856 ut
3450 3801 3612 3871 quid-

2033 3895 2165 3967 quid
2190 3890 2533 3967 éupradictus
2554 3892 2839 3964 religiosus
2858 3892 3011 3947 Abbo
3040 3892 3152 3948 Deo
3183 3908 3334 3958 vero,
3359 3892 3612 3949 beatissi-

2035 4002 2236 4057 moque
2265 3986 2494 4042 contulit
2519 3984 2703 4049 Petro,
2720 3992 2776 4038 et
2800 3982 3050 4039 dominus
3066 3984 3278 4054 genitor
3298 3994 3486 4040 noster
3516 4001 3613 4039 au-

2035 4080 2321 4137 ctoritates
2346 4079 2415 4135 ob
2444 4077 2720 4133 cmlestem
2744 4076 2927 4130 aulam
2955 4075 3323 4142 conﬁrmavit;
3360 4077 3614 4147 deinceps

2036 4174 2239 4244 absque
2262 4172 2420 4229 ullius
2441 4170 2642 4241 injusta
2663 4170 2963 4234 invasione,
2993 4168 3424 4240 interpellatione
3446 4178 3611 4239 atque

2036 4262 2537 4335 inquietudinejam
2570 4259 2711 4316 fatus
2744 4260 3044 4316 Frodoinus
3073 4259 3240 4315 abbas
3266 4268 3320 4315 ct
3339 4259 3456 4330 ejus
3491 4275 3608 4315 suc-

2039 4370 2282 4411 cessores
2312 4360 2531 4409 teneant
2559 4358 2719 4420 atque
2756 4349 3065 4420 possideant
3095 4349 3149 4403 in
3181 4358 3446 4405 aeternum
3476 4349 3612 4405 lihe-

357 4439 684 4511 Aquisgrani
730 4437 932 4507 palatio
974 4435 1142 4508 regio,
1185 4435 1239 4489 in
1274 4434 1369 4490 Dei
1416 4433 1636 4489 nomine
1680 4432 1921 4489 feliciter.

2039 4462 2126 4514 re,
2164 4447 2344 4501 omnia
2377 4445 2585 4499 scilicet
2628 4442 2825 4513 regalia
2870 4457 2934 4497 ex
2969 4442 3036 4496 iis
3086 4440 3336 4497 omnibus
3380 4457 3501 4511 qua:
3547 4444 3613 4496 ad

358 4532 554 4587 Amen.

1062 4594 1247 4649 XXIII.
1670 4624 1693 4653 .

359 4704 774 4746 (ΖΟΝΙ-ΊΒΙΙΑΝΊἬΠ
813 4700 1076 4742 γιιουοιΝο
1126 4700 1314 4738 ΑΒΒΑΤΙ
1356 4699 1675 4738 MONASTEBII
1715 4698 1937 4736 NOVALb

431 4775 635 4816 CIENSIS
668 4771 1061 4813 TESTAHENTUM
1092 4770 1310 4809 ABBONIS
1341 4769 1693 4818 FUNDATORIS,
1713 4768 1937 4815 ALIAQUE

432 4847 564 4886 JURA
598 4844 829 4884 EJUSDEII
861 4837 1205 4882 IONAS‘TEMI.

977 4917 1151 4990 (Anno
1189 4914 1341 4987 8H.)

400 5015 518 5091 [Ex
552 5015 874 5078 Muratorio,
925 5012 1284 5137 Αηείᾳιιὶιέιὸεει
1322 5008 1565 5074 ltalicw,
1621 5016 1750 5063 tom.
1812 5008 1904 5076 lll,

992 5099 1112 5137 nan.
1235 5121 1246 5134 .

1029 5099 1112 5136 Ωιτ.
1158 5099 1246 5136 ου.

1029 5081 1069 5136 θ’
1101 5123 1112 5134 .
1194 5081 1246 5135 0.

436 5175 494 5232 In
527 5175 741 5232 nomine
768 5083 1191 5228 Dominipntigstri5
1208 5081 1335 5226 Jclsu
1371 5170 1570 5226 Christi
1596 5168 1691 5225 Dei
1730 5170 1941 5236 mterni,

369 5311 498 5364 olim
526 5309 591 5363 ad
633 5307 947 5362 comitatum
976 5305 1285 5358 Brixianum
1327 5303 1516 5359 Casale
1559 5302 1751 5371 Majus,
1794 5304 1947 5358 Vide-

367 5380 535 5443 liana,
563 5378 1012 5447 Pompenescum,
1035 5374 1420 5447 Pangunedum
1440 5374 1738 5447 (ttASuz.iria
1766 5391 1779 5427 :
1804 5372 1946 5447 quod

370 5451 571 5506 mirum
598 5443 847 5501 videatur
882 5443 1252 5514 spectantibus
1278 5444 1427 5498 urbis
1457 5444 1601 5499 illius
1629 5443 1949 5514 distantiam

372 5521 442 5574 ab
487 5519 555 5573 iis
584 5517 737 5581 locis,
767 5530 831 5570 ac
875 5513 1195 5584 praesentem
1223 5528 1405 5566 rerum
1452 5513 1820 5584 statumpsed
1852 5513 1951 5567 mi-

373 5590 523 5645 nime
566 5587 763 5641 mirum
807 5582 892 5638 est
925 5582 1284 5638 recalentibus
1319 5590 1523 5638 tantam
1565 5585 1619 5637 in
1670 5583 1791 5637 aliis
1821 5583 1951 5638 locis

374 5658 731 5715 mutationem
758 5657 1116 5709 subsecutum.

451 5741 474 5771 ⁸
520 5725 705 5785 Vidisti
733 5740 1045 5781 concessum
1072 5742 1100 5779 a
1131 5722 1401 5779 Ludovico
1426 5723 1519 5779 Pio
1552 5726 1735 5781 abbati
1774 5726 1950 5782 Nota-

2040 4552 2278 4606 prwsens
2299 4535 2599 4607 possident,
2629 4541 2684 4587 et
2708 4546 2826 4599 qua:
2857 4531 2909 4584 in
2938 4539 3096 4585 antea
3122 4530 3405 4601 acquirere
3424 4539 3613 4602 potue-

2043 4630 2171 4695 rint,
2195 4642 2221 4670 ει
2253 4628 2447 4698 forum,
2485 4624 2807 4689 omicidium,
2847 4622 3192 4677 assassinium
3219 4622 3273 4676 in
3298 4631 3485 4679 nostro
3521 4624 3613 4678 im-

2043 4726 2196 4794 perio
2222 4728 2590 4792 perpetratum
2615 4716 2791 4773 media
2814 4715 3065 4779 civitate,
3084 4714 3352 4784 publicam
3389 4724 3617 4770 stratam

2046 4831 2076 4871 a
2093 4814 2347 4885 praedicta
2376 4811 2593 4866 civitate
2617 4824 2784 4878 usque
2804 4807 2872 4863 ad
2898 4806 3194 4862 Fontanam
3216 4806 3612 4869 Vercinescam,

2047 4915 2102 4962 et
2126 4912 2323 4985 cretera
2353 4902 2456 4957 alia
2480 4916 2598 4970 quae
2637 4901 2703 4955 ad
2735 4914 2832 4957 nos
2866 4898 2980 4954 sive
3023 4898 3089 4953 ad
3132 4906 3347 4953 nostros
3374 4898 3618 4953 subditos

2040 4995 2374 5066 spectabant.
2406 4992 2663 5046 Volumus
2712 4992 2916 5054 etiam,
2963 4997 3127 5060 atque
3175 4989 3480 5059 specialiter
3522 5006 3621 5061 per

2042 5088 2142 5143 hos
2174 5085 2355 5155 apices
2390 5090 2604 5137 nostros
2636 5079 2919 5150 jubemus,
2971 5088 3029 5134 ut
3071 5080 3376 5149 ubicunque
3413 5095 3502 5137 res
3549 5081 3617 5137 de

2044 5191 2205 5246 supra
2242 5174 2533 5230 nominatae
2561 5171 2889 5228 monasterio
2917 5171 3238 5240 conjaccnt,
3287 5185 3387 5242 per
3428 5170 3615 5229 ﬁdeles
3681 5176 3692 5228 ξ

2045 5306 2253 5362 liciensi
2285 5306 2480 5375 (orum,
2536 5302 2837 5375 omicidiunt
2866 5343 2880 5365 ,
2929 5302 3273 5375 assassiniunt
3322 5302 3391 5375 in_
3438 5315 3615 5357 nostra

2046 5377 2265 5446 imperio
2285 5371 2646 5446 perpetratum
2691 5371 2864 5425 media
2920 5372 3141 5446 ciuitate.
3186 5371 3394 5446 Aio,__si
3426 5388 3617 5446 revera

2046 5441 2751 5526 ingarchetypo‘legeretur
2790 5441 3132 5526 ass‘qssininm
3154 5481 3168 5505 ,
3217 5441 3353 5526 nihil
3385 5444 3619 5526 amplius

2046 5510 2475 5585 exigereturjad
2536 5524 2753 5585 omnem
2817 5510 3154 5585 adimendam
3215 5511 3374 5567 ﬁdem
3443 5510 3618 5568 eidem

2047 5581 2270 5641 charta}.
2319 5581 2453 5637 Nam
2501 5582 2754 5655 assassini
2785 5588 2846 5655 _e_t_
2883 5581 3223 5655 assqssinium
3282 5598 3441 5655 voces
3494 5591 3625 5655 sunt.

2048 5672 2166 5725 qua:
2212 5654 2591 5725 tantummodo
2624 5659 2745 5720 post
2785 5650 3206 5725 Hierosolymam
3239 5667 3267 5706 τι
3297 5652 3619 5725 Christiani»;

2051 5722 2190 5781 anno
2234 5724 2430 5780 Christi
2471 5722 2601 5778 [099
2630 5731 2896 5792 receptam
2947 5722 3116 5776 au-liri
3167 5731 3353 5792 coeptu
3391 5732 3516 5779 sunt
3565 5723 3621 5774 in
