3940 6180
383 192 524 249 1015

1492 189 1888 248 DIPLOMATA
1928 188 2478 249 ECCLESIASTICA.

3506 200 3637 253 lilii

379 305 630 376 partibus
665 302 988 373 Aquitanize,
1021 303 1389 373 Septimaniae,
1418 301 1718 370 Provinciae
1759 311 1814 358 et
1841 302 1963 358 IIis-
1991 301 2036 360 Α
2067 304 2314 372 superius
2367 305 2813 375 comprehensum
2859 317 2942 363 est
2969 349 2982 374 ,
3035 317 3292 379 praestare
3328 320 3502 381 cogat.
3535 313 3641 369 Sed

381 399 556 470 paniaa
580 396 1024 452 consistentibus.

452 489 606 544 Sicut
629 488 828 544 nullius
849 496 1091 544 vestrum
1122 489 1369 544 notitiam
1409 488 1662 560 eﬂ’ugisse
1709 498 1961 560 putamus

379 584 617 654 qualiter
643 583 814 653 aliqui
852 584 1102 640 homines
1130 591 1352 654 propter
1378 584 1621 654 iniquam
1650 583 1958 653 oppressio-

376 691 504 732 nem
522 683 578 731 et
597 675 1030 738 crudelissimum
1052 675 1242 745 jugum
1269 675 1414 745 quod
1437 690 1624 730 eorum
1661 674 1961 729 cervicibus

377 769 758 824 inimicissima
792 767 1192 824 Christianitati
1237 783 1372 840 gens
1421 766 1821 823 Saracenorum
1860 767 1962 821 im-

374 865 580 936 posuit,
595 865 800 920 relictis
819 865 1054 936 propriis
1082 865 1512 921 habitationibus
1532 873 1588 919 et
1615 863 1960 919 facultatibus

374 971 496 1026 qum
524 955 592 1010 ad
622 969 716 1010 eos
740 955 1086 1010 hatreditario
1101 956 1224 1026 jure
1248 955 1696 1026 pertinebant,.de
1715 954 1960 1024 partibus

374 1046 648 1117 Hispaniae
666 1048 733 1100 ad
759 1060 858 1101 nos
887 1047 1263 1118 confugerunt,
1283 1056 1339 1103 et
1361 1047 1415 1102 in
1439 1046 1766 1118 Septimania
1799 1054 1960 1116 atque

373 1138 429 1193 in
454 1153 517 1193 ea
547 1138 797 1208 portione
821 1138 1092 1208 Hispania
1119 1153 1239 1208 qua:
1267 1154 1297 1194 a
1322 1139 1525 1194 nostris
1553 1139 1960 1194 marehionibus

373 1231 428 1284 in
457 1230 804 1284 solitudinem
840 1231 1061 1284 redacta
1109 1229 1260 1296 fuit,
1319 1244 1440 1286 sese
1493 1231 1562 1285 ad
1601 1229 1958 1284 habitandum

371 1320 740 1384 contulerunt,
775 1327 829 1374 et
857 1335 887 1374 a
918 1320 1315 1377 Saracenorum
1355 1329 1627 1392 potestate
1653 1335 1713 1376 se
1740 1321 1957 1376 subtra-

372 1413 563 1468 hentes
587 1453 601 1475 ,
645 1420 834 1468 nostro
861 1413 1104 1470 dominio
1130 1412 1304 1469 libera
1327 1421 1381 1469 et
1409 1419 1657 1483 prompta
1685 1411 1959 1467 voluntate

370 1520 431 1560 se
482 1505 877 1566 subdiderunt,
921 1504 994 1558 ita
1035 1505 1103 1559 ad
1147 1505 1390 1560 omnium
1429 1512 1668 1559 vestrum
1709 1502 1957 1557 notitiam

372 1597 657 1665 pervenire
693 1595 945 1651 volumus
973 1595 1119 1665 quod
1165 1595 1383 1650 eosdem
1429 1595 1678 1649 homines
1705 1594 1804 1649 sub
1823 1585 1957 1663 pro-

2066 395 2226 450 liccat
2256 405 2364 450 tam
2395 398 2514 454 istis
2543 398 2797 468 Hispanis
2821 441 2836 466 ,
2889 403 2980 471 qui
3009 404 3259 472 praesenti
3299 414 3540 475 tempore
3585 407 3642 462 in

2063 487 2336 556 praedictis
2379 488 2513 544 locis
2567 489 2806 545 resident
2834 533 2848 556 ,
2885 506 3046 560 quam
3097 494 3183 548 his
3213 495 3302 562 qui
3345 496 3523 552 adhuc
3573 497 3640 551 ad

2063 585 2306 631 nostram
2354 577 2516 634 ﬁdem
2569 581 2635 635 de
2703 581 3008 651 iniquorum
3064 592 3335 652 potestate
3387 585 3642 656 fugiendo

2064 666 2450 735 conﬂuxerint,
2493 677 2548 724 et
2589 669 2644 724 in
2681 671 2910 728 desertis
2952 681 3113 744 atque
3169 675 3222 729 in
3264 675 3480 732 incultis
3507 675 3644 734 locis

2061 772 2158 827 per
2184 767 2424 814 nostram
2450 759 2533 814 vel
2556 761 2770 817 comitis
2789 763 2962 818 nostri
2992 764 3263 820 licentiam
3289 768 3642 824 consedcntes

2061 851 2286 906 tedilicia
2311 850 2558 918 fecerint,
2586 861 2642 908 et
2680 868 2839 924 agros
2867 855 3211 923 incoluerint,
3256 855 3411 926 juxta
3454 875 3667 929 supra-—

2063 941 2262 996 dictum
2289 945 2503 998 modum
2534 944 2632 999 sub
2659 953 2844 1000 nostra
2878 945 3192 1002 defensione
3241 957 3403 1019 atque
3459 959 3643 1019 prote-

2062 1033 2239 1087 ctione
2276 1034 2332 1087 in
2375 1034 2624 1090 libertate
2663 1036 2905 1092 residere
2929 1077 2946 1102 ,
2996 1045 3050 1092 et
3089 1039 3244 1094 nobis
3271 1055 3334 1094 ea
3384 1056 3505 1110 quae
3556 1056 3646 1096 su-

2060 1127 2244 1195 perius
2297 1127 2534 1183 diximus
2560 1167 2575 1193 ,
2620 1136 2731 1182 tam
2777 1143 2898 1183 cum
2943 1128 3141 1186 comite
3173 1146 3271 1186 suo
3312 1147 3473 1201 quam
3520 1149 3642 1187 cum

2061 1218 2244 1274 missis
2273 1220 2409 1289 ejus,
2462 1237 2562 1291 pro
2611 1229 2913 1293 temporum
2952 1225 3352 1295 opportunitate
3389 1226 3646 1282 alacriter

2063 1318 2226 1380 atque
2255 1310 2496 1390 fideliter
2521 1315 2798 1369 exhibere.

2131 1403 2219 1457 VI.
2263 1403 2523 1459 Noverint
2557 1413 2737 1461 tamen
2777 1407 2938 1462 iidem
2984 1407 3204 1479 Hispani
3237 1408 3340 1464 sibi
3370 1409 3642 1464 licentiam

2061 1510 2090 1548 a
2121 1495 2275 1550 nobis
2309 1510 2429 1552 esse
2461 1512 2775 1554 concessam
2819 1507 2878 1554 ut
2912 1515 2972 1555 se
3005 1501 3060 1554 in
3102 1502 3433 1556 vassaticum
3478 1502 3648 1556 comi-

2061 1592 2206 1648 tibus
2247 1595 2451 1650 nostris
2498 1611 2650 1652 more
2685 1597 2844 1652 solito
2878 1597 3280 1652 commendent.
3314 1597 3382 1650 Et
3411 1597 3456 1650 si
3481 1597 3646 1651 bene-

374 1686 608 1740 tectione
655 1694 710 1741 et
743 1684 1058 1740 defensione
1085 1692 1272 1739 nostra
1312 1692 1578 1754 receptos,
1619 1684 1672 1738 in
1706 1683 1956 1738 libertate
1984 1659 2032 1720 Β
2061 1681 2242 1738 licium
2269 1684 2484 1754 aliquod
2509 1687 2796 1757 quisquam
2821 1701 3009 1742 eorum
3041 1689 3108 1743 ab
3143 1703 3208 1742 eo
3249 1687 3334 1742 cui
3390 1702 3450 1741 se
3501 1702 3646 1742 com-

371 1793 697 1836 conservare
711 1779 1083 1834 decrevimus.

443 1871 484 1925 I.
516 1872 596 1926 Eo
616 1870 1052 1938 videlicetmodo
1071 1878 1132 1924 ut
1151 1869 1295 1926 sicut
1320 1869 1504 1925 caeteri
1527 1869 1685 1925 liberi
1711 1869 1977 1925 homines.

372 1975 494 2014 cum
526 1961 723 2016 comite
752 1976 850 2016 suo
873 1961 927 2015 in
956 1961 1258 2016 exercitum
1286 1968 1536 2031 pergant,
1570 1965 1626 2014 et
1654 1959 1709 2014 in
1735 1960 1957 2014 mareha

377 2059 562 2106 nostra
587 2049 743 2118 juxta
795 2051 1177 2106 rationabilem
1224 2049 1466 2119 ejusdem
1505 2049 1720 2106 comitis
1747 2051 1961 2121 ordiua-

373 2141 577 2196 tionem
607 2147 769 2210 atque
795 2141 1216 2197 admonitionem
1251 2142 1653 2212 explorationes
1697 2150 1752 2195 et
1797 2157 1960 2196 excu-

373 2233 516 2299 bias,
547 2231 692 2301 quod
727 2231 928 2286 usitato
955 2231 1218 2286 vocabulo
1268 2241 1461 2285 wactas
1515 2231 1704 2286 dicunt
1727 2272 1740 2295 ,
1779 2230 1960 2286 facere

373 2337 486 2378 non
512 2321 806 2391 negligant,
834 2329 890 2375 et
915 2322 1098 2378 missis
1125 2323 1330 2378 nostris
1363 2330 1458 2378 aut
1485 2322 1581 2376 ﬁlii
1603 2323 1795 2386 nostri,
1825 2337 1961 2391 quos

372 2426 474 2482 pro
523 2426 704 2465 rerum
734 2412 1140 2481 opportunitate
1165 2412 1288 2467 illas
1315 2413 1370 2466 in
1401 2421 1582 2482 partes
1610 2412 1918 2468 miserimus
1942 2452 1957 2476 ,

371 2508 469 2555 aut
497 2499 689 2569 legatis
715 2500 808 2569 qui
839 2500 906 2556 de
950 2500 1199 2570 partibus
1245 2501 1516 2572 Hispaniae
1555 2501 1621 2555 ad
1653 2515 1754 2556 nos
1785 2508 1963 2555 trans-

373 2590 530 2644 missi
559 2588 765 2645 fuerint
789 2632 803 2656 ,
843 2599 1060 2661 paratas
1089 2591 1329 2657 faciant,
1371 2598 1426 2647 et
1455 2591 1522 2646 ad
1555 2591 1960 2647 subvectionem

374 2696 564 2736 eorum
594 2683 822 2738 veredos
849 2682 1253 2739 donent.-Aiius
1277 2697 1408 2740 vero
1429 2697 1624 2738 census
1643 2683 1712 2738 ab
1739 2681 1837 2747 eis,
1863 2696 1961 2737 ne-

371 2790 480 2845 que
507 2791 538 2830 a
568 2778 765 2832 comite
791 2818 806 2842 ,
847 2791 1022 2848 neque
1050 2793 1080 2833 a
1100 2777 1412 2847 junioribus
1435 2785 1491 2835 et
1515 2776 1962 2833 ministerialibus

372 2867 510 2938 ejus,
539 2869 808 2940 exigatur.

445 2960 509 3016 II.
550 2960 655 3031 Ipsi
702 2978 834 3019 vero
858 2978 960 3034 pro
990 2964 1290 3034 majoribus
1310 2963 1492 3022 causis
1512 3006 1527 3030 ,
1556 2964 1696 3020 sicut
1716 2963 1842 3019 suit
1864 2963 1962 3018 ho-

373 3053 612 3120 micidia,
642 3064 852 3126 raptus,
883 3057 1130 3113 incendia
1150 3099 1164 3125 ,
1214 3058 1661 3130 deprzedationes,
1691 3057 1964 3111 membro-

375 3162 498 3200 rum
527 3149 922 3217 amputationes
946 3191 960 3216 ,
991 3148 1138 3204 furta
1163 3192 1178 3215 ,
1206 3149 1514 3215 latrocinia,
1554 3148 1852 3204 alienarum
1878 3161 1965 3202 re-

376 3254 501 3292 rum
558 3239 902 3307 invasiones,
947 3248 1002 3296 et
1048 3242 1408 3312 undecunque
1458 3256 1489 3295 a
1538 3240 1718 3295 vicino
1744 3253 1842 3294 suo
1869 3246 1964 3293 aut

377 3330 734 3387 criminaliter
779 3342 873 3388 aut
919 3334 1156 3389 civiliter
1193 3334 1356 3390 fuerit
1391 3342 1708 3399 accusatus,
1773 3343 1828 3388 et
1892 3331 1962 3386 ad

376 3422 635 3492 placitum
660 3424 847 3479 venire
869 3426 1075 3495 jussus,
1114 3427 1182 3481 ad
1209 3426 1426 3482 comitis
1453 3427 1536 3480 sui
1563 3425 1764 3480 malum
1787 3423 1964 3478 omni-

377 3515 555 3571 modis
577 3515 764 3570 venire
793 3531 901 3570 non
946 3524 1220 3570 recusent.
1275 3515 1512 3571 Cmteras
1547 3530 1678 3570 vero
1722 3514 1962 3568 minores

377 3622 577 3662 causas
600 3621 753 3661 more
779 3621 897 3671 suo,
923 3607 1064 3661 sicut
1086 3607 1352 3660 hactenus
1384 3605 1579 3660 fecisse
1619 3610 1918 3658 noscuntur
1945 3642 1958 3666 ,

373 3697 523 3752 inter
554 3711 612 3750 se
655 3704 846 3750 mutuo
873 3695 1100 3750 delinire
1129 3711 1236 3750 non
1264 3696 1677 3766 prohibeantur.

447 3786 535 3842 III.
574 3786 640 3840 Et
667 3787 712 3840 si
737 3786 1004 3857 quispiam
1029 3800 1217 3842 eorum
1245 3787 1300 3841 in
1334 3794 1545 3856 partem
1572 3799 1734 3855 quam
1777 3784 1866 3839 ille
1897 3787 1965 3838 ad

372 3877 735 3936 habitandum
767 3877 870 3932 sibi
897 3884 1277 3945 occupaverat,
1315 3876 1452 3931 alios
1503 3866 1748 3931 homines
1797 3873 1964 3928 unde-

373 3984 594 4039 cunque
621 3969 901 4024 venientes
929 3968 1259 4035 attraxerit,
1302 3976 1359 4023 et
1408 3981 1592 4024 secum
1634 3968 1689 4022 in
1720 3966 1966 4038 portione

375 4079 479 4118 sua
509 4102 524 4127 ,
565 4077 728 4132 quam
768 4061 1122 4134 adprisionem
1160 4069 1358 4116 vocant
1383 4101 1398 4127 ,
1435 4059 1686 4116 habitare
1728 4059 1918 4115 fecerit
1949 4100 1964 4125 ,

373 4161 566 4209 utatur
586 4153 800 4209 illorum
827 4153 1052 4208 servitio
1074 4153 1278 4223 absque
1297 4151 1526 4222 alicujus
1539 4151 1967 4208 contradictione

374 4247 466 4303 vel
515 4247 939 4318 impedimento,
968 4253 1023 4301 et
1051 4246 1210 4301 liceat
1257 4247 1335 4301 illi
1382 4261 1478 4302 eos
1525 4245 1851 4316 distringere
1898 4244 1966 4299 ad

364 4340 615 4412 justitias
656 4338 931 4396 faciendas
959 4341 1148 4410 quales
1181 4339 1281 4410 ipsi
1313 4341 1458 4396 inter
1495 4355 1554 4395 se
1582 4339 1808 4394 delinire
1836 4353 1964 4409 pos-

373 4438 526 4486 sunt.
553 4429 760 4486 Cmtera
787 4445 917 4486 vero
937 4428 1162 4498 judicia,
1194 4431 1248 4485 id
1271 4439 1355 4486 est
1381 4472 1395 4496 ,
1439 4429 1751 4486 criminales
1795 4429 1965 4484 actio-

378 4536 504 4587 nes,
534 4520 600 4574 ad
626 4535 853 4576 examen
883 4522 1097 4576 comitis
1123 4529 1485 4576 reserventur.

454 4613 541 4666 IV.
571 4612 638 4666 Et
665 4612 710 4667 si
741 4613 936 4682 aliquis
961 4629 1028 4667 ex
1071 4613 1159 4666 his
1193 4613 1505 4668 hominibus
1529 4613 1624 4683 qui
1661 4615 1731 4667 ab
1772 4625 1963 4666 eorum

376 4703 566 4773 aliquo
594 4711 859 4758 attractus
887 4711 989 4767 est,
1017 4710 1072 4758 et
1109 4703 1163 4756 in
1212 4718 1309 4757 sua
1344 4703 1592 4772 portione
1621 4701 1919 4757 collocatus
1947 4741 1962 4763 ,

378 4794 562 4850 locum
610 4793 921 4865 reliquerit,
967 4793 1118 4848 locus
1158 4801 1339 4848 tamen
1379 4794 1470 4863 qui
1518 4793 1738 4848 relictus
1783 4800 1885 4855 est,
1934 4807 1963 4845 a

378 4884 627 4941 dominio
654 4884 799 4939 illius
832 4885 924 4954 qui
960 4900 1082 4941 eum
1127 4883 1278 4953 prius
1305 4885 1518 4939 tenebat
1547 4899 1652 4938 non
1675 4883 1912 4939 recedat.

455 4975 521 5030 ν.
545 4973 700 5041 Quod
725 4974 768 5028 si
795 4973 870 5028 illi
894 4982 1113 5045 propter
1133 4973 1411 5029 lenitatem
1431 4982 1485 5028 et
1506 4974 1973 5029 mansuetudinem

375 5062 598 5119 comitis
626 5063 709 5117 sui
743 5062 918 5118 eidem
946 5063 1129 5119 comiti
1160 5064 1382 5119 honoris
1426 5071 1482 5118 et
1517 5061 1762 5134 obsequii
1801 5062 1973 5135 gratia

378 5155 664 5226 quidpiam
693 5155 758 5211 de
791 5156 952 5210 rebus
972 5155 1086 5209 suis
1111 5155 1475 5221 exhibuerint,
1504 5171 1612 5210 non
1636 5156 1738 5210 hoc
1764 5155 1844 5210 eis
1875 5169 1972 5224 pro

376 5244 590 5300 tributo
635 5245 718 5299 vel
749 5261 911 5301 censu
942 5245 1122 5315 aliquo
1142 5253 1501 5328 computetur,
1541 5254 1633 5300 aut
1666 5261 1850 5301 comes
1885 5245 1973 5302 ille

377 5336 471 5392 vel
513 5353 860 5394 successores
909 5337 1024 5406 ejus
1070 5339 1174 5393 hoc
1214 5339 1267 5392 in
1295 5339 1738 5395 consuetudinem
1766 5354 1972 5409 prtesu-

383 5437 559 5494 mant,
592 5445 767 5500 neque
799 5446 891 5486 eos
915 5430 1017 5485 sibi
1039 5429 1122 5484 vel
1141 5429 1448 5486 hominibus
1474 5431 1587 5485 suis
1614 5438 1707 5483 aut
1736 5431 1972 5486 mansio-

385 5521 602 5575 naticos
628 5538 842 5592 parare,
875 5530 966 5577 aut
997 5521 1222 5577 veredos
1253 5521 1405 5588 dare,
1436 5531 1528 5577 aut
1552 5522 1715 5576 ullum
1747 5539 1967 5579 censum

381 5610 472 5664 vel
505 5613 766 5669 tributum
798 5623 887 5669 aut
918 5612 1235 5686 obsequium
1261 5652 1277 5682 ,
1317 5622 1516 5683 praeter
1570 5613 1620 5668 id
1667 5615 1806 5684 quod
1855 5616 1966 5686 jam

2060 1776 2353 1840 mandavit,
2414 1777 2577 1832 fuerit
2605 1788 2950 1841 consecutus,
3006 1779 3146 1832 sciat
3188 1793 3247 1833 se
3287 1778 3353 1832 de
3405 1776 3496 1831 illo
3537 1775 3647 1831 tale

2060 1865 2378 1936 obsequium
2423 1870 2625 1924 seniori
2669 1885 2766 1924 suo
2794 1871 3052 1926 exhibere
3101 1871 3297 1926 debere
3351 1870 3513 1940 quale
3547 1883 3650 1924 no-

2061 1964 2262 2013 strates
2294 1958 2542 2015 homines
2576 1960 2642 2016 de
2681 1960 2844 2015 simili
2876 1961 3140 2017 beneﬁcio
3181 1962 3486 2018 senioribus
3535 1959 3650 2018 suis

2057 2047 2538 2105 exhiberesolent.

2135 2136 2246 2192 VII.
2280 2137 2489 2195 Idcirco
2530 2138 2628 2194 has
2683 2148 2882 2196 nostrae
2929 2141 3270 2198 auctoritatis
3318 2141 3527 2196 litteras
3568 2139 3650 2197 eis

2062 2227 2192 2281 dare
2215 2226 2577 2296 decrevimus,
2612 2245 2709 2300 per
2736 2248 2871 2300 quas
2907 2233 3250 2288 decernimus
3296 2241 3458 2301 atque
3495 2231 3649 2302 jube-

2062 2333 2185 2373 mus
2228 2327 2290 2373 ut
2331 2320 2446 2375 hinc
2495 2331 2695 2376 nostra:
2749 2322 3092 2378 liberalitatis
3127 2329 3182 2378 et
3220 2308 3650 2376 mansuetudinis

2063 2408 2382 2466 constitutio
2417 2426 2546 2482 erga
2602 2411 2722 2466 illos
2773 2420 2962 2468 tenore
3004 2421 3265 2482 perpetuo
3293 2413 3361 2466 ab
3397 2411 3648 2466 omnibus

2064 2498 2315 2556 ﬁdelibus
2343 2509 2546 2557 sanctae
2569 2501 2662 2556 Dei
2689 2501 2946 2558 Ecclesiae
2969 2512 3024 2558 et
3045 2503 3248 2559 nostris
3269 2500 3651 2574 inviolabiliter

2063 2601 2430 2649 conservetur.
2465 2592 2632 2663 Cujus
2673 2595 3079 2651 constitutionis
3116 2596 3170 2650 in
3197 2607 3520 2664 unaquaque
3572 2592 3650 2646 ci-

2063 2684 2233 2738 vitate
2257 2684 2348 2739 ubi
2372 2684 2617 2758 prtedicti
2643 2684 2866 2756 Hispani
2889 2686 3136 2742 habitare
3164 2692 3464 2740 noscuntur
3490 2723 3505 2749 ,
3540 2693 3650 2737 tres

2063 2775 2454 2846 descriptiones
2487 2793 2608 2834 esse
2635 2778 2883 2834 volumus
2911 2798 2922 2832 :
2952 2794 3117 2833 unam
3165 2792 3327 2848 quam
3365 2775 3651 2846 episcopus

2065 2867 2234 2936 ipsius
2261 2868 2497 2925 civitatis
2527 2870 2750 2937 habeat,
2785 2878 2840 2926 et
2881 2870 3110 2925 alteram
3139 2884 3303 2939 quam
3347 2883 3530 2924 comes
3555 2908 3570 2933 ,
3597 2875 3653 2921 et

2067 2960 2283 3015 tertiam
2307 2961 2409 3030 ipsi
2433 2962 2655 3032 Ilispani
2683 2963 2775 3034 qui
2801 2965 2854 3018 in
2877 2964 3066 3019 eodem
3091 2963 3211 3018 loco
3232 2969 3647 3018 conversantur.

2065 3053 2358 3123 Exemplar
2388 3069 2519 3110 vero
2543 3071 2732 3111 earum
2767 3057 2820 3110 in
2853 3057 3078 3112 archivo
3100 3055 3285 3126 palatii
3327 3054 3500 3109 nostri
3526 3067 3653 3107 cen-

2063 3143 2272 3198 suimus
2311 3145 2714 3214 reponendum,
2769 3154 2830 3201 ut
2884 3161 2952 3201 ex
2990 3145 3135 3201 illius
3184 3144 3554 3213 inspectione,
3606 3141 3658 3196 si.

2061 3235 2315 3304 quando,
2355 3244 2415 3291 ut
2441 3236 2560 3293 ﬁeri
2585 3238 2750 3302 solet,
2783 3245 2877 3293 aut
2931 3238 3034 3308 ipsi
3076 3252 3135 3293 se
3186 3235 3603 3292 feclamaverint
3631 3273 3648 3298 ,

2062 3333 2158 3381 aut
2189 3341 2373 3382 comes
2398 3327 2482 3383 vel
2509 3328 2765 3398 quislibet
2812 3328 2949 3385 alter
2974 3338 3162 3385 contra
3188 3344 3283 3385 eos
3303 3343 3524 3384 causam
3551 3326 3654 3384 ha-

2061 3418 2260 3483 buerit,
2288 3417 2530 3475 deﬁnitio
2552 3419 2664 3476 litis
2691 3420 2810 3476 ﬁeri
2837 3422 3028 3491 possit.

2134 3508 2287 3563 Ilanc
2313 3510 2510 3579 quippe
2541 3511 3005 3576 constitutionem,
3037 3518 3093 3564 ut
3116 3523 3214 3580 per
3235 3510 3488 3564 diuturna
3521 3515 3654 3562 tem-

2061 3613 2194 3669 pora
2218 3599 2520 3655 aiidelibus
2573 3608 2774 3655 sanctae
2822 3601 2917 3656 Dei
2959 3601 3216 3655 Ecclesia:
3261 3608 3317 3654 et
3355 3599 3558 3654 nostris
3593 3607 3651 3653 et

2063 3689 2248 3743 verius
2293 3689 2547 3744 credatur
2593 3696 2648 3744 et
2704 3690 3014 3760 diligentius
3053 3699 3443 3756 conservetur,
3485 3705 3650 3744 manu

2063 3781 2284 3851 propria
2310 3780 2753 3849 subscripsimus,
2785 3791 2841 3837 et
2867 3782 3053 3836 annuli
3089 3782 3260 3838 nostri
3295 3781 3651 3852 impressione

2066 3871 2270 3942 signari
2307 3870 2598 3940 iussimus.

2138 3964 2363 4036 Signum
2412 3965 2599 4021 domni
2642 3964 2946 4031 Ludovici,
3032 3964 3366 4021 serenissimi
3419 3964 3638 4034 impera-

2067 4059 2222 4116 toris.
2800 4045 2805 4052 ’

2139 4151 2426 4206 Durandus
2481 4150 2744 4207 diaconus
2800 4153 2868 4208 ad
2913 4152 3090 4208 vicem
3140 4150 3458 4207 IIclisachar
3501 4163 3653 4205 reco-

2068 4231 2270 4312 gnovit.

2140 4331 2332 4386 Datam
2360 4332 2626 4388 Kalendas
2650 4331 2938 4388 Januarias
2959 4375 2972 4398 ,
2999 4348 3163 4398 anno,
3211 4331 3432 4388 Christo
3473 4329 3657 4399 propi-

2075 4423 2151 4478 tio
2186 4422 2358 4495 [8l5],
2397 4423 2576 4493 primo
2624 4424 2836 4494 imperii
2883 4423 3066 4477 domui
3117 4423 3376 4478 Ludovici
3422 4418 3653 4492 piissimi

2072 4513 2322 4585 Augusti,
2374 4514 2671 4569 indictione
2729 4513 2780 4566 7.
2839 4513 3035 4568 Actum
3077 4511 3404 4583 Aquisgrani
3453 4508 3652 4580 paLatio

2074 4606 2226 4678 regio
2265 4607 2318 4662 in
2367 4607 2462 4662 Dei
2511 4608 2729 4663 nomine
2774 4603 3025 4662 feliciter.
3061 4605 3252 4660 Amen.

2769 4748 2956 4804 XXVI.

2433 4879 2535 4919 PRO
2591 4878 2924 4919 MONASTERIO
2974 4875 3292 4917 MICIACENSI.
3531 4900 3543 4935 .

2689 4974 2862 5050 (Anno
2906 4976 3060 5048 8l5.)

2074 5068 2252 5143 [Apud
2302 5067 2512 5133 Baluz.,
2560 5065 2924 5143 Capit.,_‘pa_g_.
2957 5065 3154 5143 _1406,_
3211 5077 3280 5143 ex
3321 5060 3654 5120 chartulario

2481 5132 2818 5194 monasterii
2852 5132 3242 5208 Miciacensis.]

2144 5251 2203 5305 In
2236 5250 2454 5306 nomine
2499 5249 2711 5304 Domini
2756 5246 2853 5303 Dei
2882 5259 2935 5302 et
2965 5246 3266 5304 Salvatoris
3310 5245 3485 5303 nostri
3529 5243 3653 5301 Iesu

2073 5342 2299 5406 Christi,
2352 5339 2698 5405 Ludovicus,
2725 5339 2906 5394 divina
2955 5339 3242 5396 ordinante
3287 5337 3651 5412 providentia,

2075 5435 2371 5504 imperator
2403 5431 2680 5502 Augustus
2725 5430 2978 5484 omnibus
3022 5431 3311 5501 episcopis,
3345 5429 3652 5492 abbatibus,

2075 5525 2320 5587 ducibus,
2350 5521 2637 5576 comitibus
2668 5521 2750 5574 vel
2788 5520 3158 5581 vicedominis,
3200 5522 3438 5585 vicariis,
3473 5528 3657 5575 cento-

2076 5617 2275 5683 nariis,
2310 5611 2606 5680 telouariis,
2645 5612 2957 5669 actionariis
2985 5655 2997 5679 ,
3048 5622 3100 5668 ct
3151 5614 3401 5670 omnibus
3439 5626 3656 5682 rempu-
