3940 6180
409 293 548 350 ifilli

1465 293 1790 353 LUDOVICI
1830 297 1849 351 I
1886 296 2360 356 COGNOMENTO
2397 301 2483 355 PII

3521 315 3650 372 1016

403 407 602 462 blicam
649 406 1079 474 procurantibus,
1113 406 1470 475 prmsentibus
1509 408 1715 464 scilicet
1743 417 1800 464 et
1833 408 1976 465 futu-
2005 411 2057 471 Α
2151 409 2346 466 Notum
2377 413 2448 467 sit
2475 414 2600 483 quia
2648 429 2777 479 nos,
2811 417 3132 487 deprecante
3181 421 3455 480 Bel-nardo
3506 428 3652 482 Vim.

407 499 505 555 ris.
533 497 729 556 Notum
752 498 823 553 sit
857 498 983 566 quia
1018 497 1376 555 Dutresiudus
1404 500 1572 556 abbas
1607 517 1670 556 ex
1707 512 1976 559 monaste-

402 592 484 644 rio
509 591 678 645 sancti
709 589 982 644 Maximini
1038 589 1375 648 Miciacensis
1399 600 1454 647 et
1485 594 1660 649 omnis
1705 593 1820 662 ejus
1847 611 1975 650 con-

400 681 642 750 gregatio
662 681 932 750 petierunt
956 681 1333 737 celsitudinem
1360 692 1602 739 nostram
1625 686 1972 741 utlicentiam

399 770 685 836 haberent,
703 771 769 826 ad
784 787 972 826 eorum
1002 772 1325 842 supplendas
1349 775 1722 840 necessitates,
1741 782 1850 830 tres
1875 791 1972 830 na-

392 877 486 915 ves
513 877 614 932 per
642 862 908 932 Ligerim,
966 861 1182 928 Carum,
1217 863 1530 930 Vincenam,
1580 864 1812 930 Sartam,
1864 865 1972 920 Me-

391 952 648 1017 duanam,
674 952 990 1008 Taunucum
1020 969 1115 1008 seu
1152 953 1362 1020 Lidnm,
1397 954 1682 1020 Hilarium,
1713 956 1826 1010 sive
1875 971 1971 1025 per

391 1051 587 1098 caatera
636 1043 857 1099 fiumina
887 1061 986 1114 pro
1021 1047 1350 1115 quibuslibet
1390 1047 1602 1118 praefati
1649 1049 1968 1104 monasterii

390 1135 800 1206 necessitatibus
830 1138 1160 1202 discurrunt,
1191 1155 1401 1195 necnon
1433 1149 1488 1194 et
1513 1140 1580 1194 de
1611 1141 1806 1206 carris,
1844 1157 1966 1198 sau-

386 1225 594 1291 mariis,
613 1227 859 1298 navigiis,
877 1244 970 1282 seu
996 1230 1062 1283 de
1078 1231 1229 1285 omni
1245 1231 1592 1295 commercio,
1610 1232 1966 1302 undecunque

386 1316 552 1370 fiscus
580 1316 850 1374 teloneum
879 1321 1096 1391 exigere
1129 1329 1360 1389 poterat.
1403 1321 1568 1390 Cujus
1612 1323 1867 1392 precibus
1895 1323 1966 1377 ob

383 1421 624 1462 amorem
669 1407 764 1463 Dei
790 1418 846 1464 et
875 1411 1280 1465 venerationem
1326 1413 1493 1481 ipsius
1520 1415 1693 1468 sancti
1724 1429 1963 1469 annuere

380 1507 437 1552 et
461 1500 564 1555 hoc
592 1508 792 1556 nostrze
812 1502 1155 1558 auctoritatis
1177 1513 1507 1574 praeceptum
1535 1504 1812 1560 ﬁrmitatis
1838 1521 1962 1573 gra-

382 1592 457 1646 tia
497 1607 626 1662 erga
657 1593 832 1662 ipsum
887 1596 1274 1651 monasterium
1306 1610 1407 1666 pro
1451 1595 1714 1651 mercedis
1764 1604 1960 1650 nostra:

381 1693 687 1752 augmento,
719 1685 1167 1754 sicutpetierunt,
1197 1688 1586 1743 concessimus.
1619 1689 1823 1744 Idcirco
1854 1690 1958 1744 hoc

2076 503 2262 558 nensis
2294 503 2539 558 ecclesia:
2597 507 2889 578 episcopo,
2940 525 3058 578 qua:
3105 521 3189 567 est
3237 523 3550 571 constructa
3599 521 3676 578 iu,

2075 591 2280 646 honore
2325 594 2500 648 sancti
2538 594 2801 662 Mauricii,
2830 613 2929 668 pro
2971 604 3232 658 mercedis
3263 616 3466 661 nostra:
3520 587 3675 678 aug--

2071 688 2274 745 mento,
2299 699 2393 738 seu
2424 699 2522 753 pro
2562 685 2794 766 utilitate
2820 688 3051 744 fratrum
3078 691 3274 748 ibidem
3300 695 3535 751 Domino
3575 698 3648 752 fa-

2073 772 2414 840 mulantium,
2445 776 2906 847 ebconcessimus
2950 797 3118 838 naves
3157 785 3396 856 quinque
3440 803 3540 856 per
3571 790 3647 844 di-

2070 875 2226 918 versa
2261 863 2508 932 flumina,
2539 869 2859 924 Rhodanum
2889 873 3096 929 scilicet
3121 883 3176 929 et
3202 874 3530 948 Segonnam,
3579 884 3650 935 ad

2070 971 2164 1010 sua
2189 959 2398 1028 negotia
2423 959 2732 1017 deferenda.
2766 961 2918 1020 Unde
2946 967 3097 1023 vobis
3116 971 3462 1040 praecipimus
3483 982 3647 1042 atque

2069 1049 2386 1105 mandamus
2433 1061 2494 1106 ut
2532 1068 2707 1122 neque
2747 1070 2844 1111 vos
2868 1071 3042 1126 neque
3087 1058 3333 1127 juniores
3371 1064 3537 1116 vestri
3568 1066 3648 1118 ul-

2067 1139 2176 1194 lum
2231 1141 2500 1198 teloneum
2546 1154 2637 1198 aut
2685 1147 2968 1216 ripaticum
3007 1164 3100 1204 seu
3149 1153 3508 1220 portatieum,
3558 1158 3643 1210 vcl

2066 1230 2228 1284 etiam
2270 1234 2646 1302 oespitaticum
2674 1278 2689 1300 ,
2735 1253 2834 1292 nee
2882 1242 3207 1296 cmnaticum
3264 1243 3348 1297 vel
3403 1245 3645 1301 salutati-

2066 1334 2220 1385 eum,
2251 1335 2350 1376 nec
2399 1322 2536 1378 ullas
2586 1325 2974 1382 redhibitiones
3027 1329 3096 1383 ab
3145 1333 3334 1387 eodem
3385 1335 3646 1403 pratdicto

2065 1423 2291 1464 numero
2335 1412 2552 1466 navium
2603 1415 2821 1482 exigere
2852 1416 2935 1472 vel
2965 1429 3216 1476 exactare
3261 1426 3600 1492 praesumatis
3627 1468 3642 1490 ,

2063 1507 2326 1566 quatenus
2360 1517 2458 1570 per
2486 1503 2624 1560 hanc
2666 1515 2867 1562 nostra:
2914 1513 3290 1581 praeceptionis
3338 1519 3639 1574 auctorita-

2065 1596 2194 1653 tem,
2224 1598 2285 1644 ut
2311 1593 2678 1662 praediximus,
2710 1597 2781 1652 ob
2809 1599 3100 1655 utilitatem
3150 1602 3383 1660 fratrum
3436 1608 3643 1664 ibidem

2063 1677 2173 1734 Deo
2210 1683 2562 1738 servientium
2617 1686 2841 1743 liberius
2885 1692 3234 1763 securiusque
3282 1699 3498 1768 negotia
3538 1715 3639 1754 sua

379 1782 707 1843 ριιωοεριυω
733 1784 979 1831 nostrum
1023 1778 1141 1832 ﬁeri
1161 1777 1444 1845 iussimus,
1483 1794 1582 1848 per
1632 1779 1775 1848 quod
1796 1777 1956 1846 jube-
1988 1761 2034 1819 Β
2062 1780 2245 1828 vestro
2285 1776 2445 1830 simul
2473 1775 2592 1832 fulti
2619 1781 2820 1836 auxilio
2842 1791 2897 1836 et
2921 1761 3217 1842 munimine
3243 1761 3503 1860 peragere
3544 1807 3640 1845 va-

379 1885 500 1926 mus
522 1881 682 1941 atque
708 1873 1053 1942 praecipimus
1079 1881 1140 1928 ut
1168 1888 1328 1929 nemo
1357 1873 1595 1931 fidelium
1618 1882 1954 1939 nostrorum,

378 1979 479 2019 nec
500 1964 751 2032 quislibet
770 1973 993 2020 exactor
1012 1964 1313 2034 judiciarize
1339 1966 1647 2035 potestatis,
1671 1966 1738 2021 de
1757 1966 1953 2032 carris,

377 2053 461 2108 vel
484 2055 786 2126 sagmariis,
807 2071 902 2111 seu
937 2056 1186 2127 navigiis,
1209 2055 1295 2112 vel
1330 2056 1396 2111 de
1423 2055 1664 2127 quolibet
1689 2071 1956 2112 commer-

377 2144 481 2209 cio,
524 2145 879 2216 undecunque
931 2145 1181 2201 videlicet
1229 2144 1394 2201 fiscus
1436 2145 1706 2201 teloneum
1741 2147 1955 2217 exigere

375 2246 586 2306 potest,
617 2237 822 2292 nullum
858 2238 1126 2294 teloneum
1163 2239 1410 2310 accipere
1444 2238 1529 2294 vel
1558 2239 1777 2309 exigere
1817 2254 1954 2308 pra:-

377 2337 575 2384 sumat.
607 2327 783 2384 Naves
814 2344 945 2385 vero
991 2337 1120 2396 tres,
1169 2345 1290 2399 qua:
1336 2330 1449 2385 sive
1496 2344 1593 2399 per
1631 2328 1828 2385 ﬂumen
1858 2330 1948 2384 Li-

375 2419 538 2490 geris,
569 2420 682 2475 sive
706 2434 804 2489 per
842 2427 1038 2474 cretera
1083 2417 1301 2474 ﬂumina
1327 2420 1396 2474 ob
1442 2418 1732 2474 utilitatem
1771 2428 1826 2473 et
1857 2434 1950 2474 ne—

374 2509 684 2565 cessitatem
712 2510 879 2580 ipsius
923 2509 1243 2566 monasterii
1293 2508 1638 2575 discurrunt,
1685 2510 1752 2565 ad
1786 2526 1949 2580 quas-

369 2618 582 2674 cunque
624 2603 895 2670 civitates,
947 2603 1189 2668 castella,
1239 2611 1333 2658 aut
1373 2609 1582 2673 portus,
1615 2602 1701 2658 vel
1749 2611 1946 2658 caetera

367 2693 488 2752 loca
518 2710 793 2751 accessum
816 2697 1127 2764 habuerint,
1155 2695 1332 2751 nullus
1361 2710 1427 2750 ex
1471 2695 1552 2750 eis
1593 2702 1688 2750 aut
1707 2695 1946 2750 homini-

368 2788 470 2845 bus
484 2789 579 2860 qui
600 2804 693 2845 eas
711 2790 1009 2860 pnevident
1028 2789 1198 2844 ullum
1218 2789 1489 2845 teloneum
1514 2797 1609 2844 aut
1633 2788 1938 2859 ripaticum,

369 2887 463 2937 aut
507 2882 873 2950 pontaticum,
923 2890 1016 2936 aut
1064 2880 1412 2952 portaticum,
1442 2887 1536 2934 aut
1572 2878 1938 2944 salutaticum,

367 2980 463 3026 aut
481 2972 874 3042 cespitaticum,
901 2980 997 3027 aut
1041 2973 1399 3038 coenaticum,
1449 2979 1544 3026 aut
1588 2969 1939 3036 laudaticum,

367 3070 462 3117 aut
485 3063 844 3128 travicticum,
871 3071 966 3117 aut
982 3063 1394 3133 pulveraticum,
1435 3070 1527 3118 aut
1555 3060 1723 3117 ullum
1747 3076 1938 3116 occur-

364 3167 506 3217 sum,
530 3152 623 3207 vel‘
659 3153 828 3207 ullum
875 3167 1096 3208 censum
1119 3194 1134 3217 ,
1181 3163 1276 3208 aut
1305 3154 1470 3210 ullam
1517 3153 1935 3209 redhibitionem

363 3242 610 3310 accipere
630 3242 715 3296 vel
735 3244 950 3314 exigere
973 3245 1200 3309 audeat;
1231 3245 1326 3300 sed
1349 3245 1556 3299 licitum
1605 3244 1694 3308 sit,
1737 3243 1939 3312 absque

364 3333 592 3404 alicujus
643 3325 830 3390 illicita
882 3337 1275 3392 contrarietate
1313 3337 1399 3392 vel
1447 3336 1788 3401 detentione,
1841 3351 1938 3406 per

362 3426 504 3480 hanc
543 3434 783 3480 nostram
815 3427 1192 3482 auctoritatem
1231 3443 1396 3483 naves
1429 3437 1560 3492 tres,
1591 3435 1645 3480 et
1692 3427 1938 3482 homines

360 3517 455 3596 qui
476 3532 570 3572 eas
592 3517 889 3588 praevidere
922 3517 1137 3584 debent,
1163 3533 1292 3573 cum
1308 3519 1375 3573 iis
1401 3534 1522 3588 qua:
1542 3516 1813 3583 deferunt,
1839 3531 1936 3586 per

359 3611 672 3666 universum
712 3610 1001 3681 imperium
1052 3619 1297 3667 nostrum
1338 3611 1508 3667 libere
1531 3627 1597 3667 ac
1643 3625 1832 3666 secure
1856 3611 1935 3666 ire

358 3709 414 3755 et
437 3701 633 3757 redire.
671 3701 738 3756 Et
765 3702 811 3757 si
836 3702 1045 3773 aliquas
1072 3718 1252 3758 moras
1279 3703 1332 3757 in
1364 3703 1605 3772 quolibet
1632 3702 1750 3759 loco
1787 3701 1932 3758 fece-

358 3793 486 3857 rint,
535 3801 628 3848 aut
679 3793 880 3865 aliquid
921 3796 1147 3850 mercati
1185 3794 1386 3850 fuerint
1427 3803 1521 3850 aut
1569 3794 1928 3860 vendiderint,

357 3885 495 3940 nihil
512 3887 580 3942 ab
620 3886 700 3942 eis
733 3902 978 3958 prorsus,
1008 3898 1074 3943 ut-
1107 3889 1310 3944 dictum
1352 3897 1453 3955 est,
1499 3888 1766 3960 exigatur.
1806 3888 1932 3944 Haac

356 3993 486 4033 vero
511 3980 802 4034 auctoritas
828 3980 1211 4053 utpleniorem
1240 3980 1480 4036 obtineat
1503 3982 1745 4052 vigorem
1764 4021 1778 4045 ,
1809 3988 1864 4034 et
1898 3995 1930 4034 a

357 4067 606 4125 fidelibus
633 4073 832 4126 nostris
873 4072 1075 4128 certius
1099 4073 1352 4128 credatur
1379 4079 1432 4127 et
1463 4071 1775 4144 diligentius
1797 4085 1929 4127 con-

355 4169 624 4228 servetur,
640 4163 708 4218 de
730 4163 910 4217 annuli
941 4164 1112 4219 nostri
1130 4164 1483 4234 impressione
1499 4164 1686 4220 subter
1705 4163 1926 4232 sigillari

347 4248 630 4317 jussimus.

424 4340 621 4397 Datum
664 4359 717 4398 vt
757 4343 880 4400 ldus
902 4344 1164 4412 Januarii,
1207 4363 1371 4412 anno,
1420 4347 1638 4403 Christo
1667 4347 1922 4418 propitio,

349 4431 527 4507 primo
564 4432 774 4504 imperii
802 4435 986 4492 domui
1012 4437 1267 4493 Ludovici
1314 4437 1645 4493 serenissimi
1673 4438 1922 4506 Augusti,

350 4523 641 4582 indictione
664 4527 716 4584 8.
744 4527 938 4584 Actum
967 4531 1302 4602 Aquisgrani
1335 4531 1544 4601 palatio
1563 4532 1712 4601 regio
1738 4531 1791 4588 in
1829 4532 1922 4586 Dei

348 4616 569 4673 nomine
598 4617 846 4676 feliciter.
879 4620 1073 4677 Amen.

1037 4712 1246 4767 XXVII.

422 4847 448 4858 κ
768 4817 868 4857 PRO
913 4817 1162 4858 ECCLESIA
1199 4817 1496 4858 \‘lENNENSI'.

949 4891 1131 4962 (Anno
1174 4890 1324 4963 815.)

347 4977 522 5051 [Apud
556 4977 766 5044 Baluz.,
811 4995 877 5034 ex
909 4981 1239 5036 chartulario
1276 4981 1518 5038 ecclesiae
1557 4983 1918 5055 Viennensis]

402 5069 463 5124 In
492 5070 708 5126 nomine
743 5071 960 5126 Domini
997 5071 1090 5126 Dei
1137 5080 1193 5127 et
1239 5069 1540 5128 Salvatoris
1591 5073 1761 5127 nostri
1793 5071 1922 5128 Jesu

342 5161 580 5228 Christi,
629 5163 949 5229 Ludovicus,
985 5165 1163 5219 divina
1213 5164 1500 5220 ordinante
1552 5165 1915 5234 providentia,

341 5252 637 5324 imperator
663 5253 955 5327 Augustus,
993 5256 1245 5311 omnibus
1286 5257 1571 5326 episc0pis,
1611 5255 1916 5321 abbatibus,

255 5327 266 5342 ’
341 5347 589 5413 ducibus,
636 5351 954 5419 comitibus,
984 5350 1224 5418 vicariis,
1263 5351 1626 5415 eentenariis,
1674 5349 1915 5403 actiona-

340 5438 439 5494 riis
459 5481 472 5506 ,
505 5441 832 5509 teloneariis,
863 5460 957 5500 seu
983 5445 1235 5501 erunibus
1265 5459 1378 5499 rem
1410 5443 1678 5514 publicam
1707 5457 1909 5512 procu-

339 5530 607 5585 tantibus.

2059 1862 2222 1918 leant.
2260 1865 2327 1919 Et
2368 1876 2428 1921 ut
2475 1869 2591 1923 haec
2623 1872 2916 1928 auctoritas
2946 1875 3128 1930 verius
3170 1879 3479 1949 certiusque
3507 1896 3633 1936 crc~

2057 1953 2237 2020 datur,
2266 1956 2332 2011 de
2359 1959 2559 2014 annulo
2589 1969 2776 2017 nostro
2803 1964 2989 2019 subter
3008 1963 3270 2034 iussimus
3299 1970 3518 2039 signari.

2128 2045 2355 2118 Signum
2377 2050 2638 2108 Ludovici
2663 2056 2998 2111 serenissimi
3029 2058 3276 2128 Augusti.

2124 2137 2252 2195 lbbo
2281 2142 2352 2196 ad
2380 2143 2552 2198 vicem
2582 2143 2896 2200 Helisacbar
2935 2148 3240 2217 recognovi.

2124 2233 2259 2287 Data
2293 2250 2346 2288 tv
2371 2235 2495 2291 Idus
2529 2234 2694 2303 Junii,
2725 2253 2868 2294 anno
2905 2238 3162 2302 secundo,
3193 2238 3412 2294 Christo
3441 2245 3631 2310 propi-

2053 2324 2151 2391 tio,
2185 2326 2396 2395 imperii
2417 2328 2601 2382 domui
2633 2328 2890 2384 Ludovici
2915 2329 3243 2384 serenissimi
3272 2328 3627 2401 Augusti,in-

2050 2417 2286 2473 dictione
2315 2420 2369 2474 8.
2400 2419 2595 2474 Actu
2639 2420 2963 2491 Aquisgrani
3012 2420 3212 2489 palatio
3240 2422 3388 2491 regio
3424 2421 3477 2476 in
3527 2421 3632 2479 Dei

2048 2509 2265 2565 nomine
2285 2509 2532 2566 feliciter.
2560 2512 2753 2568 Amen.

2704 2653 2935 2710 XXVIII.
3437 2677 3462 2697 ο

2259 2781 2359 2821 rso
2390 2781 2726 2822 IIHUNITATB
2763 2781 3000 2823 C(ENOBH
3033 2765 3403 2824 ~cannorsa'sns.

2646 2877 2820 2948 (Anno
2865 2877 3018 2950 815.)

2039 2988 2214 3061 [Apud
2255 2989 2317 3042 D.
2354 2989 2641 3061 Douquet.,
2685 2988 2895 3061 Recueil
2921 2990 3010 3044 de:
3033 2992 3182 3061 hist,
3223 2998 3354 3044 tom.
3378 2990 3465 3061 γι,
3493 3005 3618 3060 pag.

2108 3059 2232 3125 474,
2263 3059 2534 3132 θχίΒρειίο
2565 3062 2618 3115 in
2653 3060 2864 3132 probat.
2911 3063 2980 3116 ad
3011 3060 3152 3114 Hist.
3203 3077 3336 3114 com.
3392 3059 3618 3124 Pictavi,

2109 3145 2234 3201 pag.
2265 3130 2414 3204 164.]

2108 3236 2166 3290 In
2201 3237 2422 3302 nomine
2467 3237 2679 3293 Domini
2709 3237 2805 3293 Dei
2842 3245 2899 3291 et
2939 3235 3238 3292 Salvatoris
3281 3237 3446 3292 nostri
3487 3235 3618 3296 Jesu

2037 3328 2257 3395 Christi,
2274 3329 2600 3394 Ludovicus,
2627 3329 2808 3384 divina
2831 3329 3118 3384 ordinante
3138 3330 3619 3401 providentia,im—

2035 3433 2254 3496 perator
2276 3425 2570 3495 Augustus.

2107 3515 2164 3571 Si
2211 3531 2340 3587 erga
2370 3516 2487 3572 loca
2522 3516 2719 3572 divinis
2765 3517 2997 3573 cultibus
3040 3517 3342 3587 mancipata
3396 3525 3618 3587 propter

2035 3623 2274 3662 amorem
2313 3607 2430 3674 Dei,
2481 3606 2704 3679 ejusque
2733 3609 2785 3663 in
2815 3609 3017 3665 eisdem
3063 3609 3198 3665 locis
3227 3609 3328 3664 sibi
3353 3595 3620 3663 Emulan—

2033 3701 2177 3756 tibus
2214 3699 2475 3756 beneﬁcia
2505 3711 2806 3771 opportuna
2849 3701 3129 3773 largimur,
3155 3700 3436 3771 praemium
3462 3701 3616 3756 nobis

2035 3793 2176 3863 apud
2203 3792 2374 3849 Deum
2401 3801 2618 3848 aeternae
2649 3795 3100 3850 remunerationis
3127 3794 3347 3865 rependi
3380 3809 3485 3849 non
3513 3793 3616 3847 dif-

2033 3884 2270 3939 fidimus.
2305 3883 2773 3953 ,Noverit‘interea
2817 3885 3085 3956 sagacitas
3131 3899 3225 3939 seu
3262 3885 3468 3939 utilitas
3494 3900 3610 3940 om-

2031 3977 2182 4031 nium
2205 3973 2444 4030 fidélium
2473 3983 2812 4039 nostrorum,
2852 3984 2960 4029 tam
2985 3975 3332 4044 praesentium
3360 3989 3524 4044 quam
3559 3983 3612 4030 et

2029 4065 2366 4133 futurorum,
2407 4067 2534 4137 quia
2563 4067 2648 4121 vir
2693 4067 3019 4123 venerabilis
3047 4078 3073 4107 ι
3104 4066 3292 4122 Justus
3331 4066 3500 4121 abbas
3548 4080 3611 4119 ex

2030 4160 2368 4216 monasterio
2391 4158 2720 4223 Carrofensi,
2751 4159 2893 4229 quod
2916 4168 3001 4215 est
3035 4169 3407 4215 constructum
3438 4160 3494 4213 in
3516 4159 3612 4215 ho-

2029 4267 2163 4307 nore
2189 4252 2400 4307 Domini
2428 4259 2485 4307 et
2512 4251 2810 4306 Salvatoris
2831 4251 3004 4307 nostri
3035 4249 3163 4306 Iesu
3191 4249 3417 4316 Christi,
3447 4249 3608 4304 situm

2029 4344 2084 4398 in
2118 4358 2256 4415 pago
2277 4343 2604 4400 Pictaviensi
2627 4359 2793 4414 prope
2816 4343 3036 4402 fluvium
3067 4343 3398 4410 Karentoné,
3417 4344 3608 4398 obtulit

2027 4436 2303 4492 obtutibus
2349 4436 2555 4490 nostris
2602 4437 2982 4491 auctoritatem
3027 4435 3384 4495 immanitatis
3429 4435 3604 4491 domni

2027 4537 2082 4584 et
2124 4528 2384 4599 genitoris
2423 4528 2594 4586 nostri
2623 4528 2804 4584 Caroli
2847 4529 3020 4589 beate
3065 4530 3340 4586 memoria:
3379 4529 3603 4599 piissimi

2021 4619 2268 4690 Augusti,
2306 4619 2358 4673 in
2386 4635 2493 4689 qua
2517 4627 2635 4673 erat
2663 4618 2928 4675 insertum
2969 4619 3113 4689 quod
3140 4620 3324 4689 ipsum
3342 4628 3611 4676 monaste-

2025 4711 2164 4764 rium
2209 4709 2493 4779 [totgerius
2535 4709 2806 4778 quondam
2853 4723 3036 4764 comes
3075 4710 3129 4766 in
3177 4724 3276 4768 suo
3322 4708 3603 4763 aedificavit

2024 4799 2260 4870 proprio,
2292 4807 2346 4852 et
2372 4813 2494 4854 cum
2528 4799 2780 4853 omnibus
2818 4798 2978 4853 rebus
3003 4807 3060 4853 et
3084 4799 3422 4852 ornamentis
3443 4798 3602 4853 eccle

2025 4893 2142 4956 sia},
2175 4907 2269 4947 seu
2296 4901 2353 4948 et
2387 4907 2510 4947 cum
2553 4891 2805 4946 omnibus
2844 4889 3177 4960 appendiciis
3203 4898 3259 4943 et
3285 4888 3599 4959 adjacentiis

2025 4982 2162 5048 suis,
2191 4982 2365 5038 eidem
2391 4981 2622 5050 genitori
2650 4987 2837 5037 nostro
2865 4994 2961 5048 per
2987 4977 3289 5033 chartulam
3321 4977 3594 5047 delegave—

2026 5074 2098 5128 rit
2139 5074 2486 5129 donationis:
2530 5073 2758 5144 etquod
2803 5074 2871 5128 ad
2908 5073 3026 5144 ejus
3054 5073 3369 5142 petitionem
3411 5074 3482 5128 ob
3526 5072 3600 5125 in-

2025 5165 2395 5235 quietudinem
2417 5166 2716 5236 judiciaria:
2748 5166 3034 5234 potestatis
3061 5165 3160 5220 sub
3189 5180 3284 5220 sua
3319 5165 3596 5219 devotione

2023 5265 2078 5310 et
2100 5257 2461 5312 immunitatis
2490 5257 2719 5312 tuitione
2761 5257 3059 5312 consistere
3103 5257 3325 5312 fecerat.
3379 5255 3484 5309 Pro
3513 5254 3594 5306 ﬁr-

2023 5350 2226 5403 mitatis
2285 5364 2518 5418 namque
2567 5348 2747 5404 studio
2797 5349 3117 5418 deprecatus
3181 5355 3267 5403 est
3314 5348 3591 5417 praedictus

2020 5438 2205 5494 Justus
2227 5439 2410 5504 abbas,
2455 5449 2510 5494 et
2535 5427 3091 5509 omnis'congregatio
3127 5439 3323 5494 ibidem
3355 5436 3463 5490 Deo
3485 5450 3586 5488 ser-

2019 5531 2192 5596 viens,
2249 5541 2308 5584 ut
2354 5542 2637 5599 paternum
2684 5545 2889 5586 morem
2930 5538 3244 5599 sequentes,
3293 5523 3580 5597 hujusnmdi

412 5656 435 5680 ιι
465 5643 564 5722 llic
587 5654 665 5698 est
697 5645 877 5702 Justus
909 5650 1094 5718 abbas,
1147 5653 1230 5707 cui
1265 5652 1517 5708 Claudius
1559 5649 1905 5706 Taurincnsis
1943 5646 2224 5722 episcopus
2297 5661 2448 5702 suum
2494 5648 2546 5699 in
2582 5647 2889 5714 Matthrcum
2958 5645 3412 5702 Commentarium
3457 5657 3578 5698 nun-

339 5713 569 5784 cupavit.
