3946 6174
324 333 459 388 1017

1418 327 1809 384 DIPLOMATA
1851 322 2404 385 ECCLESIASTICA.

3442 342 3571 396 lfli‘S

318 457 522 502 nostra:
553 447 908 499 immnnitatis
937 457 1262 514 pra-ceptum
1309 447 1452 500 eirea
1491 446 1665 514 ipsum
1709 458 1895 497 mona-
1922 438 1974 497 Α
1997 443 2222 510 Christi,
2246 445 2569 512 Ludovicus,
2589 447 2766 503 divina
2798 451 3079 506 ordinante
3100 456 3573 524 providentia,im-

317 540 541 595 stcrium
568 538 682 591 ﬁeri
712 553 1076 592 censeremus.
1129 538 1366 603 Quorum
1393 537 1638 606 petitioni
1665 535 1893 589 libenter

313 644 594 685 assensum
634 628 959 698 przehuimus
996 634 1053 681 et
1093 636 1291 682 nostra:
1318 626 1657 681 auctoritatis
1697 640 1896 694 praece-

311 731 464 790 ptum
508 734 637 788 erga
683 721 859 788 ipsum
910 719 1298 774 monasterium
1347 718 1704 772 immunitatis
1733 726 1894 786 atque

311 811 560 869 tuitionis
599 811 772 881 gratia
817 826 916 881 pro
944 811 1111 865 divini
1161 811 1339 865 cultus
1386 826 1570 865 amore
1596 819 1652 865 et
1699 812 1892 864 animae

310 909 511 956 nostrae
538 902 780 956 remedio
826 901 943 956 ﬁeri
987 901 1360 964 decrevimus;
1414 915 1511 970 per
1537 901 1680 970 quod
1704 901 1891 970 praeci-

308 992 488 1060 pimus
529 1000 691 1063 atque
723 991 976 1060 jubemus
999 1000 1060 1045 ut
1083 991 1260 1046 nullus
1283 990 1446 1068 judex
1477 991 1742 1061 publicus,
1792 1007 1892 1046 nec

309 1080 560 1149 quislibet
587 1095 654 1136 ex
677 1080 962 1150 judiciaria
989 1088 1280 1150 potestate,
1313 1091 1409 1144 aut
1443 1081 1584 1136 ullus
1612 1097 1680 1136 ex
1720 1081 1890 1136 ﬁdeli-

308 1171 410 1227 bus
453 1171 654 1226 nostris
680 1211 694 1236 ,
735 1179 844 1225 tam
892 1171 1254 1241 praesentibus
1280 1188 1444 1242 quam
1487 1181 1544 1227 et
1572 1171 1786 1237 futuris,
1830 1173 1885 1225 in

307 1260 564 1315 ecclesias
592 1269 686 1315 aut
722 1260 839 1316 loca
862 1261 947 1316 vel
971 1277 1128 1332 agros
1153 1303 1168 1328 ,
1203 1277 1296 1318 seu
1329 1263 1562 1332 reliquas
1590 1265 1888 1332 possessio-

303 1367 432 1418 nes,
471 1367 607 1422 quas
643 1353 902 1408 moderno
926 1360 1168 1424 tempore
1196 1355 1248 1408 in
1297 1354 1627 1423 quibuslibet
1650 1355 1804 1424 pagis
1830 1364 1884 1409 et

304 1443 591 1496 territoriis
623 1441 763 1496 infra
789 1443 1049 1496 ditionem
1093 1443 1305 1512 imperii
1332 1443 1501 1498 nostri
1539 1445 1686 1513 juste
1715 1461 1779 1498 ac
1813 1445 1887 1500 le—

301 1533 495 1603 galiter
519 1533 780 1602 possidet,
819 1532 903 1587 vel
928 1548 992 1587 ea
1019 1548 1139 1602 quae
1163 1533 1418 1602 deinceps
1465 1534 1520 1586 in
1558 1533 1684 1602 jure
1713 1535 1883 1603 ipsius

300 1623 476 1677 sancti
505 1622 606 1676 loci
634 1629 726 1675 aut
772 1637 876 1692 per
899 1637 997 1676 nos
1031 1632 1123 1677 aut
1150 1638 1248 1691 per
1276 1623 1411 1678 alios
1445 1623 1676 1677 voluerit
1702 1623 1882 1677 divina

299 1715 474 1784 pietas
520 1714 724 1784 augeri,
775 1714 840 1768 ad
873 1729 1067 1768 causas
1109 1714 1436 1780 audiendas,
1485 1715 1570 1769 vel
1609 1713 1759 1770 freda
1788 1724 1882 1769 aut

1995 543 2212 604 perator
2236 534 2528 606 Augustus.

2064 625 2198 680 Cum
2223 627 2575 695 petitionibus
2608 643 2884 685 servorum
2915 631 3010 685 Dei
3047 632 3210 703 jnstis
3245 646 3299 690 et
3328 641 3567 695 rationa-

1992 715 2189 770 bilibus
2223 716 2390 771 divini
2431 717 2605 773 cultus
2634 734 2817 774 amore
2844 719 3105 785 favemus,
3137 727 3352 793 superni
3384 745 3575 793 mune-

1993 807 2069 861 ris
2094 808 2291 862 donum
2321 808 2474 862 nobis
2504 822 2535 862 a
2561 809 2793 864 Domino
2819 812 3080 880 impertiri
3127 792 3416 871 credimus.
3471 792 3572 888 ΙεῑΖ

1991 905 2080 952 tur
2103 907 2290 953 notum
2313 900 2385 954 sit
2407 899 2657 955 omnibus
2682 901 2929 958 ﬁdelibus
2959 913 3162 959 sanctae
3187 907 3282 961 Dei
3318 909 3574 966 Ecclesia:

1990 1002 2055 1042 ac
2102 989 2345 1054 nostris,
2399 991 2755 1059 prasentibus
2799 992 3006 1048 scilicet
3053 1001 3108 1049 et
3159 995 3355 1051 futuris
3382 1038 3396 1062 ,
3445 1002 3571 1068 quia

1988 1079 2165 1132 Hauto
2193 1079 2329 1134 abba
2357 1093 2424 1133 ex
2451 1092 2476 1119 ι
2508 1083 2836 1136 monasterio
2866 1093 3177 1139 sanctorum
3205 1089 3570 1155 apostolorum

1987 1169 2130 1224 Petri
2157 1178 2214 1224 et
2245 1170 2419 1234 Pauli,
2459 1171 2601 1240 quod
2633 1180 2715 1226 est
2744 1173 2907 1245 situm
2941 1175 2995 1228 in
3034 1175 3166 1230 silva
3201 1193 3320 1247 quae
3345 1189 3573 1234 vocatur

1987 1261 2162 1316 Dervo
2187 1302 2202 1326 ,
2250 1261 2340 1314 ubi
2372 1260 2565 1316 fluvius
2597 1262 2895 1318 Alsmantia
2935 1266 3236 1336 ingreditur
3266 1270 3318 1323 in
3350 1271 3568 1340 Vigera.

1986 1350 2038 1403 in
2066 1365 2204 1420 pago
2230 1349 2523 1416 Pertense,
2565 1353 2802 1407 ostendit
2835 1355 2991 1409 nobis
3039 1356 3431 1413 immunitatem
3483 1362 3569 1415 avi

1984 1442 2155 1495 nostri
2184 1441 2395 1510 Pippini
2429 1443 2570 1513 regis
2595 1483 2610 1507 ,
2655 1443 2708 1496 in
2737 1459 2841 1513 qua
2873 1455 2992 1500 erat
3035 1447 3297 1503 insertum
3337 1451 3570 1520 qualiter

1985 1531 2099 1601 ipse
2128 1539 2182 1585 et
2208 1540 2584 1586 antecessores
2625 1533 2741 1603 ejus
2768 1575 2783 1599 ,
2836 1551 2992 1606 reges
3037 1537 3288 1594 videlicet
3336 1540 3574 1595 Franco-

1982 1636 2136 1686 rum,
2192 1621 2365 1690 ipsum
2414 1625 2806 1676 monasterium
2852 1639 3068 1695 semper
3102 1630 3203 1683 sub
3250 1630 3566 1698 plenissima

1981 1709 2294 1765 defensione
2333 1718 2389 1765 et
2431 1711 2792 1768 immunitatis
2837 1716 3066 1771 tuitione
3115 1719 3447 1775 habuissent.
3489 1722 3570 1777 0b

299 1805 502 1861 tributa
527 1805 811 1876 exigenda,
843 1813 938 1859 aut
964 1805 1272 1860 mansiones
1310 1805 1394 1860 vel
1422 1815 1641 1875 paratas
1677 1806 1879 1860 facien-
1909 1795 1954 1853 B
1982 1800 2292 1855 ﬁrmitatem
2353 1810 2530 1856 tamen
2596 1805 2674 1857 rei
2725 1806 3018 1873 postulavit
3071 1809 3226 1865 nobis
3279 1813 3570 1880 przedietus

298 1899 420 1962 das,
453 1904 548 1951 aut
583 1895 928 1964 ﬁdejussores
975 1895 1267 1959 tollendos,
1308 1905 1402 1949 aut
1444 1896 1689 1952 homines
1715 1896 1882 1965 ipsius

298 1987 632 2053 monasterii,
664 1995 779 2041 tam
799 1987 1062 2058 ingenuos
1088 2002 1254 2057 quam
1275 1994 1330 2042 et
1351 2002 1560 2051 servos,
1588 2002 1750 2057 super
1777 1995 1883 2042 ter-

298 2097 416 2135 ram
460 2080 625 2150 ipsius
665 2087 1070 2134 commanentes
1111 2078 1542 2148 distringendos,
1597 2093 1699 2133 nec
1742 2077 1880 2132 ullas

298 2161 683 2226 redhibitiones
733 2178 826 2223 aut
875 2169 1092 2224 illicitas
1137 2170 1456 2223 occasiones
1504 2168 1875 2238 requirendas,

297 2263 498 2318 nostris
517 2277 617 2317 nee
647 2260 840 2314 futuris
865 2260 1193 2329 temporibus
1218 2258 1425 2328 ingredi
1444 2259 1662 2323 audeat,
1687 2274 1789 2313 nec
1815 2274 1877 2313 ea

295 2367 414 2422 quae
444 2366 606 2420 supra
644 2357 941 2406 memorata
980 2357 1125 2412 sunt,
1173 2349 1390 2416 penitus
1432 2349 1651 2416 exigere
1676 2363 1880 2416 praesu-

297 2448 430 2495 mat.
482 2439 751 2508 Quidquid
777 2438 943 2494 etiam
989 2439 1056 2492 de
1082 2435 1320 2506 praefatis
1351 2437 1513 2490 rebus
1555 2437 1876 2491 monasterii

295 2533 460 2588 ﬁscus
484 2531 700 2602 exigere
722 2538 953 2601 poterat,
986 2531 1042 2584 in
1073 2530 1342 2600 integrum
1368 2544 1468 2598 pro
1493 2537 1695 2584 aeterna
1725 2531 1878 2584 retri-

294 2621 515 2678 butione
558 2623 735 2678 eidem
778 2621 1128 2677 concedimus
1177 2622 1540 2686 monasterio;
1581 2621 1789 2677 scilicet
1821 2631 1878 2677 ut

292 2712 620 2783 perennibus
671 2712 1003 2781 temporibus
1045 2712 1100 2765 in
1146 2711 1456 2766 alimoniam
1485 2727 1779 2782 pauperum
1825 2721 1879 2769 et

291 2803 557 2873 stipendia
582 2803 969 2858 monachorum
999 2801 1197 2858 ibidem
1223 2801 1333 2857 Deo
1356 2801 1732 2858 famulantium
1755 2819 1877 2874 pro-

294 2893 442 2948 ﬁciat
464 2893 519 2946 in
546 2899 914 2962 augmentum.
965 2891 1032 2945 Et
1073 2892 1288 2962 quando
1317 2891 1533 2961 quidem
1576 2893 1758 2948 divina
1783 2911 1876 2950 vo-

291 2985 506 3039 catione
548 2983 888 3054 supradictus
915 2982 1084 3038 abbas
1106 3023 1121 3046 ,
1171 2982 1257 3037 vel
1287 2998 1632 3040 successores
1665 2986 1783 3056 ejus
1811 2987 1875 3042 de

292 3076 394 3131 hac
417 3075 538 3131 hace
568 3075 944 3146 migraverint,
984 3075 1230 3146 quandiu
1249 3075 1351 3146 ipsi
1378 3077 1628 3131 monachi
1655 3078 1796 3133 inter
1814 3093 1872 3134 se

1983 1890 2180 1956 Hauto,
2227 1899 2287 1945 ut
2316 1892 2562 1947 eamdem
2608 1896 2985 1950 auctoritatem
3014 1898 3082 1952 ob
3113 1914 3354 1956 amorem
3386 1902 3480 1957 Dei
3514 1914 3571 1958 et

1982 1983 2340 2036 reverentiam
2384 1983 2553 2052 ipsius
2597 1985 2768 2063 sancti
2807 1986 2944 2052 loci,
2991 1997 3177 2043 nostra
3220 1992 3570 2050 conﬁrmare-

1981 2088 2102 2129 mus
2144 2074 2484 2128 auctoritate.
2541 2074 2706 2146 Cujus
2753 2079 3003 2145 petitioni
3037 2081 3266 2138 libenter
3297 2087 3569 2154 acquievi-

1980 2179 2100 2219 mus
2155 2173 2209 2219 et
2261 2165 2363 2219 hoc
2405 2177 2734 2235 przeceptum
2781 2170 3120 2225 auctoritatis
3168 2149 3376 2228 nostra;
3418 2177 3566 2233 circa

1980 2256 2154 2326 ipsum
2201 2263 2450 2310 sanctum
2497 2256 2672 2311 locum
2717 2258 2829 2313 ﬁeri
2873 2261 3248 2328 decrevimus,
3298 2281 3396 2335 per
3423 2272 3565 2337 quod

1971 2344 2224 2412 jubemus
2245 2354 2407 2414 atque
2431 2348 2774 2417 przeeipimus
2800 2358 2860 2404 ut
2895 2367 3056 2405 nemo
3081 2351 3316 2408 ﬁdelium
3348 2368 3565 2414 nostro-

1979 2450 2122 2499 rum,
2173 2435 2257 2488 vel
2285 2434 2541 2503 quislibet
2578 2452 2644 2491 cx
2681 2436 2968 2506 judiciaria
3000 2449 3267 2508 potestate
3311 2444 3364 2498 in
3394 2448 3567 2502 eccle-

1979 2524 2088 2579 sias
2133 2533 2227 2577 aut
2254 2523 2373 2578 loca
2413 2525 2498 2580 vel
2530 2542 2726 2596 agros,
2781 2543 2876 2582 seu
2921 2529 3157 2601 reliquas
3198 2537 3568 2602 possessiones

1977 2614 2223 2683 praedicti
2251 2616 2599 2680 monasterii,
2633 2632 2766 2686 quas
2790 2619 3050 2674 moderno
3078 2630 3319 2693 tempore
3341 2625 3487 2694 juste
3514 2640 3569 2685 et

1978 2710 2368 2766 rationabiliter
2418 2713 2675 2782 possidet,
2709 2714 2792 2768 vel
2834 2729 2898 2770 ea
2936 2731 3056 2784 qum
3093 2717 3350 2791 deinceps
3398 2723 3449 2777 in
3477 2726 3567 2795 jus

1979 2801 2149 2870 ipsius
2191 2802 2506 2856 monasterii
2552 2802 2782 2857 voluerit
2826 2805 3009 2859 divina
3035 2808 3207 2876 pietas
3238 2813 3444 2882 augeri,
3497 2817 3561 2868 ad

1978 2907 2170 2948 causas
2198 2893 2512 2959 audiendas,
2563 2894 2655 2948 vel‘
2692 2895 2838 2950 freda
2877 2898 3136 2968 exigenda
3156 2941 3170 2966 ,
3202 2910 3296 2955 aut
3325 2905 3563 2961 mansio-

1975 2999 2074 3039 nes
2097 2983 2179 3040 vel
2203 2992 2422 3054 paratas
2449 2984 2742 3050 faciendas,
2774 2994 2868 3040 aut
2898 2987 3242 3059 ﬁdejnssores
3271 2993 3558 3063 tollendos,

1977 3085 2071 3130 aut
2094 3077 2340 3131 homines
2368 3076 2609 3146 ejusdem
2641 3078 2954 3132 monasterii
2999 3079 3198 3148 injuste
3236 3083 3564 3156 distringen-

293 3165 424 3220 tales
469 3165 713 3219 invenire
759 3172 1015 3234 poterunt
1045 3165 1138 3234 qui
1186 3166 1357 3234 ipsam
1400 3169 1870 3238 congregationem
1899 3147 1942 3208 C
1975 3166 2094 3230 dos,
2136 3181 2237 3220 nec
2266 3165 2401 3220 ullas
2430 3166 2818 3221 redhibitiones
2859 3177 2950 3222 aut
2983 3147 3200 3226 illicitas
3249 3147 3564 3236 occasiones

291 3261 582 3314 secundum
611 3258 848 3329 regulam
878 3259 1052 3314 sancti
1095 3259 1374 3315 Benedicti
1419 3275 1609 3331 regere
1634 3260 1869 3328 valeant,

290 3364 387 3418 per
414 3351 554 3405 hanc
578 3358 820 3406 nostram
845 3350 1222 3405 auctoritatem
1263 3360 1320 3405 et
1354 3365 1677 3405 consensum
1707 3349 1875 3405 licen-

291 3442 422 3495 tiam
447 3440 673 3510 eligendi
717 3441 940 3496 abbates
983 3440 1367 3506 concedimus;
1426 3450 1694 3511 quatenus
1739 3441 1872 3510 ipsis

290 3531 570 3589 monachis
606 3531 698 3601 qui
731 3531 928 3586 ibidem
976 3531 1088 3586 Deo
1132 3531 1384 3608 famulari
1421 3531 1673 3587 videntur
1696 3573 1710 3598 ,
1746 3547 1869 3587 cum

287 3623 450 3678 rebus
475 3622 568 3678 vel
601 3623 910 3678 hominibus
931 3621 1107 3677 eidem
1127 3625 1458 3679 monasterio
1485 3623 1872 3693 aspicientibus

289 3716 380 3773 vel
394 3716 789 3790 pertinentibus
807 3756 822 3782 ,
864 3715 967 3770 sub
992 3714 1236 3769 tuitionis
1261 3714 1346 3769 vel
1387 3715 1744 3769 immunitatis
1774 3729 1872 3770 no-

287 3815 414 3863 stra:
447 3805 759 3864 defensione
782 3846 796 3870 ,
833 3812 1040 3861 remota
1069 3804 1232 3858 totius
1261 3805 1459 3874 iniquae
1483 3805 1768 3874 potestatis
1789 3805 1873 3858 in-

287 3899 600 3973 quietudine
616 3940 630 3964 ,
662 3899 844 3968 quieto
870 3898 1060 3954 ordine
1085 3897 1364 3967 possidere
1384 3904 1440 3951 et
1462 3913 1562 3967 pro
1590 3897 1874 3952 incolumi-

287 3997 397 4045 tate
437 3998 637 4046 nostra:
665 3989 908 4061 conjugis
932 3996 987 4044 et
1010 3988 1212 4058 prolis,
1259 4001 1356 4043 seu
1385 3988 1548 4042 etiam
1579 3989 1745 4044 totius
1773 3989 1873 4044 im-

286 4082 424 4152 perii
467 4097 499 4137 a
533 4082 644 4138 Deo
668 4082 825 4138 nobis
867 4080 1045 4137 collati
1085 4088 1140 4136 et
1166 4079 1282 4151 ejus
1328 4080 1750 4136 clementissima
1777 4082 1874 4137 mi-

287 4172 558 4228 seratione
599 4179 858 4242 perpetuo
883 4170 1262 4236 conservandi,
1289 4169 1384 4225 Dei
1426 4185 1524 4240 per
1551 4171 1871 4227 immensam

287 4262 632 4319 clementiam
672 4261 876 4332 jugiter
925 4276 1153 4317 exorare
1207 4261 1458 4334 delectet.
1517 4261 1670 4317 Hanc
1709 4263 1872 4334 igitur

288 4354 664 4410 auctoritatem
687 4395 702 4419 ,
747 4362 807 4408 ut
834 4353 1131 4424 pleniorem
1183 4353 1239 4407 in
1270 4353 1381 4410 Deo
1412 4353 1661 4409 obtinere
1695 4353 1871 4408 valeat

285 4445 550 4516 vigorem,
593 4453 649 4499 et
677 4459 708 4499 a
731 4443 975 4499 ﬁdelibus
1002 4451 1203 4498 sanctae
1236 4442 1492 4500 Ecclesiae
1527 4452 1583 4499 et
1612 4459 1642 4498 a
1669 4444 1870 4500 nostris

287 4535 573 4590 roboretur
597 4575 613 4601 ,
657 4543 714 4588 et
745 4535 928 4589 verius
967 4533 1252 4600 credatur,
1293 4540 1348 4588 et
1383 4533 1694 4606 diligentius
1742 4549 1871 4589 con-

287 4632 556 4688 servetur,
589 4639 752 4677 manu
772 4623 992 4694 propria
1017 4623 1574 4691 subtcrﬁrmavimus,
1605 4634 1660 4682 et
1682 4625 1868 4681 annuli

287 4715 466 4784 nostri.
488 4715 839 4786 impressione
865 4715 1063 4786 signari
1084 4713 1368 4782 jussimus.

358 4806 582 4878 Signum
611 4805 866 4862 Ludovici
893 4806 1226 4862 serenissimi
1250 4807 1611 4876 imperatoris.

361 4897 672 4954 Helisachar
698 4897 1005 4968 recognovi.

361 4992 497 5046 Data
522 5008 562 5046 ιι
587 4991 712 5047 ldus
735 4990 920 5054 Febr.,
944 5004 1106 5054 anno,
1135 4987 1352 5044 Christo
1385 4989 1637 5060 propitio,
1671 4991 1728 5044 Η
1763 4992 1862 5045 im—

290 5083 426 5155 perii
455 5083 655 5139 domini
683 5082 877 5147 nostri,
905 5081 1197 5137 indictione
1225 5082 1278 5136 8.
1314 5081 1509 5136 Actum
1537 5081 1861 5154 Aquisgrani

287 5176 487 5249 palatio
513 5174 663 5244 regio
685 5173 740 5228 in
765 5172 859 5227 Dei
888 5172 1103 5226 nomine
1129 5170 1381 5226 feliciter.
1409 5171 1600 5225 Amen.

984 5261 1172 5316 XXiX.

694 5348 795 5388 PRO
820 5346 1156 5387 IONASTERIO
1181 5348 1457 5388 DERVENSI.

889 5402 1059 5471 (Anno
1085 5400 1236 5470 815.)

293 5477 468 5550 [Apud
515 5477 576 5532 D.
623 5475 893 5550 Bouqu_et._
934 5471 1086 5534 ibid.,
1122 5486 1242 5539 pag.
1273 5472 1398 5550 ςξῖϐ,
1446 5488 1509 5527 ex
1542 5471 1871 5526 chartulario

802 5541 964 5610 hujus
991 5541 1354 5611 monasterii.]

363 5641 419 5694 In
458 5639 674 5693 nomine
705 5633 915 5691 Domini
962 5631 1056 5685 Dei
1087 5638 1140 5684 et
1179 5629 1476 5685 Salvatoris
1528 5630 1696 5684 nostri
1743 5629 1867 5684 Jcsu

371 5766 399 5796 ι
435 5749 598 5822 Vulgo
665 5748 890 5803 Moun’rr
923 5740 1159 5807 cit—Der,
1230 5742 1283 5795 in
1343 5742 1559 5796 (litrresi
1619 5739 2024 5796 Catalauncnsi.

1977 3257 2368 3327 requirendas,
2412 3257 2615 3312 nostris
2643 3264 2698 3312 et
2739 3256 2934 3313 futuris
2980 3263 3311 3331 temporibus
3356 3266 3566 3337 ingredi

1976 3348 2204 3413 audeat,
2252 3348 2335 3403 vel
2365 3363 2427 3403 ea
2456 3363 2577 3419 quae
2605 3364 2768 3418 supra
2811 3359 3106 3406 memorata
3136 3363 3297 3420 sunt,
3349 3359 3566 3426 penitus

1974 3439 2194 3510 exigere
2219 3447 2532 3508 przesumat.
2566 3437 2674 3494 Sed
2699 3439 2861 3495 liceat
2899 3452 3201 3499 memorato
3227 3446 3405 3501 abbati
3429 3449 3563 3504 suis-

1976 3544 2080 3599 que
2107 3531 2512 3586 successoribus
2558 3546 2648 3585 res
2682 3531 2926 3601 praedicti
2969 3536 3287 3589 monasterii
3328 3539 3428 3593 sub
3456 3539 3560 3593 im-

1977 3620 2258 3674 manitatis
2279 3629 2477 3675 nostra:
2498 3619 2812 3674 defensione
2838 3621 3022 3689 quieto
3045 3624 3233 3678 ordine
3260 3627 3556 3693 possidere.

1976 3709 2042 3763 Et
2066 3709 2324 3778 quidquid
2348 3710 2543 3764 exinde
2578 3709 2670 3780 jus
2699 3710 2814 3764 ﬁsci
2841 3711 3059 3782 exigere
3086 3722 3298 3781 poterat
3321 3756 3336 3781 ,
3387 3725 3559 3773 totum

1976 3813 2074 3854 nos
2115 3815 2214 3868 pro
2262 3806 2463 3853 aeterna
2497 3800 2935 3854 remuneratione
2970 3801 3195 3871 praefato
3226 3809 3554 3863 monasterio

1976 3886 2340 3950 concedimus,
2393 3885 2531 3939 utin
2564 3884 2820 3940 alimonia
2850 3901 3148 3957 pauperum
3195 3899 3248 3946 et
3293 3893 3556 3963 stipendia

1975 3991 2254 4032 servorum
2282 3976 2480 4031 ibidem
2509 3977 2620 4032 Deo
2667 3975 3043 4032 famulantium
3071 3980 3319 4050 proﬁciat
3361 4000 3555 4052 peren-

1975 4068 2136 4124 nibus
2179 4067 2510 4138 temporibus
2555 4068 2612 4122 in
2658 4076 3044 4138 augmentum,
3100 4081 3366 4141 quatenus
3410 4076 3557 4144 ipsos

1977 4175 2164 4218 servos
2205 4161 2301 4217 Dei
2332 4161 2433 4230 qui
2471 4161 2672 4217 ibidem
2703 4161 2814 4217 Deo
2856 4161 3215 4232 famulantur,
3262 4181 3361 4236 pro
3401 4169 3556 4224 nobis

1975 4263 2031 4311 et
2055 4254 2280 4326 conjuge
2313 4254 2578 4324 proleque
2598 4262 2803 4318 nostra,
2852 4263 2915 4310 et'
2932 4257 3032 4327 pro
3065 4257 3360 4315 stabilitate
3391 4261 3555 4319 totius

1977 4345 2188 4416 imperii
2223 4361 2255 4400 a
2283 4345 2393 4400 Deo
2420 4346 2576 4401 nobis
2603 4346 2790 4402 collati
2823 4348 2907 4403 vel
2944 4352 3319 4418 conservandi,
3351 4352 3556 4424 jugiter

1977 4437 2191 4492 Domini
2219 4437 2644 4492 misericordiam
2671 4451 2898 4494 exorare
2947 4440 3196 4496 delectet.
3247 4444 3314 4498 Et
3347 4455 3406 4498 ut
3436 4446 3553 4501 haec

1976 4527 2273 4583 auctoritas
2298 4567 2314 4592 ,
2363 4526 2591 4582 Domino
2641 4535 2990 4596 protegente,
3024 4529 3202 4582 valeat
3237 4532 3551 4588 inconvulsa

1975 4634 2216 4684 manere,
2248 4635 2410 4674 manu
2438 4619 2657 4689 propria
2695 4618 3239 4687 subterﬁrmavimus,
3283 4631 3339 4677 et
3367 4625 3550 4684 annuli

1973 4710 2143 4766 nostri
2174 4710 2530 4779 impressione
2551 4709 2754 4780 signari
2775 4708 3055 4778 jussimus.

2045 4801 2270 4870 Signum
2300 4801 2556 4856 Ludovici
2587 4800 2815 4870 piissimi
2837 4801 3199 4870 imperatoris.

2045 4891 2332 4946 Durandus
2386 4891 2644 4946 diaconus
2687 4893 2756 4946 ad
2801 4891 2974 4947 vicem
3031 4892 3347 4949 llelisachar
3398 4909 3548 4950 reco-

1973 4983 2176 5052 gnovit.

2040 5074 2172 5128 Data
2202 5089 2239 5127 n
2277 5073 2394 5126 Kal.
2429 5073 2808 5139 Martii,anno,
2832 5071 3048 5130 Christo
3072 5074 3324 5145 prapitio,
3354 5075 3408 5129 ll
3442 5076 3548 5130 im-

1971 5164 2109 5234 perii
2144 5164 2326 5220 domui
2376 5163 2632 5220 Ludovici
2679 5165 2906 5234 piissimi
2957 5165 3204 5236 Augusti,
3259 5166 3550 5221 indictione

1973 5255 2026 5309 8.
2056 5255 2251 5311 Actum
2279 5255 2601 5324 Aqu-isgrani
2646 5255 2845 5326 palatio
2889 5255 3037 5326 regio
3086 5256 3140 5310 in
3187 5255 3279 5311 Dei
3327 5257 3550 5313 nomine

1974 5345 2216 5401 feliciter.
2251 5345 2440 5400 Amen.
