3940 6180
450 325 587 383 {NQ
1542 313 1865 372 LUDOVICI
1901 313 1922 370 l
1957 309 2426 369 COGNOMENTO
2464 307 2550 364 ΡΠ
3534 307 3644 366 nec

1158 433 1326 488 χχχ,
2059 427 2111 486 Α
2135 424 2203 478 ad
2233 424 2583 479 festivitatem
2615 421 2782 492 ipsius
2817 419 2960 475 beati
2993 419 3234 490 martyris
3258 420 3510 491 Gorgonii,
3533 425 3648 491 quod

843 545 940 582 rno
976 541 1313 582 nosasremo
1343 538 1640 579 conztesst.
2137 527 2223 574 est
2241 535 2272 572 v
2295 519 2417 574 ldus
2440 516 2795 588 Septembris,
2823 515 3024 569 solidos
3055 515 3284 584 quinque
3299 515 3528 570 denarios
3547 558 3558 578 .
3577 528 3652 573 aut

1066 617 1238 690 (Anno
1263 617 1412 682 815.)
2134 617 2398 680 quantum
2424 610 2491 664 de
2518 623 2643 664 cera
2674 608 2847 678 pretio
2875 614 3025 660 tanto
3068 617 3364 676 comparata
3386 608 3648 677 patefaciat.

575 731 750 803 [Apud
781 731 840 784 ι).
878 730 1131 795 Calmet.,
1160 728 1300 782 Hist.
1330 727 1574 796 Lothar.,
1603 741 1726 799 pag.
1755 724 1906 798 298.]
2135 702 2289 769 Quod
2311 702 2356 803 ξί
2381 701 2448 756 de
2477 701 2592 803 ips?
2613 713 2779 754 cens“
2801 697 3082 803 ηεξιίβθηξ
3103 705 3195 803 τξυί
3215 698 3388 803 ιθῗδυξ
3407 699 3650 803 εξεξῖιέτίιν

431 900 433 902 _
521 843 576 896 ln
607 843 822 916 nomine
859 842 1071 896 Domini
1118 841 1211 896 Dei
1252 857 1317 895 ac
1362 839 1659 894 Salvatoris
1701 836 1876 893 nostri
1906 835 2034 891 Jesu
2922 789 3652 916 εξῗηξὶξὶυῗῇρεῗδξὲῗὶῗ

451 932 672 987 Christi.
702 930 896 986 Amen.
919 931 1245 996 Ludovicus,
1277 931 1460 985 divina
1489 928 1773 985 ordinante
1802 927 2035 983 clemen-

451 1023 550 1086 tia,
569 1023 862 1092 imperator
888 1021 1184 1093 Augustus.

521 1113 656 1170 Cum
692 1115 899 1184 justum
927 1130 1046 1169 esse
1076 1123 1292 1169 constat
1337 1123 1399 1168 ut
1433 1113 1628 1184 regalis
1659 1119 1822 1182 atque
1867 1112 2037 1182 impe-

450 1207 603 1262 rialis
631 1215 872 1277 potestas
908 1209 992 1262 his
1021 1206 1237 1278 aliquod
1282 1223 1479 1261 munus
1501 1206 1775 1276 impertiat
1805 1221 2036 1275 quorum

452 1299 751 1354 necessitas
792 1300 891 1353 hoc
917 1300 1190 1368 postulare
1219 1299 1644 1370 comprobetur;
1673 1314 1904 1370 cumque
1926 1314 2035 1353 non

452 1389 633 1443 minus
661 1389 929 1457 aequitatis
969 1389 1102 1444 ordo
1126 1389 1342 1443 videtur
1383 1391 1604 1459 exigere
1642 1396 1702 1443 ut
1725 1390 1813 1444 his
1846 1390 2037 1444 eadem

451 1479 690 1547 potentia
723 1479 946 1534 liberius
976 1495 1162 1533 aurem
1204 1479 1598 1544 accommodet,
1639 1487 1696 1534 et
1720 1494 1910 1534 eorum
1939 1494 2035 1548 pe-

455 1568 672 1622 titiones
708 1569 772 1622 ad
807 1567 1058 1623 effectum
1104 1569 1382 1638 perducat,
1432 1585 1663 1641 quorum
1692 1569 1838 1624 ﬁdeli
1867 1569 2040 1624 famu-

454 1659 566 1712 latu
596 1659 884 1715 manifesta
926 1661 1227 1715 devotionis
1264 1661 1522 1731 obsequia
1555 1663 1994 1724 demonstrantur
2023 1679 2034 1714 :

457 1750 659 1804 idcirco
688 1760 872 1805 notum
911 1751 1026 1805 ﬁeri
1068 1754 1315 1807 volumus
1363 1753 1606 1806 omnium
1656 1751 1898 1807 ﬁdelium
1942 1767 2040 1807 no-

454 1850 689 1895 strorum
711 1849 816 1894 tam
848 1843 1194 1911 przesentium
1218 1858 1379 1912 quam
1406 1841 1708 1896 futurorum
1731 1841 2038 1910 sagacitati,

455 1931 689 2000 qualiter
713 1941 1032 2003 suggerente
1060 1942 1221 2001 atque
1260 1941 1478 2002 petente
1509 1933 1858 2003 Madephrido
1893 1931 2041 1987 fideli

455 2030 663 2086 nostro,
697 2037 784 2077 res
817 2023 1077 2091 quasdam
1105 2023 1510 2078 Thcodemarus
1539 2024 1883 2093 proprietatis
1910 2039 2039 2090 sum,

456 2128 578 2182 qua:
603 2121 725 2167 sunt
753 2113 804 2166 in
830 2129 966 2183 pago
997 2111 1380 2182 Scarponensi,
1410 2113 1463 2167 in
1493 2113 1598 2168 ﬁne
1626 2113 2042 2185 Thcodalciaga,

2137 897 2259 938 sum
2303 899 2433 938 vero
2464 897 2642 945 suum,
2676 881 2890 951 quando
2922 882 3000 936 sic
3035 881 3177 937 Deus
3200 883 3432 947 voluerit,
3462 885 3570 952 ipsae
3587 901 3655 941 res

2135 975 2274 1030 bene
2301 983 2436 1029 acta:
2477 989 2541 1028 ac
2577 974 2875 1029 melioraue
2908 975 3111 1043 absque
3135 976 3240 1030 ulla
3267 977 3653 1047 contradictione,

2135 1066 2222 1119 vel
2241 1067 2443 1136 judicis
2483 1065 2881 1135 assignatione,
2931 1066 2999 1119 ad
3017 1065 3131 1136 jam
3169 1064 3399 1120 futurum
3430 1079 3654 1125 monaste-

2137 1157 2278 1212 rium
2309 1159 2550 1213 redeant.
2606 1157 2720 1211 Hoc
2765 1171 2917 1221 vero,
2960 1157 3255 1211 auctoritas
3286 1158 3552 1214 clementia:
3583 1176 3650 1215 ιιοο

2138 1257 2268 1303 strze
2303 1257 2361 1302 ut
2394 1247 2688 1302 immobilis
2716 1253 2771 1300 et
2819 1246 3133 1301 inconvulsa
3180 1257 3501 1317 permaneat,
3531 1265 3654 1304 manu

2138 1349 2326 1396 nostra
2363 1340 2908 1406 subterﬁrmavimus,
2957 1348 3014 1395 et
3045 1340 3210 1396 bulla:
3254 1350 3442 1396 nostra:
3479 1341 3656 1411 impres

2137 1433 2288 1488 sione
2319 1432 2520 1502 signari
2546 1432 2828 1502 iussimus.

2211 1522 2436 1593 Signum
2465 1522 2726 1577 Ludovici
2754 1522 3095 1577 serenissimi
3127 1522 3288 1593 regis.

2225 1616 2340 1686 Ego
2371 1614 2658 1670 Durandus
2683 1614 2942 1668 diaconus
2977 1614 3048 1668 ad
3094 1614 3267 1669 vicem
3298 1610 3578 1668 Helisachar
3601 1628 3662 1670 re-

2141 1705 2393 1776 cognovi.

2069 1785 2116 1844 Β
2215 1799 2348 1852 Data
2377 1814 2410 1851 x
2431 1796 2550 1852 Kal.
2592 1797 2812 1869 Aprilis,
2847 1812 2993 1852 anno
3023 1798 3095 1853 ab
3129 1797 3478 1852 incarnatione
3501 1797 3659 1852 Domini

2147 1890 2274 1956 815,
2319 1889 2505 1945 ind-iet.
2535 1889 2590 1955 8,
2635 1897 2825 1959 epacta
2851 1889 2882 1942 7
2915 1897 3277 1944 concurrente
3301 1927 3316 1954 ,
3361 1903 3490 1942 anno
3522 1887 3661 1941 verni

2143 1980 2299 2051 regni
2344 1979 2600 2034 Ludovici
2637 1979 3006 2049 imperatoris.
3051 1977 3250 2034 Actum
3289 1978 3571 2049 Aquisgrani
3597 1991 3662 2047 pa-

2144 2069 2275 2126 latio
2297 2071 2446 2142 regio
2469 2071 2525 2125 in
2555 2069 2654 2125 Dei
2680 2069 2898 2125 nomine
2930 2063 3184 2125 feliciter.
3209 2068 3392 2124 Amen.

456 2211 512 2257 et
549 2203 603 2256 in
631 2203 734 2258 ﬁne
767 2202 1102 2270 Strammuse,
1134 2213 1190 2260 et
1219 2205 1271 2258 in
1295 2205 1400 2259 ﬁne
1430 2204 1877 2277 l‘lelimninciaga,
1907 2183 2045 2262 etvin
2852 2183 3046 2238 xxx“

458 2294 567 2348 ﬁne
594 2294 926 2365 Audomaga,
955 2303 1008 2348 et
1038 2295 1092 2348 in
1123 2295 1228 2349 ﬁne
1243 2290 1625 2366 Absolomaga,
1650 2305 1703 2352 et
1733 2297 1784 2350 in
1809 2297 1914 2352 ﬁne
1937 2297 2046 2352 Mu-
2533 2291 2633 2332 “‘0
2675 2291 3012 2332 δίοθίλετεκω
3045 2292 3343 2333 nummis"

457 2384 866 2450 nalabuvicuse,
892 2393 946 2438 et
980 2385 1033 2438 in
1063 2386 1169 2440 ﬁne
1196 2385 1590 2453 Halaricunise,
1617 2395 1672 2442 et
1697 2387 1752 2442 in
1777 2387 1883 2442 ﬁne
1908 2386 2046 2442 Cun—
2757 2369 2930 2441 (Αηηο
2965 2370 3124 2442 81⁵ο)

457 2475 764 2545 bolomaga.
810 2484 866 2530 et
914 2477 968 2529 in
1007 2477 1112 2530 ﬁne
1156 2477 1486 2548 Dodomaga,
1535 2487 1591 2533 et
1619 2479 1673 2533 in
1704 2477 1808 2533 ﬁne
1837 2478 2037 2533 Beden-

2148 2458 2288 2548 (Ηος
2333 2470 2381 2514 et
2415 2459 2668 2548 nonnulla
2712 2460 2821 2548 qlia
2854 2461 3111 2517 Ludovici
3157 2461 3248 2548 Pii
3285 2463 3662 2548 diplom‘atanqua:

458 2581 683 2632 necuse,
721 2573 776 2620 et
825 2566 877 2620 in
907 2566 1012 2621 ﬁne
1039 2567 1345 2639 Banomaga
1370 2609 1385 2634 ,
1419 2568 1471 2621 id
1515 2576 1628 2634 est,
1677 2577 1787 2622 tam
1818 2569 2042 2636 mansis,
2216 2529 3260 2657 ξέηῗιξῗξξιᾜῇῗξ’.ἒεξὲξξξξξξξξθθωω
3282 2529 3664 2602 mdwmropm

455 2657 620 2717 casis.
656 2656 900 2722 casulis;
938 2673 1062 2712 cum
1090 2657 1342 2713 omnibus
1369 2657 1612 2714 aediﬁciis
1638 2659 1870 2729 desuper
1892 2660 2042 2729 posi-

455 2748 550 2812 tis,
583 2748 805 2818 campis,
842 2713 1047 2818 pratis,
1091 2749 1282 2812 vineis,
1314 2749 1484 2814 silvis,
1534 2749 1696 2804 cultis
1721 2713 2042 2815 et'inciiltis,
2834 2713 3050 2770 XXX"-

458 2839 614 2906 aquis
641 2854 974 2910 aquarumve
1017 2839 1334 2895 decursibus
1357 2880 1373 2906 ,
1418 2841 1680 2910 quidquid
1713 2841 1780 2895 ab
1809 2842 1914 2896 hac
1957 2841 2047 2898 die
2575 2846 2676 2888 PR0
2697 2843 3005 2886 VIVANENSI
3033 2843 3309 2885 εοοιιεδιΑ·

457 2924 824 2982 Hertmannus
857 2929 1006 2983 visus
1034 2928 1135 2983 fuit
1159 2930 1379 2995 habere,
1405 2938 1460 2985 et
1487 2939 1810 3000 potestatem
1836 2931 2043 2998 habuit,
2647 2939 2677 2969 ⁸
2773 2919 2946 2992 (Αηηο
2993 2920 3152 2992 3'59

457 3025 634 3073 totum
659 3027 712 3072 et
739 3020 804 3073 ad
829 3020 1098 3091 integrum
1123 3021 1189 3074 ad
1215 3029 1426 3090 partem
1468 3024 1639 3078 sancti
1672 3021 1931 3095 Stephani
1959 3024 2037 3080 vel

2152 3012 2332 3088 [Apud
2360 3013 2424 3069 D.
2447 3009 2906 3098 Douquetqibid”
2931 3011 3073 3098 es}.
3107 3010 3434 3098 Columbiﬁe
3447 3009 3665 3078 rebusges—

460 3109 634 3164 sancti
661 3109 828 3175 Petri,
861 3081 1144 3167 velvsancti
1170 3081 1426 3183 Gorgonii
1453 3115 1538 3170 vel
1562 3117 1629 3170 ad
1658 3081 1834 3186 ipsu-m
1859 3133 2047 3174 mona-
2076 3141 2121 3204 ρ
2153 3081 2174 3088 —
2475 3085 2540 3139 ηδ
2564 3081 2726 3204 ipf“:
2752 3083 2956 3204 Vivit:
2985 3083 3084 3138 lib‘
3117 3100 3184 3204 _"'
3215 3099 3268 3137 Π·
3297 3081 3407 3204 5-0:]

459 3202 688 3256 sterium
719 3201 930 3258 Gorzire
959 3205 1285 3260 condonavit
1322 3207 1389 3260 ad
1437 3216 1646 3278 tempus
1688 3207 1910 3280 opm-io
1949 3212 2050 3268 ab-
2080 3187 2121 3204 υ
2226 3197 2286 3253 In
2311 3199 2530 3253 nomine
2563 3195 2840 3252 Dominiet
2855 3194 3163 3251 Salvatoris
3178 3195 3342 3251 nostri
3355 3194 3469 3250 Jesu
3491 3187 3666 3250 Christi,

461 3288 597 3355 bati,
651 3299 706 3346 et
736 3293 947 3362 accepit
985 3295 1038 3348 in
1077 3297 1381 3365 precariam
1412 3298 1466 3352 in
1501 3315 1639 3369 pago
1669 3290 2086 3372 Scarponensi,.
2155 3288 2678 3357 Ludovicus,divina
2701 3286 2993 3344 ordinante
3012 3287 3353 3358 providentia
3369 3285 3666 3354 a,imperator

462 3389 524 3438 et
551 3383 604 3436 in
633 3382 739 3462 ﬁne
760 3383 1087 3455 Banomaga,
1144 3387 1230 3440 vel
1264 3388 1316 3442 in
1346 3389 1458 3458 ipsa
1490 3391 1617 3445 villa
1652 3391 2053 3462 Banonocurte,
2156 3384 2452 3456 Αυειιδιυεο

463 3474 608 3529 sicut
635 3481 690 3529 et
729 3475 843 3544 ipsa
871 3477 1116 3545 precaria
1151 3478 1341 3544 docet,
1373 3487 1546 3535 totum
1573 3490 1630 3537 et
1662 3483 1728 3538 ad
1757 3484 2052 3555 integrum.
2231 3475 2291 3532 Si
2322 3474 2661 3532 δὸοθΐάοῐυω
2701 3489 2766 3530 ³ο
2793 3488 3079 3530 servorum
3108 3472 3370 3545 υθίὶυειίε
3384 3463 3669 3555 Ρθίίίίοοίβω

463 3560 662 3619 Postea
693 3565 842 3619 venit
871 3563 1138 3636 Magulfus
1159 3568 1444 3640 episc0pus
1472 3579 1636 3642 atque
1659 3575 1829 3630 abbas
1854 3553 1922 3631 die
1940 3577 2058 3648 ipso
2160 3567 2574 3636 θοαυίθεοῖωιιεν
2607 3566 2712 3620 hoc
2742 3564 2900 3618 ηοῦίδ
2930 3578 3066 3618 sane
3090 3563 3160 3618 δά
3205 3571 3449 3618 “emam
3489 3553 3670 3612 δ⁸³¹ίί¹¹⁴

466 3657 834 3724 monasterio,
891 3667 946 3714 et
997 3660 1169 3715 voluit
1227 3661 1397 3732 ipsam
1453 3665 1756 3734 precariam
1820 3647 2037 3726 cessare

2161 3657 2342 3713 dinem
2367 3655 2655 3726 provenire
2678 3653 3022 3710 conﬁdimus.
3053 3654 3265 3709 Idcirco
3287 3647 3552 3721 comperiat
3583 3656 3668 3697 om-

462 3744 992 3804 Tuncl‘lartmannus
1020 3766 1204 3807 comes
1224 3751 1292 3807 ad
1319 3758 1805 3813 nostramaccessit
1827 3759 2060 3817 clemen-
2160 3747 2313 3802 nium
2346 3745 2588 3801 ﬁdelium
2623 3753 2958 3809 nostrorum,
3018 3746 3369 3815 pmsentium
3417 3739 3587 3796 scilicet
3629 3740 3670 3786 et

462 3837 618 3903 tiam,
665 3838 964 3909 deprecans
990 3848 1048 3896 ut
1091 3843 1264 3914 ipsam
1289 3846 1595 3914 precariam
1621 3864 1785 3918 quam
1832 3866 1864 3904 a
1892 3866 2056 3923 supra
2161 3834 2468 3892 futurorum
2491 3833 2779 3900 industria,
2810 3835 2937 3904 quia
2979 3833 3067 3888 vir
3114 3831 3434 3890 venerabilis
3470 3827 3667 3923 Thomas,

461 3942 764 3988 memorato
809 3934 1006 3990 abbate
1040 3911 1264 4006 optario
1290 3911 1616 4010 acceperat,
1639 3911 1763 4012 ’ρετ
1809 3911 2037 4000 nostran

2159 3930 2445 4000 episcopus
2472 3926 2788 3983 Albensium
2813 3942 2909 3982 seu
2930 3924 3356 3990 Vivariensium,
3401 3919 3586 3975 veniens
3623 3911 3670 3965 ad

461 4025 886 4081 mandeburdam
913 4037 968 4082 et
997 4028 1275 4085 licentiam
1321 4032 1514 4088 diebus
1557 4034 1684 4090 vim
1724 4052 1861 4102 sum,
1914 4039 2057 4096 sicut
2159 4035 2280 4084 nos,
2311 4019 2634 4090 deprecatus
2685 4025 2771 4073 est
2820 4017 3203 4073 celsitudinem
3252 4022 3475 4071 nostram
3507 4017 3557 4062 ut
3600 4012 3670 4072 pro

460 4116 606 4172 inter
626 4135 722 4176 eos
750 4131 1100 4188 convenerat,
1151 4125 1353 4180 habere
1380 4128 1687 4196 potuisset:
1737 4129 1894 4200 cujus
1917 4134 2057 4202 peti.
2158 4119 2360 4168 ηοεῑΐῖὲ
2383 4109 2649 4166 ωθτοθάίε
2672 4118 2961 4179 augmento
3009 4110 3332 4180 Ρτὲἓάίοιέιῐη
3378 4104 3556 4202 εεάξεων
3579 4109 3669 4202 “in?

461 4211 704 4269 tionibus
740 4214 933 4270 domus
959 4215 1056 4272 Dei
1099 4217 1391 4275 utilitatem
1431 4197 1860 4290 considerantes,
1895 4197 2056 4297 capto
2157 4204 2635 4297 Ττθίτίδυδίδίίίθψ
2689 4205 2917 4297 υοιηίηο
2966 4204 3351 4297 “Wienm’us'
3405 4197 3491 4296 sui
3530 4197 3670 4297 “osi?

462 4301 706 4358 ﬁdelium
757 4316 1071 4364 nostrorum
1119 4312 1348 4367 consilio
1373 4352 1389 4379 ,
1444 4315 1772 4384 annuimus;
1831 4287 1889 4374 et
1933 4287 2054 4377 ideo
2158 4297 2472 4355 ἀθίθηδίθηθ
2497 4303 2552 4350 εί
2578 4296 2920 4351 ίῐηωυοίίλιθ
2964 4295 3378 4367 τθοίρθτθιηυδτ
3417 4287 3672 4384 cuius”???

462 4392 605 4449 hanc
646 4403 844 4451 nostrae
871 4399 1212 4456 auctoritatis
1241 4377 1583 4473 largitionem
1621 4377 1882 4476 praedicto
1908 4407 2054 4466 ﬁdeli
2161 4391 2294 4448 ῐίοηί
2328 4404 2614 4446 assensum
2649 4389 2976 4460 Ρτίὲυθυιθδν
3009 4402 3111 4458 Per
3161 4393 3375 4476 "05W?
3399 4377 3671 4476 ἒυθιοτίωυδ

462 4492 652 4538 nostro
680 4483 1038 4556 llartmanno,
1091 4491 1423 4562 expetitione
1450 4473 1730 4552 Madeiridi
1754 4485 1927 4555 ﬁdelis
1952 4515 2037 4556 no-

2154 4493 2488 4562 praeceptum
2508 4480 2836 4538 conﬁrmare
2857 4479 3191 4535 studuimus.
3217 4473 3670 4565 Przeeipientesnff:

461 4575 562 4628 atri
588 4591 652 4630 ac
694 4554 1178 4636 cmterorumﬁeri'
1207 4583 1570 4651 decrevimus,
1608 4602 1708 4657 per
1734 4605 1897 4659 quam
1943 4554 2054 4646 sta-
2075 4554 2115 4558 _
2154 4554 2226 4655 k0
2253 4554 2510 4649 105311195
2531 4581 2591 4628 “"-
2609 4565 2964 4641 ηυιίυδὶυάῧι
2988 4571 3262 4641 Ρῑιωίειιεν
3291 4579 3453 4659 neﬁlle
3472 4554 3670 4659 quidm-cf

462 4664 664 4719 tuimus
686 4675 848 4736 atque
873 4670 1150 4727 sanximus
1174 4679 1235 4726 ut
1265 4688 1352 4729 res
1365 4653 1625 4744 superius
1641 4653 1894 4750 scriptas,
1916 4696 2053 4751 quas
2155 4653 2224 4728 ex
2239 4666 2524 4740 iudiciaria
2549 4672 2820 4736 potestate
2849 4678 2944 4719 seu
2966 4663 3167 4734 aliquis
3191 4678 3258 4718 ex
3279 4657 3503 4751 ﬁdelibus
3520 4653 3670 4751 sana?

461 4762 572 4810 tam
623 4756 738 4827 ipse
760 4731 1156 4818 hartmannus
1183 4764 1251 4819 ad
1297 4731 1468 4834 ipsam
1502 4781 1687 4823 casam
1740 4731 1840 4824 Dei
1880 4731 2050 4838 dedit,
2156 4731 2259 4820 Dei
2280 4761 2539 4820 Ecclesiae
2569 4774 2632 4814 ac
2667 4757 2893 4824 nostris,
2948 4757 3002 4810 in
3031 4755 3314 4819 ecclesias,
3345 4756 3432 4838 aut
3467 4733 3582 4838 10633
3608 4731 3668 4786 *ὀί

459 4861 625 4917 quam
654 4849 818 4905 etiam
847 4851 964 4907 illas
990 4869 1127 4924 quas
1150 4855 1204 4910 in
1233 4831 1541 4925 precariam
1564 4859 1794 4930 accepit,
1825 4876 1923 4931 per
1949 4831 2052 4918 hoc
2154 4869 2337 4926 agros,
2395 4867 2494 4907 seu
2553 4849 2792 4920 reliquas
2847 4847 3246 4918 possessiones,
3291 4834 3420 4914 qu'as
3467 4831 3669 4928 ωοάεηξο

459 4939 763 5010 maiestatis
789 4952 991 5000 nostrae
1016 4955 1348 5017 praeceptum
1370 4989 1384 5014 ,
1434 4965 1528 5005 seu
1557 4965 1656 5020 per
1683 4930 1888 5008 dictam
1915 4969 2051 5010 oon-
2155 4956 2399 5016 tempore
2417 4942 2564 5014 ius“?
2587 4941 3064 4998 “rationabiliter
3101 4939 3378 5010 Ροδδίάθνθ
3415 4930 3600 5021 videtur,
3629 4931 3668 5021 Ψ

459 5033 801 5100 ventionem,
851 5035 1042 5091 diebus
1083 5038 1209 5093 vitze
1249 5055 1360 5095 suae
1405 5054 1597 5098 secure
1635 5045 1946 5113 possideat;
1997 5055 2055 5102 et
2153 5034 2483 5108 (ιιιὶῐηιειὶὺθι
2530 5033 2684 5104 [mgis
2711 5041 2766 5087 ει
2792 5030 3098 5094 ῑθηίιοτίίδυ
3129 5028 3218 5084 νει
3261 5019 3666 5113 (ιυίάίιυίδ-Ῡωφ

462 5122 643 5178 nullus
684 5123 883 5180 exinde
925 5126 1243 5195 pontiﬁcurn
1290 5128 1347 5184 in
1396 5107 1726 5202 quibuslibet
1772 5107 1942 5191 rebus
1965 5135 2052 5191 vel
2155 5107 2412 5199 deinceps
2457 5133 2681 5199 propter
2705 5125 2952 5181 divinum
2978 5135 3224 5178 amorem
3255 5118 3442 5175 ibidem
3465 5107 3667 5202 collatqu

459 5214 781 5284 corporibus
809 5215 1012 5287 aliquid
1062 5217 1338 5275 minuendi
1358 5195 1451 5290 ju-s
1480 5221 1719 5289 habeat;
1767 5224 1863 5279 sed
1889 5226 2052 5295 quid-
2155 5195 2440 5286 fuerin—ad
2458 5195 2652 5275 causas
2673 5217 2993 5282 audiendas,
3031 5214 3117 5270 vel
3154 5213 3304 5269 freda
3332 5202 3561 5295 exigenda
3600 5195 3667 5295 3"}

463 5306 593 5376 quid
620 5307 820 5364 ibidem
853 5325 1203 5378 accrescere,
1245 5311 1607 5369 immeliorare
1646 5313 1732 5370 vel
1769 5291 2053 5373 attrahere
2155 5311 2484 5376 mansiones,
2515 5318 2611 5365 aut
2648 5317 2872 5378 paratas
2923 5304 3226 5369 faciendas,
3256 5308 3347 5356 aut
3384 5291 3667 5362 ﬁdeiussores

457 5397 712 5466 voluerit,
750 5416 816 5455 ac
842 5401 887 5455 si
917 5401 1117 5458 liberos
1150 5403 1401 5473 proprios
1426 5417 1492 5458 ex
1531 5403 1694 5459 rebus
1733 5407 2050 5476 memoratis
2157 5399 2441 5466 tollendos,
2473 5407 2568 5454 aut
2592 5399 2843 5454 homines
2866 5392 3308 5467 ipsiusecclesize,
3332 5397 3433 5442 tam
3461 5379 3666 5476 ξξιεοηυῗε

460 5487 719 5556 haberet,
769 5507 834 5547 eo
859 5491 976 5548 ﬁeri
1023 5456 1320 5550 decc-rnelre
1363 5501 1610 5565 satagat;
1650 5493 1725 5549 ita
1775 5472 1957 5550 tamen
1989 5504 2049 5551 ut
2155 5509 2317 5566 quam
2341 5507 2548 5558 servos,
2583 5491 2784 5560 injuste
2825 5485 3251 5560 distringendos,
3281 5481 3391 5536 sive
3434 5471 3549 5566 ullas
3568 5456 3662 5566 red:

463 5596 560 5654 per
595 5583 833 5653 singulos
862 5599 1128 5640 annorum
1153 5601 1407 5643 recursus
1433 5587 1705 5656 persolvat
1724 5587 1778 5642 in
1800 5602 2044 5652 censum,
2155 5585 2449 5645 hibitiones
2481 5584 2564 5641 vel
2596 5585 2812 5641 illicitas
2864 5583 3178 5641 occasiones
3225 5565 3560 5646 requirendas,
3583 5549 3663 5609 υυο

541 5765 562 5794 ⁸
593 5756 730 5813 Male
757 5756 812 5812 in
845 5756 1025 5814 editis.
1055 5759 1242 5827 divin
1266 5761 1594 5817 ordinatione
1615 5759 1975 5834 providentiae.
