3940 6180
302 307 440 366 1021

1403 305 1793 362 DIPLOMATA
1835 304 2390 366 ECCLESIASTICA.

3423 319 3562 375 lilii).

300 438 539 492 unquam
572 428 808 490 tempore
837 419 1043 490 ingredi
1092 421 1306 486 audeat,
1346 421 1431 474 vel
1464 437 1527 475 ea
1582 436 1703 490 quae
1754 426 1880 473 sunt
1905 421 1956 480 Α
1983 421 2325 490 supradictus
2346 421 2513 476 abbas
2549 422 2616 477 de
2635 422 2737 479 hac
2788 422 2908 480 luce
2946 425 3280 497 migraverit,
3323 433 3560 498 quandiu

300 529 464 583 supra
483 513 790 565 'memorata
822 520 1075 566 exactare
1097 519 1408 580 przesumat,
1435 512 1530 566 sed
1561 511 1721 566 liceat
1765 525 1876 565 ser-

297 604 382 657 vis
421 600 630 656 Domini
659 600 854 656 ibidem
879 603 1300 657 consistentibus
1329 603 1428 656 sub
1458 612 1642 657 nostra
1687 601 1875 656 defen-

296 693 448 748 sione
467 700 521 745 ct
545 689 902 746 immunitatis
922 693 1148 747 tuitione
1162 701 1422 763 perpetuo
1441 700 1682 761 tempore
1697 691 1878 760 quiete

294 785 556 850 residere,
587 793 642 838 et
663 800 764 854 pro
806 786 965 840 nobis
992 801 1056 841 ac
1093 785 1320 856 conjuge
1365 785 1626 854 proleque
1665 793 1873 850 nostra,

292 893 388 933 seu
417 892 518 948 pro
557 878 853 934 stabilitate
893 879 1056 934 totius
1104 879 1316 948 imperii
1366 878 1537 932 nostri
1568 892 1598 930 a
1649 876 1878 931 Domino

290 968 451 1023 nobis
473 967 678 1032 collati,
727 977 785 1022 et
812 967 928 1036 ejus
951 966 1377 1023 clementissima
1420 966 1774 1021 miseratione
1795 965 1878 1036 ju-

291 1059 434 1128 giter
488 1058 845 1113 conservandi
881 1059 1094 1113 Domini
1143 1057 1575 1114 misericordiam
1624 1069 1871 1111 exorare.

290 1150 360 1206 Et
389 1157 449 1204 ut
496 1149 613 1204 hrec
663 1149 960 1204 auctoritas
1005 1149 1188 1205 verius
1237 1149 1548 1218 certiusque
1599 1147 1872 1212 credatur,

289 1254 456 1295 manu
484 1238 704 1309 propria
749 1238 1170 1309 subscripsimus
1215 1245 1272 1292 et
1318 1237 1504 1292 annuli
1553 1237 1726 1292 nostri
1773 1237 1875 1290 im-

287 1331 572 1401 pressione
597 1329 798 1400 signari
821 1327 1106 1397 jussimus.

361 1419 586 1488 Signum
615 1419 800 1474 domui
846 1419 1102 1475 Ludovici
1133 1419 1470 1490 serenissimi
1501 1418 1868 1488 imperatoris.

358 1509 552 1564 Datum
601 1524 712 1564 xvu
752 1509 869 1562 Kal.
916 1509 1066 1574 Julii,
1119 1524 1263 1564 anno
1307 1510 1370 1564 ll
1421 1509 1635 1580 imperii
1687 1508 1873 1564 domui

286 1599 548 1658 Ludovici
571 1599 823 1671 Augusti,
855 1601 1045 1656 indict.
1075 1602 1130 1657 8.
1169 1601 1364 1656 Actum
1402 1601 1727 1676 Aquisgrani
1779 1616 1876 1672 pa-

286 1691 418 1750 latio
443 1692 593 1764 regio
632 1692 686 1746 in
703 1693 796 1748 Dei
822 1693 1042 1749 nomine
1070 1693 1320 1749 feliciter.
1343 1693 1538 1750 Amen.

963 1804 1200 1861 XXXIII.
1301 1837 1310 1851 ι

565 1909 666 1952 PRO
693 1910 1032 1953 IIONASTERIO
1070 1911 1258 1952 SANCTI
1297 1912 1580 1953 IAXENTII.

893 1986 1069 2058 (Anno
1112 1987 1264 2059 815.)

285 2073 462 2137 [Apud
486 2078 550 2134 D.
591 2079 856 2203 Bouquet.
897 2080 1054 2162 ibid,
1083 2095 1138 2149 p.
1171 2079 1302 2144 4-80,
1342 2095 1408 2162 ex
1430 2079 1602 2136 veteri
1639 2079 1869 2137 chartu-

742 2165 858 2203 ario
879 2149 1041 2203 hmus
1068 2149 1436 2203 monasterii.]

742 2151 858 2205 ario
879 2149 1041 2220 hujus
1068 2149 1436 2222 monasterii.]

351 2267 410 2323 In
436 2265 654 2321 nomine
688 2265 902 2320 Domini
927 2265 1022 2320 Dei
1076 2272 1132 2321 et
1183 2265 1482 2320 Salvatoris
1523 2264 1697 2320 nostri
1742 2263 1874 2319 Jesu

283 2355 510 2421 Christi,
543 2355 853 2411 Ludovicus
879 2355 1062 2412 divina
1097 2355 1382 2412 ordinante
1400 2355 1687 2410 clementia
1704 2356 1875 2425 impe-

286 2457 438 2503 rator
459 2447 757 2517 Augustus.

358 2538 418 2593 Si
443 2553 571 2608 erga
603 2538 720 2593 loca
760 2538 958 2594 divinis
1003 2539 1240 2594 cultibus
1267 2539 1608 2608 mancipata,
1651 2547 1876 2608 propter

286 2644 533 2684 amorem
562 2629 658 2684 Dei
685 2627 912 2700 ejusque
943 2629 998 2684 in
1029 2630 1233 2685 eisdem
1254 2630 1360 2684 sibi
1386 2627 1732 2694 famulantes,
1774 2630 1874 2683 be-

285 2719 484 2774 neficia
527 2727 833 2789 opportuna
878 2720 1162 2793 largimur,
1206 2721 1489 2791 praemium
1531 2720 1688 2776 nobis
1735 2719 1876 2789 apud

285 2807 577 2864 Dominum
600 2819 821 2866 aeternae
869 2811 1326 2867 remunerationis
1349 2811 1570 2882 rependi
1601 2825 1708 2866 non
1738 2808 1877 2864 ditii-

287 2899 484 2965 dimus,
517 2900 724 2956 idcirco
761 2904 975 2959 noverit
1001 2903 1245 2958 omnium
1274 2901 1514 2958 fidelium
1558 2909 1874 2956 nostrorum

289 3000 398 3046 tam
427 2993 776 3064 praesentium
802 3009 964 3063 quam
988 2992 1293 3049 futurorum
1317 2993 1563 3058 solertia,
1603 2993 1732 3062 quia
1776 3005 1875 3047 nos

290 3083 608 3139 Tetbertum
679 3085 1046 3141 venerabilem
1103 3085 1358 3140 abbatem
1414 3099 1481 3139 ex
1540 3083 1874 3138 monasterio

288 3175 348 3231 S.
373 3177 631 3233 Maxentii
680 3177 1031 3244 confessoris,
1080 3179 1171 3234 ubi
1220 3179 1336 3249 ipse
1383 3184 1604 3233 sanctus
1644 3189 1874 3246 corpore

287 3267 606 3338 requiescit,
631 3267 776 3337 quod
804 3276 892 3323 est
911 3269 1075 3324 situm
1124 3269 1178 3322 in
1203 3282 1344 3340 pago
1368 3267 1719 3333 Pictaviensi,
1764 3280 1873 3320 una

286 3373 411 3413 eum
449 3359 862 3429 congregatione
891 3359 1094 3415 ibidem
1125 3359 1239 3414 Deo
1269 3359 1598 3423 famulante,
1616 3373 1737 3412 cum
1759 3371 1875 3411 om-

286 3450 450 3507 nibus
478 3453 641 3507 rebus
671 3462 728 3509 et
780 3453 1114 3518 hominibus,
1163 3469 1284 3524 qum
1323 3453 1584 3507 moderno
1622 3458 1877 3520 tempore

289 3541 405 3612 ipsa
436 3543 784 3613 congregatio
811 3544 1018 3598 habere
1040 3542 1276 3606 videtur,
1306 3543 1406 3597 sub
1445 3549 1634 3595 nostra
1686 3554 1874 3594 susce-

285 3631 465 3700 pimus
487 3633 802 3689 defensione
829 3641 886 3687 et
914 3632 1276 3687 immunitatis
1313 3631 1560 3685 tuitione.
1596 3629 1879 3698 Quaprop-

289 3732 373 3780 ter
400 3733 458 3780 et
477 3741 574 3796 per
603 3726 710 3780 hoc
737 3733 941 3779 nostra:
963 3723 1306 3778 auctoritatis
1335 3731 1668 3791 praeceptum
1691 3723 1878 3776 decer-

291 3819 473 3878 nimus
500 3818 937 3887 atquejubemus
962 3824 1022 3870 ut
1066 3814 1246 3868 nullus
1286 3813 1452 3882 judex
1499 3813 1767 3883 publicus,
1824 3819 1880 3867 et

178 3955 186 3962 .
287 3909 518 3980 quilibet
548 3925 614 3963 ex
657 3907 945 3977 judiciaria
975 3905 1313 3977 potestatein
1327 3905 1608 3969 ecclesias,
1629 3903 1876 3970 autloca,

287 4000 372 4055 vel
407 4013 590 4070 agros,
621 4014 713 4054 seu
743 3997 982 4068 reliquas
1020 3997 1394 4068 possessiones
1430 3995 1718 4050 memorati
1766 4009 1880 4050 mo-

290 4091 542 4156 nasterii,
569 4106 706 4162 quas
730 4091 994 4145 moderno
1018 4098 1260 4159 tempore
1295 4086 1436 4142 infra
1469 4087 1730 4142 ditionem
1779 4087 1880 4141 im-

291 4178 435 4256 perii
463 4183 634 4238 nostri
653 4183 800 4253 juste
829 4191 884 4240 et
924 4179 1324 4236 rationabiliter
1374 4179 1639 4249 possidet,
1673 4186 1730 4232 et
1758 4192 1879 4247 quae

292 4275 550 4344 deinceps
580 4273 633 4327 in
665 4272 790 4342 jure
821 4272 992 4343 ipsius
1035 4269 1355 4326 monasterii
1404 4268 1642 4324 voluerit
1693 4266 1880 4322 divina

289 4368 466 4437 pietas
497 4366 706 4437 augeri,
731 4366 797 4420 ad
819 4379 1012 4419 causas
1032 4362 1327 4418 audiendas
1360 4370 1416 4416 et
1443 4360 1595 4415 freda
1640 4367 1736 4414 aut
1781 4359 1879 4414 tri-

1978 510 2081 579 ipsi
2108 512 2357 566 monachi
2399 513 2538 566 inter
2579 527 2638 569 se
2671 513 2804 569 tales
2846 515 3089 570 invenire
3127 519 3422 587 potuerint,
3466 521 3557 590 qui

1977 601 2271 656 secundum
2300 611 2546 657 sanctum
2569 605 2816 658 ordinem
2851 614 2906 660 et
2957 607 3260 674 regularem
3312 626 3559 665 normam

1976 705 2166 761 regere
2201 693 2489 759 valuerint,
2513 709 2610 763 per
2630 705 2874 750 nostram
2906 699 3320 768 permissionem
3343 711 3397 756 et
3430 717 3561 758 con-

1975 797 2195 837 sensum
2219 784 2492 840 licentiam
2506 787 2738 859 eligendi
2768 790 3006 845 habeant
3034 792 3282 846 abbatem
3315 811 3327 847 :
3360 803 3554 863 quate-

1975 891 2080 931 uus
2094 892 2278 933 servos
2300 879 2418 945 Dei,
2453 881 2545 950 qui
2571 882 2770 937 ibidem
2802 883 3028 940 Domino
3073 885 3425 955 famulantur,
3457 905 3556 958 pro

1977 969 2133 1023 nobis
2174 977 2230 1024 et
2272 970 2499 1043 conjuge
2536 973 2796 1043 proleque
2830 984 3034 1043 nostra,
3072 985 3231 1047 atque
3264 980 3559 1036 stabilitate

1975 1060 2141 1116 totius
2171 1062 2382 1133 imperii
2412 1067 2581 1120 nostri
2623 1049 2779 1123 nobis
2827 1084 2857 1124 a
2887 1069 3114 1126 Domino
3163 1072 3343 1126 collati
3397 1082 3559 1143 atque

1976 1155 2352 1220 conservandi,
2369 1156 2570 1227 jugiter
2588 1157 2876 1214 Dominum
2905 1177 3135 1216 exorare
3160 1162 3410 1218 delectet.
3432 1163 3559 1220 Haec

1974 1259 2106 1300 vero
2133 1248 2430 1301 auctoritas
2462 1248 2820 1304 immunitatis
2850 1260 3076 1318 nostrae,
3106 1261 3165 1306 ut
3195 1254 3557 1322 perdiuturna

1980 1343 2222 1404 tempora
2272 1336 2634 1393 inviolabilem
2693 1349 2855 1410 atque
2905 1342 3278 1396 inconvulsam
3321 1345 3562 1398 obtineat

1977 1423 2324 1493 firmitatem,
2355 1435 2411 1482 et
2445 1437 2503 1482 ut
2551 1445 2582 1482 a
2614 1430 2863 1486 ﬁdelibus
2912 1441 3112 1486 sancta:
3162 1432 3258 1487 Dei
3306 1433 3562 1488 Ecclesiae.

1978 1524 2034 1572 et
2058 1519 2262 1572 nostris
2302 1520 2486 1576 verius
2511 1522 2823 1592 certiusque
2857 1524 3116 1578 credatur
3151 1534 3206 1579 et
3253 1525 3564 1594 diligentius

1980 1616 2352 1676 conservetur,
2382 1626 2544 1666 manu
2581 1615 2798 1682 propria
2828 1616 3015 1669 subter
3037 1630 3158 1670 eam
3203 1615 3559 1682 firmavimus,

1980 1705 2038 1754 et
2085 1698 2270 1752 annuli
2315 1702 2486 1756 nostri
2517 1703 2868 1773 impressione
2913 1705 3117 1775 signari
3135 1703 3416 1773 jussimus.

1899 1771 1948 1832 Β
2047 1788 2274 1860 Signum
2301 1790 2559 1847 Ludovici
2579 1771 2947 1864 imperatoris.

2045 1878 2180 1934 Data
2203 1895 2294 1936 xiv
2318 1880 2435 1933 Kal.
2467 1881 2614 1948 Julii,
2645 1898 2788 1936 anno
2811 1883 2869 1936 ll
2885 1924 2900 1948 ,
2929 1882 3147 1938 Christo
3172 1882 3431 1953 pr0pitio,
3455 1883 3558 1937 im-

1973 1970 2112 2042 perii
2157 1970 2341 2025 domui
2388 1971 2648 2029 Ludovici
2691 1975 3025 2030 serenissimi
3065 1975 3220 2045 imp.,
3270 1976 3457 2030 indict.
3504 1977 3560 2032 8.

1972 2062 2168 2119 Actum
2198 2061 2527 2137 Aquisgrani
2554 2065 2754 2137 palatio
2781 2067 2930 2139 regio
2958 2067 3014 2121 in
3045 2066 3142 2123 Dei
3172 2067 3392 2124 nomine
3442 2066 3562 2122 feli-

1975 2153 2131 2210 citer.
2157 2153 2352 2213 Amen.

2647 2245 2891 2301 XXXIV.

2371 2377 2474 2418 PRO
2512 2376 2852 2421 ηοωδτειιιο
2890 2379 3168 2419 FABFENSI.

2588 2472 2768 2542 (Anna
2802 2473 2950 2545 8l5.)

1979 2557 2157 2634 [Apud
2194 2559 2520 2628 Chesnium,
2566 2560 2982 2702 chptésgei'um
3011 2560 3260 2617 Francia.
3305 2569 3438 2620 tom.
3463 2563 3566 2632 Ill,

2049 2721 2358 2778 Ludovicus
2384 2721 2564 2776 divina
2594 2721 2882 2776 ordinante
2907 2721 3246 2791 providentia
3273 2723 3571 2793 imperator

1977 2815 2273 2886 Augustus.

2063 2905 2409 2978 lmperialem
2465 2905 2841 2962 celsitudinem
2898 2905 3058 2960 decet
3107 2906 3566 2976 praedecessorum

1978 3014 2202 3055 suorum
2239 2997 2385 3054 facta
2427 3013 2534 3052 non
2576 2997 2752 3053 solum
2793 2995 3182 3051 inviolabiliter
3205 3011 3565 3061 conservare,

1901 3124 1946 3187 C
1979 3092 2074 3146 sed
2101 3091 2269 3145 etiam
2297 3104 2541 3145 censurae
2577 3103 2688 3144 suae
2725 3088 3052 3187 auctoritate
3077 3086 3334 3187 alacriter
3361 3084 3561 3187 confir-

1976 3197 2150 3238 mare.
2207 3181 2440 3236 Perinde
2479 3180 2694 3234 noverit
2723 3177 2998 3248 sagacitas
3028 3192 3123 3232 seu
3155 3175 3421 3230 industria
3447 3189 3568 3230 om-

1974 3275 2128 3329 nium
2154 3273 2396 3327 fidelium
2425 3278 2768 3333 nostrorum,
2805 3277 2914 3322 tam
2941 3265 3289 3336 praesentium
3319 3279 3482 3333 quam
3513 3271 3571 3318 et

1975 3362 2303 3426 futurorum,
2335 3362 2463 3432 quia
2490 3361 2577 3415 vir
2601 3357 2931 3415 venerabilis
2953 3356 3281 3410 Benedictus
3308 3357 3478 3410 abbas
3501 3369 3570 3410 ex

1977 3455 2311 3512 monasterio
2333 3453 2604 3508 Acutiano
2633 3451 2738 3505 sito
2767 3450 2823 3505 in
2853 3448 3130 3503 territorio
3160 3447 3447 3501 Sabinensi
3465 3486 3480 3511 ,
3515 3454 3576 3499 et

1979 3554 2298 3602 constructo
2326 3546 2380 3599 in
2411 3546 2619 3600 honore
2647 3550 2852 3597 sancta:
2877 3540 2972 3594 Dei
3014 3539 3294 3609 genitricis
3324 3553 3572 3608 semper-

1979 3655 2087 3710 que
2118 3639 2344 3708 virginis
2373 3637 2588 3700 Marize,
2630 3634 2828 3689 obtulit
2854 3631 3136 3685 obtutibus
3166 3631 3370 3685 nostris
3397 3645 3568 3698 quas-

1981 3731 2106 3784 dam
2152 3728 2507 3782 auctoritates
2554 3722 2986 3780 conﬁrmationis
3037 3721 3252 3775 Domini
3304 3720 3566 3791 genitoris

1981 3819 2157 3875 nostri
2185 3820 2342 3873 bona:
2367 3817 2644 3871 memoriae
2668 3813 2846 3868 Caroli
2877 3797 3211 3868 serenissimi
3238 3812 3488 3882 Augusti,
3515 3813 3568 3867 in

1981 3910 2180 3980 quibus
2213 3907 2595 3964 continebatur
2631 3905 2898 3961 insertum
2938 3903 3172 3972 qualiter
3203 3903 3344 3957 idem
3375 3918 3566 3958 mona-

1981 4001 2209 4056 sterium
2249 3998 2353 4053 sub
2377 3998 2473 4052 tali
2511 3997 2796 4068 privilegio
2823 3995 3124 4050 consistere
3153 3995 3390 4062 iecerat,
3429 3995 3570 4051 sicut

1982 4097 2178 4145 caetera
2211 4087 2545 4142 monasteria
2575 4101 2698 4156 quae
2722 4087 2775 4140 in
2805 4083 3037 4140 Francia
3067 4085 3168 4140 sub
3199 4085 3373 4140 sancti
3398 4084 3572 4140 Bene-

1981 4180 2110 4236 dicti
2157 4179 2336 4235 Patris
2382 4193 2574 4233 norma
2625 4178 2950 4234 consistunt.
3011 4175 3235 4232 Scilicet
3277 4183 3339 4230 ut
3377 4175 3562 4230 'nullus

1981 4272 2268 4342 episcopus
2304 4270 2370 4325 de
2408 4269 2682 4324 thesauris
2721 4268 2896 4340 ipsius
2931 4267 3250 4322 monasterii
3279 4275 3372 4320 aut
3399 4266 3569 4321 rebus-

1982 4361 2188 4430 aliquid
2223 4358 2461 4424 auferre,
2491 4374 2593 4415 nec
2629 4359 2731 4415 sub
2755 4359 2936 4430 aliquo
2962 4359 3168 4414 tributo
3195 4372 3397 4429 ponere
3415 4399 3430 4423 ,
3476 4365 3572 4413 aut

291 4459 420 4512 buta
442 4457 725 4527 exigenda,
759 4463 852 4510 aut
887 4456 1200 4510 mansiones
1229 4463 1284 4509 et
1319 4461 1540 4525 paratas
1579 4452 1876 4519 faciendas,
1905 4471 1959 4531 Β
1985 4452 2220 4522 aliquem
2246 4465 2469 4506 censum
2498 4450 2696 4504 exinde
2719 4449 2938 4520 exigere
2965 4457 3061 4502 aut
3083 4455 3338 4502 exactare
3365 4462 3572 4517 praesu-

295 4558 388 4609 aut
415 4548 763 4618 fideiussores
790 4548 1082 4612 tollendos,
1107 4554 1203 4601 aut
1225 4545 1474 4601 homines
1497 4544 1742 4616 ejusdem
1765 4559 1881 4599 mo-

294 4641 546 4706 nasterii,
573 4649 685 4694 tam
723 4639 985 4710 ingenuos
1013 4653 1176 4710 quam
1219 4651 1428 4704 servos,
1483 4651 1649 4707 super
1677 4645 1879 4692 terram

294 4732 467 4807 ipsius
490 4737 902 4786 commanentes
933 4729 1357 4802 distringendos,
1385 4744 1488 4784 nec
1533 4727 1672 4784 ullas
1701 4729 1883 4785 redhi-

295 4821 531 4876 bitiones
555 4829 649 4875 aut
667 4820 884 4876 illicitas
913 4819 1230 4876 occasiones
1257 4819 1635 4889 requirendas,
1679 4819 1883 4874 nostris

292 4920 352 4968 et
376 4911 570 4967 futuris
600 4912 937 4983 temporibus
960 4910 1168 4982 ingredi
1198 4910 1416 4976 audeat,
1452 4918 1509 4965 et
1540 4924 1605 4964 ea
1633 4925 1754 4981 qua:
1791 4925 1880 4965 su-

291 5017 394 5074 pra
421 5010 716 5056 memorata
741 5011 886 5068 sunt,
909 5001 1125 5074 penitus
1161 5001 1378 5072 exigere
1415 5009 1727 5071 praesumat.
1773 5000 1882 5057 Sed

296 5094 458 5150 liceat
479 5103 779 5149 memorato
805 5095 987 5149 abbati
1017 5093 1276 5150 Tetberto
1302 5093 1522 5163 suisque
1553 5093 1881 5149 successori-

295 5187 401 5242 bus
430 5201 518 5240 res
539 5185 786 5256 praedicti
814 5186 1135 5242 monasterii
1159 5186 1260 5242 sub
1297 5185 1656 5241 immunitatis
1682 5194 1881 5242 nostra:

295 5275 614 5333 defensione
660 5275 846 5346 quieto
887 5276 1079 5330 ordine
1136 5276 1436 5346 possidere.
1489 5275 1559 5330 Et
1617 5275 1879 5347 quidquid

298 5365 427 5424 inde
473 5364 638 5421 fiscus
657 5379 881 5434 sperare
901 5363 1157 5434 potuerit,
1208 5371 1380 5420 totum
1424 5381 1522 5420 nos
1543 5379 1648 5436 pro
1681 5374 1883 5420 aeterna

295 5458 740 5515 remuneratione
767 5455 995 5528 praefato
1046 5457 1382 5513 monasterio
1409 5457 1779 5522 concedimus,
1823 5466 1885 5512 ut

295 5549 356 5606 iu
401 5548 659 5604 alimonia
713 5563 1015 5619 pauperum
1076 5554 1132 5602 et
1178 5548 1446 5618 stipendia
1493 5548 1883 5602 monachorum

296 5640 503 5698 ibidem
550 5640 780 5696 Domino
831 5639 1210 5695 famulantium
1259 5639 1510 5709 proficiat
1553 5638 1884 5709 perennibus

302 5735 364 5796 in
417 5736 740 5808 augmentis.
792 5735 857 5792 Et
890 5733 1328 5804 quandoquidem
1374 5733 1556 5788 divina
1601 5734 1883 5790 vocatione

1984 4553 2177 4601 meret.
2216 4543 2314 4600 Vel
2351 4543 2588 4614 qualiter
2614 4541 3009 4611 Hildepr-andus
3045 4541 3149 4596 dux
3192 4540 3445 4610 gauldum
3476 4540 3579 4609 qui

1983 4641 2327 4704 nuncupatur
2355 4632 2610 4697 Tancies,
2639 4640 2696 4685 et
2723 4639 2933 4686 curtem
2959 4645 3082 4700 quae
3105 4637 3333 4683 vocatur
3355 4627 3573 4684 Vallan-

1985 4725 2078 4791 tis,
2101 4741 2226 4781 cum
2247 4723 2393 4780 omni
2421 4723 2736 4794 integritate
2761 4728 2817 4776 et
2841 4719 3174 4791 appendiciis
3197 4717 3332 4782 suis,
3355 4733 3454 4788 per
3475 4731 3584 4773 sua.

1984 4824 2254 4884 prmeepta
2283 4813 2659 4879 conﬁrmavit,
2697 4820 2754 4868 et
2780 4819 2992 4868 curtem
3017 4809 3348 4874 Tacianum,
3386 4822 3573 4862 mona-

1990 4908 2216 4964 sterium
2265 4908 2440 4962 sancti
2486 4907 2656 4961 Marci
2703 4902 3047 4973 evangelista:
3091 4901 3235 4971 quod
3279 4908 3366 4954 est
3406 4899 3581 4954 situm

1983 4999 2139 5072 juxta
2168 5015 2355 5055 muros
2382 4997 2689 5068 Spoletanae
2718 4995 2986 5061 civitatis,
3023 4993 3168 5063 quod
3199 4992 3314 5062 ipse
3342 4990 3572 5045 domnus

1990 5098 2046 5146 et
2089 5089 2303 5158 genitor
2331 5096 2516 5143 noster
2556 5088 2625 5142 ad
2666 5086 2808 5141 idem
2849 5083 3242 5140 monasterium
3285 5095 3384 5149 per
3413 5093 3576 5132 suum

1989 5180 2336 5238 confirmavit
2358 5187 2687 5252 przeceptum
2714 5196 2726 5231 :
2758 5185 2813 5232 et
2835 5174 3227 5234 monasterium
3253 5170 3427 5226 sancti
3454 5168 3572 5225 5³1-

1987 5273 2224 5338 vatoris,
2259 5272 2423 5327 situm
2455 5285 2564 5325 non
2591 5269 2784 5340 procul
2809 5269 2878 5322 ab
2905 5267 3092 5339 eadem
3126 5265 3346 5321 civitate
3377 5261 3572 5332 Spole-

1987 5375 2156 5431 tana;
2211 5373 2266 5420 et
2313 5363 2703 5418 monasterium
2752 5360 3053 5430 puellarum
3081 5399 3097 5423 ,
3152 5358 3296 5428 quod
3347 5363 3582 5412 vocatur-

1987 5456 2174 5512 Sancti
2203 5455 2420 5527 Georgii
2446 5495 2461 5520 ,
2499 5453 2600 5508 sub
2636 5465 2794 5506 muro
2823 5450 3059 5504 civitatis
3087 5449 3362 5514 Reatinm;
3399 5456 3454 5502 et
3481 5461 3580 5502 θος

1987 5545 2208 5602 clesiam
2239 5543 2425 5598 Sancti
2460 5540 2741 5598 Michaelis
2779 5537 3088 5609 archangeli
3129 5539 3364 5608 positam
3405 5550 3581 5605 super

1989 5637 2214 5693 ﬂuvium
2239 5634 2512 5690 Mellinum
2531 5675 2546 5700 ,
2569 5635 2726 5705 juxta
2759 5633 2930 5704 ipsam
2955 5631 3231 5688 civitatem
3263 5629 3572 5690 Reatinam,

1991 5746 2114 5788 cum
2140 5727 2287 5786 omni
2317 5725 2631 5801 integritate
2659 5739 2778 5782 sua.
2824 5724 2888 5781 Et
2916 5723 2970 5780 in
3005 5722 3280 5780 territorio
3306 5720 3583 5779 Firmano.
