3940 6180
459 343 595 402 1023

1569 326 1893 389 umovrcr
1927 326 1952 382 1
1986 316 2459 381 COGNOMENTO
2496 318 2582 375 ru
3520 320 3629 374 ,σει

458 456 645 511 Sancti
678 449 949 516 Silvestri,
986 449 1066 505 vel
1099 447 1312 503 Sancta:
1340 445 1579 509 Marinae,
1611 458 1734 499 cum
1765 439 1913 496 omni
1948 438 2029 493 in—
2057 436 2107 496 A
2132 439 2308 498 νθῑιιτ,
2349 447 2499 487 more
2538 440 2725 486 nostra
2761 444 2879 486 eam
2917 431 3248 488 subscribere
3271 471 3285 500 ,
3334 440 3383 487 ct
3421 433 3483 487 de
3517 434 3632 487 buiia

460 545 711 616 tegritatc
733 581 749 606 ,
786 538 870 594 vel
906 537 1168 608 quidquid
1203 551 1270 589 ex
1299 534 1546 605 largitate
1582 546 1769 603 regum
1813 527 2029 600 regina-

460 646 718 702 rumque,
747 627 1092 699 pontiﬁcum,
1133 624 1326 679 ducum
1348 665 1363 689 ,
1401 622 1761 678 castaldorum
1784 659 1798 679 .
1843 617 1928 672 vel
1965 634 2033 672 ex

461 722 671 779 collatis
699 720 912 791 populi,
945 719 1029 773 vel
1056 728 1377 772 cancrorum
1411 715 1682 778 ﬁdelium,
1716 712 1890 767 eidem
1923 724 2036 763 mo-

462 814 697 870 nasterio
723 812 970 884 legaliter
997 809 1377 865 conﬁrmatum
1407 806 1612 869 fuerat,
1657 804 1770 858 suis
1798 799 2033 855 auctori-

462 906 667 960 tatibus
691 902 1056 957 conﬁrmaret.
1106 899 1211 953 Sed
1239 906 1296 952 et
1325 913 1421 966 pro
1462 895 1539 949 rei
1580 893 1745 947 totius
1782 889 2036 944 ﬁrmitate

463 994 755 1066 postulavit
785 1008 886 1046 nos
914 990 1203 1061 praedictus
1228 988 1397 1042 abbas
1420 983 1643 1053 ejusque
1665 977 2034 1050 congregatio,

464 1094 525 1141 ut
550 1099 754 1141 morem
778 1090 1063 1153 paternum
1089 1085 1378 1148 sequentes
1405 1083 1645 1130 nostram
1673 1071 1836 1126 etiam
1861 1076 2041 1123 aucto-

466 1177 685 1230 ritatem
711 1188 872 1243 super
896 1173 999 1225 hoc
1023 1170 1236 1240 negotio
1260 1167 1375 1222 ﬁeri
1402 1178 1765 1221 censeremus.
1798 1161 2038 1228 Quorum

465 1260 818 1333 petitionibus
868 1260 938 1314 oh
987 1258 1179 1311 anima:
1226 1264 1425 1310 nostra:
1471 1252 1896 1308 emolumentum
1923 1290 1937 1314 ,
1986 1257 2043 1303 et

466 1361 683 1409 aeternae
737 1347 1109 1404 retributionis
1158 1345 1434 1409 fructum,
1484 1343 1716 1397 libenter
1761 1354 2042 1394 assensum

468 1441 828 1513 praebuimus,
870 1446 925 1494 et
966 1439 1070 1492 hoc
1111 1444 1312 1491 nostrae
1341 1432 1681 1489 auctoritatis
1716 1436 2044 1500 praeceptum

470 1533 715 1601 inspecta
742 1529 1069 1583 auctoritate
1097 1535 1321 1597 paterna
1350 1524 1468 1578 ﬁeri
1496 1522 1732 1593 placuit,
1775 1534 1871 1589 per
1904 1516 2045 1587 quod

472 1624 813 1679 decrevimus
840 1630 1000 1690 atque
1031 1619 1319 1673 statuimus
1344 1624 1407 1670 ut
1434 1614 1616 1669 nullus
1653 1612 1935 1682 episcopus
1979 1608 2047 1663 de

392 1752 399 1757 ι
475 1719 726 1788 superius
756 1716 1069 1770 memoratis
1097 1714 1232 1769 locis
1251 1754 1266 1779 ,
1310 1719 1403 1765 aut
1432 1710 1499 1766 dc
1525 1707 1737 1764 czeteris
1770 1710 2041 1759 monaste-

2132 529 2315 577 nostra
2336 519 2597 591 jussimus
2623 522 2864 593 sigillari.

2204 612 2488 667 Durandus
2531 612 2787 667 diaconus
2836 612 2904 668 ad
2954 612 3124 668 vicem
3170 613 3458 669 llelisaehar
3510 630 3636 669 reco—

2134 700 2314 769 gnovi.

2207 788 2400 845 Datum
2439 807 2476 844 ιι
2515 789 2651 846 Non.
2680 792 2906 862 Augusti
2928 809 3089 857 anno,
3112 792 3319 847 Christo
3350 794 3572 861 propitio,
3592 795 3632 848 ll

2138 878 2348 948 imperii
2389 880 2589 945 nostri,
2630 880 2923 935 indictione
2949 883 3001 936 8.
3056 881 3246 936 Actum
3289 881 3639 938 Frauconofurd

2136 967 2337 1037 palatio
2362 968 2509 1039 regio
2536 968 2630 1023 Dei
2658 970 2872 1024 nomine
2898 969 3149 1025 feliciter.
3474 972 3479 975 ⁷

2810 1080 3029 1135 XXXV.

2476 1185 2577 1226 PRO
2616 1186 2949 1226 IONASTEBIO
2988 1188 3359 1229 BALNEOLENSI.

2756 1261 2929 1328 (Anno
2955 1261 3105 1335 8l5.)

2145 1349 2374 1421 [Florez,
2399 1349 2617 1420 Espafta
2648 1349 2939 1423 Sggrodat
2951 1360 3081 1407 tom.
3113 1353 3285 1419 XLlll,
3327 1362 3468 1411 tract.
3495 1356 3568 1423 8i,
3596 1357 3648 1414 de

2669 1420 2871 1474 Eccles.
2897 1420 3159 1494 Gerund.]

2216 1510 2273 1564 In
2314 1510 2531 1565 nomine
2567 1509 2780 1565 Domini
2817 1512 2911 1566 Dei
2957 1520 3012 1567 et
3049 1511 3342 1567 Salvatoris
3375 1514 3524 1569 nostri
3553 1511 3646 1570 lesu

2147 1600 2374 1667 Christi,
2388 1602 2711 1669 Ludovicus,
2730 1602 2907 1658 divina
2932 1604 3224 1659 ordinante
3237 1604 3558 1675 providentia,
3575 1606 3647 1659 im-

2147 1701 2368 1764 perator
2391 1693 2687 1765 Augustus.

474 1778 603 1873 riis,
643 1817 737 1862 aut
771 1806 1008 1871 cellulis,
1052 1804 1433 1869 xenodochiis,
1469 1799 1741 1862 ecclesiis,
1772 1795 2046 1856 curtibus,
2075 1778 2124 1838 Β
2223 1782 2283 1838 Si
2325 1798 2455 1854 erga
2501 1783 2620 1838 loca
2663 1783 2862 1840 divinis
2901 1785 3138 1841 cultibus
3169 1787 3454 1857 mancipata
3482 1793 3648 1856 propter

475 1902 651 1966 villis,
693 1899 1083 1969 piscationibus
1111 1913 1231 1952 cum
1257 1893 1619 1966 piscatoribus
1660 1890 1804 1952 suis,
1843 1885 2045 1947 servis,

477 1991 719 2056 ancillis,
771 1990 1083 2055 libellariis,
1131 1985 1479 2047 chartulatis,
1528 1981 1761 2043 offertis,
1806 1975 2045 2049 gualdis,

478 2080 802 2135 molendinis
821 2119 835 2144 ,
876 2078 959 2132 vel
983 2078 1051 2133 de
1080 2075 1331 2132 omnibus
1356 2074 1532 2129 eidem
1570 2068 1898 2126 monasterio
1927 2065 2050 2135 jure

480 2170 772 2241 subjectis,
815 2170 899 2225 vel
929 2167 1186 2238 quidquid
1215 2182 1283 2220 ex
1312 2162 1678 2219 muniﬁcentia
1709 2172 1895 2229 regum
1915 2196 1931 2222 ,
1969 2171 2055 2211 re-

478 2260 761 2328 ginarum,
792 2266 886 2313 aut
912 2273 980 2312 ex
1007 2255 1416 2312 conﬁrmatione
1443 2251 1755 2324 pontiﬁcum
1773 2290 1788 2314 ,
1818 2248 2015 2303 ducum
2034 2285 2052 2312 ,

480 2346 843 2402 castaldorum
862 2387 877 2412 ,
914 2361 1016 2402 nec
1044 2360 1150 2400 non
1178 2360 1244 2399 ex
1272 2342 1483 2398 collatis
1508 2339 1690 2411 populi
1716 2346 1810 2393 aut
1832 2345 2055 2392 caetero-

479 2454 600 2492 rum
627 2437 862 2493 ﬁdelium
891 2436 1236 2500 liberalitate,
1261 2434 1347 2490 vel
1372 2434 1536 2489 etiam
1564 2447 1630 2487 ex
1657 2429 1937 2485 monachis
1961 2428 2054 2497 qui

480 2527 540 2582 in
561 2528 751 2583 eodem
787 2526 1117 2583 monasterio
1144 2540 1273 2581 suas
1301 2523 1509 2578 animas
1539 2520 1749 2577 salvan:
1773 2518 2055 2589 cupientes

482 2617 847 2681 intraverunt,
874 2623 930 2670 et
956 2616 1037 2671 eis
1068 2623 1173 2669 tam
1207 2629 1273 2669 ex
1303 2611 1593 2668 donatione
1629 2623 1814 2680 regum
1842 2606 2057 2677 regina-

481 2723 743 2779 rumque,
785 2705 1132 2778 pontiﬁcum,
1173 2704 1405 2768 ducum,
1449 2714 1612 2772 quam
1652 2706 1707 2754 et
1743 2695 2059 2754 haereditate

483 2808 805 2870 parentum,
845 2798 928 2876 vel
958 2798 1023 2853 de
1056 2796 1297 2867 quolibet
1329 2800 1562 2848 attractu
1603 2791 1965 2854 advenerunt,
2003 2795 2061 2845 et

482 2891 684 2948 ibidem
714 2907 809 2962 per
833 2890 1111 2946 chartulas
1146 2889 1561 2958 delegaverant,
1590 2883 1677 2937 vel
1705 2881 2059 2950 undecunque

484 2982 554 3037 ad
580 2997 676 3037 eos
705 2990 812 3036 tam
846 2997 945 3052 per
971 2980 1333 3044 venditiones,
1369 2974 1730 3039 accessiones,
1761 2976 2061 3028 commuta-

483 3073 660 3128 tiones
706 3072 1182 3142 possessionesque
1205 3110 1219 3134 ,
1271 3068 1450 3123 eidem
1498 3060 1829 3120 monasterio
1850 3100 1868 3126 ,
1917 3058 2060 3114 sicut

2151 1888 2395 1930 amorem
2420 1875 2514 1930 Dei
2544 1875 2771 1946 ejusque
2804 1877 2857 1931 in
2895 1878 3089 1934 iisdem
3117 1878 3248 1934 locis
3271 1879 3368 1934 sibi
3393 1877 3647 1933 famulantes

2150 1964 2411 2022 beneﬁcia
2439 1976 2740 2039 opportuna
2768 1967 3053 2039 largimur,
3094 1970 3365 2040 praemium
3392 1969 3525 2024 nobis
3544 1967 3647 2037 apud

2150 2057 2438 2131 Dominum
2469 2068 2687 2114 aeterna:
2714 2061 3173 2118 remunerationis
3207 2063 3415 2132 rependi
3438 2077 3527 2116 non
3549 2059 3648 2114 «lilii

2151 2146 2349 2203 dimus.
2378 2146 2587 2204 Idcirco
2610 2156 2796 2204 notum
2819 2149 2937 2205 ﬁeri
2956 2150 3207 2208 volumus
3228 2152 3448 2207 omnium
3468 2150 3647 2207 ﬁdelium

2153 2236 2465 2293 nosti-orum
2486 2240 2833 2309 praesentium
2864 2240 3078 2296 scilicet
3110 2251 3166 2298 et
3191 2240 3471 2297 futurorum
3493 2241 3647 2310 magni-

2155 2328 2361 2395 tudini,
2401 2330 2635 2401 qualiter
2658 2332 2743 2387 vir
2770 2333 2980 2389 illuster
3010 2333 3225 2407 Rampo
3259 2349 3427 2391 comes
3461 2340 3652 2392 nostram}

2156 2418 2287 2474 adiit
2307 2420 2671 2487 serenitatem,
2696 2436 2990 2495 suggerens
3014 2425 3402 2481 mansuetudini
3422 2430 3584 2479 nostra:
3602 2437 3655 2476 eo

2154 2508 2297 2577 quod
2317 2509 2536 2580 quidam
2555 2512 2639 2566 vir
2658 2512 2941 2584 religiosus
2962 2516 3186 2572 nomine
3203 2515 3412 2571 Bonitus
3427 2512 3650 2586 quandam

2156 2598 2334 2655 locum
2360 2615 2603 2657 eremum
2630 2605 2773 2673 quod
2793 2605 2992 2661 dicitur
3012 2606 3283 2673 Baniolas,
3303 2606 3431 2676 quod
3445 2612 3515 2660 est
3529 2604 3657 2657 situm-

2156 2688 2212 2745 in
2239 2704 2378 2761 pago
2403 2689 2762 2749 Bisudunensi
2797 2695 2889 2751 ubi
2917 2695 3155 2751 ecclesia
3183 2696 3457 2766 antiquitus
3478 2690 3649 2747 fundata

2157 2778 2334 2835 fuerat
2361 2795 2459 2850 per
2482 2781 2759 2838 licentiam
2786 2783 3032 2842 0dilonis
3057 2785 3327 2857 quondam
3350 2784 3551 2849 comitis,
3582 2795 3653 2835 ac-

2159 2868 2410 2939 cepisset,
2428 2879 2483 2926 et
2505 2871 2703 2927 ibidem
2728 2874 2949 2945 proprio
2973 2876 3179 2932 sudore
3203 2875 3492 2939 laborasset,
3506 2870 3655 2926 abice-

2160 2956 2379 3013 clesiam
2400 2958 2453 3012 in
2475 2959 2682 3016 honore
2700 2963 2871 3018 sancti
2888 2961 3156 3034 Stephani
3175 2961 3542 3034 protOmartyris
3559 2973 3655 3013 con-

2161 3051 2390 3116 struxit,
2428 3060 2484 3107 et
2514 3052 2876 3111 habitationes
2900 3058 3289 3113 monachorum
3312 3065 3362 3112 et
3384 3049 3651 3123 receptacula

485 3126 853 3226 dictumIest,
903 3126 1181 3226 venitiet
1207 3126 1488 3214 'moderno
1533 3164 1775 3225 tempore
1814 3152 1962 3222 juste
2007 3154 2063 3204 et
2089 3126 2133 3189 (ἶ
2165 3157 2463 3214 pauperum
2490 3144 2814 3212 mdiﬁcavit,
2858 3155 2916 3202 et
2942 3134 3244 3203 monachos
3278 3148 3363 3217 qui
3397 3145 3480 3201 sub
3508 3152 3657 3196 norma

488 3248 737 3319 legaliter
765 3250 1040 3318 possidere
1068 3248 1327 3310 noscitur,
1368 3246 1453 3301 vel
1492 3245 1636 3315 quod
1673 3242 1927 3311 deinceps
1961 3240 2064 3295 Do-

488 3340 637 3393 mino
660 3338 918 3409 largiente
939 3339 1136 3392 ibidem
1158 3337 1411 3407 collatum
1433 3334 1612 3400 fuerit,
1629 3332 1807 3389 nullus
1830 3330 2065 3387 ﬁdelium

488 3439 796 3487 nostrorum
817 3472 831 3496 ,
867 3430 1211 3501 prmsentium
1249 3428 1457 3484 scilicet
1488 3434 1544 3482 et
1569 3424 1870 3481 futurorum
1891 3464 1907 3487 ,
1952 3438 2069 3477 me-

493 3530 707 3577 morato
730 3521 913 3577 abbati
942 3519 1164 3590 ejusque
1202 3516 1637 3589 congregationi,
1683 3522 1776 3569 aut
1803 3513 1918 3569 suis
1944 3526 2064 3568 suc-

484 3612 802 3670 cessoribus
831 3611 1150 3681 inquietare,
1193 3619 1285 3665 aut
1309 3607 1635 3664 calumniam
1661 3617 1940 3676 generare,
1974 3611 2067 3658 aut

487 3702 724 3772 aliquam
769 3699 1020 3770 injustam
1071 3699 1446 3771 repetitionem
1493 3695 1673 3752 facere
1718 3701 1903 3750 tentet.
1961 3692 2069 3749 Sed

487 3795 629 3849 sicut
648 3808 677 3846 a
699 3793 940 3862 genitore
964 3798 1150 3847 nostro
1169 3788 1547 3846 conﬁrmatum
1573 3801 1693 3843 esse
1711 3785 2065 3856 dignoscitur,

488 3891 548 3938 et
585 3899 618 3938 a
657 3883 903 3939 ﬁdelibus
947 3890 1148 3938 sanctae
1191 3881 1290 3937 Dei
1333 3879 1589 3937 Ecclesiae
1634 3876 1865 3934 diversis
1908 3875 2070 3931 rebus

491 3974 634 4029 idem
675 3973 827 4029 locus
863 3973 1066 4029 ditatus
1096 3987 1217 4029 esse
1242 3979 1476 4036 constat,
1519 3969 1595 4024 ita
1634 3967 1782 4024 omni
1826 3975 2071 4035 tempore

492 4066 696 4136 absque
720 4064 948 4135 alicujus
972 4065 1282 4136 praeiudicio
1306 4072 1401 4118 aut
1423 4060 1767 4117 infestatione
1789 4058 1872 4114 vel
1899 4057 2070 4113 demi-

494 4156 777 4211 noratione
802 4156 1062 4211 consistat
1088 4172 1101 4209 :
1139 4163 1196 4209 et
1223 4169 1320 4223 per
1348 4154 1452 4209 hoc
1480 4159 1677 4207 nostrae
1702 4146 2072 4206 conﬁrmatio-

495 4247 582 4301 nis
606 4254 935 4316 praeceptum
968 4244 1093 4315 jure
1123 4253 1384 4316 perpetuo
1411 4252 1628 4308 teneat,
1665 4251 1720 4298 et
1752 4241 1851 4297 sub
1878 4247 2070 4294 nostro

490 4334 775 4407 privilegio
799 4342 962 4404 atque
986 4335 1347 4391 mundiburdo
1371 4334 1651 4397 consistat,
1678 4338 1734 4387 et
1758 4331 1860 4387 sub
1883 4327 2071 4385 defen-

492 4426 649 4483 sione
672 4432 857 4480 nostra
886 4423 1127 4495 ejusdem
1151 4425 1399 4481 monachi
1437 4424 1492 4479 in
1517 4423 1708 4479 eodem
1737 4416 2067 4476 monasterio

496 4518 678 4588 quiete
708 4518 945 4600 residere
968 4517 1215 4583 valeant,
1255 4525 1310 4573 et
1348 4532 1448 4588 pro
1483 4515 1640 4571 nobis
1679 4522 1736 4570 ct
1774 4511 2069 4569 stabilitate

490 4612 660 4668 totius
682 4612 891 4683 imperii
914 4612 1087 4668 nostri
1105 4611 1391 4668 Dominum
1411 4623 1659 4665 exorare.
1687 4604 2069 4662 Concessimus

492 4714 659 4770 etiam
683 4713 763 4768 eis
786 4720 844 4768 ut
864 4712 1126 4783 quidquid
1147 4727 1215 4768 ex
1233 4710 1573 4780 copulatione
1597 4720 1875 4764 servorum
1899 4705 2069 4776 ipsius

496 4815 808 4872 monasterii
829 4830 950 4871 cum
975 4814 1162 4870 liberis
1182 4812 1396 4869 feminis
1420 4810 1713 4867 secundum
1736 4808 1907 4880 legem
1931 4808 2072 4882 Lonj

494 4914 854 4985 gobardorum
879 4913 947 4967 ad
970 4911 1243 4983 publicum
1270 4913 1580 4984 contingere
1607 4919 1820 4983 poterat
1845 4911 1900 4965 in
1931 4909 2071 4965 elec-

500 5029 723 5084 mosyna
752 5022 969 5077 nostra,
1014 5026 1111 5082 per
1145 5012 1248 5067 hoc
1282 5020 1527 5069 nostrum
1562 5011 1914 5067 conﬁrmetur
1936 5024 2075 5080 prte-

496 5122 735 5185 ceptum.
790 5110 859 5167 Et
885 5113 1319 5183 quandoquidem
1347 5112 1525 5168 divina
1553 5113 1835 5168 vocatione
1883 5108 2077 5181 praedi-

500 5219 621 5266 ctus
655 5209 740 5265 vel
781 5220 1122 5265 successores
1151 5205 1267 5276 ejus
1305 5207 1373 5263 de
1413 5210 1516 5264 hac
1543 5209 1653 5262 vita
1684 5203 2036 5276 migraverint
2057 5243 2071 5268 ,

466 5292 471 5303 ’
501 5309 739 5380 quandiu
765 5308 868 5379 ipsi
894 5307 1146 5365 monachi
1171 5306 1315 5363 inter
1338 5322 1397 5363 se
1428 5306 1588 5362 talem
1615 5288 1858 5360 invenire
1886 5308 2075 5372 potue-

505 5412 653 5479 rint,
702 5411 796 5482 ιιιιί
841 5426 937 5468 eos
983 5411 1277 5467 secundum
1319 5408 1561 5481 regulam
1598 5406 1772 5464 sancti
1802 5402 2078 5460 Benedicti

507 5525 699 5581 regere
733 5509 943 5575 valeat,
982 5510 1256 5566 licentiam
1284 5509 1521 5565 habeant
1545 5505 1779 5579 eligendi
1808 5505 2076 5560 abbatem.

508 5610 576 5667 Et
599 5617 659 5665 ut
683 5611 801 5665 hac
826 5609 1122 5665 auctoritas
1145 5609 1573 5665 conﬁrmationis
1596 5614 1797 5664 nostrae
1823 5606 1888 5662 ab
1910 5604 2083 5660 omni-

510 5709 615 5767 bus
657 5705 850 5763 melius
885 5714 941 5762 et
964 5708 1144 5763 verius
1173 5708 1427 5766 credatur
1452 5716 1506 5765 et
1532 5707 1840 5777 diligentius
1863 5719 2083 5762 conser-

2164 3236 2439 3310 religionis
2461 3247 2721 3310 perpetuo
2748 3240 2824 3296 ibi
2848 3240 3116 3312 degerent
3137 3240 3420 3298 constituit.
3454 3235 3540 3291 Sed
3562 3245 3653 3288 cum

2166 3329 2307 3384 idem
2334 3328 2503 3385 abbas
2528 3330 2712 3385 divina
2735 3329 2984 3400 jussione
3021 3346 3055 3386 a
3100 3332 3295 3389 seculo
3326 3326 3565 3402 migravit,
3585 3321 3657 3377 eli-

2166 3420 2418 3491 gentibus
2452 3420 2585 3490 ipsis
2612 3420 2893 3477 monachis
2910 3462 2927 3487 ,
2961 3429 3018 3477 et
3045 3422 3406 3479 consentiente
3430 3407 3657 3471 venerabili

2165 3509 2286 3565 viro
2314 3509 2558 3567 Nibridio
2585 3511 3016 3583 archiepiscopo,
3064 3512 3406 3570 Mercoralem
3429 3508 3571 3563 virum
3591 3516 3656 3554 ve-

2166 3600 2462 3657 nerabilem
2494 3602 2548 3656 in
2576 3602 2766 3658 eodem
2801 3605 3137 3660 monasterio
3166 3605 3402 3661 abbatem
3426 3594 3656 3655 constitue-

2167 3700 2314 3757 runt,
2334 3704 2496 3761 quem
2524 3692 2579 3747 in
2602 3700 2790 3748 nostra
2808 3694 3102 3763 praesentia
3124 3695 3386 3750 adducens
3406 3692 3453 3747 in
3471 3682 3658 3744 manibnﬁ

2167 3780 2371 3837 nostris
2397 3796 2524 3837 eum
2549 3782 2947 3838 commendavit
2971 3823 2987 3849 ,
3034 3784 3314 3854 postulans
3351 3780 3475 3837 idem
3507 3776 3658 3840 33ml”

2168 3885 2351 3928 comes
2373 3870 2720 3928 clementiam
2744 3881 3010 3940 nostram,
3055 3882 3124 3930 ut
3165 3890 3285 3931 eum
3321 3887 3432 3929 cum
3462 3863 3657 3939 praedicto

2169 3963 2499 4019 monasterio
2548 3971 2604 4019 et
2652 3964 2934 4021 monachis
2979 3964 3054 4020 ibi
3102 3966 3407 4038 degentibus
3446 3974 3534 4015 una
3570 3965 3659 4008 cum

2170 4053 2355 4119 rebus,
2384 4068 2504 4123 quae
2531 4062 2641 4109 tam
2669 4056 2771 4125 ipsi
2810 4070 2876 4111 ex
2916 4069 3108 4111 eremo
3146 4061 3411 4112 traxerant
3429 4049 3501 4107 vel
3521 4062 3573 4102 ex
3594 4039 3658 4096 ad-

2170 4146 2407 4216 prisione
2436 4156 2781 4218 acceperunt,
2808 4162 2975 4218 quam
3000 4156 3057 4204 et
3082 4150 3153 4206 de
3175 4147 3444 4205 donatione
3462 4136 3658 4196 comitum

2170 4236 2256 4291 vel
2302 4237 2369 4292 de
2413 4236 2655 4305 quolibet
2701 4235 2861 4308 legali
2910 4244 3153 4293 attractu
3202 4231 3436 4308 praesenti
3476 4229 3657 4292 ιεωροη

2163 4326 2312 4396 juste
2337 4335 2394 4383 et
2421 4326 2818 4384 rationabiliter
2854 4327 3136 4397 possidere
3162 4328 3415 4388 videntur,
3445 4317 3529 4375 sub
3550 4325 3662 4369 mun-

2172 4416 2418 4473 doburdo
2462 4424 2519 4472 et
2565 4414 2880 4473 defensione
2923 4424 3088 4486 atque
3135 4412 3468 4472 immunitatis
3495 4402 3661 4460 tuitione

2172 4506 2667 4562 constitueremus:
2702 4505 2856 4576 cujus
2896 4504 3155 4577 precibus
3203 4506 3423 4559 libenter
3454 4487 3663 4564 acquievi-

2171 4613 2317 4663 mus,
2342 4604 2397 4652 et
2426 4596 2502 4651 ita
2543 4595 2600 4649 in
2634 4595 2886 4651 omnibus
2907 4594 3276 4650 concessimus
3300 4600 3447 4659 atque
3483 4598 3561 4654 per
3591 4578 3666 4633 Ιιοε

2170 4695 2499 4760 praeceptum
2562 4694 2810 4741 nostrum
2864 4683 3304 4741 conﬁrmavimus
3342 4698 3354 4732 :
3409 4675 3666 4760 quapropte!

2171 4758 2545 4856 limeiPientes
2566 4780 2819 4851 iubemus
2842 4787 2903 4835 ut
2927 4785 3256 4835 memoratus
3277 4758 3675 4830 Mereoralisabbas

2174 4890 2300 4929 cum
2320 4873 2600 4929 monachis
2624 4871 2727 4928 sibi
2749 4872 2817 4928 ad
2841 4870 3137 4941 regendum
3162 4862 3445 4925 commissis
3466 4858 3559 4914 sive
3577 4860 3663 4905 cum

2174 4964 2340 5020 rebus
2376 4962 2445 5018 ad
2487 4964 2629 5019 idem
2663 4961 3047 5018 monasterium
3086 4959 3327 5031 legaliter
3355 4941 3665 5031 aSlliCiemil’_us

2177 5056 2278 5112 sub
2305 5061 2494 5110 nostro
2520 5054 2783 5110 consistat
2808 5027 3179 5108 mundohurdo
3201 5056 3255 5104 et
3279 5033 3587 5101 immanitatis
3604 5027 3666 5082 de-

2178 5145 2453 5211 fensione,
2498 5152 2559 5200 ut
2597 5143 2776 5199 nullus
2803 5142 3031 5214 quilibet
3060 5158 3127 5199 ex
3150 5135 3425 5209 iudiciaria
3460 5123 3666 5199 potestate

2178 5239 2232 5294 in
2275 5238 2534 5295 ecclesias
2570 5245 2664 5293 aut
2702 5236 2820 5292 loca
2849 5235 2934 5290 vel
2966 5249 3126 5307 agros
3155 5247 3248 5288 seu
3273 5228 3484 5295 reliquas
3506 5218 3664 5286 p055i5‘

2180 5334 2361 5390 siones
2387 5332 2673 5389 memorati
2704 5329 3039 5395 monasterii,
3070 5341 3202 5397 quas
3226 5322 3463 5380 moderno
3482 5310 3665 5373 tempore

2182 5424 2323 5481 infra
2354 5424 2612 5481 ditionem
2640 5422 2853 5493 imperii
2884 5421 3055 5476 nostri
3076 5418 3218 5488 juste
3253 5421 3306 5468 ct
3336 5404 3546 5498 ιεεειξιέτ

2182 5515 2342 5583 sidet,
2379 5515 2463 5570 vel
2491 5529 2611 5585 quae
2636 5492 2890 5583 deinceps
2919 5513 2972 5567 in
2995 5509 3115 5579 iure
3141 5506 3303 5577 ipsius
3324 5492 3574 5585 sanctileci
3594 5492 3660 5585 Vl:

2183 5560 2342 5583 ἠ’-ν’,
2391 5560 2463 5570 ’ν’
2493 5560 2611 5585 Ὶ-ν-
2637 5560 2888 5583 “*···“’νι’”
2919 5560 2971 5567 --
2995 5560 3109 5579 σ---
3142 5560 3176 5577 ίι
3204 5560 3213 5561 ί

2183 5607 2346 5662 luerit
2367 5604 2547 5661 divina
2574 5604 2748 5673 pietas
2774 5603 2992 5674 augeri,
3032 5600 3096 5656 ad
3122 5609 3304 5653 causas
3332 5560 3659 5681 audiendaslif‘

2184 5698 2336 5757 freda
2365 5694 2629 5760 exigenda
2652 5702 2745 5751 aut
2773 5693 3080 5751 mansiones
3104 5686 3180 5745 vel
3207 5689 3406 5756 paratas
3430 5662 3655 5729 faciendas.
