3940 6180
316 205 455 261 11325
1224 258 1227 259 ν
1437 220 1826 279 DII’LOMATA
1869 221 2420 284 ECCLESIASTICA.
3410 216 3551 303 £026

306 332 404 376 aut
436 322 773 390 lidejussores
806 326 1102 393 tollendos,
1152 339 1244 384 aut
1284 333 1530 389 homines
1559 336 1728 405 ipsius
1760 353 1875 392 mo-
1904 347 1952 405 Α
1980 336 2149 391 dcrno
2189 347 2430 410 tempore
2461 340 2598 396 infra
2637 343 2895 401 ditionem
2949 348 3164 419 imperii
3197 356 3368 409 nostri
3399 356 3549 425 juste

307 413 533 469 nasterii
580 412 978 485 distringendos
1023 431 1123 472 nee
1169 419 1301 474 ullas
1348 422 1737 481 redhibitiones
1783 436 1877 481 aut
1978 435 2033 480 et
2077 428 2465 484 rationabiliter
2505 433 2762 501 possidet,
2814 436 2897 490 vel
2941 412 3169 509 ea-quae
3207 412 3464 516 deinceps
3493 451 3547 504 in

302 504 524 581 illicitas
570 505 879 560 occasiones
932 509 1283 577 requirendas
1340 513 1538 568 nostris
1582 524 1633 570 et
1681 515 1877 571 futuris
1971 514 2095 584 jure
2143 518 2312 587 ipsius
2359 519 2461 576 loci
2512 522 2742 577 voluerit
2784 525 2965 580 divina
3012 530 3189 598 pietas
3233 538 3441 604 augeri,
3477 541 3549 596 ad

1013 575 1021 577 ἡ
1971 575 1990 584 ,
2161 575 2180 587 ,
2559 575 2564 576 γ
2609 575 2616 576 η
2646 575 2738 577 -κμ
2789 575 2965 580 ——----—
3012 575 3188 598 r"'"“'
3233 575 3441 604 -υδνυν
3477 575 3546 596 "VI

307 575 638 665 teinporibus
665 595 869 667 ingredi
898 599 1113 679 audeat,
1140 602 1223 655 vel
1253 618 1316 657 ea
1342 618 1461 672 quae
1488 620 1650 673 supra
1675 622 1876 661 memo-
1975 620 2167 661 causas
2205 608 2517 676 audiendas,
2559 611 2643 666 Vel
2683 611 2860 680 freda.
2903 626 2998 670 θυι
3037 619 3237 675 “nulla
3261 625 3546 694 εκίεεηάε.

1359 667 1377 672 _
1554 667 1571 673 _
2503 667 2515 676 .
2753 667 2756 668 ν
2844 667 2860 680 .
2908 667 2994 670 η-
3041 667 3237 675 ν---η-
3263 667 3546 694 -.ηοω-ι...

300 696 423 740 rata
451 694 575 739 sunt
600 687 814 755 penitus
840 667 1058 758 exigere
1082 704 1396 759 prirsumat.
1444 692 1551 749 Sed
1578 694 1737 750 liceat
1763 711 1876 750 me-
1975 694 2058 747 νει
2088 697 2413 763 ῐηδηεὶουεε,
2442 708 2537 753 θυι
2582 701 2815 770 Pafﬂdas
2854 704 3152 775 radendas.
3182 721 3278 766 aut
3334 716 3549 785 lidejus-

302 785 513 831 morato
555 775 739 831 abbati
786 778 1006 848 suisque
1051 782 1455 838 successoribus
1505 799 1592 839 res
1631 786 1872 854 prmdicti

300 868 619 923 monasterii
642 870 824 939 quieto
846 872 1033 926 ordine
1054 874 1348 942 possidere,
1367 882 1420 929 et
1441 876 1872 946 quandoquidem

297 959 481 1014 divina
510 961 793 1015 vocatione
819 962 1107 1030 praedictus
1133 964 1301 1019 abbas
1320 964 1403 1019 vel
1425 966 1736 1023 decessores
1757 967 1872 1037 ejus

300 1052 367 1106 de
392 1052 494 1106 hac
517 1050 635 1105 luce
662 1054 1013 1122 migraverint
1035 1056 1271 1124 quandiu
1301 1056 1446 1112 inter
1472 1073 1531 1112 se
1561 1059 1694 1115 tales
1721 1060 1870 1115 inve-

296 1147 418 1199 nire
447 1146 721 1214 potuerint
749 1147 840 1216 qui
879 1148 1046 1217 ipsam
1073 1153 1548 1223 congregationem
1576 1157 1867 1213 secundum

299 1238 540 1308 regulam
580 1240 751 1295 sancti
780 1240 1055 1296 Benedicti
1088 1258 1277 1313 regere
1305 1245 1555 1312 valeant,
1596 1246 1866 1304 licentiam

286 1331 534 1386 ‘liabeant
560 1331 788 1402 eligendi
818 1332 1062 1399 abhates,
1094 1334 1326 1404 qualiter
1350 1338 1646 1394 monachos
1675 1339 1746 1394 ibi
1775 1340 1869 1395 de-

294 1433 485 1492 gentes
512 1437 621 1491 pro
647 1422 824 1487 nobis,
855 1425 1080 1495 conjuge
1121 1427 1380 1497 proleque
1420 1437 1603 1483 nostra
1644 1429 1728 1484 vel
1769 1446 1866 1501 pro

295 1511 589 1567 stabilitate
616 1512 781 1568 totius
807 1513 1019 1584 imperii
1048 1517 1217 1571 nostri
1238 1518 1445 1588 jtigiter
1466 1518 1679 1574 Domini
1704 1521 1867 1576 mise-

285 1604 583 1659 ricordiam
622 1619 849 1659 exorare
890 1606 1143 1661 delectet.
1195 1608 1265 1662 Et
1308 1616 1368 1662 ut
1412 1608 1530 1665 hate
1570 1611 1865 1668 auctoritas

286 1696 494 1751 nostris
537 1694 841 1766 futurisque
889 1699 1219 1768 temporibus
1267 1699 1497 1757 Domino
1547 1712 1862 1775 protegente
1889 1721 1937 1780 Β

289 1786 468 1840 valeat
504 1785 815 1844 inconvulsa
850 1803 1098 1855 manere,
1142 1791 1209 1845 de
1237 1791 1435 1846 annulo
1464 1801 1649 1849 nostro
1673 1795 1863 1851 subtus

276 1875 544 1947 ‘jussiinus
571 1877 818 1947 sigillari.

358 1968 641 2023 Durandus
684 1967 942 2024 diaconus
987 1969 1055 2024 ad
1097 1968 1272 2027 vicem
1313 1972 1604 2046 Fibrugisii
1649 1975 1860 2032 abbatis

280 2056 594 2128 recognovi.

357 2146 492 2199 Data
508 2145 666 2199 tertia
680 2144 804 2201 Idus
819 2144 1173 2215 Septembris,
1195 2164 1357 2218 anno,
1371 2151 1587 2210 Christo
1599 2157 1853 2226 propitio,

278 2254 430 2294 nono
463 2238 677 2307 imperii
705 2239 905 2294 domini
932 2240 1189 2297 Ludovici
1224 2244 1453 2314 piissimi
1482 2249 1743 2320 Augusti,
1776 2252 1857 2306 ἰη-

280 2328 517 2383 dictione
544 2328 741 2399 prima.
773 2329 967 2385 Actum
990 2331 1261 2389 Attiniaco
1287 2335 1487 2404 palatio
1515 2341 1658 2411 regis
1679 2342 1734 2396 in
1758 2342 1854 2397 Dei

282 2418 503 2473 nomine
539 2417 786 2473 feliciter.
835 2419 1026 2477 Amen.
1054 2438 1141 2462 '—
1184 2424 1439 2495 Exempla
1480 2427 1547 2482 de
1589 2419 1856 2501 praecepto

280 2507 487 2561 domini
520 2507 885 2578 imperatoris.

950 2624 1188 2682 XXXVI.

588 2726 691 2769 PRO
725 2728 1061 2773 NONASTEBIO
1094 2733 1542 2780 PONTANELLENSI.

885 2804 1059 2876 (Anno
1099 2807 1249 2882 815.)

348 2889 626 2965 [Marten.,
653 2893 827 2966 Ampl.
845 2893 1245 2975 gallea.,__tom.
1275 2900 1317 2975 ξ,
1344 2916 1464 2975 pag.
1497 2905 1585 2975 6l,
1615 2922 1683 2964 ex
1711 2924 1816 2967 ms.

842 2965 1294 3042 Fontanellensi.]

1972 796 2125 837 seres
2169 784 2453 853 tollendos,
2503 797 2597 847 aut
2643 790 2891 861 homines
2935 795 3176 864 ejusdem
3228 784 3548 860 monasterii

1924 911 1928 915 .
1976 877 2083 923 tam
2128 871 2390 942 ingenuos
2436 890 2601 945 quam
2646 894 2860 946 servos,
2915 898 3078 955 super
3128 896 3330 945 terram
3377 893 3549 963 ipsius

1971 973 2398 1033 commanentes,
2421 966 2617 1036 injuste
2661 969 3082 1044 distringendos,
3115 994 3213 1035 nec
3241 981 3377 1038 ullas
3427 982 3547 1039 red-

1971 1051 2261 1109 bibitiones
2303 1065 2395 1110 aut
2433 1058 2650 1115 illicitas
2692 1064 3008 1121 occasiones
3043 1070 3418 1139 requirendus,
3451 1083 3547 1129 aut

1967 1144 2273 1221 pontaticos
2318 1147 2637 1220 exigendos,
2687 1161 2781 1206 aut
2828 1153 3036 1210 telonea
3077 1162 3410 1231 accipienda,
3447 1174 3542 1222 aut

1968 1235 2253 1302 rotaticos,
2300 1237 2357 1292 in
2386 1239 2716 1307 quibuslibet
2763 1241 2920 1311 locis,
2946 1246 3260 1306 civitatibus
3294 1268 3357 1308 ac
3385 1253 3543 1323 foris,

1967 1326 2168 1380 nostris
2198 1335 2252 1381 et
2277 1327 2473 1384 futuris
2504 1332 2837 1400 temporibus
2878 1335 3087 1404 ingredi
3122 1341 3336 1407 audeat,
3365 1344 3449 1398 vel
3477 1360 3542 1400 ea

1965 1429 2086 1482 quae
2124 1430 2289 1486 supra
2328 1430 2629 1475 memorata
2657 1432 2784 1477 sunt
2824 1426 3042 1493 penitus
3077 1430 3294 1500 exigere
3332 1448 3539 1502 praesu-

1965 1513 2108 1571 mat;
2142 1508 2239 1561 sed
2278 1507 2441 1564 liceat
2491 1521 2792 1568 memorato
2829 1515 3014 1569 abbati
3059 1520 3279 1589 suisque
3326 1538 3541 1580 succes-

1964 1596 2202 1663 soribus,
2246 1613 2334 1653 res
2381 1602 2627 1669 przedicti
2674 1606 2989 1660 monasterii
3038 1608 3138 1662 sub
3182 1611 3541 1671 immunitatis

1965 1698 2163 1744 nostraa
2190 1690 2523 1759 defensione,
2552 1695 2736 1763 quieto
2766 1698 2954 1752 ordine
2978 1701 3274 1769 possidere,
3302 1712 3358 1758 et
3383 1707 3540 1775 quid-

1961 1780 2091 1849 quid
2117 1780 2312 1835 exinde
2341 1782 2501 1838 ﬁscus
2525 1786 2742 1855 exigere
2765 1790 2984 1857 poterit,
3016 1792 3181 1845 etiam
3207 1810 3307 1862 pro
3334 1805 3539 1854 acterna

1961 1872 2397 1929 remuneratione
2454 1875 2714 1945 praedicto
2771 1882 3101 1937 monasterio
3148 1888 3535 1955 concessimus,

1956 1969 2019 2013 ut
2046 1960 2100 2014 in
2130 1960 2385 2015 alimonia
2420 1978 2716 2033 pauperum
2753 1974 2809 2020 et
2835 1968 3102 2037 stipendia
3141 1975 3532 2032 monachorum

1959 2048 2159 2106 ibidem
2180 2052 2291 2109 Deo
2325 2052 2724 2123 famulantium,
2749 2062 3023 2128 perpetuis
3051 2066 3381 2133 temporibus
3399 2084 3523 2137 pro-

1955 2138 2103 2195 ﬁciat
2148 2142 2204 2196 in
2252 2146 2575 2215 augmentis.
2610 2148 2885 2215 Quatenus
2929 2152 3075 2222 ipsos
3100 2170 3285 2211 servos
3317 2160 3409 2213 Dei
3437 2161 3531 2229 qui

1955 2229 2153 2286 ibidem
2193 2231 2544 2302 famulantur,
2577 2254 2676 2308 pro
2713 2241 2873 2294 nobis
2911 2251 2967 2296 et
2999 2241 3245 2315 conjuge,
3273 2247 3533 2319 proleque

1956 2335 2144 2381 nostra
2180 2338 2341 2398 atque
2379 2332 2676 2388 stabilitate
2717 2336 2883 2390 totius
2918 2338 3133 2408 imperii
3169 2357 3200 2395 a
3230 2342 3342 2397 Deo
3369 2345 3526 2400 nobis

1954 2419 2196 2471 concessi
2242 2428 2404 2488 atque
2451 2426 2826 2491 conservandi,
2851 2426 3054 2497 jugiter
3078 2429 3319 2484 divinam
3359 2432 3528 2486 mise-

1957 2505 2245 2559 ricordiam
2289 2523 2517 2563 exorare
2562 2511 2814 2567 delectet.
2863 2515 2932 2568 lit
2978 2527 3036 2570 ut
3076 2519 3192 2573 haec
3234 2521 3534 2577 auctoritas

1955 2603 2141 2647 nostra
2190 2594 2375 2667 [Forte
2414 2600 2637 2681 nostris]
2686 2601 2992 2675 futurisque
3026 2610 3384 2677 temporibus,
3426 2612 3533 2666 Do-

1954 2685 2102 2761 mino
2137 2696 2471 2759 protegente,
2508 2691 2685 2747 valeat
2713 2693 3031 2751 inconvulsa
3077 2714 3317 2766 manere,
3366 2717 3532 2757 manu

1952 2767 2173 2847 prapria
2199 2780 2386 2834 subter
2407 2781 2763 2853 firmavimus,
2791 2794 2849 2841 et
2875 2788 3059 2842 annuli
3091 2792 3261 2846 nostri
3297 2792 3528 2862 impres-

1953 2866 2106 2922 sione
2132 2868 2336 2939 signari
2354 2868 2638 2938 jussimus.

2026 2960 2250 3033 Signum
2279 2963 2537 3020 Ludovici
2565 2969 2895 3025 serenissimi
2925 2969 3289 3040 imperatoris.
3360 3002 3367 3007 ο

343 3049 404 3105 In
433 3050 648 3107 nomine
676 3051 774 3108 Dei
817 3061 873 3108 et
902 3053 1197 3114 Salvatoris
1243 3062 1416 3117 nostri
1462 3062 1591 3121 Jesu
1625 3067 1844 3136 Christi,
1876 3064 1920 3127 C
2022 3053 2306 3110 Dumndus
2347 3055 2607 3112 diaconus
2655 3059 2724 3112 ad
2772 3059 2947 3114 "mem
2995 3060 3320 3118 ¹¹θ¹ί⁸³⁰δ³τ
3370 3078 3527 3122 καθ’

270 3139 600 3208 Ludovicus,
622 3142 802 3198 divina
846 3145 1132 3203 ordinante
1151 3151 1516 3222 providentia,
1553 3156 1850 3228 imperator

274 3232 566 3304 Augustus.
649 3264 659 3279 ε

343 3321 478 3376 Cum
513 3323 860 3392 petitionibus
901 3342 1188 3384 servorum
1208 3332 1301 3388 Dei
1324 3330 1488 3403 justis
1518 3345 1574 3392 et
1605 3340 1848 3395 rationa—

269 3413 472 3468 bilibus
518 3415 685 3470 divini
723 3416 897 3472 cultus
942 3433 1125 3475 amore
1169 3418 1434 3492 favemus,
1466 3440 1700 3497 superna
1746 3446 1847 3486 nos

272 3506 444 3576 gratia
489 3507 684 3562 muniri
730 3523 835 3563 non
858 3509 1166 3566 dillidimus.
1215 3512 1340 3568 Ideo
1384 3515 1527 3571 istud
1558 3518 1631 3572 sit
1659 3528 1846 3575 notum

270 3597 519 3652 omnibus
569 3597 813 3653 fidelibus
862 3601 1085 3666 nostris,
1130 3609 1237 3655 tam
1282 3606 1641 3673 prmsentibus
1680 3625 1845 3677 quam

272 3690 489 3757 futuris,
537 3707 634 3745 seu
681 3690 844 3745 etiam
893 3693 1296 3747 successoribus
1343 3696 1563 3761 nostris,
1600 3696 1848 3756 fidelibus

271 3788 472 3836 sanctae
499 3779 594 3832 Dei
620 3778 894 3844 Ecclesizn,
921 3779 1065 3847 quod
1089 3780 1174 3834 vir
1205 3783 1531 3839 venerabilis
1559 3784 1844 3843 Trasarius

269 3872 410 3924 abba
453 3884 521 3921 ex
550 3868 875 3923 monasterio
902 3870 1043 3939 quod
1071 3880 1295 3926 vocatur
1328 3874 1667 3942 Fontanella,
1702 3882 1846 3949 quod

268 3969 353 4017 est
396 3966 763 4013 constructum
811 3958 865 4013 in
903 3961 1107 4016 honore
1153 3961 1434 4020 beatorum
1479 3970 1845 4036 apostolorum

267 4048 413 4104 Petri
435 4057 489 4103 et
503 4047 673 4114 Pauli,
694 4047 775 4103 vel
794 4057 1115 4106 caeterorum
1133 4061 1465 4122 sanctorum,
1484 4058 1674 4114 detulit
1694 4062 1847 4117 obtu-

267 4140 412 4195 tibus
437 4140 638 4195 nostris
661 4141 1053 4198 immunitatem
1085 4145 1267 4201 (lomni
1298 4157 1353 4203 et
1381 4150 1643 4220 genitoris
1672 4158 1844 4212 nostri

266 4232 445 4288 Caroli
470 4234 627 4289 bonae
652 4236 924 4291 memoriae
949 4237 1177 4308 piissimi
1208 4238 1457 4312 Augusti,
1486 4245 1538 4300 in
1570 4263 1679 4316 qua
1723 4261 1843 4307 erat

268 4323 532 4379 insertum
570 4325 804 4395 qualiter
837 4327 951 4396 ipse
994 4336 1050 4384 et
1088 4337 1460 4391 antecessores
1497 4335 1635 4406 ejus,
1686 4355 1841 4413 reges

1952 3158 2135 3214 gnovn

2019 3236 2152 3291 Data
2185 3254 2260 3292 vn
2292 3238 2411 3293 Kal.
2440 3238 2781 3308 Novembris,
2805 3257 2969 3308 anno,
2999 3242 3215 3299 Christo
3261 3244 3529 3319 propitio,

1948 3327 2183 3382 secundo
2233 3330 2443 3399 imperii
2488 3330 2669 3387 domui
2717 3332 2976 3386 Ludovici
3019 3333 3247 3402 piissimi
3271 3334 3526 3412 Augusti.

1949 3419 2241 3475 indictione
2282 3437 2447 3476 nona.
2494 3422 2688 3477 Actum
2716 3422 2999 3495 Niumaga,
3030 3424 3231 3497 palatio
3264 3449 3432 3505 regio,
3465 3436 3521 3490 iu

1946 3507 2041 3564 Dei
2074 3510 2293 3565 nomine
2318 3511 2567 3567 feliciter.
2597 3513 2794 3569 Amen.

2614 3650 2875 3710 XXXVII.

2227 3775 2327 3815 PRO
2357 3775 2695 3817 IIONASTERIO
2718 3779 2920 3819 ιδδυιιε
2949 3782 3226 3823 ΒΑΒΒΔῙΚΑΕ.

2578 3874 2751 3946 (Anno
2773 3877 2923 3948 815.)

1949 3984 2228 4068 [Apud
2268 3986 2578 4068 Bouquet,
2611 3990 2974 4068 Script._Rer.
2998 3994 3220 4064 Praua,
3254 4007 3387 4055 tom.
3431 4004 3516 4068 Vl,

1978 4072 2099 4129 pag.
2121 4057 2246 4123 483,
2271 4075 2338 4113 ex
2366 4057 2655 4114 It’udertbus
2679 4057 3177 4134 [malm-Barbarae,
3206 4057 3331 4142 pag.
3363 4072 3480 4145 45.]

2013 4148 2073 4205 In
2103 4149 2341 4215 nomine,
2372 4160 2504 4218 etc.,
2523 4151 2826 4210 Ludovicus
2852 4155 2948 4210 Dei
2982 4160 3320 4227 providentia
3359 4176 3384 4203 α
3417 4165 3519 4218 im-

1942 4250 2160 4311 perator
2194 4241 2488 4314 Augustus.

2014 4336 2314 4407 Episcopis,
2359 4338 2666 4407 abbatibus,
2691 4340 2940 4411 ducibus,
2964 4345 3273 4413 comitibus,
3307 4348 3520 4404 vicedo-

268 4414 516 4471 videlicet
545 4415 902 4485 Francorum,
950 4420 1232 4491 przefatum
1282 4430 1671 4485 monasterium
1713 4447 1840 4503 pro-
1865 4418 1918 4477 D
1944 4428 2129 4494 minis,
2156 4430 2393 4496 vicariis,
2426 4432 2774 4499 centenariis,
2807 4435 3138 4502 teloneariis,
3187 4448 3242 4492 et
3265 4442 3518 4514 omnibus

265 4513 386 4576 pter
434 4506 672 4561 divinum
718 4524 958 4564 amorem
1009 4516 1564 4589 tranquillitatemque
1613 4520 1840 4579 fratrum

267 4597 464 4652 ibidem
512 4601 947 4669 consistentium,
997 4619 1211 4676 semper
1248 4611 1349 4665 sub
1392 4612 1703 4682 plenissima
1752 4618 1843 4673 de-

265 4687 510 4743 fensione
535 4703 600 4744 ac
628 4690 987 4747 immanitatis
1014 4695 1242 4752 tuitione
1276 4700 1610 4759 habuissent.
1640 4704 1720 4761 0b
1749 4706 1842 4761 lir-

266 4778 507 4833 mitatem
536 4786 718 4833 tamen
750 4782 830 4835 rei
868 4783 1159 4851 postulavit
1206 4788 1363 4845 nobis
1392 4791 1675 4851 Trasarius
1700 4798 1839 4853 abba

262 4876 322 4922 ut
346 4869 589 4923 eamdem
618 4871 994 4927 auctoritatem
1015 4872 1085 4928 ob
1104 4889 1344 4932 amorem
1376 4879 1471 4935 Dei
1493 4890 1549 4936 et
1578 4899 1833 4942 reveren-

264 4959 395 5013 tiam
426 4958 595 5029 ipsius
616 4962 787 5015 sancti
824 4961 927 5017 loci
957 4971 1144 5019 nostra
1169 4968 1615 5029 confirmaremus
1643 4984 1833 5033 aucto-

261 5048 442 5102 ritate.
458 5047 623 5120 Cujns
647 5051 893 5120 petitioni
920 5054 1152 5111 libenter
1176 5060 1567 5132 acquievimus,
1595 5074 1650 5121 et
1676 5068 1750 5122 ita
1778 5070 1835 5126 in

260 5138 512 5193 omnibus
564 5142 966 5210 concessimus,
1012 5154 1172 5217 atque
1220 5165 1319 5219 per
1361 5152 1465 5208 hoc
1507 5167 1834 5230 praeceptum

261 5236 506 5282 nostrum
536 5230 993 5305 confirmavimus.
1019 5235 1404 5310 Praecipientes
1428 5259 1558 5316 ergo
1580 5243 1834 5318 jubemus

260 5326 321 5371 ut
356 5317 533 5374 nullus
556 5318 723 5389 judex
751 5323 1016 5392 publicus,
1048 5342 1149 5381 nec
1174 5330 1429 5399 quislibet
1452 5349 1519 5389 ex
1540 5317 1830 5404 judiciaria

258 5416 548 5477 potestate,
576 5419 667 5463 aut
704 5412 839 5476 loca,
873 5412 957 5467 vel
992 5430 1169 5485 agros,
1207 5419 1259 5473 in
1288 5422 1545 5480 ecclesias
1575 5442 1670 5482 seu
1702 5430 1829 5484 reli-

258 5513 399 5565 quas
420 5502 794 5570 possessiones
838 5509 1118 5561 memorati
1164 5514 1499 5578 monasterii,
1529 5519 1671 5584 quod
1717 5536 1830 5577 mo-

336 5646 357 5673 τι
401 5633 786 5706 Corrigcmlum
820 5640 992 5695 dicina
1018 5642 1289 5695 ordinante
1308 5643 1650 5712 providentia.

1945 4519 2327 4588 rempublicam
2355 4522 2792 4589 procurantibus,
2842 4526 3198 4593 praesentibus
3226 4528 3434 4583 scilicet
3462 4538 3518 4584 et

1943 4609 2161 4675 futuris,
2206 4617 2393 4664 notum
2430 4611 2501 4665 sit
2529 4613 2657 4682 quia
2678 4612 2902 4684 Campio
2926 4615 3094 4670 abbas
3122 4631 3190 4671 ex
3238 4628 3515 4675 monaste-

1944 4703 2026 4758 rio
2050 4704 2224 4759 sancti
2253 4704 2490 4772 Martini,
2530 4708 2675 4778 quod
2707 4708 2907 4763 dicitur
2934 4709 3109 4765 insula
3132 4710 3391 4777 Barbara,
3436 4713 3512 4767 si-

1943 4802 2059 4849 tum
2084 4811 2247 4866 super
2282 4795 2480 4852 ﬂumen
2508 4798 2756 4869 Saganae,
2781 4815 2886 4854 non
2922 4801 3109 4870 procul
3129 4803 3197 4857 ab
3227 4804 3361 4858 urbe
3374 4802 3515 4874 Lug-

1940 4886 2091 4950 duni,
2105 4893 2159 4941 et
2179 4887 2357 4942 omnis
2367 4884 2481 4955 ejus
2501 4890 2841 4961 congregatio
2854 4892 3124 4960 petierunt
3141 4891 3514 4966 celsitudinem

1939 4985 2182 5031 nostram
2229 4985 2287 5032 ut
2312 4977 2590 5033 licentiam
2618 4982 2884 5037 haberent
2931 4983 2999 5038 ad
3028 4998 3216 5040 eorum
3261 4983 3512 5053 supplen-

1940 5068 2039 5124 das
2084 5070 2437 5125 necessitates
2467 5073 2613 5126 omni
2657 5081 2898 5143 tempore
2946 5083 3056 5131 tres
3090 5089 3256 5130 naves
3273 5090 3370 5144 per
3413 5075 3513 5130 Sa-

1940 5174 2156 5230 gonam,
2198 5159 2522 5236 Rhodanum
2547 5170 2604 5217 et
2630 5162 2825 5219 Dubim
2877 5166 3186 5236 negotiandi
3224 5165 3400 5236 gratia
3428 5165 3512 5220 di-

1941 5250 2141 5322 rigere.
2178 5251 2419 5319 Quorum
2459 5255 2776 5324 petitionem
2820 5254 3050 5310 libenter
3086 5256 3423 5324 suscepimus
3455 5266 3511 5312 et

1938 5357 2037 5413 pro
2072 5345 2337 5399 mercedis
2374 5353 2572 5399 nostrae
2600 5353 2889 5415 augmento
2914 5346 3053 5400 sicut
3082 5346 3374 5416 petierunt,
3411 5359 3508 5415 per

1938 5435 2079 5490 hanc
2107 5443 2347 5489 nostram
2372 5437 2748 5491 auctoritatem
2770 5436 3150 5491 concessimus.
3176 5437 3380 5492 Idcirco
3403 5438 3508 5493 hoc

1936 5534 2264 5595 praeceptum
2313 5535 2553 5582 nostrum
2606 5528 2685 5581 eis
2734 5527 2848 5580 fieri
2882 5527 3160 5598 jussimus,
3218 5543 3314 5597 per
3362 5525 3507 5597 quod
