  <div class='ocr_page' id='page_1' title='image "/cluster/home/n/w/nwhite01/storage/ocr_20150623/104/hvd.32044052819794/519.png"; bbox 0 0 3940 6180; ppageno 0'>
   <div class='ocr_carea' id='block_1_1' title="bbox 410 257 548 315">
    <p class='ocr_par' dir='ltr' id='par_1_1' title="bbox 410 257 548 315">
     <span class='ocr_line' id='line_1_1' title="bbox 410 257 548 315; baseline 0 -1"><span class='ocrx_word' id='word_1_1' title='bbox 410 258 435 314; x_wconf 69' lang='grc'><strong>1</strong></span> <span class='ocrx_word' id='word_1_2' title='bbox 445 257 548 315; x_wconf 69' lang='lat'><strong>021</strong></span> 
     </span>
    </p>
   </div>
   <div class='ocr_carea' id='block_1_2' title="bbox 1521 254 2529 317">
    <p class='ocr_par' dir='ltr' id='par_1_2' title="bbox 1521 254 2529 317">
     <span class='ocr_line' id='line_1_2' title="bbox 1521 254 2529 317; baseline 0 -2"><span class='ocrx_word' id='word_1_3' title='bbox 1521 256 1845 317; x_wconf 77' lang='lat' dir='ltr'><strong>LUDOVICI</strong></span> <span class='ocrx_word' id='word_1_4' title='bbox 1884 258 1905 313; x_wconf 88' lang='grc' dir='ltr'><strong>ι</strong></span> <span class='ocrx_word' id='word_1_5' title='bbox 1940 254 2410 317; x_wconf 74' lang='lat' dir='ltr'><strong>COGNOMENTO</strong></span> <span class='ocrx_word' id='word_1_6' title='bbox 2446 256 2529 315; x_wconf 71' lang='grc' dir='ltr'><strong>Ρη</strong></span> 
     </span>
    </p>
   </div>
   <div class='ocr_carea' id='block_1_3' title="bbox 3536 265 3666 323">
    <p class='ocr_par' dir='ltr' id='par_1_3' title="bbox 3536 265 3666 323">
     <span class='ocr_line' id='line_1_3' title="bbox 3536 265 3666 323; baseline 0.038 -5"><span class='ocrx_word' id='word_1_7' title='bbox 3536 265 3666 323; x_wconf 70' lang='grc'><strong>1023</strong></span> 
     </span>
    </p>
   </div>
   <div class='ocr_carea' id='block_1_4' title="bbox 412 371 3677 455">
    <p class='ocr_par' dir='ltr' id='par_1_4' title="bbox 412 371 3677 455">
     <span class='ocr_line' id='line_1_4' title="bbox 412 371 3677 455; baseline 0 -24"><span class='ocrx_word' id='word_1_8' title='bbox 412 374 628 431; x_wconf 88' lang='lat' dir='ltr'><strong>cunctis</strong></span> <span class='ocrx_word' id='word_1_9' title='bbox 662 372 921 442; x_wconf 90' lang='lat' dir='ltr'><strong>iubemus</strong></span> <span class='ocrx_word' id='word_1_10' title='bbox 967 381 1029 426; x_wconf 93' lang='lat' dir='ltr'><strong>ut</strong></span> <span class='ocrx_word' id='word_1_11' title='bbox 1064 371 1371 442; x_wconf 84' lang='lat' dir='ltr'><strong>ubicunque</strong></span> <span class='ocrx_word' id='word_1_12' title='bbox 1409 372 1698 442; x_wconf 64' lang='lat' dir='ltr'><strong>praedictus</strong></span> <span class='ocrx_word' id='word_1_13' title='bbox 1732 388 1988 428; x_wconf 88' lang='lat' dir='ltr'><strong>numerus</strong></span> <span class='ocrx_word' id='word_1_14' title='bbox 2017 394 2066 455; x_wconf 65' lang='grc' dir='ltr'><strong>Δ</strong></span> <span class='ocrx_word' id='word_1_15' title='bbox 2102 372 2356 444; x_wconf 85' lang='lat' dir='ltr'><strong>Pippinus</strong></span> <span class='ocrx_word' id='word_1_16' title='bbox 2396 371 2668 443; x_wconf 89' lang='lat' dir='ltr'><strong>quondam</strong></span> <span class='ocrx_word' id='word_1_17' title='bbox 2712 371 2979 443; x_wconf 82' lang='lat' dir='ltr'><strong>gloriosus</strong></span> <span class='ocrx_word' id='word_1_18' title='bbox 3019 388 3135 438; x_wconf 81' lang='lat' dir='ltr'><strong>rex,</strong></span> <span class='ocrx_word' id='word_1_19' title='bbox 3172 390 3279 429; x_wconf 82' lang='lat' dir='ltr'><strong>una</strong></span> <span class='ocrx_word' id='word_1_20' title='bbox 3312 389 3439 430; x_wconf 84' lang='lat' dir='ltr'><strong>eum</strong></span> <span class='ocrx_word' id='word_1_21' title='bbox 3470 392 3677 432; x_wconf 80' lang='lat' dir='ltr'><strong>memo-</strong></span> 
     </span>
    </p>
   </div>
   <div class='ocr_carea' id='block_1_5' title="bbox 411 462 1991 533">
    <p class='ocr_par' dir='ltr' id='par_1_5' title="bbox 411 462 1991 533">
     <span class='ocr_line' id='line_1_5' title="bbox 411 462 1991 533; baseline -0.003 -12"><span class='ocrx_word' id='word_1_22' title='bbox 411 467 629 520; x_wconf 85' lang='lat' dir='ltr'><strong>navium</strong></span> <span class='ocrx_word' id='word_1_23' title='bbox 680 465 734 518; x_wconf 90' lang='lat' dir='ltr'><strong>in</strong></span> <span class='ocrx_word' id='word_1_24' title='bbox 784 470 967 517; x_wconf 88' lang='lat' dir='ltr'><strong>nostra</strong></span> <span class='ocrx_word' id='word_1_25' title='bbox 998 462 1300 516; x_wconf 86' lang='lat' dir='ltr'><strong>ministeria</strong></span> <span class='ocrx_word' id='word_1_26' title='bbox 1325 463 1406 516; x_wconf 97' lang='lat' dir='ltr'><strong>vel</strong></span> <span class='ocrx_word' id='word_1_27' title='bbox 1436 470 1735 533; x_wconf 72' lang='lat' dir='ltr'><strong>potestates</strong></span> <span class='ocrx_word' id='word_1_28' title='bbox 1763 463 1991 516; x_wconf 87' lang='lat' dir='ltr'><strong>advene-</strong></span> 
     </span>
    </p>
   </div>
   <div class='ocr_carea' id='block_1_6' title="bbox 412 552 1986 623">
    <p class='ocr_par' dir='ltr' id='par_1_6' title="bbox 412 552 1986 623">
     <span class='ocr_line' id='line_1_6' title="bbox 412 552 1986 623; baseline -0.003 -13"><span class='ocrx_word' id='word_1_29' title='bbox 412 557 508 621; x_wconf 90' lang='lat' dir='ltr'><strong>rit,</strong></span> <span class='ocrx_word' id='word_1_30' title='bbox 553 554 759 609; x_wconf 87' lang='lat' dir='ltr'><strong>nullum</strong></span> <span class='ocrx_word' id='word_1_31' title='bbox 801 552 1094 616; x_wconf 89' lang='lat' dir='ltr'><strong>teloneum,</strong></span> <span class='ocrx_word' id='word_1_32' title='bbox 1141 566 1335 621; x_wconf 90' lang='lat' dir='ltr'><strong>neque,</strong></span> <span class='ocrx_word' id='word_1_33' title='bbox 1384 553 1528 621; x_wconf 91' lang='lat' dir='ltr'><strong>quod</strong></span> <span class='ocrx_word' id='word_1_34' title='bbox 1568 552 1727 623; x_wconf 94' lang='lat' dir='ltr'><strong>vulgo</strong></span> <span class='ocrx_word' id='word_1_35' title='bbox 1771 552 1986 618; x_wconf 91' lang='lat' dir='ltr'><strong>dicitur,</strong></span> 
     </span>
    </p>
   </div>
   <div class='ocr_carea' id='block_1_7' title="bbox 410 642 1985 716">
    <p class='ocr_par' dir='ltr' id='par_1_7' title="bbox 410 642 1985 716">
     <span class='ocr_line' id='line_1_7' title="bbox 410 642 1985 716; baseline -0.004 -13"><span class='ocrx_word' id='word_1_36' title='bbox 410 655 506 704; x_wconf 86' lang='lat' dir='ltr'><strong>aut</strong></span> <span class='ocrx_word' id='word_1_37' title='bbox 543 644 914 716; x_wconf 77' lang='lat' dir='ltr'><strong>ccSpitaticum</strong></span> <span class='ocrx_word' id='word_1_38' title='bbox 943 650 1037 697; x_wconf 90' lang='lat' dir='ltr'><strong>aut</strong></span> <span class='ocrx_word' id='word_1_39' title='bbox 1085 642 1453 708; x_wconf 87' lang='lat' dir='ltr'><strong>salutaticum,</strong></span> <span class='ocrx_word' id='word_1_40' title='bbox 1500 654 1595 698; x_wconf 90' lang='lat' dir='ltr'><strong>aut</strong></span> <span class='ocrx_word' id='word_1_41' title='bbox 1637 644 1985 706; x_wconf 70' lang='lat' dir='ltr'><strong>ccenaticum,</strong></span> 
     </span>
    </p>
   </div>
   <div class='ocr_carea' id='block_1_8' title="bbox 408 734 1992 805">
    <p class='ocr_par' dir='ltr' id='par_1_8' title="bbox 408 734 1992 805">
     <span class='ocr_line' id='line_1_8' title="bbox 408 734 1992 805; baseline -0.003 -11"><span class='ocrx_word' id='word_1_42' title='bbox 408 747 503 794; x_wconf 86' lang='lat' dir='ltr'><strong>aut</strong></span> <span class='ocrx_word' id='word_1_43' title='bbox 523 736 689 791; x_wconf 91' lang='lat' dir='ltr'><strong>ullum</strong></span> <span class='ocrx_word' id='word_1_44' title='bbox 717 750 960 799; x_wconf 86' lang='lat' dir='ltr'><strong>censum,</strong></span> <span class='ocrx_word' id='word_1_45' title='bbox 1002 735 1085 789; x_wconf 92' lang='lat' dir='ltr'><strong>vel</strong></span> <span class='ocrx_word' id='word_1_46' title='bbox 1111 734 1273 789; x_wconf 88' lang='lat' dir='ltr'><strong>ullam</strong></span> <span class='ocrx_word' id='word_1_47' title='bbox 1300 735 1720 790; x_wconf 89' lang='lat' dir='ltr'><strong>redhibitionem</strong></span> <span class='ocrx_word' id='word_1_48' title='bbox 1750 750 1818 790; x_wconf 79' lang='lat' dir='ltr'><strong>ex</strong></span> <span class='ocrx_word' id='word_1_49' title='bbox 1859 734 1992 805; x_wconf 86' lang='lat' dir='ltr'><strong>ipsis</strong></span> 
     </span>
    </p>
   </div>
   <div class='ocr_carea' id='block_1_9' title="bbox 408 825 1994 897">
    <p class='ocr_par' dir='ltr' id='par_1_9' title="bbox 408 825 1994 897">
     <span class='ocr_line' id='line_1_9' title="bbox 408 825 1994 897; baseline -0.004 -11"><span class='ocrx_word' id='word_1_50' title='bbox 408 843 689 886; x_wconf 85' lang='lat' dir='ltr'><strong>assumere</strong></span> <span class='ocrx_word' id='word_1_51' title='bbox 727 827 1075 897; x_wconf 63' lang='lat' dir='ltr'><strong>praesumatis</strong></span> <span class='ocrx_word' id='word_1_52' title='bbox 1113 834 1207 881; x_wconf 91' lang='lat' dir='ltr'><strong>aut</strong></span> <span class='ocrx_word' id='word_1_53' title='bbox 1254 834 1510 881; x_wconf 70' lang='lat' dir='ltr'><strong>eXactare</strong></span> <span class='ocrx_word' id='word_1_54' title='bbox 1536 825 1779 891; x_wconf 75' lang='lat' dir='ltr'><strong>faciatis;</strong></span> <span class='ocrx_word' id='word_1_55' title='bbox 1814 825 1994 881; x_wconf 89' lang='lat' dir='ltr'><strong>sedli-</strong></span> 
     </span>
    </p>
   </div>
   <div class='ocr_carea' id='block_1_10' title="bbox 408 914 1995 988">
    <p class='ocr_par' dir='ltr' id='par_1_10' title="bbox 408 914 1995 988">
     <span class='ocr_line' id='line_1_10' title="bbox 408 914 1995 988; baseline -0.003 -13"><span class='ocrx_word' id='word_1_56' title='bbox 408 928 530 985; x_wconf 80' lang='lat' dir='ltr'><strong>ceat</strong></span> <span class='ocrx_word' id='word_1_57' title='bbox 555 918 775 974; x_wconf 87' lang='lat' dir='ltr'><strong>easdem</strong></span> <span class='ocrx_word' id='word_1_58' title='bbox 795 932 960 972; x_wconf 88' lang='lat' dir='ltr'><strong>naves</strong></span> <span class='ocrx_word' id='word_1_59' title='bbox 1014 918 1162 972; x_wconf 88' lang='lat' dir='ltr'><strong>omni</strong></span> <span class='ocrx_word' id='word_1_60' title='bbox 1192 925 1436 987; x_wconf 89' lang='lat' dir='ltr'><strong>tempore</strong></span> <span class='ocrx_word' id='word_1_61' title='bbox 1475 930 1572 987; x_wconf 87' lang='lat' dir='ltr'><strong>per</strong></span> <span class='ocrx_word' id='word_1_62' title='bbox 1599 917 1856 988; x_wconf 64' lang='lat' dir='ltr'><strong>praadicta</strong></span> <span class='ocrx_word' id='word_1_63' title='bbox 1895 914 1995 970; x_wconf 79' lang='lat' dir='ltr'><strong>ilu-</strong></span> 
     </span>
    </p>
   </div>
   <div class='ocr_carea' id='block_1_11' title="bbox 408 1010 1995 1082">
    <p class='ocr_par' dir='ltr' id='par_1_11' title="bbox 408 1010 1995 1082">
     <span class='ocr_line' id='line_1_11' title="bbox 408 1010 1995 1082; baseline -0.004 -12"><span class='ocrx_word' id='word_1_64' title='bbox 408 1016 579 1079; x_wconf 82' lang='lat' dir='ltr'><strong>mina,</strong></span> <span class='ocrx_word' id='word_1_65' title='bbox 631 1014 772 1069; x_wconf 91' lang='lat' dir='ltr'><strong>sicut</strong></span> <span class='ocrx_word' id='word_1_66' title='bbox 820 1012 1069 1082; x_wconf 85' lang='lat' dir='ltr'><strong>superius</strong></span> <span class='ocrx_word' id='word_1_67' title='bbox 1126 1011 1428 1076; x_wconf 89' lang='lat' dir='ltr'><strong>intulimus,</strong></span> <span class='ocrx_word' id='word_1_68' title='bbox 1476 1010 1643 1066; x_wconf 82' lang='lat' dir='ltr'><strong>libere</strong></span> <span class='ocrx_word' id='word_1_69' title='bbox 1687 1020 1745 1066; x_wconf 91' lang='lat' dir='ltr'><strong>et</strong></span> <span class='ocrx_word' id='word_1_70' title='bbox 1792 1011 1995 1080; x_wconf 86' lang='lat' dir='ltr'><strong>absque</strong></span> 
     </span>
    </p>
   </div>
   <div class='ocr_carea' id='block_1_12' title="bbox 410 1099 1996 1171">
    <p class='ocr_par' dir='ltr' id='par_1_12' title="bbox 410 1099 1996 1171">
     <span class='ocr_line' id='line_1_12' title="bbox 410 1099 1996 1171; baseline -0.004 -11"><span class='ocrx_word' id='word_1_71' title='bbox 410 1105 517 1160; x_wconf 92' lang='lat' dir='ltr'><strong>ulla</strong></span> <span class='ocrx_word' id='word_1_72' title='bbox 572 1102 959 1159; x_wconf 87' lang='lat' dir='ltr'><strong>contrarietate</strong></span> <span class='ocrx_word' id='word_1_73' title='bbox 1001 1102 1330 1165; x_wconf 89' lang='lat' dir='ltr'><strong>discurrere,</strong></span> <span class='ocrx_word' id='word_1_74' title='bbox 1379 1108 1435 1154; x_wconf 92' lang='lat' dir='ltr'><strong>et</strong></span> <span class='ocrx_word' id='word_1_75' title='bbox 1459 1099 1678 1171; x_wconf 91' lang='lat' dir='ltr'><strong>negotia</strong></span> <span class='ocrx_word' id='word_1_76' title='bbox 1709 1114 1806 1155; x_wconf 91' lang='lat' dir='ltr'><strong>sua</strong></span> <span class='ocrx_word' id='word_1_77' title='bbox 1835 1112 1996 1169; x_wconf 88' lang='lat' dir='ltr'><strong>pera-</strong></span> 
     </span>
    </p>
   </div>
   <div class='ocr_carea' id='block_1_13' title="bbox 409 1191 1997 1269">
    <p class='ocr_par' dir='ltr' id='par_1_13' title="bbox 409 1191 1997 1269">
     <span class='ocr_line' id='line_1_13' title="bbox 409 1191 1997 1269; baseline -0.004 -17"><span class='ocrx_word' id='word_1_78' title='bbox 409 1213 537 1269; x_wconf 89' lang='lat' dir='ltr'><strong>gere</strong></span> <span class='ocrx_word' id='word_1_79' title='bbox 565 1204 619 1250; x_wconf 89' lang='lat' dir='ltr'><strong>et</strong></span> <span class='ocrx_word' id='word_1_80' title='bbox 675 1196 742 1250; x_wconf 91' lang='lat' dir='ltr'><strong>ad</strong></span> <span class='ocrx_word' id='word_1_81' title='bbox 783 1208 1141 1266; x_wconf 88' lang='lat' dir='ltr'><strong>quascunque</strong></span> <span class='ocrx_word' id='word_1_82' title='bbox 1179 1192 1427 1248; x_wconf 86' lang='lat' dir='ltr'><strong>civitates</strong></span> <span class='ocrx_word' id='word_1_83' title='bbox 1453 1191 1538 1247; x_wconf 91' lang='lat' dir='ltr'><strong>vel</strong></span> <span class='ocrx_word' id='word_1_84' title='bbox 1581 1200 1771 1262; x_wconf 89' lang='lat' dir='ltr'><strong>portus</strong></span> <span class='ocrx_word' id='word_1_85' title='bbox 1810 1205 1997 1246; x_wconf 86' lang='lat' dir='ltr'><strong>acces-</strong></span> 
     </span>
    </p>
   </div>
   <div class='ocr_carea' id='block_1_14' title="bbox 410 1280 1993 1354">
    <p class='ocr_par' dir='ltr' id='par_1_14' title="bbox 410 1280 1993 1354">
     <span class='ocr_line' id='line_1_14' title="bbox 410 1280 1993 1354; baseline -0.005 -13"><span class='ocrx_word' id='word_1_86' title='bbox 410 1302 533 1342; x_wconf 87' lang='lat' dir='ltr'><strong>sum</strong></span> <span class='ocrx_word' id='word_1_87' title='bbox 558 1285 868 1349; x_wconf 86' lang='lat' dir='ltr'><strong>habuerint,</strong></span> <span class='ocrx_word' id='word_1_88' title='bbox 898 1284 993 1354; x_wconf 88' lang='lat' dir='ltr'><strong>qui</strong></span> <span class='ocrx_word' id='word_1_89' title='bbox 1016 1283 1237 1339; x_wconf 90' lang='lat' dir='ltr'><strong>easdem</strong></span> <span class='ocrx_word' id='word_1_90' title='bbox 1260 1297 1427 1337; x_wconf 86' lang='lat' dir='ltr'><strong>naves</strong></span> <span class='ocrx_word' id='word_1_91' title='bbox 1455 1282 1744 1351; x_wconf 85' lang='lat' dir='ltr'><strong>providere</strong></span> <span class='ocrx_word' id='word_1_92' title='bbox 1772 1280 1993 1345; x_wconf 89' lang='lat' dir='ltr'><strong>debent,</strong></span> 
     </span>
    </p>
   </div>
   <div class='ocr_carea' id='block_1_15' title="bbox 410 1358 1998 1445">
    <p class='ocr_par' dir='ltr' id='par_1_15' title="bbox 410 1358 1998 1445">
     <span class='ocr_line' id='line_1_15' title="bbox 410 1358 1998 1445; baseline -0.004 -15"><span class='ocrx_word' id='word_1_93' title='bbox 410 1376 615 1431; x_wconf 89' lang='lat' dir='ltr'><strong>nullam</strong></span> <span class='ocrx_word' id='word_1_94' title='bbox 656 1373 1090 1445; x_wconf 87' lang='lat' dir='ltr'><strong>inquietudinem</strong></span> <span class='ocrx_word' id='word_1_95' title='bbox 1141 1381 1237 1427; x_wconf 89' lang='lat' dir='ltr'><strong>aut</strong></span> <span class='ocrx_word' id='word_1_96' title='bbox 1287 1358 1665 1427; x_wconf 73' lang='lat' dir='ltr'><strong>detentionenf</strong></span> <span class='ocrx_word' id='word_1_97' title='bbox 1706 1369 1800 1440; x_wconf 71' lang='lat' dir='ltr'><strong>ab}</strong></span> <span class='ocrx_word' id='word_1_98' title='bbox 1816 1368 1998 1438; x_wconf 90' lang='lat' dir='ltr'><strong>aliquo</strong></span> 
     </span>
    </p>
   </div>
   <div class='ocr_carea' id='block_1_16' title="bbox 411 1458 1997 1531">
    <p class='ocr_par' dir='ltr' id='par_1_16' title="bbox 411 1458 1997 1531">
     <span class='ocr_line' id='line_1_16' title="bbox 411 1458 1997 1531; baseline -0.005 -11"><span class='ocrx_word' id='word_1_99' title='bbox 411 1465 648 1521; x_wconf 86' lang='lat' dir='ltr'><strong>ﬁdelium</strong></span> <span class='ocrx_word' id='word_1_100' title='bbox 684 1474 993 1519; x_wconf 86' lang='lat' dir='ltr'><strong>nostrorum</strong></span> <span class='ocrx_word' id='word_1_101' title='bbox 1033 1462 1343 1531; x_wconf 87' lang='lat' dir='ltr'><strong>patiantur;</strong></span> <span class='ocrx_word' id='word_1_102' title='bbox 1365 1460 1486 1516; x_wconf 70' lang='lat' dir='ltr'><strong>csed</strong></span> <span class='ocrx_word' id='word_1_103' title='bbox 1514 1474 1611 1529; x_wconf 91' lang='lat' dir='ltr'><strong>per</strong></span> <span class='ocrx_word' id='word_1_104' title='bbox 1636 1458 1997 1528; x_wconf 88' lang='lat' dir='ltr'><strong>quodcunque</strong></span> 
     </span>
    </p>
   </div>
   <div class='ocr_carea' id='block_1_17' title="bbox 409 1548 1997 1625">
    <p class='ocr_par' dir='ltr' id='par_1_17' title="bbox 409 1548 1997 1625">
     <span class='ocr_line' id='line_1_17' title="bbox 409 1548 1997 1625; baseline -0.005 -15"><span class='ocrx_word' id='word_1_105' title='bbox 409 1556 478 1613; x_wconf 89' lang='lat' dir='ltr'><strong>de</strong></span> <span class='ocrx_word' id='word_1_106' title='bbox 501 1557 777 1625; x_wconf 67' lang='lat' dir='ltr'><strong>praedictis</strong></span> <span class='ocrx_word' id='word_1_107' title='bbox 812 1552 1127 1609; x_wconf 84' lang='lat' dir='ltr'><strong>ﬂuminibus</strong></span> <span class='ocrx_word' id='word_1_108' title='bbox 1169 1551 1611 1621; x_wconf 87' lang='lat' dir='ltr'><strong>remigraverint,</strong></span> <span class='ocrx_word' id='word_1_109' title='bbox 1641 1548 1812 1619; x_wconf 89' lang='lat' dir='ltr'><strong>quieti</strong></span> <span class='ocrx_word' id='word_1_110' title='bbox 1834 1556 1997 1603; x_wconf 87' lang='lat' dir='ltr'><strong>etse-</strong></span> 
     </span>
    </p>
   </div>
   <div class='ocr_carea' id='block_1_18' title="bbox 2094 463 3683 536">
    <p class='ocr_par' dir='ltr' id='par_1_18' title="bbox 2094 463 3683 536">
     <span class='ocr_line' id='line_1_18' title="bbox 2094 463 3683 536; baseline 0.002 -17"><span class='ocrx_word' id='word_1_111' title='bbox 2094 474 2212 520; x_wconf 89' lang='lat' dir='ltr'><strong>rato</strong></span> <span class='ocrx_word' id='word_1_112' title='bbox 2236 465 2462 536; x_wconf 72' lang='lat' dir='ltr'><strong>prmsule</strong></span> <span class='ocrx_word' id='word_1_113' title='bbox 2489 465 2803 519; x_wconf 82' lang='lat' dir='ltr'><strong>monasterii</strong></span> <span class='ocrx_word' id='word_1_114' title='bbox 2833 463 2890 519; x_wconf 86' lang='lat' dir='ltr'><strong>S.</strong></span> <span class='ocrx_word' id='word_1_115' title='bbox 2927 464 3160 520; x_wconf 85' lang='lat' dir='ltr'><strong>Zenonis</strong></span> <span class='ocrx_word' id='word_1_116' title='bbox 3179 467 3510 523; x_wconf 81' lang='lat' dir='ltr'><strong>confessoris</strong></span> <span class='ocrx_word' id='word_1_117' title='bbox 3528 468 3683 524; x_wconf 79' lang='lat' dir='ltr'><strong>Chri-</strong></span> 
     </span>
    </p>
   </div>
   <div class='ocr_carea' id='block_1_19' title="bbox 2092 553 3682 626">
    <p class='ocr_par' dir='ltr' id='par_1_19' title="bbox 2092 553 3682 626">
     <span class='ocr_line' id='line_1_19' title="bbox 2092 553 3682 626; baseline 0.001 -15"><span class='ocrx_word' id='word_1_118' title='bbox 2092 556 2181 621; x_wconf 89' lang='lat' dir='ltr'><strong>sti,</strong></span> <span class='ocrx_word' id='word_1_119' title='bbox 2222 555 2365 625; x_wconf 89' lang='lat' dir='ltr'><strong>quod</strong></span> <span class='ocrx_word' id='word_1_120' title='bbox 2394 562 2479 608; x_wconf 90' lang='lat' dir='ltr'><strong>est</strong></span> <span class='ocrx_word' id='word_1_121' title='bbox 2517 553 2873 609; x_wconf 89' lang='lat' dir='ltr'><strong>constitutum</strong></span> <span class='ocrx_word' id='word_1_122' title='bbox 2912 554 2965 607; x_wconf 92' lang='lat' dir='ltr'><strong>in</strong></span> <span class='ocrx_word' id='word_1_123' title='bbox 2990 555 3247 609; x_wconf 87' lang='lat' dir='ltr'><strong>suburbio</strong></span> <span class='ocrx_word' id='word_1_124' title='bbox 3284 558 3558 626; x_wconf 61' lang='lat' dir='ltr'><strong>predicta:</strong></span> <span class='ocrx_word' id='word_1_125' title='bbox 3600 560 3682 614; x_wconf 78' lang='lat' dir='ltr'><strong>ci-</strong></span> 
     </span>
    </p>
   </div>
   <div class='ocr_carea' id='block_1_20' title="bbox 2092 644 3681 715">
    <p class='ocr_par' dir='ltr' id='par_1_20' title="bbox 2092 644 3681 715">
     <span class='ocr_line' id='line_1_20' title="bbox 2092 644 3681 715; baseline 0.001 -14"><span class='ocrx_word' id='word_1_126' title='bbox 2092 646 2295 711; x_wconf 88' lang='lat' dir='ltr'><strong>vitatis,</strong></span> <span class='ocrx_word' id='word_1_127' title='bbox 2322 649 2571 715; x_wconf 69' lang='lat' dir='ltr'><strong>!propter</strong></span> <span class='ocrx_word' id='word_1_128' title='bbox 2618 644 2862 699; x_wconf 89' lang='lat' dir='ltr'><strong>divinum</strong></span> <span class='ocrx_word' id='word_1_129' title='bbox 2911 658 3176 709; x_wconf 87' lang='lat' dir='ltr'><strong>amorem,</strong></span> <span class='ocrx_word' id='word_1_130' title='bbox 3225 654 3281 700; x_wconf 89' lang='lat' dir='ltr'><strong>et</strong></span> <span class='ocrx_word' id='word_1_131' title='bbox 3312 648 3681 703; x_wconf 79' lang='lat' dir='ltr'><strong>reverentiam</strong></span> 
     </span>
    </p>
   </div>
   <div class='ocr_carea' id='block_1_21' title="bbox 2091 734 3682 808">
    <p class='ocr_par' dir='ltr' id='par_1_21' title="bbox 2091 734 3682 808">
     <span class='ocr_line' id='line_1_21' title="bbox 2091 734 3682 808; baseline 0.001 -18"><span class='ocrx_word' id='word_1_132' title='bbox 2091 734 2299 808; x_wconf 73' lang='lat' dir='ltr'><strong>przefati</strong></span> <span class='ocrx_word' id='word_1_133' title='bbox 2341 736 2554 805; x_wconf 87' lang='lat' dir='ltr'><strong>patroni</strong></span> <span class='ocrx_word' id='word_1_134' title='bbox 2604 734 3031 789; x_wconf 67' lang='lat' dir='ltr'><strong>reazdiﬁcassent</strong></span> <span class='ocrx_word' id='word_1_135' title='bbox 3080 742 3243 804; x_wconf 87' lang='lat' dir='ltr'><strong>atque</strong></span> <span class='ocrx_word' id='word_1_136' title='bbox 3299 746 3682 804; x_wconf 88' lang='lat' dir='ltr'><strong>renovassent,</strong></span> 
     </span>
    </p>
   </div>
   <div class='ocr_carea' id='block_1_22' title="bbox 2092 825 3684 898">
    <p class='ocr_par' dir='ltr' id='par_1_22' title="bbox 2092 825 3684 898">
     <span class='ocr_line' id='line_1_22' title="bbox 2092 825 3684 898; baseline 0.001 -14"><span class='ocrx_word' id='word_1_137' title='bbox 2092 837 2148 884; x_wconf 91' lang='lat' dir='ltr'><strong>et</strong></span> <span class='ocrx_word' id='word_1_138' title='bbox 2174 828 2318 898; x_wconf 92' lang='lat' dir='ltr'><strong>quod</strong></span> <span class='ocrx_word' id='word_1_139' title='bbox 2341 827 2469 882; x_wconf 90' lang='lat' dir='ltr'><strong>olim</strong></span> <span class='ocrx_word' id='word_1_140' title='bbox 2502 826 2571 881; x_wconf 92' lang='lat' dir='ltr'><strong>ab</strong></span> <span class='ocrx_word' id='word_1_141' title='bbox 2600 825 2910 881; x_wconf 90' lang='lat' dir='ltr'><strong>inﬁdelibus</strong></span> <span class='ocrx_word' id='word_1_142' title='bbox 2931 826 3241 882; x_wconf 92' lang='lat' dir='ltr'><strong>hominibus</strong></span> <span class='ocrx_word' id='word_1_143' title='bbox 3269 837 3526 884; x_wconf 78' lang='lat' dir='ltr'><strong>exustum</strong></span> <span class='ocrx_word' id='word_1_144' title='bbox 3554 830 3684 886; x_wconf 86' lang='lat' dir='ltr'><strong>fuis-</strong></span> 
     </span>
    </p>
   </div>
   <div class='ocr_carea' id='block_1_23' title="bbox 2093 917 3683 993">
    <p class='ocr_par' dir='ltr' id='par_1_23' title="bbox 2093 917 3683 993">
     <span class='ocr_line' id='line_1_23' title="bbox 2093 917 3683 993; baseline 0.001 -17"><span class='ocrx_word' id='word_1_145' title='bbox 2093 931 2197 986; x_wconf 88' lang='lat' dir='ltr'><strong>set,</strong></span> <span class='ocrx_word' id='word_1_146' title='bbox 2223 927 2278 976; x_wconf 89' lang='lat' dir='ltr'><strong>et</strong></span> <span class='ocrx_word' id='word_1_147' title='bbox 2312 919 2380 975; x_wconf 91' lang='lat' dir='ltr'><strong>ab</strong></span> <span class='ocrx_word' id='word_1_148' title='bbox 2409 919 2662 974; x_wconf 90' lang='lat' dir='ltr'><strong>omnibus</strong></span> <span class='ocrx_word' id='word_1_149' title='bbox 2690 917 2853 973; x_wconf 86' lang='lat' dir='ltr'><strong>rebus</strong></span> <span class='ocrx_word' id='word_1_150' title='bbox 2875 918 2979 973; x_wconf 91' lang='lat' dir='ltr'><strong>sibi</strong></span> <span class='ocrx_word' id='word_1_151' title='bbox 2997 919 3130 973; x_wconf 91' lang='lat' dir='ltr'><strong>olim</strong></span> <span class='ocrx_word' id='word_1_152' title='bbox 3169 919 3380 974; x_wconf 89' lang='lat' dir='ltr'><strong>collatis</strong></span> <span class='ocrx_word' id='word_1_153' title='bbox 3402 937 3549 992; x_wconf 90' lang='lat' dir='ltr'><strong>pene</strong></span> <span class='ocrx_word' id='word_1_154' title='bbox 3572 923 3683 993; x_wconf 81' lang='lat' dir='ltr'><strong>pri-</strong></span> 
     </span>
    </p>
   </div>
   <div class='ocr_carea' id='block_1_24' title="bbox 2093 1008 3684 1081">
    <p class='ocr_par' dir='ltr' id='par_1_24' title="bbox 2093 1008 3684 1081">
     <span class='ocr_line' id='line_1_24' title="bbox 2093 1008 3684 1081; baseline -0.001 -14"><span class='ocrx_word' id='word_1_155' title='bbox 2093 1020 2277 1067; x_wconf 92' lang='lat' dir='ltr'><strong>vatum</strong></span> <span class='ocrx_word' id='word_1_156' title='bbox 2302 1028 2317 1078; x_wconf 89' lang='lat'>;</span> <span class='ocrx_word' id='word_1_157' title='bbox 2364 1025 2489 1064; x_wconf 91' lang='lat' dir='ltr'><strong>nam</strong></span> <span class='ocrx_word' id='word_1_158' title='bbox 2513 1023 2688 1078; x_wconf 91' lang='lat' dir='ltr'><strong>neque</strong></span> <span class='ocrx_word' id='word_1_159' title='bbox 2713 1009 2962 1063; x_wconf 90' lang='lat' dir='ltr'><strong>monachi</strong></span> <span class='ocrx_word' id='word_1_160' title='bbox 2992 1008 3192 1063; x_wconf 88' lang='lat' dir='ltr'><strong>ibidem</strong></span> <span class='ocrx_word' id='word_1_161' title='bbox 3232 1010 3539 1065; x_wconf 90' lang='lat' dir='ltr'><strong>consistere</strong></span> <span class='ocrx_word' id='word_1_162' title='bbox 3565 1011 3684 1081; x_wconf 59' lang='lat' dir='ltr'><strong>quia</strong></span> 
     </span>
    </p>
   </div>
   <div class='ocr_carea' id='block_1_25' title="bbox 2094 1098 3686 1172">
    <p class='ocr_par' dir='ltr' id='par_1_25' title="bbox 2094 1098 3686 1172">
     <span class='ocr_line' id='line_1_25' title="bbox 2094 1098 3686 1172; baseline 0 -15"><span class='ocrx_word' id='word_1_163' title='bbox 2094 1103 2247 1169; x_wconf 87' lang='lat' dir='ltr'><strong>bant,</strong></span> <span class='ocrx_word' id='word_1_164' title='bbox 2282 1101 2375 1172; x_wconf 92' lang='lat' dir='ltr'><strong>qui</strong></span> <span class='ocrx_word' id='word_1_165' title='bbox 2422 1102 2586 1156; x_wconf 89' lang='lat' dir='ltr'><strong>horas</strong></span> <span class='ocrx_word' id='word_1_166' title='bbox 2630 1099 2920 1155; x_wconf 87' lang='lat' dir='ltr'><strong>canonicas</strong></span> <span class='ocrx_word' id='word_1_167' title='bbox 2964 1108 3020 1154; x_wconf 93' lang='lat' dir='ltr'><strong>et</strong></span> <span class='ocrx_word' id='word_1_168' title='bbox 3055 1098 3269 1154; x_wconf 89' lang='lat' dir='ltr'><strong>divinas</strong></span> <span class='ocrx_word' id='word_1_169' title='bbox 3310 1102 3686 1171; x_wconf 78' lang='lat' dir='ltr'><strong>persolverent</strong></span> 
     </span>
    </p>
   </div>
   <div class='ocr_carea' id='block_1_26' title="bbox 2094 1190 3687 1261">
    <p class='ocr_par' dir='ltr' id='par_1_26' title="bbox 2094 1190 3687 1261">
     <span class='ocr_line' id='line_1_26' title="bbox 2094 1190 3687 1261; baseline 0.001 -15"><span class='ocrx_word' id='word_1_170' title='bbox 2094 1191 2304 1259; x_wconf 88' lang='lat' dir='ltr'><strong>laudes,</strong></span> <span class='ocrx_word' id='word_1_171' title='bbox 2341 1192 2445 1247; x_wconf 87' lang='lat' dir='ltr'><strong>nisi</strong></span> <span class='ocrx_word' id='word_1_172' title='bbox 2489 1191 2773 1261; x_wconf 84' lang='lat' dir='ltr'><strong>episcopus</strong></span> <span class='ocrx_word' id='word_1_173' title='bbox 2800 1190 2866 1245; x_wconf 88' lang='lat' dir='ltr'><strong>de</strong></span> <span class='ocrx_word' id='word_1_174' title='bbox 2888 1190 3141 1261; x_wconf 63' lang='lat' dir='ltr'><strong>praedicta</strong></span> <span class='ocrx_word' id='word_1_175' title='bbox 3167 1190 3391 1246; x_wconf 80' lang='lat' dir='ltr'><strong>civitate</strong></span> <span class='ocrx_word' id='word_1_176' title='bbox 3430 1194 3687 1248; x_wconf 84' lang='lat' dir='ltr'><strong>sacerdo-</strong></span> 
     </span>
    </p>
   </div>
   <div class='ocr_carea' id='block_1_27' title="bbox 2095 1282 3684 1354">
    <p class='ocr_par' dir='ltr' id='par_1_27' title="bbox 2095 1282 3684 1354">
     <span class='ocr_line' id='line_1_27' title="bbox 2095 1282 3684 1354; baseline -0.002 -13"><span class='ocrx_word' id='word_1_177' title='bbox 2095 1294 2179 1341; x_wconf 88' lang='lat' dir='ltr'><strong>tes</strong></span> <span class='ocrx_word' id='word_1_178' title='bbox 2205 1284 2334 1339; x_wconf 92' lang='lat' dir='ltr'><strong>illuc</strong></span> <span class='ocrx_word' id='word_1_179' title='bbox 2384 1283 2640 1347; x_wconf 89' lang='lat' dir='ltr'><strong>mitteret,</strong></span> <span class='ocrx_word' id='word_1_180' title='bbox 2667 1297 2774 1337; x_wconf 93' lang='lat' dir='ltr'><strong>non</strong></span> <span class='ocrx_word' id='word_1_181' title='bbox 2794 1290 2931 1346; x_wconf 87' lang='lat' dir='ltr'><strong>erat,</strong></span> <span class='ocrx_word' id='word_1_182' title='bbox 2974 1282 3066 1350; x_wconf 93' lang='lat' dir='ltr'><strong>qui</strong></span> <span class='ocrx_word' id='word_1_183' title='bbox 3098 1282 3321 1347; x_wconf 89' lang='lat' dir='ltr'><strong>ibidem,</strong></span> <span class='ocrx_word' id='word_1_184' title='bbox 3369 1292 3432 1337; x_wconf 90' lang='lat' dir='ltr'><strong>ut</strong></span> <span class='ocrx_word' id='word_1_185' title='bbox 3458 1283 3684 1354; x_wconf 81' lang='lat' dir='ltr'><strong>dignum</strong></span> 
     </span>
    </p>
   </div>
   <div class='ocr_carea' id='block_1_28' title="bbox 2097 1368 3688 1441">
    <p class='ocr_par' dir='ltr' id='par_1_28' title="bbox 2097 1368 3688 1441">
     <span class='ocr_line' id='line_1_28' title="bbox 2097 1368 3688 1441; baseline -0.001 -11"><span class='ocrx_word' id='word_1_186' title='bbox 2097 1382 2238 1439; x_wconf 91' lang='lat' dir='ltr'><strong>erat,</strong></span> <span class='ocrx_word' id='word_1_187' title='bbox 2271 1372 2512 1429; x_wconf 90' lang='lat' dir='ltr'><strong>divinum</strong></span> <span class='ocrx_word' id='word_1_188' title='bbox 2532 1370 2835 1427; x_wconf 84' lang='lat' dir='ltr'><strong>celebraret</strong></span> <span class='ocrx_word' id='word_1_189' title='bbox 2857 1368 3097 1425; x_wconf 90' lang='lat' dir='ltr'><strong>ofﬁcium</strong></span> <span class='ocrx_word' id='word_1_190' title='bbox 3123 1389 3137 1424; x_wconf 89' lang='lat'><strong>:</strong></span> <span class='ocrx_word' id='word_1_191' title='bbox 3167 1372 3309 1425; x_wconf 90' lang='lat' dir='ltr'><strong>unde</strong></span> <span class='ocrx_word' id='word_1_192' title='bbox 3336 1371 3414 1426; x_wconf 89' lang='lat' dir='ltr'><strong>illi</strong></span> <span class='ocrx_word' id='word_1_193' title='bbox 3441 1386 3545 1441; x_wconf 91' lang='lat' dir='ltr'><strong>pro</strong></span> <span class='ocrx_word' id='word_1_194' title='bbox 3572 1373 3688 1428; x_wconf 84' lang='lat' dir='ltr'><strong>ani-</strong></span> 
     </span>
    </p>
   </div>
   <div class='ocr_carea' id='block_1_29' title="bbox 2098 1463 3688 1535">
    <p class='ocr_par' dir='ltr' id='par_1_29' title="bbox 2098 1463 3688 1535">
     <span class='ocr_line' id='line_1_29' title="bbox 2098 1463 3688 1535; baseline 0.001 -15"><span class='ocrx_word' id='word_1_195' title='bbox 2098 1481 2308 1521; x_wconf 88' lang='lat' dir='ltr'><strong>marum</strong></span> <span class='ocrx_word' id='word_1_196' title='bbox 2348 1481 2570 1521; x_wconf 89' lang='lat' dir='ltr'><strong>suarum</strong></span> <span class='ocrx_word' id='word_1_197' title='bbox 2615 1463 2981 1519; x_wconf 89' lang='lat' dir='ltr'><strong>emolumento</strong></span> <span class='ocrx_word' id='word_1_198' title='bbox 3014 1464 3274 1532; x_wconf 88' lang='lat' dir='ltr'><strong>quasdam</strong></span> <span class='ocrx_word' id='word_1_199' title='bbox 3318 1479 3432 1530; x_wconf 90' lang='lat' dir='ltr'><strong>res,</strong></span> <span class='ocrx_word' id='word_1_200' title='bbox 3489 1466 3688 1535; x_wconf 78' lang='lat' dir='ltr'><strong>quibus</strong></span> 
     </span>
    </p>
   </div>
   <div class='ocr_carea' id='block_1_30' title="bbox 2097 1553 3685 1627">
    <p class='ocr_par' dir='ltr' id='par_1_30' title="bbox 2097 1553 3685 1627">
     <span class='ocr_line' id='line_1_30' title="bbox 2097 1553 3685 1627; baseline 0 -14"><span class='ocrx_word' id='word_1_201' title='bbox 2097 1557 2349 1613; x_wconf 91' lang='lat' dir='ltr'><strong>monachi</strong></span> <span class='ocrx_word' id='word_1_202' title='bbox 2398 1565 2455 1613; x_wconf 93' lang='lat' dir='ltr'><strong>et</strong></span> <span class='ocrx_word' id='word_1_203' title='bbox 2500 1570 2767 1627; x_wconf 84' lang='lat' dir='ltr'><strong>pauperes</strong></span> <span class='ocrx_word' id='word_1_204' title='bbox 2820 1553 3026 1610; x_wconf 91' lang='lat' dir='ltr'><strong>Christi</strong></span> <span class='ocrx_word' id='word_1_205' title='bbox 3071 1554 3311 1610; x_wconf 90' lang='lat' dir='ltr'><strong>subsidia</strong></span> <span class='ocrx_word' id='word_1_206' title='bbox 3372 1559 3685 1613; x_wconf 83' lang='lat' dir='ltr'><strong>necessaria</strong></span> 
     </span>
    </p>
   </div>
   <div class='ocr_carea' id='block_1_31' title="bbox 411 1640 3689 1722">
    <p class='ocr_par' dir='ltr' id='par_1_31' title="bbox 411 1640 3689 1722">
     <span class='ocr_line' id='line_1_31' title="bbox 411 1640 3689 1722; baseline -0.004 -4"><span class='ocrx_word' id='word_1_207' title='bbox 411 1650 526 1704; x_wconf 70' lang='lat' dir='ltr'><strong>Clll&#39;i</strong></span> <span class='ocrx_word' id='word_1_208' title='bbox 554 1664 676 1704; x_wconf 73' lang='lat' dir='ltr'><strong>Cum</strong></span> <span class='ocrx_word' id='word_1_209' title='bbox 708 1647 839 1717; x_wconf 67' lang='grc' dir='ltr'><strong>ίβδίε</strong></span> <span class='ocrx_word' id='word_1_210' title='bbox 864 1645 1091 1700; x_wconf 58' lang='lat' dir='ltr'><strong>nam)“</strong></span> <span class='ocrx_word' id='word_1_211' title='bbox 1116 1652 1171 1698; x_wconf 70' lang='grc' dir='ltr'>ει</span> <span class='ocrx_word' id='word_1_212' title='bbox 1192 1643 1261 1698; x_wconf 66' lang='lat' dir='ltr'><strong>iis</strong></span> <span class='ocrx_word' id='word_1_213' title='bbox 1282 1657 1404 1713; x_wconf 70' lang='grc' dir='ltr'>(ιιιεε</span> <span class='ocrx_word' id='word_1_214' title='bbox 1424 1640 1696 1704; x_wconf 55' lang='lat' dir='ltr'><strong>deferunt:</strong></span> <span class='ocrx_word' id='word_1_215' title='bbox 1739 1652 1840 1713; x_wconf 64' lang='lat' dir='ltr'><strong>Per</strong></span> <span class='ocrx_word' id='word_1_216' title='bbox 1859 1651 2000 1707; x_wconf 61' lang='grc' dir='ltr'>ιπει</span> <span class='ocrx_word' id='word_1_217' title='bbox 2101 1651 2299 1707; x_wconf 80' lang='lat' dir='ltr'><strong>futuris</strong></span> <span class='ocrx_word' id='word_1_218' title='bbox 2340 1651 2675 1722; x_wconf 89' lang='lat' dir='ltr'><strong>temporibus</strong></span> <span class='ocrx_word' id='word_1_219' title='bbox 2702 1648 2905 1705; x_wconf 90' lang='lat' dir='ltr'><strong>habere</strong></span> <span class='ocrx_word' id='word_1_220' title='bbox 2942 1647 3263 1718; x_wconf 86' lang='lat' dir='ltr'><strong>quivissent,</strong></span> <span class='ocrx_word' id='word_1_221' title='bbox 3312 1647 3380 1701; x_wconf 90' lang='lat' dir='ltr'><strong>ad</strong></span> <span class='ocrx_word' id='word_1_222' title='bbox 3421 1664 3689 1704; x_wconf 79' lang='lat' dir='ltr'><strong>memora-</strong></span> 
     </span>
    </p>
   </div>
   <div class='ocr_carea' id='block_1_32' title="bbox 411 1729 3687 1810">
    <p class='ocr_par' dir='ltr' id='par_1_32' title="bbox 411 1729 3687 1810">
     <span class='ocr_line' id='line_1_32' title="bbox 411 1729 3687 1810; baseline -0.006 -17"><span class='ocrx_word' id='word_1_223' title='bbox 411 1748 623 1793; x_wconf 89' lang='lat' dir='ltr'><strong>sentem</strong></span> <span class='ocrx_word' id='word_1_224' title='bbox 648 1738 1045 1793; x_wconf 89' lang='lat' dir='ltr'><strong>ordinationem</strong></span> <span class='ocrx_word' id='word_1_225' title='bbox 1073 1741 1316 1790; x_wconf 88' lang='lat' dir='ltr'><strong>nostram</strong></span> <span class='ocrx_word' id='word_1_226' title='bbox 1357 1734 1437 1788; x_wconf 90' lang='lat' dir='ltr'><strong>ire</strong></span> <span class='ocrx_word' id='word_1_227' title='bbox 1470 1740 1524 1788; x_wconf 87' lang='lat' dir='ltr'><strong>et</strong></span> <span class='ocrx_word' id='word_1_228' title='bbox 1550 1731 1729 1787; x_wconf 92' lang='lat' dir='ltr'><strong>redire</strong></span> <span class='ocrx_word' id='word_1_229' title='bbox 1754 1729 1995 1785; x_wconf 83' lang='lat' dir='ltr'><strong>valeant.</strong></span> <span class='ocrx_word' id='word_1_230' title='bbox 2027 1741 2077 1802; x_wconf 78' lang='grc' dir='ltr'><strong>Β</strong></span> <span class='ocrx_word' id='word_1_231' title='bbox 2107 1749 2219 1797; x_wconf 59' lang='lat' dir='ltr'><strong>tum</strong></span> <span class='ocrx_word' id='word_1_232' title='bbox 2259 1742 2438 1797; x_wconf 67' lang='lat' dir='ltr'><strong>locum</strong></span> <span class='ocrx_word' id='word_1_233' title='bbox 2493 1739 2761 1810; x_wconf 55' lang='lat' dir='ltr'><strong>delegare,</strong></span> <span class='ocrx_word' id='word_1_234' title='bbox 2810 1746 2976 1808; x_wconf 48' lang='lat' dir='ltr'><strong>atque</strong></span> <span class='ocrx_word' id='word_1_235' title='bbox 3002 1736 3328 1792; x_wconf 64' lang='grc' dir='ltr'><strong>ροηῆι-ηωτε</strong></span> <span class='ocrx_word' id='word_1_236' title='bbox 3357 1735 3477 1791; x_wconf 65' lang='grc' dir='ltr'><strong>[οη</strong></span> <span class='ocrx_word' id='word_1_237' title='bbox 3498 1754 3687 1808; x_wconf 49' lang='lat' dir='ltr'><strong>perm.</strong></span> 
     </span>
    </p>
   </div>
   <div class='ocr_carea' id='block_1_33' title="bbox 412 1823 3687 1899">
    <p class='ocr_par' dir='ltr' id='par_1_33' title="bbox 412 1823 3687 1899">
     <span class='ocr_line' id='line_1_33' title="bbox 412 1823 3687 1899; baseline -0.002 -16"><span class='ocrx_word' id='word_1_238' title='bbox 412 1830 482 1883; x_wconf 85' lang='lat' dir='ltr'><strong>Et</strong></span> <span class='ocrx_word' id='word_1_239' title='bbox 510 1829 556 1883; x_wconf 88' lang='lat' dir='ltr'><strong>si</strong></span> <span class='ocrx_word' id='word_1_240' title='bbox 586 1830 801 1898; x_wconf 89' lang='lat' dir='ltr'><strong>aliquas</strong></span> <span class='ocrx_word' id='word_1_241' title='bbox 834 1843 1016 1882; x_wconf 84' lang='lat' dir='ltr'><strong>moras</strong></span> <span class='ocrx_word' id='word_1_242' title='bbox 1056 1827 1110 1881; x_wconf 89' lang='lat' dir='ltr'><strong>in</strong></span> <span class='ocrx_word' id='word_1_243' title='bbox 1152 1825 1395 1896; x_wconf 83' lang='lat' dir='ltr'><strong>quolth</strong></span> <span class='ocrx_word' id='word_1_244' title='bbox 1441 1825 1560 1880; x_wconf 92' lang='lat' dir='ltr'><strong>loco</strong></span> <span class='ocrx_word' id='word_1_245' title='bbox 1612 1823 1862 1889; x_wconf 86' lang='lat' dir='ltr'><strong>fecerint,</strong></span> <span class='ocrx_word' id='word_1_246' title='bbox 1905 1831 2002 1877; x_wconf 89' lang='lat' dir='ltr'><strong>aut</strong></span> <span class='ocrx_word' id='word_1_247' title='bbox 2104 1829 2341 1895; x_wconf 58' lang='lat' dir='ltr'><strong>malum,</strong></span> <span class='ocrx_word' id='word_1_248' title='bbox 2396 1845 2461 1884; x_wconf 80' lang='lat' dir='ltr'><strong>ac</strong></span> <span class='ocrx_word' id='word_1_249' title='bbox 2486 1840 2824 1899; x_wconf 76' lang='lat' dir='ltr'><strong>permanere.</strong></span> <span class='ocrx_word' id='word_1_250' title='bbox 2847 1825 2927 1879; x_wconf 89' lang='lat' dir='ltr'><strong>[ta</strong></span> <span class='ocrx_word' id='word_1_251' title='bbox 2961 1825 3224 1878; x_wconf 83' lang='lat' dir='ltr'><strong>duntaxat</strong></span> <span class='ocrx_word' id='word_1_252' title='bbox 3247 1830 3308 1878; x_wconf 88' lang='lat' dir='ltr'><strong>ut</strong></span> <span class='ocrx_word' id='word_1_253' title='bbox 3346 1841 3687 1898; x_wconf 69' lang='lat' dir='ltr'><strong>quaecunque</strong></span> 
     </span>
    </p>
   </div>
   <div class='ocr_carea' id='block_1_34' title="bbox 414 1913 1998 1989">
    <p class='ocr_par' dir='ltr' id='par_1_34' title="bbox 414 1913 1998 1989">
     <span class='ocr_line' id='line_1_34' title="bbox 414 1913 1998 1989; baseline -0.004 -15"><span class='ocrx_word' id='word_1_254' title='bbox 414 1920 620 1989; x_wconf 89' lang='lat' dir='ltr'><strong>aliquid</strong></span> <span class='ocrx_word' id='word_1_255' title='bbox 648 1917 877 1974; x_wconf 90' lang='lat' dir='ltr'><strong>mercati</strong></span> <span class='ocrx_word' id='word_1_256' title='bbox 903 1917 1106 1971; x_wconf 86' lang='lat' dir='ltr'><strong>fuerint</strong></span> <span class='ocrx_word' id='word_1_257' title='bbox 1129 1918 1214 1972; x_wconf 93' lang='lat' dir='ltr'><strong>vel</strong></span> <span class='ocrx_word' id='word_1_258' title='bbox 1240 1915 1603 1980; x_wconf 88' lang='lat' dir='ltr'><strong>vendiderint,</strong></span> <span class='ocrx_word' id='word_1_259' title='bbox 1643 1913 1778 1969; x_wconf 90' lang='lat' dir='ltr'><strong>nihil</strong></span> <span class='ocrx_word' id='word_1_260' title='bbox 1805 1913 1874 1968; x_wconf 91' lang='lat' dir='ltr'><strong>ab</strong></span> <span class='ocrx_word' id='word_1_261' title='bbox 1898 1913 1998 1979; x_wconf 88' lang='lat' dir='ltr'><strong>eis,</strong></span> 
     </span>
    </p>
   </div>
   <div class='ocr_carea' id='block_1_35' title="bbox 414 2004 2000 2079">
    <p class='ocr_par' dir='ltr' id='par_1_35' title="bbox 414 2004 2000 2079">
     <span class='ocr_line' id='line_1_35' title="bbox 414 2004 2000 2079; baseline -0.006 -11"><span class='ocrx_word' id='word_1_262' title='bbox 414 2014 557 2068; x_wconf 83' lang='lat' dir='ltr'><strong>sicut</strong></span> <span class='ocrx_word' id='word_1_263' title='bbox 611 2011 869 2076; x_wconf 78' lang='lat' dir='ltr'><strong>diximus,</strong></span> <span class='ocrx_word' id='word_1_264' title='bbox 918 2009 1229 2079; x_wconf 87' lang='lat' dir='ltr'><strong>requiratur</strong></span> <span class='ocrx_word' id='word_1_265' title='bbox 1273 2016 1368 2062; x_wconf 91' lang='lat' dir='ltr'><strong>aut</strong></span> <span class='ocrx_word' id='word_1_266' title='bbox 1413 2014 1711 2063; x_wconf 85' lang='lat' dir='ltr'><strong>exactetur.</strong></span> <span class='ocrx_word' id='word_1_267' title='bbox 1765 2004 1823 2060; x_wconf 90' lang='lat' dir='ltr'><strong>Si</strong></span> <span class='ocrx_word' id='word_1_268' title='bbox 1848 2019 2000 2069; x_wconf 86' lang='lat' dir='ltr'><strong>vero,</strong></span> 
     </span>
    </p>
   </div>
   <div class='ocr_carea' id='block_1_36' title="bbox 411 2096 2003 2175">
    <p class='ocr_par' dir='ltr' id='par_1_36' title="bbox 411 2096 2003 2175">
     <span class='ocr_line' id='line_1_36' title="bbox 411 2096 2003 2175; baseline -0.004 -18"><span class='ocrx_word' id='word_1_269' title='bbox 411 2105 559 2175; x_wconf 88' lang='lat' dir='ltr'><strong>quod</strong></span> <span class='ocrx_word' id='word_1_270' title='bbox 606 2104 769 2168; x_wconf 89' lang='lat' dir='ltr'><strong>absit,</strong></span> <span class='ocrx_word' id='word_1_271' title='bbox 818 2101 1097 2156; x_wconf 82' lang='lat' dir='ltr'><strong>accidente</strong></span> <span class='ocrx_word' id='word_1_272' title='bbox 1120 2100 1361 2170; x_wconf 88' lang='lat' dir='ltr'><strong>quolibet</strong></span> <span class='ocrx_word' id='word_1_273' title='bbox 1390 2114 1519 2155; x_wconf 90' lang='lat' dir='ltr'><strong>casu</strong></span> <span class='ocrx_word' id='word_1_274' title='bbox 1549 2107 1644 2153; x_wconf 92' lang='lat' dir='ltr'><strong>aut</strong></span> <span class='ocrx_word' id='word_1_275' title='bbox 1675 2096 2003 2169; x_wconf 76' lang='lat' dir='ltr'><strong>negligentia</strong></span> 
     </span>
    </p>
   </div>
   <div class='ocr_carea' id='block_1_37' title="bbox 413 2187 2005 2262">
    <p class='ocr_par' dir='ltr' id='par_1_37' title="bbox 413 2187 2005 2262">
     <span class='ocr_line' id='line_1_37' title="bbox 413 2187 2005 2262; baseline -0.003 -16"><span class='ocrx_word' id='word_1_276' title='bbox 413 2193 808 2262; x_wconf 89' lang='lat' dir='ltr'><strong>navigatorum,</strong></span> <span class='ocrx_word' id='word_1_277' title='bbox 830 2198 923 2244; x_wconf 91' lang='lat' dir='ltr'><strong>aut</strong></span> <span class='ocrx_word' id='word_1_278' title='bbox 951 2197 1113 2243; x_wconf 87' lang='lat' dir='ltr'><strong>vento</strong></span> <span class='ocrx_word' id='word_1_279' title='bbox 1135 2188 1465 2258; x_wconf 88' lang='lat' dir='ltr'><strong>impellente,</strong></span> <span class='ocrx_word' id='word_1_280' title='bbox 1507 2188 1648 2243; x_wconf 89' lang='lat' dir='ltr'><strong>sicut</strong></span> <span class='ocrx_word' id='word_1_281' title='bbox 1672 2187 2005 2242; x_wconf 84' lang='lat' dir='ltr'><strong>creberrime</strong></span> 
     </span>
    </p>
   </div>
   <div class='ocr_carea' id='block_1_38' title="bbox 413 2279 2005 2355">
    <p class='ocr_par' dir='ltr' id='par_1_38' title="bbox 413 2279 2005 2355">
     <span class='ocr_line' id='line_1_38' title="bbox 413 2279 2005 2355; baseline -0.006 -13"><span class='ocrx_word' id='word_1_282' title='bbox 413 2286 727 2355; x_wconf 90' lang='lat' dir='ltr'><strong>contingere</strong></span> <span class='ocrx_word' id='word_1_283' title='bbox 754 2283 911 2347; x_wconf 90' lang='lat' dir='ltr'><strong>solet,</strong></span> <span class='ocrx_word' id='word_1_284' title='bbox 956 2281 1137 2351; x_wconf 89' lang='lat' dir='ltr'><strong>aliqua</strong></span> <span class='ocrx_word' id='word_1_285' title='bbox 1166 2296 1235 2335; x_wconf 78' lang='lat' dir='ltr'><strong>ex</strong></span> <span class='ocrx_word' id='word_1_286' title='bbox 1271 2280 1548 2351; x_wconf 71' lang='lat' dir='ltr'><strong>praedictis</strong></span> <span class='ocrx_word' id='word_1_287' title='bbox 1577 2279 1808 2334; x_wconf 85' lang='lat' dir='ltr'><strong>navibus</strong></span> <span class='ocrx_word' id='word_1_288' title='bbox 1857 2293 2005 2333; x_wconf 89' lang='lat' dir='ltr'><strong>mer-</strong></span> 
     </span>
    </p>
   </div>
   <div class='ocr_carea' id='block_1_39' title="bbox 413 2372 2000 2445">
    <p class='ocr_par' dir='ltr' id='par_1_39' title="bbox 413 2372 2000 2445">
     <span class='ocr_line' id='line_1_39' title="bbox 413 2372 2000 2445; baseline -0.004 -13"><span class='ocrx_word' id='word_1_289' title='bbox 413 2378 550 2433; x_wconf 86' lang='lat' dir='ltr'><strong>serit</strong></span> <span class='ocrx_word' id='word_1_290' title='bbox 585 2383 680 2430; x_wconf 91' lang='lat' dir='ltr'><strong>aut</strong></span> <span class='ocrx_word' id='word_1_291' title='bbox 736 2373 980 2445; x_wconf 87' lang='lat' dir='ltr'><strong>fregerit,</strong></span> <span class='ocrx_word' id='word_1_292' title='bbox 1036 2381 1132 2427; x_wconf 92' lang='lat' dir='ltr'><strong>aut</strong></span> <span class='ocrx_word' id='word_1_293' title='bbox 1180 2387 1318 2427; x_wconf 76' lang='lat' dir='ltr'><strong>caesa</strong></span> <span class='ocrx_word' id='word_1_294' title='bbox 1364 2372 1432 2426; x_wconf 91' lang='lat' dir='ltr'><strong>ad</strong></span> <span class='ocrx_word' id='word_1_295' title='bbox 1476 2372 1627 2427; x_wconf 86' lang='lat' dir='ltr'><strong>littus</strong></span> <span class='ocrx_word' id='word_1_296' title='bbox 1669 2372 2000 2443; x_wconf 89' lang='lat' dir='ltr'><strong>pervenerit,</strong></span> 
     </span>
    </p>
   </div>
   <div class='ocr_carea' id='block_1_40' title="bbox 413 2464 1998 2534">
    <p class='ocr_par' dir='ltr' id='par_1_40' title="bbox 413 2464 1998 2534">
     <span class='ocr_line' id='line_1_40' title="bbox 413 2464 1998 2534; baseline -0.004 -9"><span class='ocrx_word' id='word_1_297' title='bbox 413 2484 573 2525; x_wconf 88' lang='lat' dir='ltr'><strong>nemo</strong></span> <span class='ocrx_word' id='word_1_298' title='bbox 600 2483 721 2523; x_wconf 89' lang='lat' dir='ltr'><strong>eam</strong></span> <span class='ocrx_word' id='word_1_299' title='bbox 751 2466 1055 2529; x_wconf 87' lang='lat' dir='ltr'><strong>destruere,</strong></span> <span class='ocrx_word' id='word_1_300' title='bbox 1091 2472 1183 2518; x_wconf 90' lang='lat' dir='ltr'><strong>aut</strong></span> <span class='ocrx_word' id='word_1_301' title='bbox 1207 2480 1269 2519; x_wconf 89' lang='lat' dir='ltr'><strong>ea</strong></span> <span class='ocrx_word' id='word_1_302' title='bbox 1297 2479 1417 2534; x_wconf 72' lang='lat' dir='ltr'><strong>qua:</strong></span> <span class='ocrx_word' id='word_1_303' title='bbox 1443 2464 1586 2519; x_wconf 91' lang='lat' dir='ltr'><strong>intra</strong></span> <span class='ocrx_word' id='word_1_304' title='bbox 1606 2472 1732 2519; x_wconf 91' lang='lat' dir='ltr'><strong>sunt</strong></span> <span class='ocrx_word' id='word_1_305' title='bbox 1757 2472 1998 2529; x_wconf 89' lang='lat' dir='ltr'><strong>vastare,</strong></span> 
     </span>
    </p>
   </div>
   <div class='ocr_carea' id='block_1_41' title="bbox 413 2553 2002 2628">
    <p class='ocr_par' dir='ltr' id='par_1_41' title="bbox 413 2553 2002 2628">
     <span class='ocr_line' id='line_1_41' title="bbox 413 2553 2002 2628; baseline -0.003 -13"><span class='ocrx_word' id='word_1_306' title='bbox 413 2567 509 2615; x_wconf 85' lang='lat' dir='ltr'><strong>aut</strong></span> <span class='ocrx_word' id='word_1_307' title='bbox 532 2557 734 2628; x_wconf 90' lang='lat' dir='ltr'><strong>aliquid</strong></span> <span class='ocrx_word' id='word_1_308' title='bbox 762 2557 813 2611; x_wconf 93' lang='lat' dir='ltr'><strong>vi</strong></span> <span class='ocrx_word' id='word_1_309' title='bbox 844 2556 1090 2626; x_wconf 88' lang='lat' dir='ltr'><strong>arripere</strong></span> <span class='ocrx_word' id='word_1_310' title='bbox 1120 2563 1442 2626; x_wconf 68' lang='lat' dir='ltr'><strong>praesumat;</strong></span> <span class='ocrx_word' id='word_1_311' title='bbox 1506 2555 1611 2610; x_wconf 87' lang='lat' dir='ltr'><strong>nisi</strong></span> <span class='ocrx_word' id='word_1_312' title='bbox 1642 2553 1781 2610; x_wconf 91' lang='lat' dir='ltr'><strong>forte</strong></span> <span class='ocrx_word' id='word_1_313' title='bbox 1812 2555 1867 2610; x_wconf 92' lang='lat' dir='ltr'><strong>hi</strong></span> <span class='ocrx_word' id='word_1_314' title='bbox 1908 2556 2002 2626; x_wconf 89' lang='lat' dir='ltr'><strong>qui</strong></span> 
     </span>
    </p>
   </div>
   <div class='ocr_carea' id='block_1_42' title="bbox 413 2644 2005 2721">
    <p class='ocr_par' dir='ltr' id='par_1_42' title="bbox 413 2644 2005 2721">
     <span class='ocr_line' id='line_1_42' title="bbox 413 2644 2005 2721; baseline -0.004 -15"><span class='ocrx_word' id='word_1_315' title='bbox 413 2652 562 2721; x_wconf 89' lang='lat' dir='ltr'><strong>ipsas</strong></span> <span class='ocrx_word' id='word_1_316' title='bbox 584 2664 750 2704; x_wconf 86' lang='lat' dir='ltr'><strong>naves</strong></span> <span class='ocrx_word' id='word_1_317' title='bbox 778 2646 1065 2718; x_wconf 87' lang='lat' dir='ltr'><strong>providere</strong></span> <span class='ocrx_word' id='word_1_318' title='bbox 1090 2645 1309 2711; x_wconf 91' lang='lat' dir='ltr'><strong>debent,</strong></span> <span class='ocrx_word' id='word_1_319' title='bbox 1332 2646 1555 2717; x_wconf 88' lang='lat' dir='ltr'><strong>propria</strong></span> <span class='ocrx_word' id='word_1_320' title='bbox 1581 2644 1861 2700; x_wconf 88' lang='lat' dir='ltr'><strong>voluntate</strong></span> <span class='ocrx_word' id='word_1_321' title='bbox 1904 2645 2005 2700; x_wconf 91' lang='lat' dir='ltr'><strong>ali-</strong></span> 
     </span>
    </p>
   </div>
   <div class='ocr_carea' id='block_1_43' title="bbox 415 2733 2003 2813">
    <p class='ocr_par' dir='ltr' id='par_1_43' title="bbox 415 2733 2003 2813">
     <span class='ocr_line' id='line_1_43' title="bbox 415 2733 2003 2813; baseline -0.004 -17"><span class='ocrx_word' id='word_1_322' title='bbox 415 2742 548 2813; x_wconf 88' lang='lat' dir='ltr'><strong>quid</strong></span> <span class='ocrx_word' id='word_1_323' title='bbox 595 2740 727 2795; x_wconf 89' lang='lat' dir='ltr'><strong>dare</strong></span> <span class='ocrx_word' id='word_1_324' title='bbox 766 2737 1040 2793; x_wconf 90' lang='lat' dir='ltr'><strong>voluerint</strong></span> <span class='ocrx_word' id='word_1_325' title='bbox 1076 2735 1259 2790; x_wconf 89' lang='lat' dir='ltr'><strong>alicui.</strong></span> <span class='ocrx_word' id='word_1_326' title='bbox 1309 2734 1464 2802; x_wconf 88' lang='lat' dir='ltr'><strong>Quod</strong></span> <span class='ocrx_word' id='word_1_327' title='bbox 1517 2734 1563 2790; x_wconf 90' lang='lat' dir='ltr'><strong>si</strong></span> <span class='ocrx_word' id='word_1_328' title='bbox 1610 2734 1768 2790; x_wconf 89' lang='lat' dir='ltr'><strong>aliter</strong></span> <span class='ocrx_word' id='word_1_329' title='bbox 1805 2733 2003 2790; x_wconf 89' lang='lat' dir='ltr'><strong>alicubi</strong></span> 
     </span>
    </p>
   </div>
   <div class='ocr_carea' id='block_1_44' title="bbox 416 2825 2004 2899">
    <p class='ocr_par' dir='ltr' id='par_1_44' title="bbox 416 2825 2004 2899">
     <span class='ocr_line' id='line_1_44' title="bbox 416 2825 2004 2899; baseline -0.005 -11"><span class='ocrx_word' id='word_1_330' title='bbox 416 2834 622 2889; x_wconf 86' lang='lat' dir='ltr'><strong>factum</strong></span> <span class='ocrx_word' id='word_1_331' title='bbox 667 2830 854 2895; x_wconf 84' lang='lat' dir='ltr'><strong>fuerit,</strong></span> <span class='ocrx_word' id='word_1_332' title='bbox 900 2827 1149 2899; x_wconf 87' lang='lat' dir='ltr'><strong>magistri</strong></span> <span class='ocrx_word' id='word_1_333' title='bbox 1193 2827 1437 2882; x_wconf 91' lang='lat' dir='ltr'><strong>locorum</strong></span> <span class='ocrx_word' id='word_1_334' title='bbox 1479 2825 1693 2881; x_wconf 90' lang='lat' dir='ltr'><strong>illorum</strong></span> <span class='ocrx_word' id='word_1_335' title='bbox 1728 2826 1823 2897; x_wconf 90' lang='lat' dir='ltr'><strong>qui</strong></span> <span class='ocrx_word' id='word_1_336' title='bbox 1860 2840 2004 2880; x_wconf 85' lang='lat' dir='ltr'><strong>rem-</strong></span> 
     </span>
    </p>
   </div>
   <div class='ocr_carea' id='block_1_45' title="bbox 416 2914 2003 2996">
    <p class='ocr_par' dir='ltr' id='par_1_45' title="bbox 416 2914 2003 2996">
     <span class='ocr_line' id='line_1_45' title="bbox 416 2914 2003 2996; baseline -0.007 -17"><span class='ocrx_word' id='word_1_337' title='bbox 416 2924 692 2996; x_wconf 90' lang='lat' dir='ltr'><strong>publicam</strong></span> <span class='ocrx_word' id='word_1_338' title='bbox 741 2934 1037 2993; x_wconf 88' lang='lat' dir='ltr'><strong>procurare</strong></span> <span class='ocrx_word' id='word_1_339' title='bbox 1060 2926 1386 2982; x_wconf 88' lang='lat' dir='ltr'><strong>noscuntur,</strong></span> <span class='ocrx_word' id='word_1_340' title='bbox 1416 2916 1620 2987; x_wconf 85' lang='lat' dir='ltr'><strong>absque</strong></span> <span class='ocrx_word' id='word_1_341' title='bbox 1646 2914 1827 2985; x_wconf 88' lang='lat' dir='ltr'><strong>aliqua</strong></span> <span class='ocrx_word' id='word_1_342' title='bbox 1866 2914 2003 2970; x_wconf 79' lang='lat' dir='ltr'><strong>dila-</strong></span> 
     </span>
    </p>
   </div>
   <div class='ocr_carea' id='block_1_46' title="bbox 416 3004 2003 3085">
    <p class='ocr_par' dir='ltr' id='par_1_46' title="bbox 416 3004 2003 3085">
     <span class='ocr_line' id='line_1_46' title="bbox 416 3004 2003 3085; baseline -0.008 -14"><span class='ocrx_word' id='word_1_343' title='bbox 416 3016 565 3071; x_wconf 87' lang='lat' dir='ltr'><strong>tione</strong></span> <span class='ocrx_word' id='word_1_344' title='bbox 603 3012 851 3085; x_wconf 88' lang='lat' dir='ltr'><strong>legaliter</strong></span> <span class='ocrx_word' id='word_1_345' title='bbox 872 3010 975 3065; x_wconf 89' lang='lat' dir='ltr'><strong>hoc</strong></span> <span class='ocrx_word' id='word_1_346' title='bbox 999 3008 1291 3063; x_wconf 86' lang='lat' dir='ltr'><strong>emendare</strong></span> <span class='ocrx_word' id='word_1_347' title='bbox 1319 3007 1597 3063; x_wconf 86' lang='lat' dir='ltr'><strong>studeant.</strong></span> <span class='ocrx_word' id='word_1_348' title='bbox 1649 3004 1776 3062; x_wconf 65' lang='lat' dir='ltr'><strong>Haec</strong></span> <span class='ocrx_word' id='word_1_349' title='bbox 1804 3006 2003 3077; x_wconf 87' lang='lat' dir='ltr'><strong>quippe</strong></span> 
     </span>
    </p>
   </div>
   <div class='ocr_carea' id='block_1_47' title="bbox 417 3096 2006 3166">
    <p class='ocr_par' dir='ltr' id='par_1_47' title="bbox 417 3096 2006 3166">
     <span class='ocr_line' id='line_1_47' title="bbox 417 3096 2006 3166; baseline -0.006 -6"><span class='ocrx_word' id='word_1_350' title='bbox 417 3104 716 3160; x_wconf 86' lang='lat' dir='ltr'><strong>auctoritas</strong></span> <span class='ocrx_word' id='word_1_351' title='bbox 738 3109 798 3157; x_wconf 91' lang='lat' dir='ltr'><strong>ut</strong></span> <span class='ocrx_word' id='word_1_352' title='bbox 826 3099 1031 3155; x_wconf 91' lang='lat' dir='ltr'><strong>nostris</strong></span> <span class='ocrx_word' id='word_1_353' title='bbox 1059 3097 1144 3153; x_wconf 91' lang='lat' dir='ltr'><strong>vel</strong></span> <span class='ocrx_word' id='word_1_354' title='bbox 1166 3097 1364 3153; x_wconf 90' lang='lat' dir='ltr'><strong>futuris</strong></span> <span class='ocrx_word' id='word_1_355' title='bbox 1395 3097 1751 3166; x_wconf 88' lang='lat' dir='ltr'><strong>temporibus,</strong></span> <span class='ocrx_word' id='word_1_356' title='bbox 1777 3096 2006 3151; x_wconf 90' lang='lat' dir='ltr'><strong>Domino</strong></span> 
     </span>
    </p>
   </div>
   <div class='ocr_carea' id='block_1_48' title="bbox 415 3192 2004 3268">
    <p class='ocr_par' dir='ltr' id='par_1_48' title="bbox 415 3192 2004 3268">
     <span class='ocr_line' id='line_1_48' title="bbox 415 3192 2004 3268; baseline -0.004 -14"><span class='ocrx_word' id='word_1_357' title='bbox 415 3205 755 3268; x_wconf 78' lang='lat' dir='ltr'><strong>protegente,</strong></span> <span class='ocrx_word' id='word_1_358' title='bbox 801 3194 981 3250; x_wconf 90' lang='lat' dir='ltr'><strong>valeat</strong></span> <span class='ocrx_word' id='word_1_359' title='bbox 1015 3194 1338 3249; x_wconf 87' lang='lat' dir='ltr'><strong>inconcussa</strong></span> <span class='ocrx_word' id='word_1_360' title='bbox 1376 3207 1621 3260; x_wconf 89' lang='lat' dir='ltr'><strong>manere,</strong></span> <span class='ocrx_word' id='word_1_361' title='bbox 1660 3192 1862 3249; x_wconf 87' lang='lat' dir='ltr'><strong>annulo</strong></span> <span class='ocrx_word' id='word_1_362' title='bbox 1908 3207 2004 3248; x_wconf 87' lang='lat' dir='ltr'><strong>no-</strong></span> 
     </span>
    </p>
   </div>
   <div class='ocr_carea' id='block_1_49' title="bbox 417 3282 1320 3354">
    <p class='ocr_par' dir='ltr' id='par_1_49' title="bbox 417 3282 1320 3354">
     <span class='ocr_line' id='line_1_49' title="bbox 417 3282 1320 3354; baseline -0.009 -10"><span class='ocrx_word' id='word_1_363' title='bbox 417 3296 536 3344; x_wconf 83' lang='lat' dir='ltr'><strong>stro</strong></span> <span class='ocrx_word' id='word_1_364' title='bbox 562 3285 752 3339; x_wconf 89' lang='lat' dir='ltr'><strong>subter</strong></span> <span class='ocrx_word' id='word_1_365' title='bbox 772 3282 1037 3351; x_wconf 89' lang='lat' dir='ltr'><strong>iussimus</strong></span> <span class='ocrx_word' id='word_1_366' title='bbox 1073 3282 1320 3354; x_wconf 89' lang='lat' dir='ltr'><strong>sigillari.</strong></span> 
     </span>
    </p>
   </div>
   <div class='ocr_carea' id='block_1_50' title="bbox 487 3373 2003 3441">
    <p class='ocr_par' dir='ltr' id='par_1_50' title="bbox 487 3373 2003 3441">
     <span class='ocr_line' id='line_1_50' title="bbox 487 3373 2003 3441; baseline -0.001 -9"><span class='ocrx_word' id='word_1_367' title='bbox 487 3378 686 3432; x_wconf 84' lang='lat' dir='ltr'><strong>Datum</strong></span> <span class='ocrx_word' id='word_1_368' title='bbox 708 3392 770 3431; x_wconf 92' lang='grc' dir='ltr'><strong>ιιι</strong></span> <span class='ocrx_word' id='word_1_369' title='bbox 797 3375 924 3429; x_wconf 88' lang='lat' dir='ltr'><strong>ldus</strong></span> <span class='ocrx_word' id='word_1_370' title='bbox 966 3373 1290 3429; x_wconf 83' lang='lat' dir='ltr'><strong>Novembris</strong></span> <span class='ocrx_word' id='word_1_371' title='bbox 1318 3386 1345 3415; x_wconf 79' lang='grc' dir='ltr'><strong>ι</strong></span> <span class='ocrx_word' id='word_1_372' title='bbox 1374 3373 1669 3428; x_wconf 86' lang='lat' dir='ltr'><strong>indictione</strong></span> <span class='ocrx_word' id='word_1_373' title='bbox 1696 3373 1751 3440; x_wconf 88' lang='lat'><strong>9,</strong></span> <span class='ocrx_word' id='word_1_374' title='bbox 1775 3389 1917 3429; x_wconf 80' lang='lat' dir='ltr'><strong>anno</strong></span> <span class='ocrx_word' id='word_1_375' title='bbox 1946 3376 2003 3441; x_wconf 79' lang='grc'><strong>5,</strong></span> 
     </span>
    </p>
   </div>
   <div class='ocr_carea' id='block_1_51' title="bbox 417 3464 2006 3539">
    <p class='ocr_par' dir='ltr' id='par_1_51' title="bbox 417 3464 2006 3539">
     <span class='ocr_line' id='line_1_51' title="bbox 417 3464 2006 3539; baseline -0.004 -13"><span class='ocrx_word' id='word_1_376' title='bbox 417 3469 640 3527; x_wconf 85' lang='lat' dir='ltr'><strong>Christo</strong></span> <span class='ocrx_word' id='word_1_377' title='bbox 659 3466 916 3539; x_wconf 89' lang='lat' dir='ltr'><strong>propitio,</strong></span> <span class='ocrx_word' id='word_1_378' title='bbox 940 3465 1153 3537; x_wconf 89' lang='lat' dir='ltr'><strong>imperii</strong></span> <span class='ocrx_word' id='word_1_379' title='bbox 1176 3465 1379 3519; x_wconf 89' lang='lat' dir='ltr'><strong>domini</strong></span> <span class='ocrx_word' id='word_1_380' title='bbox 1393 3464 1653 3520; x_wconf 87' lang='lat' dir='ltr'><strong>Ludovici</strong></span> <span class='ocrx_word' id='word_1_381' title='bbox 1675 3466 2006 3521; x_wconf 86' lang='lat' dir='ltr'><strong>serenissimi</strong></span> 
     </span>
    </p>
   </div>
   <div class='ocr_carea' id='block_1_52' title="bbox 416 3556 2005 3634">
    <p class='ocr_par' dir='ltr' id='par_1_52' title="bbox 416 3556 2005 3634">
     <span class='ocr_line' id='line_1_52' title="bbox 416 3556 2005 3634; baseline -0.004 -16"><span class='ocrx_word' id='word_1_382' title='bbox 416 3560 669 3634; x_wconf 82' lang='lat' dir='ltr'><strong>Augusti.</strong></span> <span class='ocrx_word' id='word_1_383' title='bbox 706 3561 902 3615; x_wconf 83' lang='lat' dir='ltr'><strong>Actum</strong></span> <span class='ocrx_word' id='word_1_384' title='bbox 946 3556 1277 3630; x_wconf 86' lang='lat' dir='ltr'><strong>Aquisgrani</strong></span> <span class='ocrx_word' id='word_1_385' title='bbox 1304 3557 1359 3612; x_wconf 91' lang='lat' dir='ltr'><strong>in</strong></span> <span class='ocrx_word' id='word_1_386' title='bbox 1389 3556 1588 3627; x_wconf 89' lang='lat' dir='ltr'><strong>palatio</strong></span> <span class='ocrx_word' id='word_1_387' title='bbox 1617 3556 1767 3628; x_wconf 92' lang='lat' dir='ltr'><strong>regio</strong></span> <span class='ocrx_word' id='word_1_388' title='bbox 1808 3556 1866 3612; x_wconf 92' lang='lat' dir='ltr'><strong>in</strong></span> <span class='ocrx_word' id='word_1_389' title='bbox 1908 3557 2005 3612; x_wconf 86' lang='lat' dir='ltr'><strong>Dei</strong></span> 
     </span>
    </p>
   </div>
   <div class='ocr_carea' id='block_1_53' title="bbox 420 3648 913 3709">
    <p class='ocr_par' dir='ltr' id='par_1_53' title="bbox 420 3648 913 3709">
     <span class='ocr_line' id='line_1_53' title="bbox 420 3648 913 3709; baseline -0.012 0"><span class='ocrx_word' id='word_1_390' title='bbox 420 3652 642 3709; x_wconf 87' lang='lat' dir='ltr'><strong>nomine</strong></span> <span class='ocrx_word' id='word_1_391' title='bbox 659 3648 913 3706; x_wconf 89' lang='lat' dir='ltr'><strong>feliciter.</strong></span> 
     </span>
    </p>
   </div>
   <div class='ocr_carea' id='block_1_54' title="bbox 1004 3735 1347 3793">
    <p class='ocr_par' dir='ltr' id='par_1_54' title="bbox 1004 3735 1347 3793">
     <span class='ocr_line' id='line_1_54' title="bbox 1004 3735 1347 3793; baseline -0.006 -1"><span class='ocrx_word' id='word_1_392' title='bbox 1004 3736 1009 3741; x_wconf 78' lang='grc'><em>’</em></span> <span class='ocrx_word' id='word_1_393' title='bbox 1063 3735 1347 3793; x_wconf 67' lang='lat' dir='ltr'><strong>XXXVI“.</strong></span> 
     </span>
    </p>
   </div>
   <div class='ocr_carea' id='block_1_55' title="bbox 585 3841 1850 3888">
    <p class='ocr_par' dir='ltr' id='par_1_55' title="bbox 585 3841 1850 3888">
     <span class='ocr_line' id='line_1_55' title="bbox 585 3841 1850 3888; baseline -0.006 0"><span class='ocrx_word' id='word_1_394' title='bbox 585 3846 688 3888; x_wconf 69' lang='grc' dir='ltr'><strong>Ριιο</strong></span> <span class='ocrx_word' id='word_1_395' title='bbox 712 3844 1050 3888; x_wconf 64' lang='grc' dir='ltr'>ιιοκλετειιιο</span> <span class='ocrx_word' id='word_1_396' title='bbox 1069 3844 1256 3884; x_wconf 70' lang='grc' dir='ltr'><strong>ΒΛΝΟἸΊ</strong></span> <span class='ocrx_word' id='word_1_397' title='bbox 1289 3842 1510 3884; x_wconf 72' lang='lat' dir='ltr'><strong>ZBNONIS</strong></span> <span class='ocrx_word' id='word_1_398' title='bbox 1535 3841 1850 3885; x_wconf 66' lang='grc' dir='ltr'>νειοιιειιει.</span> 
     </span>
    </p>
   </div>
   <div class='ocr_carea' id='block_1_56' title="bbox 1033 3901 1391 3994">
    <p class='ocr_par' dir='ltr' id='par_1_56' title="bbox 1033 3901 1391 3994">
     <span class='ocr_line' id='line_1_56' title="bbox 1033 3901 1391 3994; baseline 0 -19"><span class='ocrx_word' id='word_1_399' title='bbox 1033 3920 1206 3994; x_wconf 82' lang='lat' dir='ltr'><strong>(Anno</strong></span> <span class='ocrx_word' id='word_1_400' title='bbox 1232 3901 1391 3994; x_wconf 49' lang='grc' dir='ltr'>διεδ</span> 
     </span>
    </p>
   </div>
   <div class='ocr_carea' id='block_1_57' title="bbox 569 4011 1864 4091">
    <p class='ocr_par' dir='ltr' id='par_1_57' title="bbox 569 4011 1864 4091">
     <span class='ocr_line' id='line_1_57' title="bbox 569 4011 1864 4091; baseline -0.006 -16"><span class='ocrx_word' id='word_1_401' title='bbox 569 4016 826 4091; x_wconf 87' lang='lat' dir='ltr'><strong>[Ughelli,</strong></span> <span class='ocrx_word' id='word_1_402' title='bbox 859 4015 1025 4070; x_wconf 83' lang='lat' dir='ltr'><strong>Italia</strong></span> <span class='ocrx_word' id='word_1_403' title='bbox 1067 4031 1246 4081; x_wconf 76' lang='lat' dir='ltr'><strong>sacra,</strong></span> <span class='ocrx_word' id='word_1_404' title='bbox 1285 4023 1419 4070; x_wconf 89' lang='lat' dir='ltr'><strong>tom.</strong></span> <span class='ocrx_word' id='word_1_405' title='bbox 1450 4013 1516 4080; x_wconf 87' lang='lat' dir='ltr'><strong>V,</strong></span> <span class='ocrx_word' id='word_1_406' title='bbox 1548 4028 1669 4085; x_wconf 90' lang='lat' dir='ltr'><strong>pag.</strong></span> <span class='ocrx_word' id='word_1_407' title='bbox 1714 4011 1864 4086; x_wconf 83' lang='lat'><strong>705.]</strong></span> 
     </span>
    </p>
   </div>
   <div class='ocr_carea' id='block_1_58' title="bbox 491 4105 2007 4171">
    <p class='ocr_par' dir='ltr' id='par_1_58' title="bbox 491 4105 2007 4171">
     <span class='ocr_line' id='line_1_58' title="bbox 491 4105 2007 4171; baseline -0.003 -5"><span class='ocrx_word' id='word_1_408' title='bbox 491 4110 552 4166; x_wconf 86' lang='lat' dir='ltr'><strong>In</strong></span> <span class='ocrx_word' id='word_1_409' title='bbox 580 4110 800 4166; x_wconf 86' lang='lat' dir='ltr'><strong>nomine</strong></span> <span class='ocrx_word' id='word_1_410' title='bbox 827 4107 1040 4163; x_wconf 90' lang='lat' dir='ltr'><strong>Domini</strong></span> <span class='ocrx_word' id='word_1_411' title='bbox 1063 4107 1157 4163; x_wconf 90' lang='lat' dir='ltr'><strong>Dei</strong></span> <span class='ocrx_word' id='word_1_412' title='bbox 1179 4107 1389 4171; x_wconf 79' lang='lat' dir='ltr'><strong>:eterui,</strong></span> <span class='ocrx_word' id='word_1_413' title='bbox 1421 4115 1477 4161; x_wconf 91' lang='lat' dir='ltr'><strong>et</strong></span> <span class='ocrx_word' id='word_1_414' title='bbox 1506 4105 1804 4163; x_wconf 87' lang='lat' dir='ltr'><strong>Salvatoris</strong></span> <span class='ocrx_word' id='word_1_415' title='bbox 1837 4107 2007 4162; x_wconf 76' lang='lat' dir='ltr'><strong>nostri</strong></span> 
     </span>
    </p>
   </div>
   <div class='ocr_carea' id='block_1_59' title="bbox 422 4197 2012 4270">
    <p class='ocr_par' dir='ltr' id='par_1_59' title="bbox 422 4197 2012 4270">
     <span class='ocr_line' id='line_1_59' title="bbox 422 4197 2012 4270; baseline -0.002 -13"><span class='ocrx_word' id='word_1_416' title='bbox 422 4198 549 4259; x_wconf 79' lang='lat' dir='ltr'><strong>Jesu</strong></span> <span class='ocrx_word' id='word_1_417' title='bbox 579 4201 804 4265; x_wconf 88' lang='lat' dir='ltr'><strong>Christi,</strong></span> <span class='ocrx_word' id='word_1_418' title='bbox 826 4199 1153 4264; x_wconf 81' lang='lat' dir='ltr'><strong>Ludovicus,</strong></span> <span class='ocrx_word' id='word_1_419' title='bbox 1176 4197 1357 4253; x_wconf 90' lang='lat' dir='ltr'><strong>divina</strong></span> <span class='ocrx_word' id='word_1_420' title='bbox 1395 4199 1679 4255; x_wconf 90' lang='lat' dir='ltr'><strong>ordinante</strong></span> <span class='ocrx_word' id='word_1_421' title='bbox 1721 4198 2012 4270; x_wconf 57' lang='lat' dir='ltr'><strong>providebo</strong></span> 
     </span>
    </p>
   </div>
   <div class='ocr_carea' id='block_1_60' title="bbox 424 4288 1197 4368">
    <p class='ocr_par' dir='ltr' id='par_1_60' title="bbox 424 4288 1197 4368">
     <span class='ocr_line' id='line_1_60' title="bbox 424 4288 1197 4368; baseline -0.005 -22"><span class='ocrx_word' id='word_1_422' title='bbox 424 4293 523 4356; x_wconf 92' lang='lat' dir='ltr'><strong>tia,</strong></span> <span class='ocrx_word' id='word_1_423' title='bbox 554 4292 851 4360; x_wconf 88' lang='lat' dir='ltr'><strong>imperator</strong></span> <span class='ocrx_word' id='word_1_424' title='bbox 877 4288 1197 4368; x_wconf 34' lang='lat' dir='ltr'><strong>Augustus.‘</strong></span> 
     </span>
    </p>
   </div>
   <div class='ocr_carea' id='block_1_61' title="bbox 495 4380 2013 4453">
    <p class='ocr_par' dir='ltr' id='par_1_61' title="bbox 495 4380 2013 4453">
     <span class='ocr_line' id='line_1_61' title="bbox 495 4380 2013 4453; baseline -0.001 -16"><span class='ocrx_word' id='word_1_425' title='bbox 495 4381 834 4453; x_wconf 89' lang='lat' dir='ltr'><strong>lmperialem</strong></span> <span class='ocrx_word' id='word_1_426' title='bbox 863 4380 1123 4436; x_wconf 86' lang='lat' dir='ltr'><strong>condecet</strong></span> <span class='ocrx_word' id='word_1_427' title='bbox 1157 4381 1616 4450; x_wconf 80' lang='lat' dir='ltr'><strong>praedecessorum</strong></span> <span class='ocrx_word' id='word_1_428' title='bbox 1659 4394 1897 4437; x_wconf 79' lang='lat' dir='ltr'><strong>suorum</strong></span> <span class='ocrx_word' id='word_1_429' title='bbox 1924 4381 2013 4453; x_wconf 90' lang='lat' dir='ltr'><strong>pie</strong></span> 
     </span>
    </p>
   </div>
   <div class='ocr_carea' id='block_1_62' title="bbox 426 4469 2006 4540">
    <p class='ocr_par' dir='ltr' id='par_1_62' title="bbox 426 4469 2006 4540">
     <span class='ocr_line' id='line_1_62' title="bbox 426 4469 2006 4540; baseline 0.001 -13"><span class='ocrx_word' id='word_1_430' title='bbox 426 4471 571 4527; x_wconf 87' lang='lat' dir='ltr'><strong>facta</strong></span> <span class='ocrx_word' id='word_1_431' title='bbox 594 4486 701 4526; x_wconf 90' lang='lat' dir='ltr'><strong>non</strong></span> <span class='ocrx_word' id='word_1_432' title='bbox 730 4471 902 4526; x_wconf 91' lang='lat' dir='ltr'><strong>solum</strong></span> <span class='ocrx_word' id='word_1_433' title='bbox 930 4469 1311 4526; x_wconf 86' lang='lat' dir='ltr'><strong>inviolabiliter</strong></span> <span class='ocrx_word' id='word_1_434' title='bbox 1332 4486 1678 4540; x_wconf 89' lang='lat' dir='ltr'><strong>conservare,</strong></span> <span class='ocrx_word' id='word_1_435' title='bbox 1718 4473 1813 4529; x_wconf 89' lang='lat' dir='ltr'><strong>sed</strong></span> <span class='ocrx_word' id='word_1_436' title='bbox 1841 4472 2006 4529; x_wconf 90' lang='lat' dir='ltr'><strong>etiam</strong></span> 
     </span>
    </p>
   </div>
   <div class='ocr_carea' id='block_1_63' title="bbox 426 4563 2010 4622">
    <p class='ocr_par' dir='ltr' id='par_1_63' title="bbox 426 4563 2010 4622">
     <span class='ocr_line' id='line_1_63' title="bbox 426 4563 2010 4622; baseline 0 -2"><span class='ocrx_word' id='word_1_437' title='bbox 426 4579 672 4621; x_wconf 73' lang='lat' dir='ltr'><strong>censura:</strong></span> <span class='ocrx_word' id='word_1_438' title='bbox 703 4579 816 4619; x_wconf 71' lang='lat' dir='ltr'><strong>sua:</strong></span> <span class='ocrx_word' id='word_1_439' title='bbox 844 4564 1166 4619; x_wconf 89' lang='lat' dir='ltr'><strong>auctoritate</strong></span> <span class='ocrx_word' id='word_1_440' title='bbox 1194 4563 1449 4620; x_wconf 90' lang='lat' dir='ltr'><strong>alacriter</strong></span> <span class='ocrx_word' id='word_1_441' title='bbox 1472 4565 1817 4622; x_wconf 90' lang='lat' dir='ltr'><strong>conﬁrmare.</strong></span> <span class='ocrx_word' id='word_1_442' title='bbox 1842 4565 2010 4621; x_wconf 81' lang='lat' dir='ltr'><strong>Idcir-</strong></span> 
     </span>
    </p>
   </div>
   <div class='ocr_carea' id='block_1_64' title="bbox 426 4654 2006 4725">
    <p class='ocr_par' dir='ltr' id='par_1_64' title="bbox 426 4654 2006 4725">
     <span class='ocr_line' id='line_1_64' title="bbox 426 4654 2006 4725; baseline -0.001 -14"><span class='ocrx_word' id='word_1_443' title='bbox 426 4671 491 4711; x_wconf 92' lang='lat' dir='ltr'><strong>co</strong></span> <span class='ocrx_word' id='word_1_444' title='bbox 516 4655 812 4725; x_wconf 90' lang='lat' dir='ltr'><strong>comperiat</strong></span> <span class='ocrx_word' id='word_1_445' title='bbox 839 4655 1081 4710; x_wconf 91' lang='lat' dir='ltr'><strong>omnium</strong></span> <span class='ocrx_word' id='word_1_446' title='bbox 1111 4654 1349 4711; x_wconf 87' lang='lat' dir='ltr'><strong>ﬁdelium</strong></span> <span class='ocrx_word' id='word_1_447' title='bbox 1372 4663 1684 4711; x_wconf 91' lang='lat' dir='ltr'><strong>nostrorum</strong></span> <span class='ocrx_word' id='word_1_448' title='bbox 1715 4656 2006 4722; x_wconf 87' lang='lat' dir='ltr'><strong>industria,</strong></span> 
     </span>
    </p>
   </div>
   <div class='ocr_carea' id='block_1_65' title="bbox 425 4748 2009 4818">
    <p class='ocr_par' dir='ltr' id='par_1_65' title="bbox 425 4748 2009 4818">
     <span class='ocr_line' id='line_1_65' title="bbox 425 4748 2009 4818; baseline -0.001 -16"><span class='ocrx_word' id='word_1_449' title='bbox 425 4748 770 4817; x_wconf 62' lang='lat' dir='ltr'><strong>praesentium</strong></span> <span class='ocrx_word' id='word_1_450' title='bbox 800 4748 1029 4813; x_wconf 90' lang='lat' dir='ltr'><strong>scilicet,</strong></span> <span class='ocrx_word' id='word_1_451' title='bbox 1073 4755 1234 4817; x_wconf 90' lang='lat' dir='ltr'><strong>atque</strong></span> <span class='ocrx_word' id='word_1_452' title='bbox 1276 4748 1605 4814; x_wconf 85' lang='lat' dir='ltr'><strong>futurorum,</strong></span> <span class='ocrx_word' id='word_1_453' title='bbox 1648 4748 1791 4818; x_wconf 92' lang='lat' dir='ltr'><strong>quod</strong></span> <span class='ocrx_word' id='word_1_454' title='bbox 1819 4748 2009 4803; x_wconf 85' lang='lat' dir='ltr'><strong>Rotal-</strong></span> 
     </span>
    </p>
   </div>
   <div class='ocr_carea' id='block_1_66' title="bbox 425 4836 2013 4909">
    <p class='ocr_par' dir='ltr' id='par_1_66' title="bbox 425 4836 2013 4909">
     <span class='ocr_line' id='line_1_66' title="bbox 425 4836 2013 4909; baseline 0 -16"><span class='ocrx_word' id='word_1_455' title='bbox 425 4837 528 4893; x_wconf 89' lang='lat' dir='ltr'><strong>dus</strong></span> <span class='ocrx_word' id='word_1_456' title='bbox 558 4838 883 4893; x_wconf 89' lang='lat' dir='ltr'><strong>venerabilis</strong></span> <span class='ocrx_word' id='word_1_457' title='bbox 910 4847 1111 4893; x_wconf 74' lang='lat' dir='ltr'><strong>sancta:</strong></span> <span class='ocrx_word' id='word_1_458' title='bbox 1149 4836 1397 4893; x_wconf 69' lang='lat' dir='ltr'><strong>ecclesiaa</strong></span> <span class='ocrx_word' id='word_1_459' title='bbox 1424 4836 1755 4893; x_wconf 81' lang='lat' dir='ltr'><strong>Veronensis</strong></span> <span class='ocrx_word' id='word_1_460' title='bbox 1803 4838 2013 4909; x_wconf 92' lang='lat' dir='ltr'><strong>episco-</strong></span> 
     </span>
    </p>
   </div>
   <div class='ocr_carea' id='block_1_67' title="bbox 424 4927 2015 5001">
    <p class='ocr_par' dir='ltr' id='par_1_67' title="bbox 424 4927 2015 5001">
     <span class='ocr_line' id='line_1_67' title="bbox 424 4927 2015 5001; baseline 0.001 -19"><span class='ocrx_word' id='word_1_461' title='bbox 424 4944 527 5001; x_wconf 85' lang='lat' dir='ltr'><strong>pus</strong></span> <span class='ocrx_word' id='word_1_462' title='bbox 548 4945 654 4984; x_wconf 88' lang='lat' dir='ltr'><strong>una</strong></span> <span class='ocrx_word' id='word_1_463' title='bbox 673 4945 797 4985; x_wconf 90' lang='lat' dir='ltr'><strong>cum</strong></span> <span class='ocrx_word' id='word_1_464' title='bbox 816 4929 1170 4985; x_wconf 84' lang='lat' dir='ltr'><strong>Austerberto</strong></span> <span class='ocrx_word' id='word_1_465' title='bbox 1193 4928 1389 4984; x_wconf 86' lang='lat' dir='ltr'><strong>abbate</strong></span> <span class='ocrx_word' id='word_1_466' title='bbox 1410 4930 1725 4986; x_wconf 88' lang='lat' dir='ltr'><strong>monasterii</strong></span> <span class='ocrx_word' id='word_1_467' title='bbox 1753 4927 1811 4985; x_wconf 93' lang='lat' dir='ltr'><strong>S.</strong></span> <span class='ocrx_word' id='word_1_468' title='bbox 1843 4929 2015 4983; x_wconf 85' lang='lat' dir='ltr'><strong>Zeno-</strong></span> 
     </span>
    </p>
   </div>
   <div class='ocr_carea' id='block_1_68' title="bbox 426 5018 2013 5075">
    <p class='ocr_par' dir='ltr' id='par_1_68' title="bbox 426 5018 2013 5075">
     <span class='ocr_line' id='line_1_68' title="bbox 426 5018 2013 5075; baseline -0.001 0"><span class='ocrx_word' id='word_1_469' title='bbox 426 5020 513 5075; x_wconf 89' lang='lat' dir='ltr'><strong>nis</strong></span> <span class='ocrx_word' id='word_1_470' title='bbox 547 5019 741 5075; x_wconf 88' lang='lat' dir='ltr'><strong>detulit</strong></span> <span class='ocrx_word' id='word_1_471' title='bbox 788 5020 942 5075; x_wconf 90' lang='lat' dir='ltr'><strong>nobis</strong></span> <span class='ocrx_word' id='word_1_472' title='bbox 972 5020 1113 5073; x_wconf 90' lang='lat' dir='ltr'><strong>inter</strong></span> <span class='ocrx_word' id='word_1_473' title='bbox 1151 5027 1380 5074; x_wconf 66' lang='lat' dir='ltr'><strong>caateras</strong></span> <span class='ocrx_word' id='word_1_474' title='bbox 1412 5020 1765 5075; x_wconf 89' lang='lat' dir='ltr'><strong>auctoritates</strong></span> <span class='ocrx_word' id='word_1_475' title='bbox 1808 5018 2013 5074; x_wconf 89' lang='lat' dir='ltr'><strong>domini</strong></span> 
     </span>
    </p>
   </div>
   <div class='ocr_carea' id='block_1_69' title="bbox 428 5108 2016 5183">
    <p class='ocr_par' dir='ltr' id='par_1_69' title="bbox 428 5108 2016 5183">
     <span class='ocr_line' id='line_1_69' title="bbox 428 5108 2016 5183; baseline -0.002 -16"><span class='ocrx_word' id='word_1_476' title='bbox 428 5118 485 5167; x_wconf 89' lang='lat' dir='ltr'><strong>et</strong></span> <span class='ocrx_word' id='word_1_477' title='bbox 519 5110 783 5183; x_wconf 89' lang='lat' dir='ltr'><strong>genitoris</strong></span> <span class='ocrx_word' id='word_1_478' title='bbox 810 5109 983 5165; x_wconf 90' lang='lat' dir='ltr'><strong>nostri</strong></span> <span class='ocrx_word' id='word_1_479' title='bbox 1018 5108 1195 5165; x_wconf 92' lang='lat' dir='ltr'><strong>Caroli</strong></span> <span class='ocrx_word' id='word_1_480' title='bbox 1221 5110 1452 5180; x_wconf 83' lang='lat' dir='ltr'><strong>piissimi</strong></span> <span class='ocrx_word' id='word_1_481' title='bbox 1482 5111 1621 5179; x_wconf 81' lang='lat' dir='ltr'><strong>Aug.</strong></span> <span class='ocrx_word' id='word_1_482' title='bbox 1685 5110 1771 5165; x_wconf 88' lang='lat' dir='ltr'><strong>vel</strong></span> <span class='ocrx_word' id='word_1_483' title='bbox 1807 5109 2016 5180; x_wconf 71' lang='lat' dir='ltr'><strong>przede-</strong></span> 
     </span>
    </p>
   </div>
   <div class='ocr_carea' id='block_1_70' title="bbox 428 5200 2014 5271">
    <p class='ocr_par' dir='ltr' id='par_1_70' title="bbox 428 5200 2014 5271">
     <span class='ocr_line' id='line_1_70' title="bbox 428 5200 2014 5271; baseline -0.003 -12"><span class='ocrx_word' id='word_1_484' title='bbox 428 5216 709 5270; x_wconf 84' lang='lat' dir='ltr'><strong>cessomm</strong></span> <span class='ocrx_word' id='word_1_485' title='bbox 754 5208 1059 5256; x_wconf 88' lang='lat' dir='ltr'><strong>nostrorum</strong></span> <span class='ocrx_word' id='word_1_486' title='bbox 1104 5212 1323 5271; x_wconf 88' lang='lat' dir='ltr'><strong>regum,</strong></span> <span class='ocrx_word' id='word_1_487' title='bbox 1364 5200 1635 5271; x_wconf 82' lang='lat' dir='ltr'><strong>quoddam</strong></span> <span class='ocrx_word' id='word_1_488' title='bbox 1683 5206 2014 5270; x_wconf 74' lang='lat' dir='ltr'><strong>pncceptum</strong></span> 
     </span>
    </p>
   </div>
   <div class='ocr_carea' id='block_1_71' title="bbox 430 5290 2011 5367">
    <p class='ocr_par' dir='ltr' id='par_1_71' title="bbox 430 5290 2011 5367">
     <span class='ocr_line' id='line_1_71' title="bbox 430 5290 2011 5367; baseline -0.006 -15"><span class='ocrx_word' id='word_1_489' title='bbox 430 5296 500 5352; x_wconf 91' lang='lat' dir='ltr'><strong>de</strong></span> <span class='ocrx_word' id='word_1_490' title='bbox 529 5296 773 5367; x_wconf 85' lang='lat' dir='ltr'><strong>genitore</strong></span> <span class='ocrx_word' id='word_1_491' title='bbox 818 5302 1003 5350; x_wconf 90' lang='lat' dir='ltr'><strong>nostro</strong></span> <span class='ocrx_word' id='word_1_492' title='bbox 1046 5291 1448 5357; x_wconf 85' lang='lat' dir='ltr'><strong>conﬁrmatum,</strong></span> <span class='ocrx_word' id='word_1_493' title='bbox 1496 5290 1551 5345; x_wconf 91' lang='lat' dir='ltr'><strong>in</strong></span> <span class='ocrx_word' id='word_1_494' title='bbox 1589 5303 1697 5359; x_wconf 91' lang='lat' dir='ltr'><strong>quo</strong></span> <span class='ocrx_word' id='word_1_495' title='bbox 1732 5297 2011 5343; x_wconf 81' lang='lat' dir='ltr'><strong>exaratum</strong></span> 
     </span>
    </p>
   </div>
   <div class='ocr_carea' id='block_1_72' title="bbox 431 5380 2018 5457">
    <p class='ocr_par' dir='ltr' id='par_1_72' title="bbox 431 5380 2018 5457">
     <span class='ocr_line' id='line_1_72' title="bbox 431 5380 2018 5457; baseline -0.005 -16"><span class='ocrx_word' id='word_1_496' title='bbox 431 5386 737 5457; x_wconf 85' lang='lat' dir='ltr'><strong>reperimus</strong></span> <span class='ocrx_word' id='word_1_497' title='bbox 773 5384 1005 5455; x_wconf 85' lang='lat' dir='ltr'><strong>qualiter</strong></span> <span class='ocrx_word' id='word_1_498' title='bbox 1057 5380 1441 5439; x_wconf 89' lang='lat' dir='ltr'><strong>dilectissimus</strong></span> <span class='ocrx_word' id='word_1_499' title='bbox 1493 5394 1782 5452; x_wconf 89' lang='lat' dir='ltr'><strong>germanus</strong></span> <span class='ocrx_word' id='word_1_500' title='bbox 1828 5385 2018 5434; x_wconf 90' lang='lat' dir='ltr'><strong>noster</strong></span> 
     </span>
    </p>
   </div>
   <div class='ocr_carea' id='block_1_73' title="bbox 504 5491 2013 5568">
    <p class='ocr_par' dir='ltr' id='par_1_73' title="bbox 504 5491 2013 5568">
     <span class='ocr_line' id='line_1_73' title="bbox 504 5491 2013 5568; baseline -0.006 -15"><span class='ocrx_word' id='word_1_501' title='bbox 504 5510 530 5538; x_wconf 82' lang='grc' dir='ltr'><strong>ι</strong></span> <span class='ocrx_word' id='word_1_502' title='bbox 568 5498 774 5553; x_wconf 63' lang='lat' dir='ltr'><strong>Praeter</strong></span> <span class='ocrx_word' id='word_1_503' title='bbox 793 5513 949 5553; x_wconf 89' lang='lat' dir='ltr'><strong>usum</strong></span> <span class='ocrx_word' id='word_1_504' title='bbox 978 5505 1031 5568; x_wconf 87' lang='lat' dir='ltr'><strong>et</strong></span> <span class='ocrx_word' id='word_1_505' title='bbox 1059 5510 1345 5568; x_wconf 80' lang='lat' dir='ltr'><strong>perperam</strong></span> <span class='ocrx_word' id='word_1_506' title='bbox 1365 5493 1580 5568; x_wconf 82' lang='lat' dir='ltr'><strong>additus</strong></span> <span class='ocrx_word' id='word_1_507' title='bbox 1610 5497 1694 5546; x_wconf 83' lang='lat' dir='ltr'><strong>est</strong></span> <span class='ocrx_word' id='word_1_508' title='bbox 1726 5505 1899 5568; x_wconf 77' lang='lat' dir='ltr'><strong>annus</strong></span> <span class='ocrx_word' id='word_1_509' title='bbox 1930 5491 2013 5545; x_wconf 89' lang='lat' dir='ltr'><strong>in-</strong></span> 
     </span>
    </p>
   </div>
   <div class='ocr_carea' id='block_1_74' title="bbox 432 5560 2013 5623">
    <p class='ocr_par' dir='ltr' id='par_1_74' title="bbox 432 5560 2013 5623">
     <span class='ocr_line' id='line_1_74' title="bbox 432 5560 2013 5623; baseline -0.005 -2"><span class='ocrx_word' id='word_1_510' title='bbox 432 5568 764 5622; x_wconf 85' lang='lat' dir='ltr'><strong>carnationis</strong></span> <span class='ocrx_word' id='word_1_511' title='bbox 798 5568 921 5623; x_wconf 77' lang='lat'><strong>816.</strong></span> <span class='ocrx_word' id='word_1_512' title='bbox 962 5560 1097 5621; x_wconf 81' lang='lat' dir='ltr'><strong>Nam</strong></span> <span class='ocrx_word' id='word_1_513' title='bbox 1148 5560 1450 5620; x_wconf 82' lang='lat' dir='ltr'><strong>Ludovicus</strong></span> <span class='ocrx_word' id='word_1_514' title='bbox 1477 5564 1580 5617; x_wconf 83' lang='lat' dir='ltr'><strong>hoc</strong></span> <span class='ocrx_word' id='word_1_515' title='bbox 1616 5576 1760 5616; x_wconf 89' lang='lat' dir='ltr'><strong>anno</strong></span> <span class='ocrx_word' id='word_1_516' title='bbox 1794 5560 1880 5614; x_wconf 90' lang='lat' dir='ltr'><strong>die</strong></span> <span class='ocrx_word' id='word_1_517' title='bbox 1912 5576 2013 5614; x_wconf 91' lang='lat' dir='ltr'><strong>un-</strong></span> 
     </span>
    </p>
   </div>
   <div class='ocr_carea' id='block_1_75' title="bbox 435 5631 2006 5705">
    <p class='ocr_par' dir='ltr' id='par_1_75' title="bbox 435 5631 2006 5705">
     <span class='ocr_line' id='line_1_75' title="bbox 435 5631 2006 5705; baseline -0.006 -13"><span class='ocrx_word' id='word_1_518' title='bbox 435 5636 645 5692; x_wconf 88' lang='lat' dir='ltr'><strong>decimo</strong></span> <span class='ocrx_word' id='word_1_519' title='bbox 687 5637 1002 5691; x_wconf 85' lang='lat' dir='ltr'><strong>Novembris</strong></span> <span class='ocrx_word' id='word_1_520' title='bbox 1040 5636 1363 5705; x_wconf 83' lang='lat' dir='ltr'><strong>Aquisgrani</strong></span> <span class='ocrx_word' id='word_1_521' title='bbox 1407 5634 1595 5705; x_wconf 83' lang='lat' dir='ltr'><strong>adesse</strong></span> <span class='ocrx_word' id='word_1_522' title='bbox 1642 5646 1746 5684; x_wconf 91' lang='lat' dir='ltr'><strong>non</strong></span> <span class='ocrx_word' id='word_1_523' title='bbox 1795 5631 2006 5705; x_wconf 79' lang='lat' dir='ltr'><strong>potuit:</strong></span> 
     </span>
    </p>
   </div>
   <div class='ocr_carea' id='block_1_76' title="bbox 434 5699 2012 5779">
    <p class='ocr_par' dir='ltr' id='par_1_76' title="bbox 434 5699 2012 5779">
     <span class='ocr_line' id='line_1_76' title="bbox 434 5699 2012 5779; baseline -0.003 -17"><span class='ocrx_word' id='word_1_524' title='bbox 434 5714 700 5779; x_wconf 69' lang='lat' dir='ltr'><strong>prwtcrea</strong></span> <span class='ocrx_word' id='word_1_525' title='bbox 741 5706 964 5762; x_wconf 82' lang='lat' dir='ltr'><strong>iudictio</strong></span> <span class='ocrx_word' id='word_1_526' title='bbox 991 5699 1239 5772; x_wconf 63' lang='lat' dir='ltr'><strong>non&#39;suo</strong></span> <span class='ocrx_word' id='word_1_527' title='bbox 1256 5706 1371 5761; x_wconf 90' lang='lat' dir='ltr'><strong>loco</strong></span> <span class='ocrx_word' id='word_1_528' title='bbox 1401 5703 1651 5772; x_wconf 88' lang='lat' dir='ltr'><strong>ponitur;</strong></span> <span class='ocrx_word' id='word_1_529' title='bbox 1695 5700 1823 5770; x_wconf 90' lang='lat' dir='ltr'><strong>poni</strong></span> <span class='ocrx_word' id='word_1_530' title='bbox 1851 5699 2012 5757; x_wconf 82' lang='lat' dir='ltr'><strong>debe-</strong></span> 
     </span>
    </p>
   </div>
   <div class='ocr_carea' id='block_1_77' title="bbox 2033 3086 2078 3149">
    <p class='ocr_par' dir='ltr' id='par_1_77' title="bbox 2033 3086 2078 3149">
     <span class='ocr_line' id='line_1_77' title="bbox 2033 3086 2078 3149; baseline 0 0"><span class='ocrx_word' id='word_1_531' title='bbox 2033 3086 2078 3149; x_wconf 90' lang='lat' dir='ltr'><strong>C</strong></span> 
     </span>
    </p>
   </div>
   <div class='ocr_carea' id='block_1_78' title="bbox 2034 4433 2089 4493">
    <p class='ocr_par' dir='ltr' id='par_1_78' title="bbox 2034 4433 2089 4493">
     <span class='ocr_line' id='line_1_78' title="bbox 2034 4433 2089 4493; baseline 0 0"><span class='ocrx_word' id='word_1_532' title='bbox 2034 4433 2089 4493; x_wconf 88' lang='lat' dir='ltr'><strong>D</strong></span> 
     </span>
    </p>
   </div>
   <div class='ocr_carea' id='block_1_79' title="bbox 2104 1914 3686 1986">
    <p class='ocr_par' dir='ltr' id='par_1_79' title="bbox 2104 1914 3686 1986">
     <span class='ocr_line' id='line_1_79' title="bbox 2104 1914 3686 1986; baseline -0.003 -9"><span class='ocrx_word' id='word_1_533' title='bbox 2104 1937 2194 1977; x_wconf 90' lang='lat' dir='ltr'><strong>res</strong></span> <span class='ocrx_word' id='word_1_534' title='bbox 2231 1922 2286 1976; x_wconf 91' lang='lat' dir='ltr'><strong>in</strong></span> <span class='ocrx_word' id='word_1_535' title='bbox 2326 1920 2585 1975; x_wconf 88' lang='lat' dir='ltr'><strong>comitatu</strong></span> <span class='ocrx_word' id='word_1_536' title='bbox 2621 1917 2920 1973; x_wconf 81' lang='lat' dir='ltr'><strong>Veronensi</strong></span> <span class='ocrx_word' id='word_1_537' title='bbox 2961 1930 3057 1986; x_wconf 93' lang='lat' dir='ltr'><strong>per</strong></span> <span class='ocrx_word' id='word_1_538' title='bbox 3093 1914 3303 1985; x_wconf 87' lang='lat' dir='ltr'><strong>singula</strong></span> <span class='ocrx_word' id='word_1_539' title='bbox 3342 1915 3485 1981; x_wconf 88' lang='lat' dir='ltr'><strong>loca,</strong></span> <span class='ocrx_word' id='word_1_540' title='bbox 3528 1918 3582 1971; x_wconf 89' lang='lat' dir='ltr'><strong>id</strong></span> <span class='ocrx_word' id='word_1_541' title='bbox 3606 1926 3686 1974; x_wconf 86' lang='lat' dir='ltr'><strong>est</strong></span> 
     </span>
    </p>
   </div>
   <div class='ocr_carea' id='block_1_80' title="bbox 2094 1986 3688 2082">
    <p class='ocr_par' dir='ltr' id='par_1_80' title="bbox 2094 1986 3688 2082">
     <span class='ocr_line' id='line_1_80' title="bbox 2094 1986 3688 2082; baseline -0.004 -15"><span class='ocrx_word' id='word_1_542' title='bbox 2094 1986 2159 2067; x_wconf 72' lang='lat' dir='ltr'><strong>in</strong></span> <span class='ocrx_word' id='word_1_543' title='bbox 2188 2011 2377 2082; x_wconf 90' lang='lat' dir='ltr'><strong>primis</strong></span> <span class='ocrx_word' id='word_1_544' title='bbox 2404 2006 2847 2063; x_wconf 90' lang='lat' dir='ltr'><strong>monasteriolum</strong></span> <span class='ocrx_word' id='word_1_545' title='bbox 2875 2006 2929 2059; x_wconf 91' lang='lat' dir='ltr'><strong>in</strong></span> <span class='ocrx_word' id='word_1_546' title='bbox 2952 2006 3157 2059; x_wconf 85' lang='lat' dir='ltr'><strong>honore</strong></span> <span class='ocrx_word' id='word_1_547' title='bbox 3188 2003 3245 2059; x_wconf 90' lang='lat' dir='ltr'><strong>S.</strong></span> <span class='ocrx_word' id='word_1_548' title='bbox 3272 2003 3423 2060; x_wconf 85' lang='lat' dir='ltr'><strong>Petri</strong></span> <span class='ocrx_word' id='word_1_549' title='bbox 3446 2016 3688 2061; x_wconf 81' lang='lat' dir='ltr'><strong>constru-</strong></span> 
     </span>
    </p>
   </div>
   <div class='ocr_carea' id='block_1_81' title="bbox 2103 2094 3682 2170">
    <p class='ocr_par' dir='ltr' id='par_1_81' title="bbox 2103 2094 3682 2170">
     <span class='ocr_line' id='line_1_81' title="bbox 2103 2094 3682 2170; baseline -0.004 -13"><span class='ocrx_word' id='word_1_550' title='bbox 2103 2110 2287 2168; x_wconf 92' lang='lat' dir='ltr'><strong>ctum,</strong></span> <span class='ocrx_word' id='word_1_551' title='bbox 2334 2100 2479 2170; x_wconf 89' lang='lat' dir='ltr'><strong>quod</strong></span> <span class='ocrx_word' id='word_1_552' title='bbox 2525 2104 2870 2167; x_wconf 89' lang='lat' dir='ltr'><strong>nuncupatur</strong></span> <span class='ocrx_word' id='word_1_553' title='bbox 2922 2094 3222 2149; x_wconf 79' lang='lat' dir='ltr'><strong>Mauratica</strong></span> <span class='ocrx_word' id='word_1_554' title='bbox 3258 2110 3382 2149; x_wconf 92' lang='lat' dir='ltr'><strong>cum</strong></span> <span class='ocrx_word' id='word_1_555' title='bbox 3433 2097 3682 2151; x_wconf 86' lang='lat' dir='ltr'><strong>omnibus</strong></span> 
     </span>
    </p>
   </div>
   <div class='ocr_carea' id='block_1_82' title="bbox 2105 2182 3684 2262">
    <p class='ocr_par' dir='ltr' id='par_1_82' title="bbox 2105 2182 3684 2262">
     <span class='ocr_line' id='line_1_82' title="bbox 2105 2182 3684 2262; baseline -0.003 -15"><span class='ocrx_word' id='word_1_556' title='bbox 2105 2191 2430 2262; x_wconf 89' lang='lat' dir='ltr'><strong>appenditiis</strong></span> <span class='ocrx_word' id='word_1_557' title='bbox 2476 2189 2609 2254; x_wconf 86' lang='lat' dir='ltr'><strong>suis,</strong></span> <span class='ocrx_word' id='word_1_558' title='bbox 2658 2196 2713 2243; x_wconf 90' lang='lat' dir='ltr'><strong>et</strong></span> <span class='ocrx_word' id='word_1_559' title='bbox 2759 2185 2986 2242; x_wconf 90' lang='lat' dir='ltr'><strong>decimis</strong></span> <span class='ocrx_word' id='word_1_560' title='bbox 3017 2204 3030 2239; x_wconf 92' lang='lat'>:</span> <span class='ocrx_word' id='word_1_561' title='bbox 3059 2182 3309 2239; x_wconf 87' lang='lat' dir='ltr'><strong>similiter</strong></span> <span class='ocrx_word' id='word_1_562' title='bbox 3339 2185 3391 2240; x_wconf 93' lang='lat' dir='ltr'><strong>in</strong></span> <span class='ocrx_word' id='word_1_563' title='bbox 3419 2187 3530 2242; x_wconf 88' lang='lat' dir='ltr'><strong>alio</strong></span> <span class='ocrx_word' id='word_1_564' title='bbox 3571 2186 3684 2242; x_wconf 80' lang='lat' dir='ltr'><strong>loco</strong></span> 
     </span>
    </p>
   </div>
   <div class='ocr_carea' id='block_1_83' title="bbox 2104 2275 3682 2355">
    <p class='ocr_par' dir='ltr' id='par_1_83' title="bbox 2104 2275 3682 2355">
     <span class='ocr_line' id='line_1_83' title="bbox 2104 2275 3682 2355; baseline -0.005 -16"><span class='ocrx_word' id='word_1_565' title='bbox 2104 2284 2324 2355; x_wconf 86' lang='lat' dir='ltr'><strong>quidem</strong></span> <span class='ocrx_word' id='word_1_566' title='bbox 2371 2280 2576 2337; x_wconf 87' lang='lat' dir='ltr'><strong>Ostelia</strong></span> <span class='ocrx_word' id='word_1_567' title='bbox 2620 2281 2675 2334; x_wconf 91' lang='lat' dir='ltr'><strong>in</strong></span> <span class='ocrx_word' id='word_1_568' title='bbox 2708 2276 2824 2348; x_wconf 91' lang='lat' dir='ltr'><strong>iam</strong></span> <span class='ocrx_word' id='word_1_569' title='bbox 2874 2277 3020 2332; x_wconf 91' lang='lat' dir='ltr'><strong>dicto</strong></span> <span class='ocrx_word' id='word_1_570' title='bbox 3060 2275 3319 2330; x_wconf 85' lang='lat' dir='ltr'><strong>comitatu</strong></span> <span class='ocrx_word' id='word_1_571' title='bbox 3365 2275 3682 2344; x_wconf 73' lang='lat' dir='ltr'><strong>Veronensi,</strong></span> 
     </span>
    </p>
   </div>
   <div class='ocr_carea' id='block_1_84' title="bbox 2104 2368 3685 2438">
    <p class='ocr_par' dir='ltr' id='par_1_84' title="bbox 2104 2368 3685 2438">
     <span class='ocr_line' id='line_1_84' title="bbox 2104 2368 3685 2438; baseline -0.004 -8"><span class='ocrx_word' id='word_1_572' title='bbox 2104 2388 2200 2430; x_wconf 87' lang='lat' dir='ltr'><strong>seu</strong></span> <span class='ocrx_word' id='word_1_573' title='bbox 2229 2372 2457 2429; x_wconf 87' lang='lat' dir='ltr'><strong>ecclesia</strong></span> <span class='ocrx_word' id='word_1_574' title='bbox 2493 2371 2552 2427; x_wconf 89' lang='lat' dir='ltr'><strong>S.</strong></span> <span class='ocrx_word' id='word_1_575' title='bbox 2582 2369 2860 2425; x_wconf 89' lang='lat' dir='ltr'><strong>Laurentii</strong></span> <span class='ocrx_word' id='word_1_576' title='bbox 2896 2384 3019 2424; x_wconf 91' lang='lat' dir='ltr'><strong>cum</strong></span> <span class='ocrx_word' id='word_1_577' title='bbox 3063 2368 3318 2423; x_wconf 90' lang='lat' dir='ltr'><strong>omnibus</strong></span> <span class='ocrx_word' id='word_1_578' title='bbox 3342 2370 3685 2438; x_wconf 85' lang='lat' dir='ltr'><strong>pertinentiis</strong></span> 
     </span>
    </p>
   </div>
   <div class='ocr_carea' id='block_1_85' title="bbox 2103 2459 3685 2523">
    <p class='ocr_par' dir='ltr' id='par_1_85' title="bbox 2103 2459 3685 2523">
     <span class='ocr_line' id='line_1_85' title="bbox 2103 2459 3685 2523; baseline -0.006 0"><span class='ocrx_word' id='word_1_579' title='bbox 2103 2468 2216 2523; x_wconf 88' lang='lat' dir='ltr'><strong>suis</strong></span> <span class='ocrx_word' id='word_1_580' title='bbox 2251 2475 2308 2523; x_wconf 91' lang='lat' dir='ltr'><strong>et</strong></span> <span class='ocrx_word' id='word_1_581' title='bbox 2349 2464 2592 2522; x_wconf 90' lang='lat' dir='ltr'><strong>decimis.</strong></span> <span class='ocrx_word' id='word_1_582' title='bbox 2635 2463 2695 2518; x_wconf 90' lang='lat' dir='ltr'><strong>ln</strong></span> <span class='ocrx_word' id='word_1_583' title='bbox 2737 2462 2903 2518; x_wconf 91' lang='lat' dir='ltr'><strong>tertio</strong></span> <span class='ocrx_word' id='word_1_584' title='bbox 2942 2461 3062 2516; x_wconf 93' lang='lat' dir='ltr'><strong>loco</strong></span> <span class='ocrx_word' id='word_1_585' title='bbox 3089 2460 3145 2514; x_wconf 90' lang='lat' dir='ltr'><strong>in</strong></span> <span class='ocrx_word' id='word_1_586' title='bbox 3187 2459 3381 2514; x_wconf 90' lang='lat' dir='ltr'><strong>eodem</strong></span> <span class='ocrx_word' id='word_1_587' title='bbox 3428 2460 3685 2515; x_wconf 87' lang='lat' dir='ltr'><strong>comitatu</strong></span> 
     </span>
    </p>
   </div>
   <div class='ocr_carea' id='block_1_86' title="bbox 2104 2548 3687 2616">
    <p class='ocr_par' dir='ltr' id='par_1_86' title="bbox 2104 2548 3687 2616">
     <span class='ocr_line' id='line_1_86' title="bbox 2104 2548 3687 2616; baseline -0.005 -1"><span class='ocrx_word' id='word_1_588' title='bbox 2104 2558 2403 2616; x_wconf 83' lang='lat' dir='ltr'><strong>Veronensi</strong></span> <span class='ocrx_word' id='word_1_589' title='bbox 2450 2555 2737 2612; x_wconf 88' lang='lat' dir='ltr'><strong>ecclesiam</strong></span> <span class='ocrx_word' id='word_1_590' title='bbox 2780 2554 3032 2609; x_wconf 88' lang='lat' dir='ltr'><strong>videlicet</strong></span> <span class='ocrx_word' id='word_1_591' title='bbox 3077 2552 3131 2607; x_wconf 92' lang='lat' dir='ltr'><strong>in</strong></span> <span class='ocrx_word' id='word_1_592' title='bbox 3165 2554 3373 2609; x_wconf 88' lang='lat' dir='ltr'><strong>honore</strong></span> <span class='ocrx_word' id='word_1_593' title='bbox 3412 2548 3516 2608; x_wconf 89' lang='lat' dir='ltr'><strong>SS.</strong></span> <span class='ocrx_word' id='word_1_594' title='bbox 3548 2570 3687 2608; x_wconf 83' lang='lat' dir='ltr'><strong>mar-</strong></span> 
     </span>
    </p>
   </div>
   <div class='ocr_carea' id='block_1_87' title="bbox 2105 2644 3686 2723">
    <p class='ocr_par' dir='ltr' id='par_1_87' title="bbox 2105 2644 3686 2723">
     <span class='ocr_line' id='line_1_87' title="bbox 2105 2644 3686 2723; baseline -0.006 -17"><span class='ocrx_word' id='word_1_595' title='bbox 2105 2659 2288 2723; x_wconf 89' lang='lat' dir='ltr'><strong>tyrum</strong></span> <span class='ocrx_word' id='word_1_596' title='bbox 2338 2646 2509 2703; x_wconf 89' lang='lat' dir='ltr'><strong>Firmi</strong></span> <span class='ocrx_word' id='word_1_597' title='bbox 2557 2653 2614 2700; x_wconf 92' lang='lat' dir='ltr'><strong>et</strong></span> <span class='ocrx_word' id='word_1_598' title='bbox 2648 2644 2858 2699; x_wconf 82' lang='lat' dir='ltr'><strong>Rustici</strong></span> <span class='ocrx_word' id='word_1_599' title='bbox 2890 2653 3257 2699; x_wconf 88' lang='lat' dir='ltr'><strong>constructam</strong></span> <span class='ocrx_word' id='word_1_600' title='bbox 3286 2660 3410 2700; x_wconf 86' lang='lat' dir='ltr'><strong>cum</strong></span> <span class='ocrx_word' id='word_1_601' title='bbox 3437 2645 3686 2699; x_wconf 82' lang='lat' dir='ltr'><strong>omnibus</strong></span> 
     </span>
    </p>
   </div>
   <div class='ocr_carea' id='block_1_88' title="bbox 2102 2735 3685 2814">
    <p class='ocr_par' dir='ltr' id='par_1_88' title="bbox 2102 2735 3685 2814">
     <span class='ocr_line' id='line_1_88' title="bbox 2102 2735 3685 2814; baseline -0.004 -18"><span class='ocrx_word' id='word_1_602' title='bbox 2102 2736 2447 2814; x_wconf 88' lang='lat' dir='ltr'><strong>pertinentiis</strong></span> <span class='ocrx_word' id='word_1_603' title='bbox 2485 2737 2624 2803; x_wconf 86' lang='lat' dir='ltr'><strong>suis,</strong></span> <span class='ocrx_word' id='word_1_604' title='bbox 2672 2744 2835 2805; x_wconf 88' lang='lat' dir='ltr'><strong>atque</strong></span> <span class='ocrx_word' id='word_1_605' title='bbox 2889 2735 3136 2799; x_wconf 86' lang='lat' dir='ltr'><strong>decimis,</strong></span> <span class='ocrx_word' id='word_1_606' title='bbox 3179 2748 3275 2790; x_wconf 91' lang='lat' dir='ltr'><strong>seu</strong></span> <span class='ocrx_word' id='word_1_607' title='bbox 3327 2744 3383 2791; x_wconf 93' lang='lat' dir='ltr'><strong>et</strong></span> <span class='ocrx_word' id='word_1_608' title='bbox 3433 2736 3685 2790; x_wconf 81' lang='lat' dir='ltr'><strong>horreum</strong></span> 
     </span>
    </p>
   </div>
   <div class='ocr_carea' id='block_1_89' title="bbox 2104 2826 3681 2890">
    <p class='ocr_par' dir='ltr' id='par_1_89' title="bbox 2104 2826 3681 2890">
     <span class='ocr_line' id='line_1_89' title="bbox 2104 2826 3681 2890; baseline -0.005 -3"><span class='ocrx_word' id='word_1_609' title='bbox 2104 2830 2246 2887; x_wconf 90' lang='lat' dir='ltr'><strong>infra</strong></span> <span class='ocrx_word' id='word_1_610' title='bbox 2281 2830 2555 2886; x_wconf 91' lang='lat' dir='ltr'><strong>civitatem</strong></span> <span class='ocrx_word' id='word_1_611' title='bbox 2592 2828 2863 2888; x_wconf 65' lang='lat' dir='ltr'><strong>Veronam</strong></span> <span class='ocrx_word' id='word_1_612' title='bbox 2889 2841 3013 2882; x_wconf 91' lang='lat' dir='ltr'><strong>cum</strong></span> <span class='ocrx_word' id='word_1_613' title='bbox 3036 2828 3178 2882; x_wconf 89' lang='lat' dir='ltr'><strong>areis</strong></span> <span class='ocrx_word' id='word_1_614' title='bbox 3205 2826 3321 2882; x_wconf 90' lang='lat' dir='ltr'><strong>suis</strong></span> <span class='ocrx_word' id='word_1_615' title='bbox 3350 2827 3405 2880; x_wconf 93' lang='lat' dir='ltr'><strong>in</strong></span> <span class='ocrx_word' id='word_1_616' title='bbox 3429 2826 3681 2890; x_wconf 87' lang='lat' dir='ltr'><strong>circuitu,</strong></span> 
     </span>
    </p>
   </div>
   <div class='ocr_carea' id='block_1_90' title="bbox 2103 2917 3683 2990">
    <p class='ocr_par' dir='ltr' id='par_1_90' title="bbox 2103 2917 3683 2990">
     <span class='ocr_line' id='line_1_90' title="bbox 2103 2917 3683 2990; baseline -0.003 -15"><span class='ocrx_word' id='word_1_617' title='bbox 2103 2921 2329 2990; x_wconf 57' lang='lat' dir='ltr'><strong>aliaeque</strong></span> <span class='ocrx_word' id='word_1_618' title='bbox 2357 2933 2447 2976; x_wconf 80' lang='lat' dir='ltr'><strong>res</strong></span> <span class='ocrx_word' id='word_1_619' title='bbox 2496 2926 2613 2974; x_wconf 90' lang='lat' dir='ltr'><strong>tum</strong></span> <span class='ocrx_word' id='word_1_620' title='bbox 2648 2919 2702 2973; x_wconf 92' lang='lat' dir='ltr'><strong>in</strong></span> <span class='ocrx_word' id='word_1_621' title='bbox 2726 2917 2948 2972; x_wconf 86' lang='lat' dir='ltr'><strong>civitate</strong></span> <span class='ocrx_word' id='word_1_622' title='bbox 2974 2918 3206 2983; x_wconf 82' lang='lat' dir='ltr'><strong>Verona,</strong></span> <span class='ocrx_word' id='word_1_623' title='bbox 3254 2931 3418 2987; x_wconf 85' lang='lat' dir='ltr'><strong>quam</strong></span> <span class='ocrx_word' id='word_1_624' title='bbox 3449 2926 3604 2973; x_wconf 76' lang='lat' dir='ltr'><strong>extra</strong></span> <span class='ocrx_word' id='word_1_625' title='bbox 3632 2917 3683 2971; x_wconf 91' lang='lat' dir='ltr'><strong>in</strong></span> 
     </span>
    </p>
   </div>
   <div class='ocr_carea' id='block_1_91' title="bbox 2103 3007 3685 3085">
    <p class='ocr_par' dir='ltr' id='par_1_91' title="bbox 2103 3007 3685 3085">
     <span class='ocr_line' id='line_1_91' title="bbox 2103 3007 3685 3085; baseline -0.004 -17"><span class='ocrx_word' id='word_1_626' title='bbox 2103 3012 2328 3085; x_wconf 87' lang='lat' dir='ltr'><strong>singulis</strong></span> <span class='ocrx_word' id='word_1_627' title='bbox 2357 3011 2492 3068; x_wconf 89' lang='lat' dir='ltr'><strong>locis</strong></span> <span class='ocrx_word' id='word_1_628' title='bbox 2525 3012 2595 3066; x_wconf 85' lang='lat' dir='ltr'><strong>ab</strong></span> <span class='ocrx_word' id='word_1_629' title='bbox 2640 3007 2898 3064; x_wconf 84' lang='lat' dir='ltr'><strong>Anselmo</strong></span> <span class='ocrx_word' id='word_1_630' title='bbox 2930 3008 3128 3063; x_wconf 86' lang='lat' dir='ltr'><strong>comite</strong></span> <span class='ocrx_word' id='word_1_631' title='bbox 3166 3009 3437 3079; x_wconf 85' lang='lat' dir='ltr'><strong>quondam</strong></span> <span class='ocrx_word' id='word_1_632' title='bbox 3465 3010 3685 3080; x_wconf 71' lang='lat' dir='ltr'><strong>prmfato</strong></span> 
     </span>
    </p>
   </div>
   <div class='ocr_carea' id='block_1_92' title="bbox 2110 3099 3687 3172">
    <p class='ocr_par' dir='ltr' id='par_1_92' title="bbox 2110 3099 3687 3172">
     <span class='ocr_line' id='line_1_92' title="bbox 2110 3099 3687 3172; baseline -0.003 -12"><span class='ocrx_word' id='word_1_633' title='bbox 2110 3103 2358 3161; x_wconf 74' lang='lat' dir='ltr'><strong>cmnobio</strong></span> <span class='ocrx_word' id='word_1_634' title='bbox 2389 3101 2646 3172; x_wconf 57' lang='lat' dir='ltr'><strong>delegata:</strong></span> <span class='ocrx_word' id='word_1_635' title='bbox 2692 3107 2838 3164; x_wconf 90' lang='lat' dir='ltr'><strong>sunt,</strong></span> <span class='ocrx_word' id='word_1_636' title='bbox 2885 3114 2982 3155; x_wconf 85' lang='lat' dir='ltr'><strong>seu</strong></span> <span class='ocrx_word' id='word_1_637' title='bbox 3014 3107 3072 3155; x_wconf 91' lang='lat' dir='ltr'><strong>et</strong></span> <span class='ocrx_word' id='word_1_638' title='bbox 3108 3114 3196 3155; x_wconf 88' lang='lat' dir='ltr'><strong>res</strong></span> <span class='ocrx_word' id='word_1_639' title='bbox 3238 3100 3294 3154; x_wconf 91' lang='lat' dir='ltr'><strong>in</strong></span> <span class='ocrx_word' id='word_1_640' title='bbox 3326 3099 3536 3165; x_wconf 81' lang='lat' dir='ltr'><strong>Runco,</strong></span> <span class='ocrx_word' id='word_1_641' title='bbox 3569 3115 3687 3170; x_wconf 72' lang='lat' dir='ltr'><strong>qua:</strong></span> 
     </span>
    </p>
   </div>
   <div class='ocr_carea' id='block_1_93' title="bbox 2110 3194 3685 3265">
    <p class='ocr_par' dir='ltr' id='par_1_93' title="bbox 2110 3194 3685 3265">
     <span class='ocr_line' id='line_1_93' title="bbox 2110 3194 3685 3265; baseline -0.003 -10"><span class='ocrx_word' id='word_1_642' title='bbox 2110 3198 2307 3255; x_wconf 62' lang='lat' dir='ltr'><strong>oblatae</strong></span> <span class='ocrx_word' id='word_1_643' title='bbox 2327 3205 2454 3254; x_wconf 90' lang='lat' dir='ltr'><strong>sunt</strong></span> <span class='ocrx_word' id='word_1_644' title='bbox 2481 3195 2550 3252; x_wconf 91' lang='lat' dir='ltr'><strong>ab</strong></span> <span class='ocrx_word' id='word_1_645' title='bbox 2572 3194 2832 3265; x_wconf 88' lang='lat' dir='ltr'><strong>Oniperto</strong></span> <span class='ocrx_word' id='word_1_646' title='bbox 2859 3195 3267 3265; x_wconf 86' lang='lat' dir='ltr'><strong>presbytero....</strong></span> <span class='ocrx_word' id='word_1_647' title='bbox 3297 3211 3457 3265; x_wconf 89' lang='lat' dir='ltr'><strong>quam</strong></span> <span class='ocrx_word' id='word_1_648' title='bbox 3484 3196 3540 3250; x_wconf 90' lang='lat' dir='ltr'><strong>in</strong></span> <span class='ocrx_word' id='word_1_649' title='bbox 3566 3195 3685 3255; x_wconf 82' lang='lat' dir='ltr'><strong>aliis</strong></span> 
     </span>
    </p>
   </div>
   <div class='ocr_carea' id='block_1_94' title="bbox 2111 3283 3687 3357">
    <p class='ocr_par' dir='ltr' id='par_1_94' title="bbox 2111 3283 3687 3357">
     <span class='ocr_line' id='line_1_94' title="bbox 2111 3283 3687 3357; baseline 0 -15"><span class='ocrx_word' id='word_1_650' title='bbox 2111 3287 2246 3344; x_wconf 90' lang='lat' dir='ltr'><strong>locis</strong></span> <span class='ocrx_word' id='word_1_651' title='bbox 2269 3289 2553 3352; x_wconf 91' lang='lat' dir='ltr'><strong>montium,</strong></span> <span class='ocrx_word' id='word_1_652' title='bbox 2579 3287 2694 3342; x_wconf 89' lang='lat' dir='ltr'><strong>sive</strong></span> <span class='ocrx_word' id='word_1_653' title='bbox 2717 3286 3087 3356; x_wconf 90' lang='lat' dir='ltr'><strong>planitierum,</strong></span> <span class='ocrx_word' id='word_1_654' title='bbox 3110 3283 3309 3341; x_wconf 90' lang='lat' dir='ltr'><strong>habere</strong></span> <span class='ocrx_word' id='word_1_655' title='bbox 3328 3301 3392 3341; x_wconf 84' lang='lat' dir='ltr'><strong>ac</strong></span> <span class='ocrx_word' id='word_1_656' title='bbox 3413 3286 3687 3357; x_wconf 82' lang='lat' dir='ltr'><strong>possidere</strong></span> 
     </span>
    </p>
   </div>
   <div class='ocr_carea' id='block_1_95' title="bbox 2111 3372 3686 3451">
    <p class='ocr_par' dir='ltr' id='par_1_95' title="bbox 2111 3372 3686 3451">
     <span class='ocr_line' id='line_1_95' title="bbox 2111 3372 3686 3451; baseline -0.001 -18"><span class='ocrx_word' id='word_1_657' title='bbox 2111 3377 2468 3451; x_wconf 87' lang='lat' dir='ltr'><strong>dignoscitur.</strong></span> <span class='ocrx_word' id='word_1_658' title='bbox 2502 3374 2570 3433; x_wconf 87' lang='lat' dir='ltr'><strong>Et</strong></span> <span class='ocrx_word' id='word_1_659' title='bbox 2596 3377 2650 3432; x_wconf 88' lang='lat' dir='ltr'><strong>in</strong></span> <span class='ocrx_word' id='word_1_660' title='bbox 2690 3375 2952 3432; x_wconf 89' lang='lat' dir='ltr'><strong>comitatu</strong></span> <span class='ocrx_word' id='word_1_661' title='bbox 2978 3372 3265 3432; x_wconf 76' lang='lat' dir='ltr'><strong>Vicentino</strong></span> <span class='ocrx_word' id='word_1_662' title='bbox 3312 3378 3516 3433; x_wconf 89' lang='lat' dir='ltr'><strong>montis</strong></span> <span class='ocrx_word' id='word_1_663' title='bbox 3551 3376 3686 3432; x_wconf 80' lang='lat' dir='ltr'><strong>scili-</strong></span> 
     </span>
    </p>
   </div>
   <div class='ocr_carea' id='block_1_96' title="bbox 2111 3467 3687 3539">
    <p class='ocr_par' dir='ltr' id='par_1_96' title="bbox 2111 3467 3687 3539">
     <span class='ocr_line' id='line_1_96' title="bbox 2111 3467 3687 3539; baseline -0.002 -14"><span class='ocrx_word' id='word_1_664' title='bbox 2111 3477 2200 3525; x_wconf 91' lang='lat' dir='ltr'><strong>cet</strong></span> <span class='ocrx_word' id='word_1_665' title='bbox 2238 3468 2483 3525; x_wconf 84' lang='lat' dir='ltr'><strong>Torcello</strong></span> <span class='ocrx_word' id='word_1_666' title='bbox 2526 3481 2666 3539; x_wconf 92' lang='lat' dir='ltr'><strong>pago</strong></span> <span class='ocrx_word' id='word_1_667' title='bbox 2697 3468 3069 3532; x_wconf 78' lang='lat' dir='ltr'><strong>Venetiarum,</strong></span> <span class='ocrx_word' id='word_1_668' title='bbox 3129 3484 3225 3523; x_wconf 91' lang='lat' dir='ltr'><strong>seu</strong></span> <span class='ocrx_word' id='word_1_669' title='bbox 3255 3475 3309 3523; x_wconf 91' lang='lat' dir='ltr'><strong>et</strong></span> <span class='ocrx_word' id='word_1_670' title='bbox 3336 3468 3393 3522; x_wconf 94' lang='lat' dir='ltr'><strong>in</strong></span> <span class='ocrx_word' id='word_1_671' title='bbox 3432 3467 3687 3523; x_wconf 80' lang='lat' dir='ltr'><strong>comitatu</strong></span> 
     </span>
    </p>
   </div>
   <div class='ocr_carea' id='block_1_97' title="bbox 2112 3558 3685 3631">
    <p class='ocr_par' dir='ltr' id='par_1_97' title="bbox 2112 3558 3685 3631">
     <span class='ocr_line' id='line_1_97' title="bbox 2112 3558 3685 3631; baseline -0.002 -14"><span class='ocrx_word' id='word_1_672' title='bbox 2112 3560 2453 3627; x_wconf 85' lang='lat' dir='ltr'><strong>Tervisiano,</strong></span> <span class='ocrx_word' id='word_1_673' title='bbox 2502 3574 2567 3616; x_wconf 88' lang='lat' dir='ltr'><strong>ac</strong></span> <span class='ocrx_word' id='word_1_674' title='bbox 2602 3558 2945 3625; x_wconf 86' lang='lat' dir='ltr'><strong>Tridentino,</strong></span> <span class='ocrx_word' id='word_1_675' title='bbox 2994 3558 3295 3624; x_wconf 89' lang='lat' dir='ltr'><strong>Brisciano,</strong></span> <span class='ocrx_word' id='word_1_676' title='bbox 3347 3558 3685 3631; x_wconf 83' lang='lat' dir='ltr'><strong>Bergomate,</strong></span> 
     </span>
    </p>
   </div>
   <div class='ocr_carea' id='block_1_98' title="bbox 2113 3649 3691 3719">
    <p class='ocr_par' dir='ltr' id='par_1_98' title="bbox 2113 3649 3691 3719">
     <span class='ocr_line' id='line_1_98' title="bbox 2113 3649 3691 3719; baseline -0.003 -10"><span class='ocrx_word' id='word_1_677' title='bbox 2113 3652 2423 3719; x_wconf 81' lang='lat' dir='ltr'><strong>Mantuano,</strong></span> <span class='ocrx_word' id='word_1_678' title='bbox 2447 3650 2784 3718; x_wconf 88' lang='lat' dir='ltr'><strong>Placentino,</strong></span> <span class='ocrx_word' id='word_1_679' title='bbox 2808 3659 2862 3705; x_wconf 93' lang='lat' dir='ltr'><strong>et</strong></span> <span class='ocrx_word' id='word_1_680' title='bbox 2875 3649 3181 3716; x_wconf 88' lang='lat' dir='ltr'><strong>Parmensi,</strong></span> <span class='ocrx_word' id='word_1_681' title='bbox 3203 3650 3552 3716; x_wconf 82' lang='lat' dir='ltr'><strong>Bononiensi,</strong></span> <span class='ocrx_word' id='word_1_682' title='bbox 3574 3650 3691 3707; x_wconf 82' lang='lat' dir='ltr'><strong>Clu-</strong></span> 
     </span>
    </p>
   </div>
   <div class='ocr_carea' id='block_1_99' title="bbox 2112 3742 3689 3813">
    <p class='ocr_par' dir='ltr' id='par_1_99' title="bbox 2112 3742 3689 3813">
     <span class='ocr_line' id='line_1_99' title="bbox 2112 3742 3689 3813; baseline -0.003 -10"><span class='ocrx_word' id='word_1_683' title='bbox 2112 3747 2328 3813; x_wconf 89' lang='lat' dir='ltr'><strong>macho,</strong></span> <span class='ocrx_word' id='word_1_684' title='bbox 2357 3761 2568 3802; x_wconf 89' lang='lat' dir='ltr'><strong>necnon</strong></span> <span class='ocrx_word' id='word_1_685' title='bbox 2583 3752 2638 3800; x_wconf 91' lang='lat' dir='ltr'><strong>et</strong></span> <span class='ocrx_word' id='word_1_686' title='bbox 2667 3745 2723 3800; x_wconf 92' lang='lat' dir='ltr'><strong>in</strong></span> <span class='ocrx_word' id='word_1_687' title='bbox 2742 3745 2992 3800; x_wconf 90' lang='lat' dir='ltr'><strong>omnibus</strong></span> <span class='ocrx_word' id='word_1_688' title='bbox 3026 3742 3160 3799; x_wconf 90' lang='lat' dir='ltr'><strong>locis</strong></span> <span class='ocrx_word' id='word_1_689' title='bbox 3198 3742 3434 3807; x_wconf 64' lang='lat' dir='ltr'><strong>Tusciae,</strong></span> <span class='ocrx_word' id='word_1_690' title='bbox 3469 3742 3554 3799; x_wconf 83' lang='lat' dir='ltr'><strong>vel</strong></span> <span class='ocrx_word' id='word_1_691' title='bbox 3599 3742 3689 3798; x_wconf 90' lang='lat' dir='ltr'><strong>ubi</strong></span> 
     </span>
    </p>
   </div>
   <div class='ocr_carea' id='block_1_100' title="bbox 2114 3831 3687 3910">
    <p class='ocr_par' dir='ltr' id='par_1_100' title="bbox 2114 3831 3687 3910">
     <span class='ocr_line' id='line_1_100' title="bbox 2114 3831 3687 3910; baseline -0.006 -16"><span class='ocrx_word' id='word_1_692' title='bbox 2114 3837 2317 3910; x_wconf 89' lang='lat' dir='ltr'><strong>aliquid</strong></span> <span class='ocrx_word' id='word_1_693' title='bbox 2339 3836 2406 3892; x_wconf 90' lang='lat' dir='ltr'><strong>ad</strong></span> <span class='ocrx_word' id='word_1_694' title='bbox 2428 3834 2569 3891; x_wconf 89' lang='lat' dir='ltr'><strong>idem</strong></span> <span class='ocrx_word' id='word_1_695' title='bbox 2588 3834 2865 3905; x_wconf 90' lang='lat' dir='ltr'><strong>pertinere</strong></span> <span class='ocrx_word' id='word_1_696' title='bbox 2886 3831 3255 3902; x_wconf 88' lang='lat' dir='ltr'><strong>supradictum</strong></span> <span class='ocrx_word' id='word_1_697' title='bbox 3281 3832 3687 3897; x_wconf 79' lang='lat' dir='ltr'><strong>monasterium,</strong></span> 
     </span>
    </p>
   </div>
   <div class='ocr_carea' id='block_1_101' title="bbox 2112 3922 3689 3999">
    <p class='ocr_par' dir='ltr' id='par_1_101' title="bbox 2112 3922 3689 3999">
     <span class='ocr_line' id='line_1_101' title="bbox 2112 3922 3689 3999; baseline -0.004 -16"><span class='ocrx_word' id='word_1_698' title='bbox 2112 3930 2199 3985; x_wconf 86' lang='lat' dir='ltr'><strong>vel</strong></span> <span class='ocrx_word' id='word_1_699' title='bbox 2236 3927 2565 3999; x_wconf 89' lang='lat' dir='ltr'><strong>pertinuisse</strong></span> <span class='ocrx_word' id='word_1_700' title='bbox 2610 3925 2891 3997; x_wconf 87' lang='lat' dir='ltr'><strong>probatur.</strong></span> <span class='ocrx_word' id='word_1_701' title='bbox 2939 3923 3049 3980; x_wconf 89' lang='lat' dir='ltr'><strong>Sed</strong></span> <span class='ocrx_word' id='word_1_702' title='bbox 3092 3940 3194 3995; x_wconf 89' lang='lat' dir='ltr'><strong>pro</strong></span> <span class='ocrx_word' id='word_1_703' title='bbox 3220 3922 3496 3979; x_wconf 88' lang='lat' dir='ltr'><strong>ﬁrmitatis</strong></span> <span class='ocrx_word' id='word_1_704' title='bbox 3524 3923 3689 3995; x_wconf 83' lang='lat' dir='ltr'><strong>gratia</strong></span> 
     </span>
    </p>
   </div>
   <div class='ocr_carea' id='block_1_102' title="bbox 2111 4016 3693 4093">
    <p class='ocr_par' dir='ltr' id='par_1_102' title="bbox 2111 4016 3693 4093">
     <span class='ocr_line' id='line_1_102' title="bbox 2111 4016 3693 4093; baseline -0.004 -17"><span class='ocrx_word' id='word_1_705' title='bbox 2111 4020 2269 4093; x_wconf 85' lang='lat' dir='ltr'><strong>petiit</strong></span> <span class='ocrx_word' id='word_1_706' title='bbox 2306 4020 2587 4076; x_wconf 88' lang='lat' dir='ltr'><strong>serenitati</strong></span> <span class='ocrx_word' id='word_1_707' title='bbox 2621 4028 2840 4082; x_wconf 60' lang='lat' dir='ltr'><strong>nostra,</strong></span> <span class='ocrx_word' id='word_1_708' title='bbox 2889 4025 2951 4072; x_wconf 92' lang='lat' dir='ltr'><strong>ut</strong></span> <span class='ocrx_word' id='word_1_709' title='bbox 2992 4025 3215 4088; x_wconf 77' lang='lat' dir='ltr'><strong>paterna</strong></span> <span class='ocrx_word' id='word_1_710' title='bbox 3251 4016 3578 4071; x_wconf 85' lang='lat' dir='ltr'><strong>auctoritate</strong></span> <span class='ocrx_word' id='word_1_711' title='bbox 3607 4030 3693 4070; x_wconf 81' lang='lat' dir='ltr'><strong>no-</strong></span> 
     </span>
    </p>
   </div>
   <div class='ocr_carea' id='block_1_103' title="bbox 2115 4105 3689 4181">
    <p class='ocr_par' dir='ltr' id='par_1_103' title="bbox 2115 4105 3689 4181">
     <span class='ocr_line' id='line_1_103' title="bbox 2115 4105 3689 4181; baseline -0.006 -14"><span class='ocrx_word' id='word_1_712' title='bbox 2115 4111 2243 4167; x_wconf 87' lang='lat' dir='ltr'><strong>stris</strong></span> <span class='ocrx_word' id='word_1_713' title='bbox 2268 4111 2444 4167; x_wconf 90' lang='lat' dir='ltr'><strong>denuo</strong></span> <span class='ocrx_word' id='word_1_714' title='bbox 2481 4111 2586 4181; x_wconf 92' lang='lat' dir='ltr'><strong>piis</strong></span> <span class='ocrx_word' id='word_1_715' title='bbox 2624 4106 2862 4164; x_wconf 89' lang='lat' dir='ltr'><strong>oraculis</strong></span> <span class='ocrx_word' id='word_1_716' title='bbox 2909 4107 3375 4163; x_wconf 88' lang='lat' dir='ltr'><strong>conﬁrmaremus.</strong></span> <span class='ocrx_word' id='word_1_717' title='bbox 3423 4105 3534 4162; x_wconf 86' lang='lat' dir='ltr'><strong>Sed</strong></span> <span class='ocrx_word' id='word_1_718' title='bbox 3569 4105 3689 4175; x_wconf 80' lang='lat' dir='ltr'><strong>quia</strong></span> 
     </span>
    </p>
   </div>
   <div class='ocr_carea' id='block_1_104' title="bbox 2113 4193 3701 4276">
    <p class='ocr_par' dir='ltr' id='par_1_104' title="bbox 2113 4193 3701 4276">
     <span class='ocr_line' id='line_1_104' title="bbox 2113 4193 3701 4276; baseline -0.007 -19"><span class='ocrx_word' id='word_1_719' title='bbox 2113 4218 2213 4276; x_wconf 90' lang='lat' dir='ltr'><strong>pro</strong></span> <span class='ocrx_word' id='word_1_720' title='bbox 2235 4201 2472 4273; x_wconf 86' lang='lat' dir='ltr'><strong>peccatis</strong></span> <span class='ocrx_word' id='word_1_721' title='bbox 2504 4200 2709 4255; x_wconf 86' lang='lat' dir='ltr'><strong>nostris</strong></span> <span class='ocrx_word' id='word_1_722' title='bbox 2729 4197 2845 4269; x_wconf 89' lang='lat' dir='ltr'><strong>iam</strong></span> <span class='ocrx_word' id='word_1_723' title='bbox 2869 4197 3072 4252; x_wconf 92' lang='lat' dir='ltr'><strong>dictum</strong></span> <span class='ocrx_word' id='word_1_724' title='bbox 3099 4197 3494 4251; x_wconf 88' lang='lat' dir='ltr'><strong>monasterium</strong></span> <span class='ocrx_word' id='word_1_725' title='bbox 3521 4193 3580 4250; x_wconf 88' lang='lat' dir='ltr'><strong>S.</strong></span> <span class='ocrx_word' id='word_1_726' title='bbox 3604 4193 3701 4247; x_wconf 86' lang='lat' dir='ltr'><strong>Ze-</strong></span> 
     </span>
    </p>
   </div>
   <div class='ocr_carea' id='block_1_105' title="bbox 2116 4283 3691 4358">
    <p class='ocr_par' dir='ltr' id='par_1_105' title="bbox 2116 4283 3691 4358">
     <span class='ocr_line' id='line_1_105' title="bbox 2116 4283 3691 4358; baseline -0.008 -8"><span class='ocrx_word' id='word_1_727' title='bbox 2116 4294 2275 4350; x_wconf 76' lang='lat' dir='ltr'><strong>nonis</strong></span> <span class='ocrx_word' id='word_1_728' title='bbox 2320 4299 2570 4349; x_wconf 84' lang='lat' dir='ltr'><strong>exustum</strong></span> <span class='ocrx_word' id='word_1_729' title='bbox 2621 4290 2799 4344; x_wconf 90' lang='lat' dir='ltr'><strong>denuo</strong></span> <span class='ocrx_word' id='word_1_730' title='bbox 2844 4297 3006 4358; x_wconf 91' lang='lat' dir='ltr'><strong>atque</strong></span> <span class='ocrx_word' id='word_1_731' title='bbox 3042 4286 3280 4342; x_wconf 90' lang='lat' dir='ltr'><strong>deletum</strong></span> <span class='ocrx_word' id='word_1_732' title='bbox 3307 4294 3395 4341; x_wconf 90' lang='lat' dir='ltr'><strong>est</strong></span> <span class='ocrx_word' id='word_1_733' title='bbox 3429 4300 3555 4340; x_wconf 90' lang='lat' dir='ltr'><strong>cum</strong></span> <span class='ocrx_word' id='word_1_734' title='bbox 3579 4283 3691 4339; x_wconf 87' lang='lat' dir='ltr'><strong>aliis</strong></span> 
     </span>
    </p>
   </div>
   <div class='ocr_carea' id='block_1_106' title="bbox 2118 4376 3687 4449">
    <p class='ocr_par' dir='ltr' id='par_1_106' title="bbox 2118 4376 3687 4449">
     <span class='ocr_line' id='line_1_106' title="bbox 2118 4376 3687 4449; baseline -0.008 -8"><span class='ocrx_word' id='word_1_735' title='bbox 2118 4384 2446 4449; x_wconf 91' lang='lat' dir='ltr'><strong>hominibus,</strong></span> <span class='ocrx_word' id='word_1_736' title='bbox 2483 4390 2544 4437; x_wconf 92' lang='lat' dir='ltr'><strong>ut</strong></span> <span class='ocrx_word' id='word_1_737' title='bbox 2579 4379 2829 4436; x_wconf 91' lang='lat' dir='ltr'><strong>monachi</strong></span> <span class='ocrx_word' id='word_1_738' title='bbox 2870 4377 3068 4435; x_wconf 91' lang='lat' dir='ltr'><strong>ibidem</strong></span> <span class='ocrx_word' id='word_1_739' title='bbox 3108 4376 3329 4431; x_wconf 89' lang='lat' dir='ltr'><strong>minime</strong></span> <span class='ocrx_word' id='word_1_740' title='bbox 3367 4376 3687 4431; x_wconf 86' lang='lat' dir='ltr'><strong>habitarent.</strong></span> 
     </span>
    </p>
   </div>
   <div class='ocr_carea' id='block_1_107' title="bbox 2114 4466 3688 4546">
    <p class='ocr_par' dir='ltr' id='par_1_107' title="bbox 2114 4466 3688 4546">
     <span class='ocr_line' id='line_1_107' title="bbox 2114 4466 3688 4546; baseline -0.011 -14"><span class='ocrx_word' id='word_1_741' title='bbox 2114 4473 2279 4544; x_wconf 85' lang='lat' dir='ltr'><strong>Cujus</strong></span> <span class='ocrx_word' id='word_1_742' title='bbox 2298 4472 2545 4546; x_wconf 89' lang='lat' dir='ltr'><strong>petitioni</strong></span> <span class='ocrx_word' id='word_1_743' title='bbox 2559 4469 2673 4541; x_wconf 90' lang='lat' dir='ltr'><strong>iam</strong></span> <span class='ocrx_word' id='word_1_744' title='bbox 2714 4468 2843 4525; x_wconf 90' lang='lat' dir='ltr'><strong>dicti</strong></span> <span class='ocrx_word' id='word_1_745' title='bbox 2869 4467 3115 4540; x_wconf 63' lang='lat' dir='ltr'><strong>praesulis</strong></span> <span class='ocrx_word' id='word_1_746' title='bbox 3136 4467 3406 4536; x_wconf 61' lang='lat' dir='ltr'><strong>denegare</strong></span> <span class='ocrx_word' id='word_1_747' title='bbox 3429 4466 3688 4527; x_wconf 86' lang='lat' dir='ltr'><strong>nolumus,</strong></span> 
     </span>
    </p>
   </div>
   <div class='ocr_carea' id='block_1_108' title="bbox 2115 4553 3689 4629">
    <p class='ocr_par' dir='ltr' id='par_1_108' title="bbox 2115 4553 3689 4629">
     <span class='ocr_line' id='line_1_108' title="bbox 2115 4553 3689 4629; baseline -0.01 -7"><span class='ocrx_word' id='word_1_748' title='bbox 2115 4566 2210 4622; x_wconf 87' lang='lat' dir='ltr'><strong>sed</strong></span> <span class='ocrx_word' id='word_1_749' title='bbox 2240 4565 2312 4619; x_wconf 88' lang='lat' dir='ltr'><strong>ita</strong></span> <span class='ocrx_word' id='word_1_750' title='bbox 2349 4579 2380 4618; x_wconf 92' lang='lat' dir='ltr'><strong>a</strong></span> <span class='ocrx_word' id='word_1_751' title='bbox 2407 4563 2585 4628; x_wconf 89' lang='lat' dir='ltr'><strong>nobis,</strong></span> <span class='ocrx_word' id='word_1_752' title='bbox 2609 4561 2753 4616; x_wconf 87' lang='lat' dir='ltr'><strong>sicut</strong></span> <span class='ocrx_word' id='word_1_753' title='bbox 2783 4574 2813 4613; x_wconf 93' lang='lat' dir='ltr'><strong>a</strong></span> <span class='ocrx_word' id='word_1_754' title='bbox 2844 4556 3088 4629; x_wconf 71' lang='lat' dir='ltr'><strong>genitore</strong></span> <span class='ocrx_word' id='word_1_755' title='bbox 3126 4561 3318 4610; x_wconf 90' lang='lat' dir='ltr'><strong>nostro</strong></span> <span class='ocrx_word' id='word_1_756' title='bbox 3347 4553 3551 4609; x_wconf 88' lang='lat' dir='ltr'><strong>factum</strong></span> <span class='ocrx_word' id='word_1_757' title='bbox 3579 4565 3689 4608; x_wconf 83' lang='lat' dir='ltr'><strong>esse</strong></span> 
     </span>
    </p>
   </div>
   <div class='ocr_carea' id='block_1_109' title="bbox 2117 4646 3691 4723">
    <p class='ocr_par' dir='ltr' id='par_1_109' title="bbox 2117 4646 3691 4723">
     <span class='ocr_line' id='line_1_109' title="bbox 2117 4646 3691 4723; baseline -0.011 -8"><span class='ocrx_word' id='word_1_758' title='bbox 2117 4658 2423 4716; x_wconf 90' lang='lat' dir='ltr'><strong>declaratur</strong></span> <span class='ocrx_word' id='word_1_759' title='bbox 2453 4673 2467 4709; x_wconf 90' lang='lat'><strong>:</strong></span> <span class='ocrx_word' id='word_1_760' title='bbox 2497 4655 2573 4710; x_wconf 90' lang='lat' dir='ltr'><strong>ita</strong></span> <span class='ocrx_word' id='word_1_761' title='bbox 2613 4666 2712 4723; x_wconf 87' lang='lat' dir='ltr'><strong>per</strong></span> <span class='ocrx_word' id='word_1_762' title='bbox 2767 4652 2867 4707; x_wconf 90' lang='lat' dir='ltr'><strong>hos</strong></span> <span class='ocrx_word' id='word_1_763' title='bbox 2908 4646 3217 4718; x_wconf 85' lang='lat' dir='ltr'><strong>imperiales</strong></span> <span class='ocrx_word' id='word_1_764' title='bbox 3259 4647 3444 4716; x_wconf 87' lang='lat' dir='ltr'><strong>apices</strong></span> <span class='ocrx_word' id='word_1_765' title='bbox 3493 4652 3691 4699; x_wconf 75' lang='lat' dir='ltr'><strong>nostros</strong></span> 
     </span>
    </p>
   </div>
   <div class='ocr_carea' id='block_1_110' title="bbox 2116 4735 3687 4816">
    <p class='ocr_par' dir='ltr' id='par_1_110' title="bbox 2116 4735 3687 4816">
     <span class='ocr_line' id='line_1_110' title="bbox 2116 4735 3687 4816; baseline -0.014 -8"><span class='ocrx_word' id='word_1_766' title='bbox 2116 4749 2485 4814; x_wconf 89' lang='lat' dir='ltr'><strong>concessisse,</strong></span> <span class='ocrx_word' id='word_1_767' title='bbox 2546 4754 2710 4816; x_wconf 89' lang='lat' dir='ltr'><strong>atque</strong></span> <span class='ocrx_word' id='word_1_768' title='bbox 2766 4742 3117 4799; x_wconf 88' lang='lat' dir='ltr'><strong>conﬁrmasse</strong></span> <span class='ocrx_word' id='word_1_769' title='bbox 3165 4736 3413 4792; x_wconf 91' lang='lat' dir='ltr'><strong>omnium</strong></span> <span class='ocrx_word' id='word_1_770' title='bbox 3467 4735 3687 4790; x_wconf 83' lang='lat' dir='ltr'><strong>ﬁdelium</strong></span> 
     </span>
    </p>
   </div>
   <div class='ocr_carea' id='block_1_111' title="bbox 2120 4824 3688 4910">
    <p class='ocr_par' dir='ltr' id='par_1_111' title="bbox 2120 4824 3688 4910">
     <span class='ocr_line' id='line_1_111' title="bbox 2120 4824 3688 4910; baseline -0.015 -13"><span class='ocrx_word' id='word_1_771' title='bbox 2120 4851 2428 4897; x_wconf 90' lang='lat' dir='ltr'><strong>nostrorum</strong></span> <span class='ocrx_word' id='word_1_772' title='bbox 2489 4842 2784 4910; x_wconf 90' lang='lat' dir='ltr'><strong>cognoscat</strong></span> <span class='ocrx_word' id='word_1_773' title='bbox 2843 4828 3083 4887; x_wconf 89' lang='lat' dir='ltr'><strong>solertia.</strong></span> <span class='ocrx_word' id='word_1_774' title='bbox 3141 4826 3387 4897; x_wconf 88' lang='lat' dir='ltr'><strong>Denique</strong></span> <span class='ocrx_word' id='word_1_775' title='bbox 3428 4824 3688 4894; x_wconf 79' lang='lat' dir='ltr'><strong>iubemus,</strong></span> 
     </span>
    </p>
   </div>
   <div class='ocr_carea' id='block_1_112' title="bbox 2119 4919 3690 5001">
    <p class='ocr_par' dir='ltr' id='par_1_112' title="bbox 2119 4919 3690 5001">
     <span class='ocr_line' id='line_1_112' title="bbox 2119 4919 3690 5001; baseline -0.016 -14"><span class='ocrx_word' id='word_1_776' title='bbox 2119 4938 2282 5001; x_wconf 89' lang='lat' dir='ltr'><strong>atque</strong></span> <span class='ocrx_word' id='word_1_777' title='bbox 2325 4927 2669 4985; x_wconf 88' lang='lat' dir='ltr'><strong>decernimus</strong></span> <span class='ocrx_word' id='word_1_778' title='bbox 2696 4966 2710 4990; x_wconf 93' lang='lat'><strong>,</strong></span> <span class='ocrx_word' id='word_1_779' title='bbox 2754 4933 2815 4978; x_wconf 92' lang='lat' dir='ltr'><strong>ut</strong></span> <span class='ocrx_word' id='word_1_780' title='bbox 2861 4929 3346 4991; x_wconf 87' lang='lat' dir='ltr'><strong>quantumcunque</strong></span> <span class='ocrx_word' id='word_1_781' title='bbox 3403 4919 3690 4968; x_wconf 79' lang='lat' dir='ltr'><strong>memorata</strong></span> 
     </span>
    </p>
   </div>
   <div class='ocr_carea' id='block_1_113' title="bbox 2118 4999 3693 5086">
    <p class='ocr_par' dir='ltr' id='par_1_113' title="bbox 2118 4999 3693 5086">
     <span class='ocr_line' id='line_1_113' title="bbox 2118 4999 3693 5086; baseline -0.017 -7"><span class='ocrx_word' id='word_1_782' title='bbox 2118 4999 2345 5079; x_wconf 83' lang='lat' dir='ltr'><strong>ecclesia</strong></span> <span class='ocrx_word' id='word_1_783' title='bbox 2374 5020 2431 5076; x_wconf 89' lang='lat' dir='ltr'><strong>S.</strong></span> <span class='ocrx_word' id='word_1_784' title='bbox 2462 5017 2695 5074; x_wconf 82' lang='lat' dir='ltr'><strong>Zenonis</strong></span> <span class='ocrx_word' id='word_1_785' title='bbox 2722 5030 2820 5086; x_wconf 90' lang='lat' dir='ltr'><strong>per</strong></span> <span class='ocrx_word' id='word_1_786' title='bbox 2850 5009 3192 5068; x_wconf 88' lang='lat' dir='ltr'><strong>donationem</strong></span> <span class='ocrx_word' id='word_1_787' title='bbox 3218 5011 3487 5068; x_wconf 85' lang='lat' dir='ltr'><strong>nostram,</strong></span> <span class='ocrx_word' id='word_1_788' title='bbox 3515 5002 3594 5055; x_wconf 81' lang='lat' dir='ltr'><strong>vel</strong></span> <span class='ocrx_word' id='word_1_789' title='bbox 3624 4999 3693 5053; x_wconf 84' lang='lat' dir='ltr'><strong>di-</strong></span> 
     </span>
    </p>
   </div>
   <div class='ocr_carea' id='block_1_114' title="bbox 2117 5090 3690 5186">
    <p class='ocr_par' dir='ltr' id='par_1_114' title="bbox 2117 5090 3690 5186">
     <span class='ocr_line' id='line_1_114' title="bbox 2117 5090 3690 5186; baseline -0.015 -17"><span class='ocrx_word' id='word_1_790' title='bbox 2117 5113 2241 5171; x_wconf 91' lang='lat' dir='ltr'><strong>lecti</strong></span> <span class='ocrx_word' id='word_1_791' title='bbox 2269 5112 2511 5186; x_wconf 89' lang='lat' dir='ltr'><strong>germani</strong></span> <span class='ocrx_word' id='word_1_792' title='bbox 2537 5109 2729 5173; x_wconf 88' lang='lat' dir='ltr'><strong>nostri,</strong></span> <span class='ocrx_word' id='word_1_793' title='bbox 2760 5122 2854 5163; x_wconf 89' lang='lat' dir='ltr'><strong>seu</strong></span> <span class='ocrx_word' id='word_1_794' title='bbox 2877 5117 3111 5174; x_wconf 87' lang='lat' dir='ltr'><strong>namque</strong></span> <span class='ocrx_word' id='word_1_795' title='bbox 3131 5109 3185 5155; x_wconf 91' lang='lat' dir='ltr'><strong>et</strong></span> <span class='ocrx_word' id='word_1_796' title='bbox 3218 5097 3433 5153; x_wconf 81' lang='lat' dir='ltr'><strong>Rotaldi</strong></span> <span class='ocrx_word' id='word_1_797' title='bbox 3461 5090 3690 5167; x_wconf 65' lang='lat' dir='ltr'><strong>prazdicti</strong></span> 
     </span>
    </p>
   </div>
   <div class='ocr_carea' id='block_1_115' title="bbox 2116 5187 3693 5275">
    <p class='ocr_par' dir='ltr' id='par_1_115' title="bbox 2116 5187 3693 5275">
     <span class='ocr_line' id='line_1_115' title="bbox 2116 5187 3693 5275; baseline -0.015 -14"><span class='ocrx_word' id='word_1_798' title='bbox 2116 5203 2377 5275; x_wconf 89' lang='lat' dir='ltr'><strong>episcopi,</strong></span> <span class='ocrx_word' id='word_1_799' title='bbox 2405 5210 2723 5258; x_wconf 61' lang='lat' dir='ltr'><strong>caeterorum</strong></span> <span class='ocrx_word' id='word_1_800' title='bbox 2748 5195 2986 5252; x_wconf 87' lang='lat' dir='ltr'><strong>ﬁdelium</strong></span> <span class='ocrx_word' id='word_1_801' title='bbox 3010 5190 3323 5254; x_wconf 88' lang='lat' dir='ltr'><strong>traditione,</strong></span> <span class='ocrx_word' id='word_1_802' title='bbox 3348 5187 3435 5243; x_wconf 88' lang='lat' dir='ltr'><strong>vel</strong></span> <span class='ocrx_word' id='word_1_803' title='bbox 3466 5188 3693 5256; x_wconf 88' lang='lat' dir='ltr'><strong>ipsorum</strong></span> 
     </span>
    </p>
   </div>
   <div class='ocr_carea' id='block_1_116' title="bbox 2120 5274 3693 5365">
    <p class='ocr_par' dir='ltr' id='par_1_116' title="bbox 2120 5274 3693 5365">
     <span class='ocr_line' id='line_1_116' title="bbox 2120 5274 3693 5365; baseline -0.017 -13"><span class='ocrx_word' id='word_1_804' title='bbox 2120 5274 2460 5365; x_wconf 82' lang='lat' dir='ltr'><strong>cemparatu,</strong></span> <span class='ocrx_word' id='word_1_805' title='bbox 2489 5306 2585 5347; x_wconf 92' lang='lat' dir='ltr'><strong>seu</strong></span> <span class='ocrx_word' id='word_1_806' title='bbox 2635 5287 2878 5359; x_wconf 90' lang='lat' dir='ltr'><strong>quolibet</strong></span> <span class='ocrx_word' id='word_1_807' title='bbox 2916 5292 3155 5339; x_wconf 89' lang='lat' dir='ltr'><strong>attractu</strong></span> <span class='ocrx_word' id='word_1_808' title='bbox 3194 5280 3338 5349; x_wconf 82' lang='lat' dir='ltr'><strong>iuste</strong></span> <span class='ocrx_word' id='word_1_809' title='bbox 3380 5286 3438 5333; x_wconf 92' lang='lat' dir='ltr'><strong>et</strong></span> <span class='ocrx_word' id='word_1_810' title='bbox 3463 5274 3693 5344; x_wconf 83' lang='lat' dir='ltr'><strong>legalitcr</strong></span> 
     </span>
    </p>
   </div>
   <div class='ocr_carea' id='block_1_117' title="bbox 2119 5366 3692 5455">
    <p class='ocr_par' dir='ltr' id='par_1_117' title="bbox 2119 5366 3692 5455">
     <span class='ocr_line' id='line_1_117' title="bbox 2119 5366 3692 5455; baseline -0.015 -13"><span class='ocrx_word' id='word_1_811' title='bbox 2119 5386 2321 5442; x_wconf 88' lang='lat' dir='ltr'><strong>habere</strong></span> <span class='ocrx_word' id='word_1_812' title='bbox 2349 5381 2705 5455; x_wconf 89' lang='lat' dir='ltr'><strong>dignoscitur,</strong></span> <span class='ocrx_word' id='word_1_813' title='bbox 2738 5387 2832 5434; x_wconf 89' lang='lat' dir='ltr'><strong>aut</strong></span> <span class='ocrx_word' id='word_1_814' title='bbox 2853 5378 2906 5433; x_wconf 91' lang='lat' dir='ltr'><strong>in</strong></span> <span class='ocrx_word' id='word_1_815' title='bbox 2938 5384 3097 5431; x_wconf 88' lang='lat' dir='ltr'><strong>antea</strong></span> <span class='ocrx_word' id='word_1_816' title='bbox 3132 5373 3399 5428; x_wconf 91' lang='lat' dir='ltr'><strong>bonorum</strong></span> <span class='ocrx_word' id='word_1_817' title='bbox 3424 5366 3692 5423; x_wconf 85' lang='lat' dir='ltr'><strong>hominum</strong></span> 
     </span>
    </p>
   </div>
   <div class='ocr_carea' id='block_1_118' title="bbox 2118 5475 3690 5568">
    <p class='ocr_par' dir='ltr' id='par_1_118' title="bbox 2118 5475 3690 5568">
     <span class='ocr_line' id='line_1_118' title="bbox 2118 5475 3690 5568; baseline -0.017 -14"><span class='ocrx_word' id='word_1_818' title='bbox 2118 5499 2211 5554; x_wconf 88' lang='lat' dir='ltr'><strong>bat</strong></span> <span class='ocrx_word' id='word_1_819' title='bbox 2233 5503 2357 5568; x_wconf 90' lang='lat' dir='ltr'><strong>post</strong></span> <span class='ocrx_word' id='word_1_820' title='bbox 2376 5509 2577 5568; x_wconf 77' lang='lat' dir='ltr'><strong>annum</strong></span> <span class='ocrx_word' id='word_1_821' title='bbox 2610 5490 2846 5568; x_wconf 80' lang='lat' dir='ltr'><strong>imperii.</strong></span> <span class='ocrx_word' id='word_1_822' title='bbox 2884 5486 3130 5568; x_wconf 39' lang='lat' dir='ltr'><strong>Deniqnuc</strong></span> <span class='ocrx_word' id='word_1_823' title='bbox 3175 5483 3221 5538; x_wconf 91' lang='lat' dir='ltr'><strong>si</strong></span> <span class='ocrx_word' id='word_1_824' title='bbox 3252 5495 3445 5568; x_wconf 66' lang='lat' dir='ltr'><strong>verum</strong></span> 
     </span>
    </p>
   </div>
   <div class='ocr_carea' id='block_1_119' title="bbox 2118 5544 3689 5639">
    <p class='ocr_par' dir='ltr' id='par_1_119' title="bbox 2118 5544 3689 5639">
     <span class='ocr_line' id='line_1_119' title="bbox 2118 5544 3689 5639; baseline -0.017 -17"><span class='ocrx_word' id='word_1_825' title='bbox 2118 5544 2815 5639; x_wconf 57' lang='grc' dir='ltr'><strong>ἒὶἧῖιὸιῖἷᾶ.“”ἓὸῆἰεὲὲίιῖιίιιη</strong></span> <span class='ocrx_word' id='word_1_826' title='bbox 2858 5574 3013 5639; x_wconf 38' lang='lat' dir='ltr'><strong>anno.</strong></span> <span class='ocrx_word' id='word_1_827' title='bbox 3042 5544 3329 5639; x_wconf 48' lang='lat' dir='ltr'><strong>zlinigerii,</strong></span> <span class='ocrx_word' id='word_1_828' title='bbox 3366 5544 3689 5639; x_wconf 55' lang='lat' dir='ltr'><strong>velotsrtius</strong></span> 
     </span>
    </p>
   </div>
   <div class='ocr_carea' id='block_1_120' title="bbox 2120 5617 3585 5708">
    <p class='ocr_par' dir='ltr' id='par_1_120' title="bbox 2120 5617 3585 5708">
     <span class='ocr_line' id='line_1_120' title="bbox 2120 5617 3585 5708; baseline -0.015 -14"><span class='ocrx_word' id='word_1_829' title='bbox 2120 5617 2664 5708; x_wconf 59' lang='lat' dir='ltr'><strong>Sh’nii&quot;¥epételid‘hs</strong></span> <span class='ocrx_word' id='word_1_830' title='bbox 2699 5646 2729 5687; x_wconf 87' lang='lat' dir='ltr'><strong>a</strong></span> <span class='ocrx_word' id='word_1_831' title='bbox 2764 5643 2953 5688; x_wconf 86' lang='lat' dir='ltr'><strong>mense</strong></span> <span class='ocrx_word' id='word_1_832' title='bbox 2981 5617 3288 5699; x_wconf 62' lang='lat' dir='ltr'><strong>Septembri</strong></span> <span class='ocrx_word' id='word_1_833' title='bbox 3319 5620 3440 5677; x_wconf 86' lang='lat' dir='ltr'><strong>anni</strong></span> <span class='ocrx_word' id='word_1_834' title='bbox 3463 5617 3585 5675; x_wconf 75' lang='lat' dir='ltr'><strong>8l3.</strong></span> 
     </span>
    </p>
   </div>
  </div>
