3946 6174
323 163 461 224 ιῦἓθ

318 289 569 359 largitate
593 284 847 341 collatum
897 291 1059 354 atque
1085 282 1386 354 delegatum
1429 279 1625 346 fuerit;
1680 291 1892 334 necnon

2004 271 2250 343 ligentius
2286 274 2626 339 observetur,
2664 266 2843 331 manu
2897 272 3119 349 propria
3161 285 3345 335 nostra
3396 282 3583 338 subter

316 377 507 441 etiam,
551 382 604 428 et
650 374 968 438 oblationes,
1010 388 1130 444 qua:
1163 373 1301 427 ﬁunt
1324 371 1392 426 ad
1421 369 1478 425 S.
1526 369 1799 424 Zenonem
1828 368 1896 422 de
1996 361 2452 432 confirmavimus,
2478 372 2533 422 et
2552 366 2736 421 annuli
2750 368 2925 423 nostri
2950 369 3305 439 impressione
3319 372 3583 444 iussimus

1449 155 1843 218 DIPLOMATA
1882 147 2432 212 ECCLESIASTICA.
3437 160 3577 220 1050

314 467 568 523 omnibus
600 465 1017 534 quibuscunque
1053 462 1364 527 mobilibus,
1411 460 1495 514 vel
1527 458 1896 515 immobilibus

309 560 521 617 ibidem
535 557 808 623 oblatum,
838 558 923 613 vel
950 556 1202 611 ofi‘ertum
1232 555 1417 620 fuerit,
1467 554 1721 623 deinceps
1770 566 1895 607 cum

311 650 460 705 omni
487 650 798 719 integritate
819 664 917 718 per
944 648 1046 702 hoc
1064 654 1393 718 praeceptum
1429 652 1628 700 nostrae
1666 641 1898 698 auctori—

312 743 442 797 tatis
476 742 592 811 ipsa
618 751 805 796 sancta
842 739 1190 811 congregatio
1222 737 1608 793 monachon
1632 734 1898 791 securiter

306 839 497 888 'teneat
522 840 683 900 atque
712 831 986 900 possideat
1025 833 1229 899 absque
1253 828 1361 882 ulla
1402 826 1774 898 inquietudine
1796 825 1897 881 ali-

300 925 470 996 cujus
493 938 753 994 personae,
783 916 1020 992 cxcepto‘
1041 922 1182 976 sicut
1208 921 1263 974 in
1294 919 1464 991 priori
1502 925 1774 988 praecepto
1801 932 1898 972 no-

313 1015 415 1069 stri
451 1014 716 1085 genitoris
758 1013 1044 1077 habuerat,
1095 1021 1156 1066 ut
1197 1026 1299 1081 pro
1341 1010 1552 1065 honore
1599 1008 1897 1065 succeden-

302 1105 448 1159 tium
475 1102 783 1174 pontiﬁcum
815 1103 1122 1165 instituere,
1149 1109 1209 1155 ut
1234 1101 1290 1154 in
1317 1100 1609 1155 festivitate
1639 1099 1807 1169 ipsius
1835 1098 1893 1154 S.

308 1193 550 1249 Zenonis
577 1192 736 1246 annis
776 1191 1027 1260 singulis,
1082 1198 1179 1244 aut
1231 1189 1513 1244 manculos
1544 1188 1755 1259 viginti,
1803 1195 1901 1242 aut

313 1281 706 1352 quinquaginta
726 1280 929 1336 solidos
948 1280 1157 1351 argenti
1179 1280 1429 1349 accipere
1442 1278 1639 1333 debeat
1656 1276 1897 1348 pontifex

311 1373 487 1443 ipsius
525 1372 763 1427 civitatis
787 1387 908 1426 cum
938 1372 1053 1426 suis
1090 1370 1305 1425 clericis
1333 1371 1401 1426 ab
1440 1369 1572 1439 ipsis
1616 1366 1897 1424 monachis

314 1462 516 1516 ibidem
555 1461 1006 1525 deservientibus,
1055 1469 1111 1515 et
1142 1459 1276 1514 nihil
1311 1459 1543 1530 amplius
1590 1459 1660 1513 ab
1702 1457 1784 1513 eis
1827 1458 1896 1511 ab

313 1552 496 1622 aliquo
529 1552 885 1621 exquiratur;
935 1551 1202 1621 liceatque
1249 1552 1380 1622 ipsis
1407 1552 1694 1607 monachis
1740 1568 1892 1609 sem-

1995 451 2242 523 sigillari.

2065 542 2294 615 Signum
2330 545 2476 625 dom.
2504 545 2761 603 Ludovici
2783 550 3037 606 sereniss.
3067 550 3431 620 imperatoris.

2065 634 2201 689 Data
2253 650 2351 690 xm
2397 635 2515 691 Kal.
2571 638 2848 704 Decemb.,
2879 655 3044 706 anno,
3072 640 3289 698 Christo
3318 646 3573 714 propitio,

1997 723 2211 794 imperii
2262 725 2464 780 domini
2502 725 2762 783 Ludovici
2810 730 3039 800 piissimi
3070 731 3278 803 Aug....
3309 734 3496 791 indict.
3521 737 3558 795 8
3592 787 3599 794 .

1993 813 2195 870 Actum
2233 813 2568 889 Aquisgrani
2598 817 2798 888 palatio
2828 822 2973 892 regis
3013 820 3263 878 feliciter.
3307 823 3528 881 Amen:

2667 929 2915 986 XXXIX.

2300 1035 2328 1067 ⁸
2367 1038 2469 1081 ΡΒΟ
2504 1040 2845 1083 IONASTERIO
2882 1042 3284 1084 PSALIODIENSI.

2604 1116 2776 1189 (Anno
2813 1116 2964 1190 815.)

1992 1200 1995 1202 ’
2069 1174 2251 1276 [Αριιά
2274 1205 2340 1260 D.
2370 1174 2634 1275 Bouquet.
2662 1206 2818 1270 ibid.,
2851 1174 2976 1277 pag.
3006 1208 3133 1274 484,
3168 1224 3234 1264 ex
3272 1213 3512 1267 archivis

2482 1276 2724 1331 ecclesiae
2759 1276 3102 1351 Alesiensis.]

2068 1363 2127 1418 ιιι
2169 1365 2389 1421 nomine
2424 1366 2639 1421 Domini
2678 1366 2775 1420 Dei
2814 1375 2872 1421 et
2913 1367 3212 1424 Salvatoris
3250 1371 3419 1426 nostri
3457 1370 3584 1427 Jcsu

1997 1454 2226 1521 Christi,
2241 1453 2566 1521 Ludovicus,
2584 1456 2765 1513 divina
2792 1458 3080 1515 ordinante
3108 1460 3469 1530 providentia,
3486 1463 3587 1517 int.

2002 1554 2225 1617 perator
2255 1544 2549 1617 Augustus.

311 1618 423 1712 per‘
437 1658 506 1699 ex
533 1618 752 1715 prdpria
797 1618 1217 1714 congregatione
1245 1618 1497 1698 abbatem
1525 1643 1628 1698 sibi
1659 1643 1894 1716 eligere;
1926 1618 1974 1677 B
2076 1635 2136 1692 Si
2174 1652 2304 1709 erga
2345 1637 2463 1693 loca
2500 1638 2694 1694 divinis
2740 1638 2977 1696 cultibus
3021 1641 3325 1709 mancipata
3366 1651 3589 1711 propter

240 1742 243 1743 ⁷
311 1737 361 1793 si
405 1750 539 1790 vero
578 1734 865 1804 contigerit
908 1743 969 1789 ut
1007 1733 1170 1789 talem
1213 1734 1357 1789 inter
1392 1750 1450 1789 se
1496 1734 1742 1789 invenire
1789 1750 1889 1790 ne-

302 1834 536 1899 queant,
577 1833 704 1880 tunc
732 1840 839 1879 una
874 1840 997 1879 cum
1023 1840 1288 1880 consensu
1322 1825 1562 1896 episcopi
1585 1825 1732 1880 illius
1759 1825 1896 1881 civi-

314 1919 442 1973 tatis
477 1930 719 1986 quaercre
749 1916 851 1971 sibi
892 1918 1143 1972 abbatem
1170 1915 1310 1970 infra’
1345 1916 1626 1988 dioecesim
1649 1914 1897 1973 eamdem

308 2009 587 2065 licentiam
606 2008 857 2063 habeant.
892 2008 1006 2064 Hoc
1033 2022 1162 2064 vero
1212 2017 1269 2064 et
1292 2023 1395 2063 nos
1430 2008 1500 2063 ob
1522 2015 1788 2083 aeternam
1810 2022 1901 2064 re-

303 2101 744 2157 munerationem
779 2099 1050 2165 addimus,
1080 2106 1142 2153 ut
1179 2099 1467 2170 episcopus
1491 2097 1666 2169 ipsius
1706 2098 1899 2154 civita-

312 2191 387 2246 tis
421 2190 625 2247 nullam
658 2204 894 2259 unquam
930 2195 1258 2261 potestatem
1303 2189 1503 2243 habeat
1530 2189 1737 2258 aliquid
1770 2189 1899 2244 inde

313 2281 651 2345 abstrahere,
699 2279 785 2332 vel
815 2292 1099 2348 usurpare,
1148 2278 1234 2331 vel
1273 2277 1432 2331 alicui
1472 2278 1529 2332 in
1573 2277 1900 2333 beneficium

312 2371 469 2434 dare,
525 2369 623 2423 sed
665 2368 827 2423 liceat
875 2368 1052 2422 eidem
1089 2366 1520 2438 congregationi,
1568 2366 1671 2422 sub
1715 2375 1900 2423 nostra

308 2459 547 2514 «tuitione
578 2459 764 2529 quiete
790 2466 846 2513 et
866 2458 1129 2513 securiter
1156 2457 1362 2521 vivere,
1396 2464 1453 2511 et
1472 2456 1569 2512 Dei
1591 2456 1902 2512 misericor-

308 2548 682 2620 ‘diamjugiter
709 2563 808 2619 pro
853 2548 1011 2604 nobis
1045 2547 1425 2618 peccatoribus
1466 2563 1717 2603 exorare.
1745 2547 1901 2603 Insu-

310 2655 413 2710 per
447 2641 611 2697 etiam
650 2641 855 2710 placuit
880 2647 1078 2694 nostrae
1099 2637 1385 2694 serenitati
1414 2637 1481 2692 de
1519 2636 1736 2694 famulis
1760 2636 1903 2707 ejus-

315 2731 436 2785 dem
477 2730 795 2786 monasterii
834 2729 1178 2785 definitiones
1221 2727 1421 2794 facere,
1467 2727 1719 2784 videlicet
1748 2728 1903 2784 femi-

312 2822 400 2877 nis
436 2821 644 2886 liberis,
689 2836 825 2891 quas
861 2819 978 2874 Itali
1018 2819 1368 2875 herimannas
1420 2828 1641 2886 vocant,
1689 2834 1812 2890 quae
1841 2834 1901 2875 se

314 2915 534 2971 famulis
562 2917 732 2987 ipsius
757 2915 1002 2971 ecclesiae
1045 2923 1101 2970 et
1138 2913 1457 2971 monasterii
1501 2913 1896 2984 ecpulaverint,

308 3005 429 3062 sive
466 3006 632 3061 etiam
653 3013 711 3061 et
747 3006 978 3061 aliarum
1005 3005 1396 3070 Ecclesiarum,
1428 3003 1682 3059 videlicet
1701 3004 1768 3059 de
1791 3019 1903 3059 ma-

305 3092 519 3164 joribus
555 3094 746 3161 titulis,
789 3102 882 3149 aut
907 3096 974 3150 de
1014 3093 1457 3149 matricularibus
1497 3093 1768 3160 ecclesiis,
1817 3093 1904 3150 vel

315 3184 658 3251 dioecesibus,
698 3200 795 3241 seu
841 3185 1211 3250 monasteriis,
1246 3184 1331 3241 vel
1366 3185 1779 3255 quibuscunque
1807 3201 1900 3241 ec-

310 3278 501 3333 clesiis
540 3278 840 3347 junxerint,
888 3292 949 3333 se
997 3293 1121 3333 cum
1146 3278 1422 3349 praedictis
1469 3276 1690 3333 famulis
1715 3294 1905 3336 secun-

315 3372 445 3426 dum
491 3369 951 3441 praedecessorum
978 3377 1181 3425 statuta
1232 3369 1645 3440 imperatorum,
1686 3376 1744 3424 et
1795 3384 1896 3438 per

316 3460 479 3531 hujus
505 3461 673 3516 nostri
704 3460 957 3532 praecepti
983 3459 1386 3524 auctoritatem,
1434 3458 1553 3513 sine
1596 3459 1745 3514 omni
1771 3474 1903 3514 cou-

316 3551 640 3607 tradictione
684 3550 965 3606 hominum
1016 3549 1387 3620 supradictum
1433 3556 1683 3603 sanctum
1722 3547 1901 3603 locum

316 3641 700 3697 inviolabiliter
726 3640 1021 3711 possideat.
1058 3637 1116 3693 Si
1136 3638 1261 3708 quis
1290 3653 1444 3704 vero,
1488 3639 1634 3708 quod
1657 3637 1901 3693 futurum

318 3747 424 3787 non
455 3732 745 3796 credimus,
770 3728 1230 3798 archiepiscopus,
1254 3726 1561 3797 episcopus,
1594 3727 1725 3793 dux,
1755 3743 1902 3783 mar-

316 3823 461 3885 cbio,
491 3836 699 3885 comes,
726 3819 1049 3883 vicecomes,
1074 3832 1168 3872 seu
1184 3816 1381 3886 publici
1410 3816 1897 3882 administratorcs,

320 3924 415 3970 aut
432 3915 637 3985 privata
662 3927 895 3984 persona
930 3918 1119 3966 contra
1159 3908 1342 3963 omnia
1381 3922 1545 3979 supra
1586 3908 1789 3978 scripta
1817 3908 1901 3964 in-

319 4020 564 4075 surgere,
592 4011 687 4058 aut
732 4003 787 4057 in
830 4002 1011 4072 aliquo
1056 3999 1263 4055 violare
1307 3998 1601 4066 tentaverit
1648 3997 1791 4053 infra
1819 3998 1902 4061 di-

322 4098 521 4152 tionem
571 4095 721 4169 regni
748 4094 919 4157 nosti
957 4092 1282 4156 consistens,
1329 4090 1467 4147 sciat
1511 4103 1572 4145 se
1607 4088 1701 4143 lib.
1740 4089 1900 4159 quin-

321 4192 578 4263 quaginta
622 4191 738 4245 auri
776 4188 1142 4260 probatissimi
1182 4187 1606 4258 compositurum
1645 4187 1900 4242 medieta-

322 4294 431 4336 tem
463 4282 638 4337 eidem
683 4280 945 4345 ecclesiae,
992 4286 1048 4334 et
1072 4278 1417 4334 medietatem
1445 4276 1652 4348 palatio
1682 4286 1892 4334 nostro.
1920 4313 1977 4374 Β

323 4372 391 4428 Et
428 4381 487 4427 ut
524 4374 640 4428 haec
666 4372 962 4426 auctoritas
1004 4378 1206 4426 nostrae
1236 4370 1603 4426 concessionis
1628 4377 1685 4424 et
1705 4369 1899 4426 confir-

320 4465 577 4521 mationis
610 4464 813 4519 certius
837 4463 1112 4529 credatur,
1140 4470 1198 4519 et
1214 4477 1325 4535 per
1351 4460 1532 4518 futura
1557 4470 1799 4533 tempora
1817 4464 1898 4520 di-

377 4606 419 4635 ·ι
446 4593 572 4664 Hoc
598 4601 923 4664 praeceptum
946 4607 1012 4647 ex
1037 4593 1273 4664 archivis
1303 4593 1544 4649 ecclesia:
1573 4592 1893 4663 Alesiensis,

321 4665 407 4721 cui
435 4663 839 4719 Psalmodiense
858 4663 1242 4718 monasterium
1264 4664 1473 4718 unitum
1501 4672 1604 4727 est,
1625 4665 1769 4719 eruit
1788 4666 1899 4720 cla-

321 4736 571 4816 rissimus
611 4734 778 4816 abbas
904 4732 1201 4816 Maximini,
1233 4735 1552 4816 praepositus
1575 4743 1635 4816 et
1664 4735 1898 4793 vicarius

322 4805 601 4876 generalis
634 4804 853 4876 capituli
894 4802 1204 4876 Alesiensis.
1273 4802 1431 4876 Aliud
1475 4812 1622 4876 certe
1674 4819 1901 4876 apqgra-

322 4873 651 4946 phumvidit
685 4873 739 4929 in
773 4874 1039 4929 tabulario
1069 4873 1456 4946 Psalmodiensi
1486 4874 1715 4946 domnus
1743 4873 1900 4946 Clau-

324 4944 444 5002 dius
468 4944 763 5009 Estiennot,
804 4955 951 5000 tanta
985 4953 1071 5001 est
1102 4944 1389 5001 diversitas
1424 4945 1478 4999 in
1511 4945 1698 5000 eodem
1732 4944 1901 5017 diplo-

324 5024 471 5085 mate
497 5017 639 5085 quod
660 5016 965 5085 exscripsit.

396 5084 426 5125 δ
463 5084 603 5141 Huic
636 5084 996 5141 Theodemiro
1031 5084 1286 5142 Claudius
1317 5085 1672 5141 Taurinensis
1699 5086 1906 5156 episco-

323 5169 427 5226 pus
450 5171 592 5210 anno
621 5155 724 5211 815
754 5162 865 5226 tres
897 5156 1065 5226 libros
1089 5156 1142 5210 in
1170 5156 1455 5222 Genesim;
1486 5172 1628 5211 anno
1655 5155 1781 5221 821,
1812 5171 1906 5211 ex-

364 5226 645 5281 ositiouem
672 5226 726 5279 in
762 5225 1036 5290 Exodum;
1068 5242 1210 5281 anno
1235 5227 1364 5291 825,
1394 5226 1823 5282 Commentarios
1849 5227 1903 5281 in

382 5296 625 5378 eviticum
659 5294 990 5378 dicavit,nut
1028 5303 1173 5378 patet
1208 5312 1276 5377 ei;
1314 5294 1626 5378 praefatione
1664 5296 1905 5378 ejusdem

326 5367 564 5436 auctoris
584 5365 861 5436 praemissa
884 5362 1369 5436 Commentariisin
1384 5362 1707 5421 Leviticumi
1729 5365 1903 5436 Theo-

326 5434 786 5504 demirus'postca
816 5434 1081 5503 prolixam
1112 5444 1300 5489 contra
1339 5436 1630 5490 Taurinum
1664 5435 1755 5504 qui
1791 5435 1904 5489 cul-

330 5514 445 5559 tum
494 5520 769 5559 sacrarum
818 5505 1108 5574 imaginum
1151 5504 1579 5574 impugnaverat,
1621 5505 1905 5574 episto'am

329 5576 568 5649 scripsit,
604 5589 794 5645 magna
823 5588 889 5629 ex
921 5572 1072 5644 parte
1095 5572 1326 5631 relatam
1343 5575 1395 5628 in
1416 5573 1552 5631 libro
1577 5572 1733 5631 tertio
1758 5572 1905 5630 Iona:

2002 1743 2244 1784 amorem
2287 1729 2383 1784 Dei
2408 1730 2630 1799 ejusque
2651 1731 2706 1785 in
2724 1730 2928 1786 eisdem
2952 1731 3087 1786 locis
3109 1731 3212 1786 sibi
3234 1730 3580 1799 famulantes,

1998 1818 2264 1874 beneficia
2292 1828 2597 1889 opportuna
2633 1821 2913 1892 largimur,
2945 1822 3226 1891 praemium
3258 1822 3412 1878 nobis
3439 1825 3583 1893 apud

1999 1908 2288 1964 Dominum
2315 1918 2535 1965 aeterna:
2560 1912 3016 1966 remunerationis
3044 1912 3265 1981 rependi
3302 1928 3411 1968 non
3449 1912 3587 1968 ditii-

1999 2000 2200 2057 dimus.
2241 2000 2467 2056 Noverit
2511 2002 2719 2058 interea
2761 2003 3028 2074 sagacitas
3075 2018 3172 2058 seu
3220 2004 3426 2060 utilitas
3470 2020 3587 2060 om-

1999 2091 2151 2146 nium
2196 2090 2440 2146 fidelium
2480 2101 2812 2158 nostrorum,
2861 2100 2970 2147 tam
3017 2094 3367 2163 praesentium
3418 2111 3584 2165 quam

2000 2184 2326 2251 futurorum,
2371 2185 2497 2255 quia
2529 2187 2614 2240 vir
2649 2186 2975 2242 venerabilis
3004 2187 3031 2227 δ
3063 2186 3456 2243 Theodemirus
3495 2190 3587 2245 ab-

1998 2274 2100 2330 bas
2124 2289 2191 2329 ex
2228 2275 2560 2330 monasterio
2593 2276 2738 2345 quod
2773 2284 2859 2331 est
2891 2276 3056 2331 situm
3094 2277 3147 2330 in
3189 2292 3328 2348 pago
3355 2276 3586 2333 Nemau-

2001 2364 2169 2429 sensi,
2205 2364 2259 2419 in
2297 2365 2471 2419 insula
2507 2381 2627 2439 quae
2663 2374 3006 2437 nuncupatur
3034 2366 3422 2435 Psalmodium,
3461 2386 3588 2424 con-

2001 2465 2267 2513 stmctum
2305 2459 2358 2511 in
2394 2460 2653 2514 honorem
2692 2468 2893 2514 sanctae
2939 2461 3035 2515 Dei
3082 2461 3361 2532 genitricis
3405 2464 3588 2520 Maria:

2002 2563 2325 2619 semperque
2350 2549 2596 2619 virginis,
2623 2557 2681 2604 et
2703 2550 2882 2604 sancti
2909 2549 3056 2605 Petri
3092 2552 3351 2621 principis
3371 2564 3589 2625 aposto-

2001 2636 2199 2703 lorum,
2247 2637 2332 2693 vel
2371 2637 2602 2692 aliorum
2642 2646 2976 2705 sanctorum,
3021 2641 3210 2696 adiens
3239 2644 3588 2700 serenitatem

2002 2727 2254 2783 culminis
2282 2730 2452 2784 nostri
2488 2730 2812 2800 deprecatus
2839 2738 2925 2787 est
2958 2739 3018 2786 ut
3050 2733 3370 2803 praedictum
3400 2751 3591 2792 mona-

1976 2818 2228 2889 sterium
2258 2834 2384 2873 eum
2407 2820 2661 2875 omnibus
2694 2821 2860 2875 rebus
2886 2822 3148 2877 moderno
3176 2831 3420 2894 tempore
3440 2824 3590 2896 iuste

2004 2907 2107 2963 sibi
2148 2908 2557 2979 aspicientibus,
2595 2909 2667 2965 ob
2698 2925 2938 2966 amorem
2982 2911 3077 2968 Dei
3118 2916 3591 2985 tranquillitatem-

2003 3013 2109 3068 que
2130 2996 2361 3053 fratrum
2392 2999 2589 3054 ibidem
2615 3000 3051 3070 consisteutium,
3079 3004 3181 3059 sub
3203 3018 3391 3062 nostra
3418 3012 3590 3066 susci-

2002 3103 2256 3159 perenius
2293 3087 2611 3145 defensione
2654 3099 2709 3144 et
2744 3091 2846 3147 sub
2878 3092 3192 3161 plenissima
3223 3096 3585 3161 immanitatis

2003 3182 2232 3238 tuitione
2296 3184 2775 3240 constitueremus.
2838 3184 3006 3254 Cujus
3058 3188 3307 3256 petitioni
3332 3187 3592 3246 'libenter

2002 3288 2328 3329 consensum
2371 3273 2730 3344 praebuimus;
2772 3284 2828 3331 et
2865 3277 2970 3332 hoc
3013 3287 3213 3334 nostra:
3251 3283 3592 3340 auctoritatis

1999 3372 2329 3436 praeceptum
2357 3378 2484 3436 erga
2513 3365 2690 3435 ipsum
2720 3368 3109 3424 monasterium
3148 3370 3505 3429 immunitatis
3526 3390 3592 3430 ac

2000 3458 2249 3514 tuitionis
2279 3459 2474 3529 gratia,
2507 3474 2607 3529 pro
2641 3459 2810 3514 divini
2850 3459 3028 3516 cultus
3066 3477 3254 3518 amere
3296 3472 3353 3517 et
3396 3466 3592 3521 anima:

2001 3556 2199 3603 nostrae
2229 3548 2487 3613 remedio,
2528 3548 2646 3603 ﬁeri
2683 3547 3042 3615 decrevimus,
3079 3565 3178 3620 per
3217 3552 3362 3621 quod
3399 3555 3591 3622 princi-

1999 3636 2179 3705 pimus
2205 3644 2366 3705 atque
2395 3634 2651 3704 iubemus
2678 3630 2738 3691 ut
2766 3639 2945 3694 nullus
2978 3638 3145 3709 judex
3189 3646 3461 3714 publicus,
3499 3649 3585 3704 vel

2001 3725 2256 3795 quislibet
2278 3740 2347 3780 ex
2369 3724 2660 3794 iudiciaria
2686 3734 2957 3795 potestate
2990 3730 3046 3784 in
3071 3733 3351 3801 ecclesias,
3384 3746 3478 3791 aut
3506 3737 3588 3793 lo-

2001 3833 2089 3884 ca,
2126 3825 2220 3872 aut
2255 3833 2438 3889 agros,
2476 3832 2573 3873 seu
2607 3818 2844 3889 reliquas
2872 3826 3262 3895 possessiones,
3300 3846 3436 3901 quas
3469 3848 3587 3888 mo-

2001 3909 2170 3965 derno
2220 3917 2463 3979 tempore
2505 3910 2560 3965 in
2599 3912 2931 3982 quibuslibet
2966 3918 3119 3986 pagis
3164 3919 3247 3974 vel
3299 3923 3590 3983 territoriis

2000 4000 2142 4056 infra
2168 4001 2424 4088 ditionem
2450 4004 2664 4074 imperii
2690 4008 2861 4062 nostri
2882 4006 3029 4077 juste
3055 4019 3111 4067 et
3132 4011 3381 4084 legaliter
3410 4020 3586 4088 possi-

2000 4092 2113 4157 det,
2158 4093 2242 4150 vel
2281 4084 2403 4164 qua:
2441 4095 2696 4167 deinceps
2734 4108 2829 4153 aut
2865 4114 2965 4169 per
3003 4084 3452 4164 commutationes
3495 4120 3590 4167 aut

2000 4181 2295 4248 cessiones,
2322 4183 2647 4253 emptiones,
2667 4185 2752 4241 vel
2772 4186 2840 4243 de
2866 4190 3107 4259 quolibet
3124 4194 3273 4264 justo
3300 4207 3584 4258 contractu

2002 4272 2057 4327 in
2086 4271 2212 4341 jure
2244 4270 2406 4340 hujus
2440 4275 2614 4329 sancti
2644 4276 2744 4332 loci
2780 4279 3119 4350 advenerim,
3155 4287 3224 4342 ad
3258 4303 3448 4347 causas
3489 4308 3587 4348 au-

2000 4366 2227 4422 diendas
2250 4364 2336 4421 vel
2364 4364 2512 4423 freda
2548 4377 2643 4423 aut
2678 4370 2879 4427 tributa
2913 4376 3198 4445 exigenda,
3232 4392 3326 4435 aut
3354 4387 3589 4442 mansio-

2000 4474 2099 4517 nes
2125 4457 2212 4515 vel
2238 4466 2462 4529 paratas
2485 4457 2781 4527 faciendas,
2811 4469 2906 4515 aut
2933 4463 3280 4533 fideiussores
3301 4472 3586 4542 tollendos,

2002 4590 2416 4668 lturelianensis
2437 4591 2674 4668 ep_i_scop_i
2700 4594 2958 4668 adversus
2985 4601 3231 4657 eumdem
3261 4602 3577 4668 Taurinum.

2001 4661 2945 4751 lii-haelepistma‘lhepdemirusse
2977 4678 3192 4751 centum
3228 4661 3585 4751 (μιξιᾴτᾶέίἦῆ

2003 4732 2287 4818 monachis
2310 4732 2636 4818 Asublregula
2672 4736 2843 4791 sancti
2874 4738 3143 4818 Benedicti
3178 4732 3584 4818 praefuisse’ait“,

2008 4803 2221 4879 tametsi
2267 4801 2627 4879 cmnobiolum
2668 4821 2828 4879 suum
2849 4823 2975 4879 prae
2996 4801 3253 4868 modestia
3293 4801 3466 4873 vocat.
3488 4801 3589 4879 “De

2007 4874 2112 4957 hoc
2133 4873 2335 4957 abbate
2354 4873 2653 4957 holitorifice
2688 4873 2924 4957 loquitur
2952 4878 3117 4936 Jonas
3152 4883 3205 4937 in
3226 4884 3379 4957 libro
3413 4873 3589 4957 primo

2007 4943 2094 5001 his
2111 4943 2301 5026 .verbis
2324 4956 2340 4996 :
2370 4960 2388 4992 ε
2410 4942 2637 5026 Quidam
2660 4942 2817 5026 sanae
2840 4956 2906 5026 et
2940 4961 3142 5026 sancta:
3165 4942 3438 5026 religionis
3450 4942 3593 5026 pro:

2006 5013 2564 5093 posito_venerandus_
2576 5024 2628 5071 et
2660 5016 2900 5093 honestae
2932 5020 3055 5093 vita:
3083 5013 3404 5093 Aimitaui’dus,
3437 5013 3587 5085 dehi-

2009 5094 2172 5153 toque
2193 5084 2399 5140 honore
2423 5084 2781 5155 nominandus
2806 5085 3193 5146 Theodemirus
3212 5093 3372 5151 Pater
3392 5084 3587 5155 mona-

2007 5152 2256 5233 chorum,
2288 5169 2432 5233 nunc
2464 5152 2588 5233 jam_
2621 5158 2782 5211 rei-us
2818 5158 3069 5233 humanis
3116 5174 3420 5233 exemptus,
3461 5152 3581 5225 cum

2000 5223 2114 5293 jam
2147 5223 2305 5295 longe
2326 5224 2540 5292 lateque
2563 5225 2703 5279 fama
2730 5226 3102 5284 crebrescente
3122 5232 3187 5284 ab
3210 5223 3584 5294 eoilem'Clau:

2009 5296 2097 5376 dio
2124 5294 2265 5376 .talia
2302 5295 2511 5376 gerinet.
2545 5296 2830 5376 praedicari
2869 5306 3058 5376 contra
3088 5305 3462 5376 alacritatem
3500 5324 3587 5364 ec-

2007 5363 2363 5443 clesiasticam
2403 5363 2699 5428 didicisset,
2733 5367 3015 5443 charitatis
3041 5368 3234 5443 efﬁcio
3276 5363 3589 5443 ductuspet

2010 5433 2166 5511 unice
2191 5433 2365 5502 gentis
2394 5447 2578 5511 amore
2601 5445 2942 5511 provocatus,
2969 5438 3141 5511 eidem
3168 5442 3406 5511 Claudio,
3433 5433 3492 5502 ut
3516 5433 3584 5503 ab

2012 5504 2097 5557 his
2119 5515 2195 5571 se,
2227 5516 2346 5577 qua}
2372 5503 2866 5577 repreliensibiliter
2883 5509 3078 5577 agebat
3111 5523 3165 5565 et
3193 5503 3416 5571 docebat
3445 5535 3586 5573 com-

2012 5581 2277 5644 pesceret,
2309 5572 2499 5629 litteris
2527 5573 2789 5630 charitate
2810 5572 3023 5651 refeitis
3052 5584 3292 5639 manda-ri
3320 5572 3581 5643 curavit.»
