  <div class='ocr_page' id='page_1' title='image "/cluster/home/n/w/nwhite01/storage/ocr_20150623/104/hvd.32044052819794/521.png"; bbox 0 0 3946 6174; ppageno 0'>
   <div class='ocr_carea' id='block_1_1' title="bbox 485 261 617 321">
    <p class='ocr_par' dir='ltr' id='par_1_1' title="bbox 485 261 617 321">
     <span class='ocr_line' id='line_1_1' title="bbox 485 261 617 321; baseline 0.008 -1"><span class='ocrx_word' id='word_1_1' title='bbox 485 261 617 321; x_wconf 71' lang='grc'><strong>1051</strong></span> 
     </span>
    </p>
   </div>
   <div class='ocr_carea' id='block_1_2' title="bbox 1584 242 2599 313">
    <p class='ocr_par' dir='ltr' id='par_1_2' title="bbox 1584 242 2599 313">
     <span class='ocr_line' id='line_1_2' title="bbox 1584 242 2599 313; baseline -0.012 0"><span class='ocrx_word' id='word_1_2' title='bbox 1584 253 1908 313; x_wconf 83' lang='lat' dir='ltr'><strong>LUDOVlCl</strong></span> <span class='ocrx_word' id='word_1_3' title='bbox 1945 252 1967 307; x_wconf 89' lang='lat' dir='ltr'><strong>l</strong></span> <span class='ocrx_word' id='word_1_4' title='bbox 2005 244 2479 306; x_wconf 84' lang='lat' dir='ltr'><strong>COGNOMENTO</strong></span> <span class='ocrx_word' id='word_1_5' title='bbox 2515 242 2599 302; x_wconf 76' lang='lat' dir='ltr'><strong>l’ll</strong></span> 
     </span>
    </p>
   </div>
   <div class='ocr_carea' id='block_1_3' title="bbox 3555 254 3660 315">
    <p class='ocr_par' dir='ltr' id='par_1_3' title="bbox 3555 254 3660 315">
     <span class='ocr_line' id='line_1_3' title="bbox 3555 254 3660 315; baseline 0.029 -3"><span class='ocrx_word' id='word_1_6' title='bbox 3555 254 3660 315; x_wconf 70' lang='lat' dir='ltr'><strong>i032</strong></span> 
     </span>
    </p>
   </div>
   <div class='ocr_carea' id='block_1_4' title="bbox 482 355 3661 440">
    <p class='ocr_par' dir='ltr' id='par_1_4' title="bbox 482 355 3661 440">
     <span class='ocr_line' id='line_1_4' title="bbox 482 355 3661 440; baseline -0.001 -20"><span class='ocrx_word' id='word_1_7' title='bbox 482 383 577 433; x_wconf 61' lang='lat' dir='ltr'><strong>aut</strong></span> <span class='ocrx_word' id='word_1_8' title='bbox 601 372 849 431; x_wconf 76' lang='lat' dir='ltr'><strong>homines</strong></span> <span class='ocrx_word' id='word_1_9' title='bbox 891 369 1049 440; x_wconf 87' lang='lat' dir='ltr'><strong>hujus</strong></span> <span class='ocrx_word' id='word_1_10' title='bbox 1093 368 1428 432; x_wconf 78' lang='lat' dir='ltr'><strong>monasterii,</strong></span> <span class='ocrx_word' id='word_1_11' title='bbox 1472 373 1582 419; x_wconf 87' lang='lat' dir='ltr'><strong>tam</strong></span> <span class='ocrx_word' id='word_1_12' title='bbox 1615 365 1876 436; x_wconf 84' lang='lat' dir='ltr'><strong>ingenuos</strong></span> <span class='ocrx_word' id='word_1_13' title='bbox 1899 374 2061 431; x_wconf 91' lang='lat' dir='ltr'><strong>quam</strong></span> <span class='ocrx_word' id='word_1_14' title='bbox 2089 356 2139 417; x_wconf 77' lang='grc' dir='ltr'><strong>Α</strong></span> <span class='ocrx_word' id='word_1_15' title='bbox 2167 356 2313 412; x_wconf 91' lang='lat' dir='ltr'><strong>tione</strong></span> <span class='ocrx_word' id='word_1_16' title='bbox 2338 356 2577 411; x_wconf 80' lang='lat' dir='ltr'><strong>licuisset</strong></span> <span class='ocrx_word' id='word_1_17' title='bbox 2613 355 2692 411; x_wconf 89' lang='lat' dir='ltr'><strong>eis</strong></span> <span class='ocrx_word' id='word_1_18' title='bbox 2728 369 2850 411; x_wconf 88' lang='lat' dir='ltr'><strong>cum</strong></span> <span class='ocrx_word' id='word_1_19' title='bbox 2891 355 3048 410; x_wconf 86' lang='lat' dir='ltr'><strong>rebus</strong></span> <span class='ocrx_word' id='word_1_20' title='bbox 3099 364 3148 411; x_wconf 87' lang='lat' dir='ltr'><strong>et</strong></span> <span class='ocrx_word' id='word_1_21' title='bbox 3195 355 3472 413; x_wconf 87' lang='lat' dir='ltr'><strong>hominibus</strong></span> <span class='ocrx_word' id='word_1_22' title='bbox 3509 373 3661 417; x_wconf 84' lang='lat' dir='ltr'><strong>eorum</strong></span> 
     </span>
    </p>
   </div>
   <div class='ocr_carea' id='block_1_5' title="bbox 481 455 2061 536">
    <p class='ocr_par' dir='ltr' id='par_1_5' title="bbox 481 455 2061 536">
     <span class='ocr_line' id='line_1_5' title="bbox 481 455 2061 536; baseline -0.013 -9"><span class='ocrx_word' id='word_1_23' title='bbox 481 483 699 533; x_wconf 78' lang='lat' dir='ltr'><strong>servos;</strong></span> <span class='ocrx_word' id='word_1_24' title='bbox 718 480 879 536; x_wconf 82' lang='lat' dir='ltr'><strong>super</strong></span> <span class='ocrx_word' id='word_1_25' title='bbox 907 473 1107 519; x_wconf 91' lang='lat' dir='ltr'><strong>terram</strong></span> <span class='ocrx_word' id='word_1_26' title='bbox 1133 462 1301 531; x_wconf 86' lang='lat' dir='ltr'><strong>ipsius</strong></span> <span class='ocrx_word' id='word_1_27' title='bbox 1318 464 1722 514; x_wconf 86' lang='lat' dir='ltr'><strong>commanentes</strong></span> <span class='ocrx_word' id='word_1_28' title='bbox 1741 455 2061 524; x_wconf 87' lang='lat' dir='ltr'><strong>distringen-</strong></span> 
     </span>
    </p>
   </div>
   <div class='ocr_carea' id='block_1_6' title="bbox 482 544 2064 627">
    <p class='ocr_par' dir='ltr' id='par_1_6' title="bbox 482 544 2064 627">
     <span class='ocr_line' id='line_1_6' title="bbox 482 544 2064 627; baseline -0.012 -11"><span class='ocrx_word' id='word_1_29' title='bbox 482 563 603 627; x_wconf 88' lang='lat' dir='ltr'><strong>dos,</strong></span> <span class='ocrx_word' id='word_1_30' title='bbox 641 574 741 613; x_wconf 91' lang='lat' dir='ltr'><strong>nec</strong></span> <span class='ocrx_word' id='word_1_31' title='bbox 787 556 925 610; x_wconf 91' lang='lat' dir='ltr'><strong>ullas</strong></span> <span class='ocrx_word' id='word_1_32' title='bbox 964 553 1351 608; x_wconf 89' lang='lat' dir='ltr'><strong>redhibitiones</strong></span> <span class='ocrx_word' id='word_1_33' title='bbox 1380 550 1465 604; x_wconf 91' lang='lat' dir='ltr'><strong>vel</strong></span> <span class='ocrx_word' id='word_1_34' title='bbox 1496 547 1715 603; x_wconf 89' lang='lat' dir='ltr'><strong>illicitas</strong></span> <span class='ocrx_word' id='word_1_35' title='bbox 1748 544 2064 600; x_wconf 85' lang='lat' dir='ltr'><strong>occasiones</strong></span> 
     </span>
    </p>
   </div>
   <div class='ocr_carea' id='block_1_7' title="bbox 483 633 2064 720">
    <p class='ocr_par' dir='ltr' id='par_1_7' title="bbox 483 633 2064 720">
     <span class='ocr_line' id='line_1_7' title="bbox 483 633 2064 720; baseline -0.011 -15"><span class='ocrx_word' id='word_1_36' title='bbox 483 633 835 720; x_wconf 74' lang='lat' dir='ltr'><strong>reqtrirendas</strong></span> <span class='ocrx_word' id='word_1_37' title='bbox 858 644 1059 699; x_wconf 91' lang='lat' dir='ltr'><strong>nostris</strong></span> <span class='ocrx_word' id='word_1_38' title='bbox 1086 651 1143 697; x_wconf 89' lang='lat' dir='ltr'><strong>et</strong></span> <span class='ocrx_word' id='word_1_39' title='bbox 1168 641 1363 697; x_wconf 90' lang='lat' dir='ltr'><strong>futuris</strong></span> <span class='ocrx_word' id='word_1_40' title='bbox 1383 638 1716 709; x_wconf 78' lang='lat' dir='ltr'><strong>temporibus</strong></span> <span class='ocrx_word' id='word_1_41' title='bbox 1737 634 1946 706; x_wconf 78' lang='lat' dir='ltr'><strong>ingredi</strong></span> <span class='ocrx_word' id='word_1_42' title='bbox 1969 649 2064 688; x_wconf 85' lang='lat' dir='ltr'><strong>au—</strong></span> 
     </span>
    </p>
   </div>
   <div class='ocr_carea' id='block_1_8' title="bbox 480 724 2065 805">
    <p class='ocr_par' dir='ltr' id='par_1_8' title="bbox 480 724 2065 805">
     <span class='ocr_line' id='line_1_8' title="bbox 480 724 2065 805; baseline -0.01 -12"><span class='ocrx_word' id='word_1_43' title='bbox 480 741 625 803; x_wconf 84' lang='lat' dir='ltr'><strong>deat,</strong></span> <span class='ocrx_word' id='word_1_44' title='bbox 660 736 745 791; x_wconf 88' lang='lat' dir='ltr'><strong>vel</strong></span> <span class='ocrx_word' id='word_1_45' title='bbox 770 750 834 790; x_wconf 85' lang='lat' dir='ltr'><strong>ea</strong></span> <span class='ocrx_word' id='word_1_46' title='bbox 858 749 980 805; x_wconf 60' lang='lat' dir='ltr'><strong>quas</strong></span> <span class='ocrx_word' id='word_1_47' title='bbox 1006 747 1172 803; x_wconf 85' lang='lat' dir='ltr'><strong>supra</strong></span> <span class='ocrx_word' id='word_1_48' title='bbox 1199 739 1499 788; x_wconf 87' lang='lat' dir='ltr'><strong>memorata</strong></span> <span class='ocrx_word' id='word_1_49' title='bbox 1526 736 1674 793; x_wconf 89' lang='lat' dir='ltr'><strong>sunt,</strong></span> <span class='ocrx_word' id='word_1_50' title='bbox 1704 725 1923 797; x_wconf 88' lang='lat' dir='ltr'><strong>penitus</strong></span> <span class='ocrx_word' id='word_1_51' title='bbox 1950 724 2065 779; x_wconf 77' lang='lat' dir='ltr'><strong>esi-</strong></span> 
     </span>
    </p>
   </div>
   <div class='ocr_carea' id='block_1_9' title="bbox 480 817 2063 902">
    <p class='ocr_par' dir='ltr' id='par_1_9' title="bbox 480 817 2063 902">
     <span class='ocr_line' id='line_1_9' title="bbox 480 817 2063 902; baseline -0.011 -16"><span class='ocrx_word' id='word_1_52' title='bbox 480 845 608 902; x_wconf 88' lang='lat' dir='ltr'><strong>gere</strong></span> <span class='ocrx_word' id='word_1_53' title='bbox 644 836 959 900; x_wconf 64' lang='lat' dir='ltr'><strong>praesumat.</strong></span> <span class='ocrx_word' id='word_1_54' title='bbox 1004 827 1073 881; x_wconf 88' lang='lat' dir='ltr'><strong>Et</strong></span> <span class='ocrx_word' id='word_1_55' title='bbox 1111 825 1372 896; x_wconf 85' lang='lat' dir='ltr'><strong>quidquid</strong></span> <span class='ocrx_word' id='word_1_56' title='bbox 1407 824 1474 879; x_wconf 89' lang='lat' dir='ltr'><strong>de</strong></span> <span class='ocrx_word' id='word_1_57' title='bbox 1510 821 1673 876; x_wconf 84' lang='lat' dir='ltr'><strong>rebus</strong></span> <span class='ocrx_word' id='word_1_58' title='bbox 1700 817 1910 889; x_wconf 69' lang='lat' dir='ltr'><strong>prmfati</strong></span> <span class='ocrx_word' id='word_1_59' title='bbox 1944 830 2063 870; x_wconf 89' lang='lat' dir='ltr'><strong>mo-</strong></span> 
     </span>
    </p>
   </div>
   <div class='ocr_carea' id='block_1_10' title="bbox 482 917 2065 989">
    <p class='ocr_par' dir='ltr' id='par_1_10' title="bbox 482 917 2065 989">
     <span class='ocr_line' id='line_1_10' title="bbox 482 917 2065 989; baseline -0.009 -12"><span class='ocrx_word' id='word_1_60' title='bbox 482 922 709 978; x_wconf 90' lang='lat' dir='ltr'><strong>nasterii</strong></span> <span class='ocrx_word' id='word_1_61' title='bbox 741 920 905 975; x_wconf 89' lang='lat' dir='ltr'><strong>ﬁscus</strong></span> <span class='ocrx_word' id='word_1_62' title='bbox 939 933 1157 989; x_wconf 91' lang='lat' dir='ltr'><strong>sperare</strong></span> <span class='ocrx_word' id='word_1_63' title='bbox 1181 917 1406 988; x_wconf 90' lang='lat' dir='ltr'><strong>poterit,</strong></span> <span class='ocrx_word' id='word_1_64' title='bbox 1429 922 1600 970; x_wconf 88' lang='lat' dir='ltr'><strong>totum</strong></span> <span class='ocrx_word' id='word_1_65' title='bbox 1620 927 1720 968; x_wconf 88' lang='lat' dir='ltr'><strong>uos</strong></span> <span class='ocrx_word' id='word_1_66' title='bbox 1741 925 1843 982; x_wconf 92' lang='lat' dir='ltr'><strong>pro</strong></span> <span class='ocrx_word' id='word_1_67' title='bbox 1865 919 2065 965; x_wconf 80' lang='lat' dir='ltr'><strong>:eterna</strong></span> 
     </span>
    </p>
   </div>
   <div class='ocr_carea' id='block_1_11' title="bbox 450 1003 2068 1081">
    <p class='ocr_par' dir='ltr' id='par_1_11' title="bbox 450 1003 2068 1081">
     <span class='ocr_line' id='line_1_11' title="bbox 450 1003 2068 1081; baseline -0.007 -13"><span class='ocrx_word' id='word_1_68' title='bbox 450 1006 457 1009; x_wconf 61' lang='grc'>⁷</span> <span class='ocrx_word' id='word_1_69' title='bbox 482 1012 919 1068; x_wconf 88' lang='lat' dir='ltr'><strong>remuneratione</strong></span> <span class='ocrx_word' id='word_1_70' title='bbox 949 1009 1205 1081; x_wconf 58' lang='lat' dir='ltr'><strong>praedicto</strong></span> <span class='ocrx_word' id='word_1_71' title='bbox 1238 1008 1569 1063; x_wconf 91' lang='lat' dir='ltr'><strong>monasterio</strong></span> <span class='ocrx_word' id='word_1_72' title='bbox 1598 1003 1968 1067; x_wconf 88' lang='lat' dir='ltr'><strong>concedimus,</strong></span> <span class='ocrx_word' id='word_1_73' title='bbox 2006 1009 2068 1056; x_wconf 91' lang='lat' dir='ltr'><strong>ut</strong></span> 
     </span>
    </p>
   </div>
   <div class='ocr_carea' id='block_1_12' title="bbox 480 1097 2067 1173">
    <p class='ocr_par' dir='ltr' id='par_1_12' title="bbox 480 1097 2067 1173">
     <span class='ocr_line' id='line_1_12' title="bbox 480 1097 2067 1173; baseline -0.008 -16"><span class='ocrx_word' id='word_1_74' title='bbox 480 1102 811 1173; x_wconf 80' lang='lat' dir='ltr'><strong>perennibus</strong></span> <span class='ocrx_word' id='word_1_75' title='bbox 849 1099 1184 1170; x_wconf 81' lang='lat' dir='ltr'><strong>temporibus</strong></span> <span class='ocrx_word' id='word_1_76' title='bbox 1236 1099 1291 1152; x_wconf 88' lang='lat' dir='ltr'><strong>in</strong></span> <span class='ocrx_word' id='word_1_77' title='bbox 1342 1097 1627 1152; x_wconf 88' lang='lat' dir='ltr'><strong>alimonias</strong></span> <span class='ocrx_word' id='word_1_78' title='bbox 1676 1107 1970 1165; x_wconf 77' lang='lat' dir='ltr'><strong>pauperum</strong></span> <span class='ocrx_word' id='word_1_79' title='bbox 2012 1099 2067 1145; x_wconf 88' lang='lat' dir='ltr'><strong>et</strong></span> 
     </span>
    </p>
   </div>
   <div class='ocr_carea' id='block_1_13' title="bbox 482 1184 2068 1262">
    <p class='ocr_par' dir='ltr' id='par_1_13' title="bbox 482 1184 2068 1262">
     <span class='ocr_line' id='line_1_13' title="bbox 482 1184 2068 1262; baseline -0.008 -14"><span class='ocrx_word' id='word_1_80' title='bbox 482 1192 747 1262; x_wconf 88' lang='lat' dir='ltr'><strong>stipendia</strong></span> <span class='ocrx_word' id='word_1_81' title='bbox 770 1190 1159 1245; x_wconf 89' lang='lat' dir='ltr'><strong>monachorum</strong></span> <span class='ocrx_word' id='word_1_82' title='bbox 1186 1188 1385 1243; x_wconf 89' lang='lat' dir='ltr'><strong>ibidem</strong></span> <span class='ocrx_word' id='word_1_83' title='bbox 1415 1186 1528 1243; x_wconf 90' lang='lat' dir='ltr'><strong>Deo</strong></span> <span class='ocrx_word' id='word_1_84' title='bbox 1546 1184 1923 1241; x_wconf 88' lang='lat' dir='ltr'><strong>famulantium</strong></span> <span class='ocrx_word' id='word_1_85' title='bbox 1942 1196 2068 1252; x_wconf 92' lang='lat' dir='ltr'><strong>pro-</strong></span> 
     </span>
    </p>
   </div>
   <div class='ocr_carea' id='block_1_14' title="bbox 485 1274 2067 1352">
    <p class='ocr_par' dir='ltr' id='par_1_14' title="bbox 485 1274 2067 1352">
     <span class='ocr_line' id='line_1_14' title="bbox 485 1274 2067 1352; baseline -0.008 -15"><span class='ocrx_word' id='word_1_86' title='bbox 485 1282 630 1337; x_wconf 86' lang='lat' dir='ltr'><strong>ﬁciat</strong></span> <span class='ocrx_word' id='word_1_87' title='bbox 650 1282 706 1335; x_wconf 86' lang='lat' dir='ltr'><strong>in</strong></span> <span class='ocrx_word' id='word_1_88' title='bbox 729 1288 1099 1352; x_wconf 75' lang='lat' dir='ltr'><strong>augmentum.</strong></span> <span class='ocrx_word' id='word_1_89' title='bbox 1147 1278 1213 1332; x_wconf 86' lang='lat' dir='ltr'><strong>Et</strong></span> <span class='ocrx_word' id='word_1_90' title='bbox 1239 1276 1672 1348; x_wconf 84' lang='lat' dir='ltr'><strong>quandoquidem</strong></span> <span class='ocrx_word' id='word_1_91' title='bbox 1702 1274 1885 1330; x_wconf 84' lang='lat' dir='ltr'><strong>divina</strong></span> <span class='ocrx_word' id='word_1_92' title='bbox 1907 1286 2067 1327; x_wconf 90' lang='lat' dir='ltr'><strong>voca-</strong></span> 
     </span>
    </p>
   </div>
   <div class='ocr_carea' id='block_1_15' title="bbox 485 1361 2068 1441">
    <p class='ocr_par' dir='ltr' id='par_1_15' title="bbox 485 1361 2068 1441">
     <span class='ocr_line' id='line_1_15' title="bbox 485 1361 2068 1441; baseline -0.008 -15"><span class='ocrx_word' id='word_1_93' title='bbox 485 1372 629 1426; x_wconf 88' lang='lat' dir='ltr'><strong>tione</strong></span> <span class='ocrx_word' id='word_1_94' title='bbox 656 1370 998 1441; x_wconf 87' lang='lat' dir='ltr'><strong>supradictus</strong></span> <span class='ocrx_word' id='word_1_95' title='bbox 1027 1368 1193 1423; x_wconf 81' lang='lat' dir='ltr'><strong>abbas</strong></span> <span class='ocrx_word' id='word_1_96' title='bbox 1221 1367 1307 1422; x_wconf 89' lang='lat' dir='ltr'><strong>vel</strong></span> <span class='ocrx_word' id='word_1_97' title='bbox 1345 1380 1690 1421; x_wconf 88' lang='lat' dir='ltr'><strong>successores</strong></span> <span class='ocrx_word' id='word_1_98' title='bbox 1723 1362 1840 1433; x_wconf 91' lang='lat' dir='ltr'><strong>ejus</strong></span> <span class='ocrx_word' id='word_1_99' title='bbox 1871 1362 1937 1416; x_wconf 91' lang='lat' dir='ltr'><strong>de</strong></span> <span class='ocrx_word' id='word_1_100' title='bbox 1965 1361 2068 1415; x_wconf 88' lang='lat' dir='ltr'><strong>hac</strong></span> 
     </span>
    </p>
   </div>
   <div class='ocr_carea' id='block_1_16' title="bbox 484 1455 2068 1532">
    <p class='ocr_par' dir='ltr' id='par_1_16' title="bbox 484 1455 2068 1532">
     <span class='ocr_line' id='line_1_16' title="bbox 484 1455 2068 1532; baseline -0.006 -17"><span class='ocrx_word' id='word_1_101' title='bbox 484 1462 606 1516; x_wconf 91' lang='lat' dir='ltr'><strong>luce</strong></span> <span class='ocrx_word' id='word_1_102' title='bbox 639 1459 1012 1532; x_wconf 89' lang='lat' dir='ltr'><strong>migraverint,</strong></span> <span class='ocrx_word' id='word_1_103' title='bbox 1047 1458 1285 1528; x_wconf 87' lang='lat' dir='ltr'><strong>quandiu</strong></span> <span class='ocrx_word' id='word_1_104' title='bbox 1307 1457 1412 1528; x_wconf 86' lang='lat' dir='ltr'><strong>ipsi</strong></span> <span class='ocrx_word' id='word_1_105' title='bbox 1435 1455 1685 1511; x_wconf 84' lang='lat' dir='ltr'><strong>monachi</strong></span> <span class='ocrx_word' id='word_1_106' title='bbox 1715 1455 1864 1509; x_wconf 88' lang='lat' dir='ltr'><strong>inter</strong></span> <span class='ocrx_word' id='word_1_107' title='bbox 1890 1467 1949 1507; x_wconf 85' lang='lat' dir='ltr'><strong>se</strong></span> <span class='ocrx_word' id='word_1_108' title='bbox 1984 1460 2068 1507; x_wconf 88' lang='lat' dir='ltr'><strong>ta-</strong></span> 
     </span>
    </p>
   </div>
   <div class='ocr_carea' id='block_1_17' title="bbox 483 1543 2064 1620">
    <p class='ocr_par' dir='ltr' id='par_1_17' title="bbox 483 1543 2064 1620">
     <span class='ocr_line' id='line_1_17' title="bbox 483 1543 2064 1620; baseline -0.006 -15"><span class='ocrx_word' id='word_1_109' title='bbox 483 1552 564 1607; x_wconf 89' lang='lat' dir='ltr'><strong>les</strong></span> <span class='ocrx_word' id='word_1_110' title='bbox 587 1551 832 1605; x_wconf 87' lang='lat' dir='ltr'><strong>invenire</strong></span> <span class='ocrx_word' id='word_1_111' title='bbox 859 1549 1152 1620; x_wconf 83' lang='lat' dir='ltr'><strong>potuerint,</strong></span> <span class='ocrx_word' id='word_1_112' title='bbox 1174 1547 1269 1619; x_wconf 89' lang='lat' dir='ltr'><strong>qui</strong></span> <span class='ocrx_word' id='word_1_113' title='bbox 1290 1547 1462 1616; x_wconf 85' lang='lat' dir='ltr'><strong>ipsam</strong></span> <span class='ocrx_word' id='word_1_114' title='bbox 1485 1543 1958 1616; x_wconf 86' lang='lat' dir='ltr'><strong>congregationem</strong></span> <span class='ocrx_word' id='word_1_115' title='bbox 1980 1554 2064 1596; x_wconf 87' lang='lat' dir='ltr'><strong>se-</strong></span> 
     </span>
    </p>
   </div>
   <div class='ocr_carea' id='block_1_18' title="bbox 419 1630 2062 1709">
    <p class='ocr_par' dir='ltr' id='par_1_18' title="bbox 419 1630 2062 1709">
     <span class='ocr_line' id='line_1_18' title="bbox 419 1630 2062 1709; baseline -0.007 -14"><span class='ocrx_word' id='word_1_116' title='bbox 419 1654 427 1707; x_wconf 77' lang='lat'><strong><em>:</em></strong></span> <span class='ocrx_word' id='word_1_117' title='bbox 486 1640 724 1695; x_wconf 88' lang='lat' dir='ltr'><strong>cundum</strong></span> <span class='ocrx_word' id='word_1_118' title='bbox 768 1638 1007 1709; x_wconf 88' lang='lat' dir='ltr'><strong>regulam</strong></span> <span class='ocrx_word' id='word_1_119' title='bbox 1056 1637 1231 1693; x_wconf 86' lang='lat' dir='ltr'><strong>sancti</strong></span> <span class='ocrx_word' id='word_1_120' title='bbox 1276 1635 1555 1691; x_wconf 83' lang='lat' dir='ltr'><strong>Benedicti</strong></span> <span class='ocrx_word' id='word_1_121' title='bbox 1595 1647 1787 1705; x_wconf 89' lang='lat' dir='ltr'><strong>regere</strong></span> <span class='ocrx_word' id='word_1_122' title='bbox 1822 1630 2062 1695; x_wconf 82' lang='lat' dir='ltr'><strong>valeant,</strong></span> 
     </span>
    </p>
   </div>
   <div class='ocr_carea' id='block_1_19' title="bbox 484 1701 2140 1800">
    <p class='ocr_par' dir='ltr' id='par_1_19' title="bbox 484 1701 2140 1800">
     <span class='ocr_line' id='line_1_19' title="bbox 484 1701 2140 1800; baseline -0.007 -17"><span class='ocrx_word' id='word_1_123' title='bbox 484 1745 585 1800; x_wconf 89' lang='lat' dir='ltr'><strong>per</strong></span> <span class='ocrx_word' id='word_1_124' title='bbox 606 1730 748 1783; x_wconf 90' lang='lat' dir='ltr'><strong>hanc</strong></span> <span class='ocrx_word' id='word_1_125' title='bbox 773 1701 1011 1783; x_wconf 67' lang='lat' dir='ltr'><strong>nostram</strong></span> <span class='ocrx_word' id='word_1_126' title='bbox 1044 1726 1422 1783; x_wconf 86' lang='lat' dir='ltr'><strong>auctoritatem</strong></span> <span class='ocrx_word' id='word_1_127' title='bbox 1450 1732 1505 1781; x_wconf 90' lang='lat' dir='ltr'><strong>et</strong></span> <span class='ocrx_word' id='word_1_128' title='bbox 1537 1701 1859 1779; x_wconf 74' lang='lat' dir='ltr'><strong>consensum</strong></span> <span class='ocrx_word' id='word_1_129' title='bbox 1898 1719 2065 1774; x_wconf 89' lang='lat' dir='ltr'><strong>lieen-</strong></span> <span class='ocrx_word' id='word_1_130' title='bbox 2090 1701 2140 1762; x_wconf 83' lang='grc' dir='ltr'><strong>Β</strong></span> 
     </span>
    </p>
   </div>
   <div class='ocr_carea' id='block_1_20' title="bbox 490 1813 2067 1888">
    <p class='ocr_par' dir='ltr' id='par_1_20' title="bbox 490 1813 2067 1888">
     <span class='ocr_line' id='line_1_20' title="bbox 490 1813 2067 1888; baseline -0.006 -14"><span class='ocrx_word' id='word_1_131' title='bbox 490 1820 621 1874; x_wconf 88' lang='lat' dir='ltr'><strong>tiam</strong></span> <span class='ocrx_word' id='word_1_132' title='bbox 648 1818 881 1873; x_wconf 91' lang='lat' dir='ltr'><strong>habeant</strong></span> <span class='ocrx_word' id='word_1_133' title='bbox 915 1817 1145 1888; x_wconf 77' lang='lat' dir='ltr'><strong>eligendi</strong></span> <span class='ocrx_word' id='word_1_134' title='bbox 1178 1817 1403 1872; x_wconf 90' lang='lat' dir='ltr'><strong>abbates</strong></span> <span class='ocrx_word' id='word_1_135' title='bbox 1435 1834 1448 1870; x_wconf 88' lang='lat'><strong>:</strong></span> <span class='ocrx_word' id='word_1_136' title='bbox 1478 1822 1744 1885; x_wconf 84' lang='lat' dir='ltr'><strong>quatenus</strong></span> <span class='ocrx_word' id='word_1_137' title='bbox 1779 1813 1924 1883; x_wconf 90' lang='lat' dir='ltr'><strong>ipsos</strong></span> <span class='ocrx_word' id='word_1_138' title='bbox 1951 1825 2067 1865; x_wconf 77' lang='lat' dir='ltr'><strong>sen-</strong></span> 
     </span>
    </p>
   </div>
   <div class='ocr_carea' id='block_1_21' title="bbox 486 1902 2069 1977">
    <p class='ocr_par' dir='ltr' id='par_1_21' title="bbox 486 1902 2069 1977">
     <span class='ocr_line' id='line_1_21' title="bbox 486 1902 2069 1977; baseline -0.005 -15"><span class='ocrx_word' id='word_1_139' title='bbox 486 1924 588 1963; x_wconf 87' lang='lat' dir='ltr'><strong>vos</strong></span> <span class='ocrx_word' id='word_1_140' title='bbox 614 1908 711 1963; x_wconf 86' lang='lat' dir='ltr'><strong>Dei</strong></span> <span class='ocrx_word' id='word_1_141' title='bbox 741 1908 833 1977; x_wconf 81' lang='lat' dir='ltr'><strong>qui</strong></span> <span class='ocrx_word' id='word_1_142' title='bbox 856 1908 1055 1963; x_wconf 85' lang='lat' dir='ltr'><strong>ibidem</strong></span> <span class='ocrx_word' id='word_1_143' title='bbox 1086 1907 1197 1963; x_wconf 87' lang='lat' dir='ltr'><strong>Deo</strong></span> <span class='ocrx_word' id='word_1_144' title='bbox 1229 1906 1581 1970; x_wconf 80' lang='lat' dir='ltr'><strong>famulantur,</strong></span> <span class='ocrx_word' id='word_1_145' title='bbox 1611 1918 1712 1975; x_wconf 90' lang='lat' dir='ltr'><strong>pro</strong></span> <span class='ocrx_word' id='word_1_146' title='bbox 1733 1902 1909 1967; x_wconf 88' lang='lat' dir='ltr'><strong>nobis,</strong></span> <span class='ocrx_word' id='word_1_147' title='bbox 1938 1915 2069 1956; x_wconf 89' lang='lat' dir='ltr'><strong>con-</strong></span> 
     </span>
    </p>
   </div>
   <div class='ocr_carea' id='block_1_22' title="bbox 486 1987 2067 2066">
    <p class='ocr_par' dir='ltr' id='par_1_22' title="bbox 486 1987 2067 2066">
     <span class='ocr_line' id='line_1_22' title="bbox 486 1987 2067 2066; baseline -0.004 -17"><span class='ocrx_word' id='word_1_148' title='bbox 486 1996 613 2066; x_wconf 84' lang='lat' dir='ltr'><strong>juge</strong></span> <span class='ocrx_word' id='word_1_149' title='bbox 650 1995 909 2065; x_wconf 62' lang='lat' dir='ltr'><strong>prolalue</strong></span> <span class='ocrx_word' id='word_1_150' title='bbox 939 2003 1147 2060; x_wconf 90' lang='lat' dir='ltr'><strong>nostra,</strong></span> <span class='ocrx_word' id='word_1_151' title='bbox 1183 2003 1344 2064; x_wconf 89' lang='lat' dir='ltr'><strong>atque</strong></span> <span class='ocrx_word' id='word_1_152' title='bbox 1374 1993 1666 2050; x_wconf 87' lang='lat' dir='ltr'><strong>stabilitate</strong></span> <span class='ocrx_word' id='word_1_153' title='bbox 1693 1991 1858 2047; x_wconf 90' lang='lat' dir='ltr'><strong>totius</strong></span> <span class='ocrx_word' id='word_1_154' title='bbox 1893 1987 2067 2044; x_wconf 90' lang='lat' dir='ltr'><strong>nostri</strong></span> 
     </span>
    </p>
   </div>
   <div class='ocr_carea' id='block_1_23' title="bbox 489 2083 2064 2158">
    <p class='ocr_par' dir='ltr' id='par_1_23' title="bbox 489 2083 2064 2158">
     <span class='ocr_line' id='line_1_23' title="bbox 489 2083 2064 2158; baseline -0.003 -16"><span class='ocrx_word' id='word_1_155' title='bbox 489 2088 745 2158; x_wconf 89' lang='lat' dir='ltr'><strong>imperii,</strong></span> <span class='ocrx_word' id='word_1_156' title='bbox 796 2088 1112 2143; x_wconf 89' lang='lat' dir='ltr'><strong>immensam</strong></span> <span class='ocrx_word' id='word_1_157' title='bbox 1156 2088 1500 2144; x_wconf 88' lang='lat' dir='ltr'><strong>clementiam</strong></span> <span class='ocrx_word' id='word_1_158' title='bbox 1538 2100 1768 2142; x_wconf 81' lang='lat' dir='ltr'><strong>exorare</strong></span> <span class='ocrx_word' id='word_1_159' title='bbox 1817 2083 2064 2140; x_wconf 89' lang='lat' dir='ltr'><strong>delectet.</strong></span> 
     </span>
    </p>
   </div>
   <div class='ocr_carea' id='block_1_24' title="bbox 490 2174 2068 2248">
    <p class='ocr_par' dir='ltr' id='par_1_24' title="bbox 490 2174 2068 2248">
     <span class='ocr_line' id='line_1_24' title="bbox 490 2174 2068 2248; baseline -0.001 -16"><span class='ocrx_word' id='word_1_160' title='bbox 490 2178 643 2233; x_wconf 83' lang='lat' dir='ltr'><strong>Hanc</strong></span> <span class='ocrx_word' id='word_1_161' title='bbox 678 2178 860 2247; x_wconf 87' lang='lat' dir='ltr'><strong>itaque</strong></span> <span class='ocrx_word' id='word_1_162' title='bbox 893 2178 1293 2243; x_wconf 88' lang='lat' dir='ltr'><strong>auctoritatem,</strong></span> <span class='ocrx_word' id='word_1_163' title='bbox 1322 2185 1384 2232; x_wconf 93' lang='lat' dir='ltr'><strong>ut</strong></span> <span class='ocrx_word' id='word_1_164' title='bbox 1420 2176 1715 2248; x_wconf 89' lang='lat' dir='ltr'><strong>pleniorem</strong></span> <span class='ocrx_word' id='word_1_165' title='bbox 1753 2174 1808 2229; x_wconf 92' lang='lat' dir='ltr'><strong>in</strong></span> <span class='ocrx_word' id='word_1_166' title='bbox 1848 2174 1945 2229; x_wconf 88' lang='lat' dir='ltr'><strong>Dei</strong></span> <span class='ocrx_word' id='word_1_167' title='bbox 1973 2188 2068 2230; x_wconf 86' lang='lat' dir='ltr'><strong>no-</strong></span> 
     </span>
    </p>
   </div>
   <div class='ocr_carea' id='block_1_25' title="bbox 490 2248 2070 2339">
    <p class='ocr_par' dir='ltr' id='par_1_25' title="bbox 490 2248 2070 2339">
     <span class='ocr_line' id='line_1_25' title="bbox 490 2248 2070 2339; baseline -0.004 -14"><span class='ocrx_word' id='word_1_168' title='bbox 490 2248 637 2325; x_wconf 74' lang='lat' dir='ltr'><strong>mine</strong></span> <span class='ocrx_word' id='word_1_169' title='bbox 655 2270 895 2339; x_wconf 81' lang='lat' dir='ltr'><strong>vigorem</strong></span> <span class='ocrx_word' id='word_1_170' title='bbox 925 2268 1187 2333; x_wconf 91' lang='lat' dir='ltr'><strong>obtineat,</strong></span> <span class='ocrx_word' id='word_1_171' title='bbox 1219 2275 1275 2322; x_wconf 91' lang='lat' dir='ltr'><strong>et</strong></span> <span class='ocrx_word' id='word_1_172' title='bbox 1300 2283 1331 2321; x_wconf 94' lang='lat' dir='ltr'><strong>a</strong></span> <span class='ocrx_word' id='word_1_173' title='bbox 1360 2267 1610 2322; x_wconf 90' lang='lat' dir='ltr'><strong>ﬁdelibus</strong></span> <span class='ocrx_word' id='word_1_174' title='bbox 1630 2272 1830 2321; x_wconf 67' lang='lat' dir='ltr'><strong>sanetae</strong></span> <span class='ocrx_word' id='word_1_175' title='bbox 1858 2264 1953 2319; x_wconf 90' lang='lat' dir='ltr'><strong>Dei</strong></span> <span class='ocrx_word' id='word_1_176' title='bbox 1973 2264 2070 2319; x_wconf 88' lang='lat' dir='ltr'><strong>Ec-</strong></span> 
     </span>
    </p>
   </div>
   <div class='ocr_carea' id='block_1_26' title="bbox 489 2355 2068 2427">
    <p class='ocr_par' dir='ltr' id='par_1_26' title="bbox 489 2355 2068 2427">
     <span class='ocr_line' id='line_1_26' title="bbox 489 2355 2068 2427; baseline -0.002 -14"><span class='ocrx_word' id='word_1_177' title='bbox 489 2358 668 2413; x_wconf 82' lang='lat' dir='ltr'><strong>clesiae</strong></span> <span class='ocrx_word' id='word_1_178' title='bbox 703 2365 759 2411; x_wconf 92' lang='lat' dir='ltr'><strong>et</strong></span> <span class='ocrx_word' id='word_1_179' title='bbox 790 2358 992 2413; x_wconf 89' lang='lat' dir='ltr'><strong>nostris</strong></span> <span class='ocrx_word' id='word_1_180' title='bbox 1016 2357 1199 2412; x_wconf 88' lang='lat' dir='ltr'><strong>verius</strong></span> <span class='ocrx_word' id='word_1_181' title='bbox 1230 2356 1484 2412; x_wconf 88' lang='lat' dir='ltr'><strong>credatur</strong></span> <span class='ocrx_word' id='word_1_182' title='bbox 1507 2365 1563 2411; x_wconf 90' lang='lat' dir='ltr'><strong>et</strong></span> <span class='ocrx_word' id='word_1_183' title='bbox 1589 2355 1897 2427; x_wconf 89' lang='lat' dir='ltr'><strong>diligentius</strong></span> <span class='ocrx_word' id='word_1_184' title='bbox 1937 2370 2068 2411; x_wconf 87' lang='lat' dir='ltr'><strong>con-</strong></span> 
     </span>
    </p>
   </div>
   <div class='ocr_carea' id='block_1_27' title="bbox 488 2442 2067 2518">
    <p class='ocr_par' dir='ltr' id='par_1_27' title="bbox 488 2442 2067 2518">
     <span class='ocr_line' id='line_1_27' title="bbox 488 2442 2067 2518; baseline -0.002 -16"><span class='ocrx_word' id='word_1_185' title='bbox 488 2458 753 2512; x_wconf 82' lang='lat' dir='ltr'><strong>servetur,</strong></span> <span class='ocrx_word' id='word_1_186' title='bbox 783 2462 944 2502; x_wconf 90' lang='lat' dir='ltr'><strong>manu</strong></span> <span class='ocrx_word' id='word_1_187' title='bbox 967 2449 1184 2518; x_wconf 88' lang='lat' dir='ltr'><strong>propria</strong></span> <span class='ocrx_word' id='word_1_188' title='bbox 1212 2442 1396 2503; x_wconf 88' lang='lat' dir='ltr'><strong>subter</strong></span> <span class='ocrx_word' id='word_1_189' title='bbox 1421 2447 1774 2513; x_wconf 88' lang='lat' dir='ltr'><strong>ﬁrmavimus,</strong></span> <span class='ocrx_word' id='word_1_190' title='bbox 1799 2454 1854 2502; x_wconf 90' lang='lat' dir='ltr'><strong>et</strong></span> <span class='ocrx_word' id='word_1_191' title='bbox 1879 2446 2067 2501; x_wconf 89' lang='lat' dir='ltr'><strong>annuli</strong></span> 
     </span>
    </p>
   </div>
   <div class='ocr_carea' id='block_1_28' title="bbox 490 2538 1571 2609">
    <p class='ocr_par' dir='ltr' id='par_1_28' title="bbox 490 2538 1571 2609">
     <span class='ocr_line' id='line_1_28' title="bbox 490 2538 1571 2609; baseline -0.002 -14"><span class='ocrx_word' id='word_1_192' title='bbox 490 2538 660 2595; x_wconf 89' lang='lat' dir='ltr'><strong>nostri</strong></span> <span class='ocrx_word' id='word_1_193' title='bbox 690 2538 1042 2609; x_wconf 87' lang='lat' dir='ltr'><strong>impressione</strong></span> <span class='ocrx_word' id='word_1_194' title='bbox 1065 2538 1266 2608; x_wconf 87' lang='lat' dir='ltr'><strong>signari</strong></span> <span class='ocrx_word' id='word_1_195' title='bbox 1291 2538 1571 2608; x_wconf 89' lang='lat' dir='ltr'><strong>jussimus.</strong></span> 
     </span>
    </p>
   </div>
   <div class='ocr_carea' id='block_1_29' title="bbox 563 2628 1813 2700">
    <p class='ocr_par' dir='ltr' id='par_1_29' title="bbox 563 2628 1813 2700">
     <span class='ocr_line' id='line_1_29' title="bbox 563 2628 1813 2700; baseline -0.002 -16"><span class='ocrx_word' id='word_1_196' title='bbox 563 2629 789 2700; x_wconf 87' lang='lat' dir='ltr'><strong>Signum</strong></span> <span class='ocrx_word' id='word_1_197' title='bbox 811 2628 1065 2684; x_wconf 87' lang='lat' dir='ltr'><strong>Ludovici</strong></span> <span class='ocrx_word' id='word_1_198' title='bbox 1094 2629 1425 2685; x_wconf 85' lang='lat' dir='ltr'><strong>serenissimi</strong></span> <span class='ocrx_word' id='word_1_199' title='bbox 1453 2628 1813 2699; x_wconf 88' lang='lat' dir='ltr'><strong>imperatoris.</strong></span> 
     </span>
    </p>
   </div>
   <div class='ocr_carea' id='block_1_30' title="bbox 566 2721 2063 2793">
    <p class='ocr_par' dir='ltr' id='par_1_30' title="bbox 566 2721 2063 2793">
     <span class='ocr_line' id='line_1_30' title="bbox 566 2721 2063 2793; baseline 0 -18"><span class='ocrx_word' id='word_1_200' title='bbox 566 2721 850 2776; x_wconf 89' lang='lat' dir='ltr'><strong>Durandus</strong></span> <span class='ocrx_word' id='word_1_201' title='bbox 866 2721 1125 2777; x_wconf 90' lang='lat' dir='ltr'><strong>diaconus</strong></span> <span class='ocrx_word' id='word_1_202' title='bbox 1138 2722 1205 2777; x_wconf 89' lang='lat' dir='ltr'><strong>ad</strong></span> <span class='ocrx_word' id='word_1_203' title='bbox 1216 2724 1389 2779; x_wconf 85' lang='lat' dir='ltr'><strong>vicem</strong></span> <span class='ocrx_word' id='word_1_204' title='bbox 1403 2722 1719 2778; x_wconf 82' lang='lat' dir='ltr'><strong>Helisaehar</strong></span> <span class='ocrx_word' id='word_1_205' title='bbox 1732 2723 2063 2793; x_wconf 80' lang='lat' dir='ltr'><strong>recognovit.</strong></span> 
     </span>
    </p>
   </div>
   <div class='ocr_carea' id='block_1_31' title="bbox 562 2810 2061 2881">
    <p class='ocr_par' dir='ltr' id='par_1_31' title="bbox 562 2810 2061 2881">
     <span class='ocr_line' id='line_1_31' title="bbox 562 2810 2061 2881; baseline 0.001 -17"><span class='ocrx_word' id='word_1_206' title='bbox 562 2810 698 2866; x_wconf 90' lang='lat' dir='ltr'><strong>Data</strong></span> <span class='ocrx_word' id='word_1_207' title='bbox 721 2828 783 2866; x_wconf 89' lang='grc' dir='ltr'>ιιι</span> <span class='ocrx_word' id='word_1_208' title='bbox 807 2810 989 2866; x_wconf 85' lang='lat' dir='ltr'><strong>Nonas</strong></span> <span class='ocrx_word' id='word_1_209' title='bbox 1022 2811 1355 2878; x_wconf 89' lang='lat' dir='ltr'><strong>Decembris,</strong></span> <span class='ocrx_word' id='word_1_210' title='bbox 1386 2826 1545 2874; x_wconf 89' lang='lat' dir='ltr'><strong>anno,</strong></span> <span class='ocrx_word' id='word_1_211' title='bbox 1569 2810 1784 2867; x_wconf 90' lang='lat' dir='ltr'><strong>Christo</strong></span> <span class='ocrx_word' id='word_1_212' title='bbox 1807 2812 2061 2881; x_wconf 86' lang='lat' dir='ltr'><strong>propitio,</strong></span> 
     </span>
    </p>
   </div>
   <div class='ocr_carea' id='block_1_32' title="bbox 490 2900 2065 2973">
    <p class='ocr_par' dir='ltr' id='par_1_32' title="bbox 490 2900 2065 2973">
     <span class='ocr_line' id='line_1_32' title="bbox 490 2900 2065 2973; baseline 0 -17"><span class='ocrx_word' id='word_1_213' title='bbox 490 2901 728 2957; x_wconf 89' lang='lat' dir='ltr'><strong>secundo</strong></span> <span class='ocrx_word' id='word_1_214' title='bbox 774 2901 986 2970; x_wconf 89' lang='lat' dir='ltr'><strong>imperii</strong></span> <span class='ocrx_word' id='word_1_215' title='bbox 1031 2901 1233 2955; x_wconf 89' lang='lat' dir='ltr'><strong>domini</strong></span> <span class='ocrx_word' id='word_1_216' title='bbox 1268 2901 1526 2957; x_wconf 89' lang='lat' dir='ltr'><strong>Ludovici</strong></span> <span class='ocrx_word' id='word_1_217' title='bbox 1555 2900 1783 2971; x_wconf 90' lang='lat' dir='ltr'><strong>piissimi</strong></span> <span class='ocrx_word' id='word_1_218' title='bbox 1814 2900 2065 2973; x_wconf 78' lang='lat' dir='ltr'><strong>Augusti,</strong></span> 
     </span>
    </p>
   </div>
   <div class='ocr_carea' id='block_1_33' title="bbox 491 2990 2061 3066">
    <p class='ocr_par' dir='ltr' id='par_1_33' title="bbox 491 2990 2061 3066">
     <span class='ocr_line' id='line_1_33' title="bbox 491 2990 2061 3066; baseline 0.002 -19"><span class='ocrx_word' id='word_1_219' title='bbox 491 3006 517 3034; x_wconf 74' lang='grc' dir='ltr'><strong>ιι</strong></span> <span class='ocrx_word' id='word_1_220' title='bbox 547 2993 840 3048; x_wconf 90' lang='lat' dir='ltr'><strong>indictione</strong></span> <span class='ocrx_word' id='word_1_221' title='bbox 869 2990 922 3047; x_wconf 91' lang='lat'><strong>8.</strong></span> <span class='ocrx_word' id='word_1_222' title='bbox 967 2992 1163 3047; x_wconf 85' lang='lat' dir='ltr'><strong>Actum</strong></span> <span class='ocrx_word' id='word_1_223' title='bbox 1208 2991 1537 3065; x_wconf 83' lang='lat' dir='ltr'><strong>Aquisgrani</strong></span> <span class='ocrx_word' id='word_1_224' title='bbox 1580 2994 1780 3065; x_wconf 91' lang='lat' dir='ltr'><strong>palatio</strong></span> <span class='ocrx_word' id='word_1_225' title='bbox 1810 2994 1957 3066; x_wconf 85' lang='lat' dir='ltr'><strong>regio</strong></span> <span class='ocrx_word' id='word_1_226' title='bbox 2006 2994 2061 3050; x_wconf 90' lang='lat' dir='ltr'><strong>in</strong></span> 
     </span>
    </p>
   </div>
   <div class='ocr_carea' id='block_1_34' title="bbox 492 3081 1340 3140">
    <p class='ocr_par' dir='ltr' id='par_1_34' title="bbox 492 3081 1340 3140">
     <span class='ocr_line' id='line_1_34' title="bbox 492 3081 1340 3140; baseline -0.001 -1"><span class='ocrx_word' id='word_1_227' title='bbox 492 3083 587 3140; x_wconf 85' lang='lat' dir='ltr'><strong>Dei</strong></span> <span class='ocrx_word' id='word_1_228' title='bbox 612 3083 832 3140; x_wconf 78' lang='lat' dir='ltr'><strong>nomine</strong></span> <span class='ocrx_word' id='word_1_229' title='bbox 859 3081 1105 3138; x_wconf 83' lang='lat' dir='ltr'><strong>feliciter.</strong></span> <span class='ocrx_word' id='word_1_230' title='bbox 1145 3083 1340 3138; x_wconf 79' lang='lat' dir='ltr'><strong>Amen.</strong></span> 
     </span>
    </p>
   </div>
   <div class='ocr_carea' id='block_1_35' title="bbox 1227 3175 1338 3229">
    <p class='ocr_par' dir='ltr' id='par_1_35' title="bbox 1227 3175 1338 3229">
     <span class='ocr_line' id='line_1_35' title="bbox 1227 3175 1338 3229; baseline 0.009 -1"><span class='ocrx_word' id='word_1_231' title='bbox 1227 3175 1338 3229; x_wconf 74' lang='lat' dir='ltr'><strong>XL.</strong></span> 
     </span>
    </p>
   </div>
   <div class='ocr_carea' id='block_1_36' title="bbox 495 3280 2068 3325">
    <p class='ocr_par' dir='ltr' id='par_1_36' title="bbox 495 3280 2068 3325">
     <span class='ocr_line' id='line_1_36' title="bbox 495 3280 2068 3325; baseline 0.001 -3"><span class='ocrx_word' id='word_1_232' title='bbox 495 3282 595 3323; x_wconf 70' lang='grc' dir='ltr'><strong>νιιο</strong></span> <span class='ocrx_word' id='word_1_233' title='bbox 614 3280 948 3322; x_wconf 69' lang='grc' dir='ltr'>ιιοΝΑετειιιο</span> <span class='ocrx_word' id='word_1_234' title='bbox 961 3280 1158 3322; x_wconf 73' lang='grc' dir='ltr'>ιοιιτιε</span> <span class='ocrx_word' id='word_1_235' title='bbox 1172 3281 1314 3321; x_wconf 70' lang='grc' dir='ltr'>οιινι</span> <span class='ocrx_word' id='word_1_236' title='bbox 1333 3283 1386 3321; x_wconf 74' lang='lat' dir='ltr'><strong>IN</strong></span> <span class='ocrx_word' id='word_1_237' title='bbox 1401 3282 1627 3323; x_wconf 69' lang='lat' dir='ltr'><strong>DIIECESI</strong></span> <span class='ocrx_word' id='word_1_238' title='bbox 1640 3283 2068 3325; x_wconf 71' lang='lat' dir='ltr'><strong>CABCASSOIBNSI.</strong></span> 
     </span>
    </p>
   </div>
   <div class='ocr_carea' id='block_1_37' title="bbox 1081 3357 1447 3431">
    <p class='ocr_par' dir='ltr' id='par_1_37' title="bbox 1081 3357 1447 3431">
     <span class='ocr_line' id='line_1_37' title="bbox 1081 3357 1447 3431; baseline 0.003 -20"><span class='ocrx_word' id='word_1_239' title='bbox 1081 3357 1254 3427; x_wconf 82' lang='lat' dir='ltr'><strong>(Anno</strong></span> <span class='ocrx_word' id='word_1_240' title='bbox 1298 3360 1447 3431; x_wconf 81' lang='grc'><strong>815.)</strong></span> 
     </span>
    </p>
   </div>
   <div class='ocr_carea' id='block_1_38' title="bbox 500 3446 2071 3523">
    <p class='ocr_par' dir='ltr' id='par_1_38' title="bbox 500 3446 2071 3523">
     <span class='ocr_line' id='line_1_38' title="bbox 500 3446 2071 3523; baseline 0.002 -21"><span class='ocrx_word' id='word_1_241' title='bbox 500 3447 679 3521; x_wconf 83' lang='lat' dir='ltr'><strong>[Apud</strong></span> <span class='ocrx_word' id='word_1_242' title='bbox 710 3447 773 3502; x_wconf 93' lang='lat' dir='ltr'><strong>D.</strong></span> <span class='ocrx_word' id='word_1_243' title='bbox 804 3446 1065 3516; x_wconf 89' lang='lat' dir='ltr'><strong>Bouquet.</strong></span> <span class='ocrx_word' id='word_1_244' title='bbox 1100 3447 1252 3513; x_wconf 80' lang='lat' dir='ltr'><strong>ibid.,</strong></span> <span class='ocrx_word' id='word_1_245' title='bbox 1288 3463 1412 3520; x_wconf 90' lang='lat' dir='ltr'><strong>pag.</strong></span> <span class='ocrx_word' id='word_1_246' title='bbox 1437 3448 1567 3515; x_wconf 64' lang='lat'><strong>485,</strong></span> <span class='ocrx_word' id='word_1_247' title='bbox 1598 3465 1665 3505; x_wconf 80' lang='lat' dir='ltr'><strong>ex</strong></span> <span class='ocrx_word' id='word_1_248' title='bbox 1695 3452 2071 3523; x_wconf 77' lang='lat' dir='ltr'><strong>autogmph6.]</strong></span> 
     </span>
    </p>
   </div>
   <div class='ocr_carea' id='block_1_39' title="bbox 566 3534 2075 3607">
    <p class='ocr_par' dir='ltr' id='par_1_39' title="bbox 566 3534 2075 3607">
     <span class='ocr_line' id='line_1_39' title="bbox 566 3534 2075 3607; baseline 0.003 -15"><span class='ocrx_word' id='word_1_249' title='bbox 566 3535 625 3592; x_wconf 87' lang='grc' dir='ltr'><strong>ιιι</strong></span> <span class='ocrx_word' id='word_1_250' title='bbox 665 3536 881 3591; x_wconf 89' lang='lat' dir='ltr'><strong>nomine</strong></span> <span class='ocrx_word' id='word_1_251' title='bbox 921 3536 1132 3592; x_wconf 90' lang='lat' dir='ltr'><strong>Domini</strong></span> <span class='ocrx_word' id='word_1_252' title='bbox 1174 3534 1268 3591; x_wconf 92' lang='lat' dir='ltr'><strong>Dei</strong></span> <span class='ocrx_word' id='word_1_253' title='bbox 1291 3545 1346 3591; x_wconf 89' lang='lat' dir='ltr'><strong>et</strong></span> <span class='ocrx_word' id='word_1_254' title='bbox 1390 3536 1687 3595; x_wconf 90' lang='lat' dir='ltr'><strong>Salvatoris</strong></span> <span class='ocrx_word' id='word_1_255' title='bbox 1732 3542 1907 3607; x_wconf 82' lang='lat' dir='ltr'><strong>nostri</strong></span> <span class='ocrx_word' id='word_1_256' title='bbox 1946 3540 2075 3597; x_wconf 79' lang='lat' dir='ltr'><strong>Jesu</strong></span> 
     </span>
    </p>
   </div>
   <div class='ocr_carea' id='block_1_40' title="bbox 494 3629 2075 3703">
    <p class='ocr_par' dir='ltr' id='par_1_40' title="bbox 494 3629 2075 3703">
     <span class='ocr_line' id='line_1_40' title="bbox 494 3629 2075 3703; baseline 0.002 -17"><span class='ocrx_word' id='word_1_257' title='bbox 494 3629 717 3697; x_wconf 86' lang='lat' dir='ltr'><strong>Christi,</strong></span> <span class='ocrx_word' id='word_1_258' title='bbox 734 3630 1058 3698; x_wconf 91' lang='lat' dir='ltr'><strong>Ludovicus,</strong></span> <span class='ocrx_word' id='word_1_259' title='bbox 1073 3630 1255 3686; x_wconf 88' lang='lat' dir='ltr'><strong>divina</strong></span> <span class='ocrx_word' id='word_1_260' title='bbox 1281 3630 1568 3687; x_wconf 89' lang='lat' dir='ltr'><strong>ordinante</strong></span> <span class='ocrx_word' id='word_1_261' title='bbox 1585 3632 1941 3703; x_wconf 85' lang='lat' dir='ltr'><strong>providentia,</strong></span> <span class='ocrx_word' id='word_1_262' title='bbox 1972 3634 2075 3689; x_wconf 91' lang='lat' dir='ltr'><strong>im-</strong></span> 
     </span>
    </p>
   </div>
   <div class='ocr_carea' id='block_1_41' title="bbox 494 3720 1034 3791">
    <p class='ocr_par' dir='ltr' id='par_1_41' title="bbox 494 3720 1034 3791">
     <span class='ocr_line' id='line_1_41' title="bbox 494 3720 1034 3791; baseline 0 -15"><span class='ocrx_word' id='word_1_263' title='bbox 494 3730 715 3791; x_wconf 88' lang='lat' dir='ltr'><strong>perator</strong></span> <span class='ocrx_word' id='word_1_264' title='bbox 741 3720 1034 3791; x_wconf 81' lang='lat' dir='ltr'><strong>Augustus.</strong></span> 
     </span>
    </p>
   </div>
   <div class='ocr_carea' id='block_1_42' title="bbox 566 3810 2073 3881">
    <p class='ocr_par' dir='ltr' id='par_1_42' title="bbox 566 3810 2073 3881">
     <span class='ocr_line' id='line_1_42' title="bbox 566 3810 2073 3881; baseline 0.001 -14"><span class='ocrx_word' id='word_1_265' title='bbox 566 3810 700 3867; x_wconf 91' lang='lat' dir='ltr'><strong>Cum</strong></span> <span class='ocrx_word' id='word_1_266' title='bbox 730 3812 1079 3881; x_wconf 88' lang='lat' dir='ltr'><strong>petitionibus</strong></span> <span class='ocrx_word' id='word_1_267' title='bbox 1110 3826 1391 3868; x_wconf 89' lang='lat' dir='ltr'><strong>servorum</strong></span> <span class='ocrx_word' id='word_1_268' title='bbox 1416 3811 1513 3868; x_wconf 91' lang='lat' dir='ltr'><strong>Dei</strong></span> <span class='ocrx_word' id='word_1_269' title='bbox 1541 3810 1706 3881; x_wconf 86' lang='lat' dir='ltr'><strong>justis</strong></span> <span class='ocrx_word' id='word_1_270' title='bbox 1742 3820 1798 3869; x_wconf 91' lang='lat' dir='ltr'><strong>et</strong></span> <span class='ocrx_word' id='word_1_271' title='bbox 1833 3814 2073 3870; x_wconf 87' lang='lat' dir='ltr'><strong>rationa—</strong></span> 
     </span>
    </p>
   </div>
   <div class='ocr_carea' id='block_1_43' title="bbox 497 3899 2077 3975">
    <p class='ocr_par' dir='ltr' id='par_1_43' title="bbox 497 3899 2077 3975">
     <span class='ocr_line' id='line_1_43' title="bbox 497 3899 2077 3975; baseline 0.004 -23"><span class='ocrx_word' id='word_1_272' title='bbox 497 3899 636 3955; x_wconf 89' lang='lat' dir='ltr'><strong>libus</strong></span> <span class='ocrx_word' id='word_1_273' title='bbox 665 3899 833 3955; x_wconf 83' lang='lat' dir='ltr'><strong>divini</strong></span> <span class='ocrx_word' id='word_1_274' title='bbox 882 3900 1057 3956; x_wconf 91' lang='lat' dir='ltr'><strong>cultus</strong></span> <span class='ocrx_word' id='word_1_275' title='bbox 1085 3916 1269 3957; x_wconf 89' lang='lat' dir='ltr'><strong>amore</strong></span> <span class='ocrx_word' id='word_1_276' title='bbox 1291 3900 1557 3967; x_wconf 81' lang='lat' dir='ltr'><strong>favemus,</strong></span> <span class='ocrx_word' id='word_1_277' title='bbox 1579 3916 1811 3972; x_wconf 91' lang='lat' dir='ltr'><strong>superna</strong></span> <span class='ocrx_word' id='word_1_278' title='bbox 1831 3918 1930 3959; x_wconf 91' lang='lat' dir='ltr'><strong>nos</strong></span> <span class='ocrx_word' id='word_1_279' title='bbox 1952 3919 2077 3975; x_wconf 86' lang='lat' dir='ltr'><strong>gra-</strong></span> 
     </span>
    </p>
   </div>
   <div class='ocr_carea' id='block_1_44' title="bbox 499 3990 2078 4051">
    <p class='ocr_par' dir='ltr' id='par_1_44' title="bbox 499 3990 2078 4051">
     <span class='ocr_line' id='line_1_44' title="bbox 499 3990 2078 4051; baseline 0.004 -8"><span class='ocrx_word' id='word_1_280' title='bbox 499 3990 571 4044; x_wconf 91' lang='lat' dir='ltr'><strong>tia</strong></span> <span class='ocrx_word' id='word_1_281' title='bbox 600 3990 799 4044; x_wconf 90' lang='lat' dir='ltr'><strong>muniri</strong></span> <span class='ocrx_word' id='word_1_282' title='bbox 825 4007 933 4047; x_wconf 89' lang='lat' dir='ltr'><strong>non</strong></span> <span class='ocrx_word' id='word_1_283' title='bbox 962 3991 1289 4047; x_wconf 88' lang='lat' dir='ltr'><strong>dubitamus.</strong></span> <span class='ocrx_word' id='word_1_284' title='bbox 1330 3991 1564 4048; x_wconf 89' lang='lat' dir='ltr'><strong>Proinde</strong></span> <span class='ocrx_word' id='word_1_285' title='bbox 1600 3994 1811 4048; x_wconf 87' lang='lat' dir='ltr'><strong>noverit</strong></span> <span class='ocrx_word' id='word_1_286' title='bbox 1836 3997 2078 4051; x_wconf 90' lang='lat' dir='ltr'><strong>omnium</strong></span> 
     </span>
    </p>
   </div>
   <div class='ocr_carea' id='block_1_45' title="bbox 502 4080 2078 4153">
    <p class='ocr_par' dir='ltr' id='par_1_45' title="bbox 502 4080 2078 4153">
     <span class='ocr_line' id='line_1_45' title="bbox 502 4080 2078 4153; baseline 0.006 -18"><span class='ocrx_word' id='word_1_287' title='bbox 502 4080 739 4136; x_wconf 91' lang='lat' dir='ltr'><strong>ﬁdelium</strong></span> <span class='ocrx_word' id='word_1_288' title='bbox 784 4091 1092 4138; x_wconf 88' lang='lat' dir='ltr'><strong>nostrorum</strong></span> <span class='ocrx_word' id='word_1_289' title='bbox 1144 4090 1253 4137; x_wconf 90' lang='lat' dir='ltr'><strong>tam</strong></span> <span class='ocrx_word' id='word_1_290' title='bbox 1291 4083 1639 4152; x_wconf 81' lang='lat' dir='ltr'><strong>praesentium</strong></span> <span class='ocrx_word' id='word_1_291' title='bbox 1678 4099 1840 4153; x_wconf 89' lang='lat' dir='ltr'><strong>quam</strong></span> <span class='ocrx_word' id='word_1_292' title='bbox 1873 4086 2078 4145; x_wconf 85' lang='lat' dir='ltr'><strong>futuro-</strong></span> 
     </span>
    </p>
   </div>
   <div class='ocr_carea' id='block_1_46' title="bbox 497 4171 2079 4242">
    <p class='ocr_par' dir='ltr' id='par_1_46' title="bbox 497 4171 2079 4242">
     <span class='ocr_line' id='line_1_46' title="bbox 497 4171 2079 4242; baseline 0.004 -16"><span class='ocrx_word' id='word_1_293' title='bbox 497 4186 619 4226; x_wconf 89' lang='lat' dir='ltr'><strong>rum</strong></span> <span class='ocrx_word' id='word_1_294' title='bbox 642 4171 928 4241; x_wconf 84' lang='lat' dir='ltr'><strong>sagacitas,</strong></span> <span class='ocrx_word' id='word_1_295' title='bbox 950 4174 1077 4242; x_wconf 88' lang='lat' dir='ltr'><strong>quia</strong></span> <span class='ocrx_word' id='word_1_296' title='bbox 1095 4174 1183 4227; x_wconf 88' lang='lat' dir='ltr'><strong>vir</strong></span> <span class='ocrx_word' id='word_1_297' title='bbox 1211 4173 1535 4227; x_wconf 89' lang='lat' dir='ltr'><strong>venerabilis</strong></span> <span class='ocrx_word' id='word_1_298' title='bbox 1554 4172 1886 4230; x_wconf 90' lang='lat' dir='ltr'><strong>Olomundus</strong></span> <span class='ocrx_word' id='word_1_299' title='bbox 1911 4177 2079 4233; x_wconf 82' lang='lat' dir='ltr'><strong>abbas</strong></span> 
     </span>
    </p>
   </div>
   <div class='ocr_carea' id='block_1_47' title="bbox 496 4262 2079 4335">
    <p class='ocr_par' dir='ltr' id='par_1_47' title="bbox 496 4262 2079 4335">
     <span class='ocr_line' id='line_1_47' title="bbox 496 4262 2079 4335; baseline 0.004 -19"><span class='ocrx_word' id='word_1_300' title='bbox 496 4276 566 4316; x_wconf 89' lang='lat' dir='ltr'><strong>ex</strong></span> <span class='ocrx_word' id='word_1_301' title='bbox 608 4262 936 4316; x_wconf 90' lang='lat' dir='ltr'><strong>monasterio</strong></span> <span class='ocrx_word' id='word_1_302' title='bbox 968 4262 1113 4331; x_wconf 91' lang='lat' dir='ltr'><strong>quod</strong></span> <span class='ocrx_word' id='word_1_303' title='bbox 1155 4271 1497 4333; x_wconf 89' lang='lat' dir='ltr'><strong>nuncupatur</strong></span> <span class='ocrx_word' id='word_1_304' title='bbox 1539 4263 1775 4329; x_wconf 85' lang='lat' dir='ltr'><strong>Malasti,</strong></span> <span class='ocrx_word' id='word_1_305' title='bbox 1814 4267 1958 4335; x_wconf 89' lang='lat' dir='ltr'><strong>quod</strong></span> <span class='ocrx_word' id='word_1_306' title='bbox 1994 4277 2079 4323; x_wconf 89' lang='lat' dir='ltr'><strong>est</strong></span> 
     </span>
    </p>
   </div>
   <div class='ocr_carea' id='block_1_48' title="bbox 2165 444 3665 513">
    <p class='ocr_par' dir='ltr' id='par_1_48' title="bbox 2165 444 3665 513">
     <span class='ocr_line' id='line_1_48' title="bbox 2165 444 3665 513; baseline 0.004 -15"><span class='ocrx_word' id='word_1_307' title='bbox 2165 445 2347 513; x_wconf 90' lang='lat' dir='ltr'><strong>quiete</strong></span> <span class='ocrx_word' id='word_1_308' title='bbox 2371 446 2551 500; x_wconf 85' lang='lat' dir='ltr'><strong>vivere</strong></span> <span class='ocrx_word' id='word_1_309' title='bbox 2576 459 2640 498; x_wconf 91' lang='lat' dir='ltr'><strong>ac</strong></span> <span class='ocrx_word' id='word_1_310' title='bbox 2671 444 2940 508; x_wconf 88' lang='lat' dir='ltr'><strong>residere;</strong></span> <span class='ocrx_word' id='word_1_311' title='bbox 2968 452 3019 498; x_wconf 91' lang='lat' dir='ltr'><strong>ct</strong></span> <span class='ocrx_word' id='word_1_312' title='bbox 3049 444 3351 513; x_wconf 78' lang='lat' dir='ltr'><strong>deprecatus</strong></span> <span class='ocrx_word' id='word_1_313' title='bbox 3376 454 3453 500; x_wconf 91' lang='lat' dir='ltr'><strong>est</strong></span> <span class='ocrx_word' id='word_1_314' title='bbox 3473 447 3665 504; x_wconf 85' lang='lat' dir='ltr'><strong>clemen-</strong></span> 
     </span>
    </p>
   </div>
   <div class='ocr_carea' id='block_1_49' title="bbox 2166 534 3668 603">
    <p class='ocr_par' dir='ltr' id='par_1_49' title="bbox 2166 534 3668 603">
     <span class='ocr_line' id='line_1_49' title="bbox 2166 534 3668 603; baseline 0.001 -14"><span class='ocrx_word' id='word_1_315' title='bbox 2166 535 2295 589; x_wconf 90' lang='lat' dir='ltr'><strong>tiam</strong></span> <span class='ocrx_word' id='word_1_316' title='bbox 2330 542 2571 589; x_wconf 89' lang='lat' dir='ltr'><strong>nostram</strong></span> <span class='ocrx_word' id='word_1_317' title='bbox 2611 542 2672 588; x_wconf 94' lang='lat' dir='ltr'><strong>ut</strong></span> <span class='ocrx_word' id='word_1_318' title='bbox 2704 534 3018 603; x_wconf 65' lang='lat' dir='ltr'><strong>praedictum</strong></span> <span class='ocrx_word' id='word_1_319' title='bbox 3051 535 3414 589; x_wconf 87' lang='lat' dir='ltr'><strong>monasterium</strong></span> <span class='ocrx_word' id='word_1_320' title='bbox 3448 552 3544 590; x_wconf 86' lang='lat' dir='ltr'><strong>una</strong></span> <span class='ocrx_word' id='word_1_321' title='bbox 3568 552 3668 597; x_wconf 84' lang='lat' dir='ltr'><strong>cum</strong></span> 
     </span>
    </p>
   </div>
   <div class='ocr_carea' id='block_1_50' title="bbox 2164 624 3671 695">
    <p class='ocr_par' dir='ltr' id='par_1_50' title="bbox 2164 624 3671 695">
     <span class='ocr_line' id='line_1_50' title="bbox 2164 624 3671 695; baseline 0.004 -17"><span class='ocrx_word' id='word_1_322' title='bbox 2164 624 2355 679; x_wconf 88' lang='lat' dir='ltr'><strong>cellula</strong></span> <span class='ocrx_word' id='word_1_323' title='bbox 2383 640 2503 695; x_wconf 71' lang='lat' dir='ltr'><strong>qua:</strong></span> <span class='ocrx_word' id='word_1_324' title='bbox 2533 633 2876 694; x_wconf 88' lang='lat' dir='ltr'><strong>nuncupatur</strong></span> <span class='ocrx_word' id='word_1_325' title='bbox 2901 626 3072 679; x_wconf 88' lang='lat' dir='ltr'><strong>sancti</strong></span> <span class='ocrx_word' id='word_1_326' title='bbox 3098 624 3302 681; x_wconf 77' lang='lat' dir='ltr'><strong>Martini</strong></span> <span class='ocrx_word' id='word_1_327' title='bbox 3326 629 3560 695; x_wconf 66' lang='lat' dir='ltr'><strong>praedicto</strong></span> <span class='ocrx_word' id='word_1_328' title='bbox 3579 645 3671 684; x_wconf 87' lang='lat' dir='ltr'><strong>mo-</strong></span> 
     </span>
    </p>
   </div>
   <div class='ocr_carea' id='block_1_51' title="bbox 2166 714 3674 788">
    <p class='ocr_par' dir='ltr' id='par_1_51' title="bbox 2166 714 3674 788">
     <span class='ocr_line' id='line_1_51' title="bbox 2166 714 3674 788; baseline 0.003 -18"><span class='ocrx_word' id='word_1_329' title='bbox 2166 716 2408 771; x_wconf 90' lang='lat' dir='ltr'><strong>nasterio</strong></span> <span class='ocrx_word' id='word_1_330' title='bbox 2437 714 2704 785; x_wconf 87' lang='lat' dir='ltr'><strong>subjecta,</strong></span> <span class='ocrx_word' id='word_1_331' title='bbox 2740 730 2862 785; x_wconf 72' lang='lat' dir='ltr'><strong>quze</strong></span> <span class='ocrx_word' id='word_1_332' title='bbox 2893 724 2978 770; x_wconf 90' lang='lat' dir='ltr'><strong>est</strong></span> <span class='ocrx_word' id='word_1_333' title='bbox 3007 716 3109 770; x_wconf 86' lang='lat' dir='ltr'><strong>sita</strong></span> <span class='ocrx_word' id='word_1_334' title='bbox 3146 716 3200 770; x_wconf 91' lang='lat' dir='ltr'><strong>in</strong></span> <span class='ocrx_word' id='word_1_335' title='bbox 3233 717 3410 772; x_wconf 88' lang='lat' dir='ltr'><strong>eodem</strong></span> <span class='ocrx_word' id='word_1_336' title='bbox 3447 733 3569 788; x_wconf 83' lang='lat' dir='ltr'><strong>pago</strong></span> <span class='ocrx_word' id='word_1_337' title='bbox 3598 722 3674 775; x_wconf 85' lang='lat' dir='ltr'><strong>sub</strong></span> 
     </span>
    </p>
   </div>
   <div class='ocr_carea' id='block_1_52' title="bbox 2167 806 3675 878">
    <p class='ocr_par' dir='ltr' id='par_1_52' title="bbox 2167 806 3675 878">
     <span class='ocr_line' id='line_1_52' title="bbox 2167 806 3675 878; baseline 0.005 -17"><span class='ocrx_word' id='word_1_338' title='bbox 2167 807 2399 861; x_wconf 88' lang='lat' dir='ltr'><strong>rivulum</strong></span> <span class='ocrx_word' id='word_1_339' title='bbox 2425 806 2657 877; x_wconf 87' lang='lat' dir='ltr'><strong>Lantpii,</strong></span> <span class='ocrx_word' id='word_1_340' title='bbox 2678 823 2799 878; x_wconf 66' lang='lat' dir='ltr'><strong>quae</strong></span> <span class='ocrx_word' id='word_1_341' title='bbox 2818 817 2902 864; x_wconf 92' lang='lat' dir='ltr'><strong>est</strong></span> <span class='ocrx_word' id='word_1_342' title='bbox 2926 817 3231 864; x_wconf 81' lang='lat' dir='ltr'><strong>constructa</strong></span> <span class='ocrx_word' id='word_1_343' title='bbox 3263 811 3313 864; x_wconf 89' lang='lat' dir='ltr'><strong>in</strong></span> <span class='ocrx_word' id='word_1_344' title='bbox 3332 811 3518 867; x_wconf 90' lang='lat' dir='ltr'><strong>honore</strong></span> <span class='ocrx_word' id='word_1_345' title='bbox 3542 816 3675 869; x_wconf 80' lang='lat' dir='ltr'><strong>sancti</strong></span> 
     </span>
    </p>
   </div>
   <div class='ocr_carea' id='block_1_53' title="bbox 2165 895 3676 973">
    <p class='ocr_par' dir='ltr' id='par_1_53' title="bbox 2165 895 3676 973">
     <span class='ocr_line' id='line_1_53' title="bbox 2165 895 3676 973; baseline 0.005 -24"><span class='ocrx_word' id='word_1_346' title='bbox 2165 895 2382 950; x_wconf 83' lang='lat' dir='ltr'><strong>Martini</strong></span> <span class='ocrx_word' id='word_1_347' title='bbox 2418 896 2776 962; x_wconf 88' lang='lat' dir='ltr'><strong>confessoris,</strong></span> <span class='ocrx_word' id='word_1_348' title='bbox 2812 913 2939 953; x_wconf 91' lang='lat' dir='ltr'><strong>cum</strong></span> <span class='ocrx_word' id='word_1_349' title='bbox 2969 899 3149 966; x_wconf 89' lang='lat' dir='ltr'><strong>rebus,</strong></span> <span class='ocrx_word' id='word_1_350' title='bbox 3181 899 3468 955; x_wconf 86' lang='lat' dir='ltr'><strong>hominibus</strong></span> <span class='ocrx_word' id='word_1_351' title='bbox 3492 910 3543 955; x_wconf 89' lang='lat' dir='ltr'><strong>et</strong></span> <span class='ocrx_word' id='word_1_352' title='bbox 3567 900 3676 973; x_wconf 83' lang='lat' dir='ltr'><strong>adja-</strong></span> 
     </span>
    </p>
   </div>
   <div class='ocr_carea' id='block_1_54' title="bbox 2164 990 3676 1065">
    <p class='ocr_par' dir='ltr' id='par_1_54' title="bbox 2164 990 3676 1065">
     <span class='ocr_line' id='line_1_54' title="bbox 2164 990 3676 1065; baseline 0.005 -20"><span class='ocrx_word' id='word_1_353' title='bbox 2164 990 2360 1045; x_wconf 88' lang='lat' dir='ltr'><strong>centiis</strong></span> <span class='ocrx_word' id='word_1_354' title='bbox 2384 990 2499 1046; x_wconf 90' lang='lat' dir='ltr'><strong>sive</strong></span> <span class='ocrx_word' id='word_1_355' title='bbox 2532 992 2780 1047; x_wconf 90' lang='lat' dir='ltr'><strong>terminis</strong></span> <span class='ocrx_word' id='word_1_356' title='bbox 2807 992 2943 1057; x_wconf 88' lang='lat' dir='ltr'><strong>suis,</strong></span> <span class='ocrx_word' id='word_1_357' title='bbox 2985 992 3084 1047; x_wconf 89' lang='lat' dir='ltr'><strong>sub</strong></span> <span class='ocrx_word' id='word_1_358' title='bbox 3121 1001 3302 1048; x_wconf 91' lang='lat' dir='ltr'><strong>nostra</strong></span> <span class='ocrx_word' id='word_1_359' title='bbox 3340 994 3676 1065; x_wconf 83' lang='lat' dir='ltr'><strong>susciperemus</strong></span> 
     </span>
    </p>
   </div>
   <div class='ocr_carea' id='block_1_55' title="bbox 2165 1081 3675 1155">
    <p class='ocr_par' dir='ltr' id='par_1_55' title="bbox 2165 1081 3675 1155">
     <span class='ocr_line' id='line_1_55' title="bbox 2165 1081 3675 1155; baseline 0.004 -19"><span class='ocrx_word' id='word_1_360' title='bbox 2165 1081 2478 1137; x_wconf 84' lang='lat' dir='ltr'><strong>defensione</strong></span> <span class='ocrx_word' id='word_1_361' title='bbox 2517 1090 2575 1137; x_wconf 91' lang='lat' dir='ltr'><strong>et</strong></span> <span class='ocrx_word' id='word_1_362' title='bbox 2607 1083 2967 1138; x_wconf 89' lang='lat' dir='ltr'><strong>immunitatis</strong></span> <span class='ocrx_word' id='word_1_363' title='bbox 3004 1083 3250 1139; x_wconf 92' lang='lat' dir='ltr'><strong>tuitione.</strong></span> <span class='ocrx_word' id='word_1_364' title='bbox 3296 1083 3452 1152; x_wconf 84' lang='lat' dir='ltr'><strong>Cujus</strong></span> <span class='ocrx_word' id='word_1_365' title='bbox 3478 1087 3675 1155; x_wconf 82' lang='lat' dir='ltr'><strong>precibus</strong></span> 
     </span>
    </p>
   </div>
   <div class='ocr_carea' id='block_1_56' title="bbox 2164 1174 3678 1234">
    <p class='ocr_par' dir='ltr' id='par_1_56' title="bbox 2164 1174 3678 1234">
     <span class='ocr_line' id='line_1_56' title="bbox 2164 1174 3678 1234; baseline 0.003 -4"><span class='ocrx_word' id='word_1_366' title='bbox 2164 1174 2236 1230; x_wconf 93' lang='lat' dir='ltr'><strong>ob</strong></span> <span class='ocrx_word' id='word_1_367' title='bbox 2252 1189 2493 1229; x_wconf 87' lang='lat' dir='ltr'><strong>amorem</strong></span> <span class='ocrx_word' id='word_1_368' title='bbox 2522 1175 2615 1231; x_wconf 93' lang='lat' dir='ltr'><strong>Dei</strong></span> <span class='ocrx_word' id='word_1_369' title='bbox 2642 1183 2697 1231; x_wconf 90' lang='lat' dir='ltr'><strong>et</strong></span> <span class='ocrx_word' id='word_1_370' title='bbox 2729 1177 3088 1232; x_wconf 87' lang='lat' dir='ltr'><strong>reverentiam</strong></span> <span class='ocrx_word' id='word_1_371' title='bbox 3121 1176 3287 1232; x_wconf 89' lang='lat' dir='ltr'><strong>divini</strong></span> <span class='ocrx_word' id='word_1_372' title='bbox 3312 1176 3475 1233; x_wconf 88' lang='lat' dir='ltr'><strong>cultus</strong></span> <span class='ocrx_word' id='word_1_373' title='bbox 3498 1177 3678 1234; x_wconf 80' lang='lat' dir='ltr'><strong>libenter</strong></span> 
     </span>
    </p>
   </div>
   <div class='ocr_carea' id='block_1_57' title="bbox 2167 1266 3678 1337">
    <p class='ocr_par' dir='ltr' id='par_1_57' title="bbox 2167 1266 3678 1337">
     <span class='ocr_line' id='line_1_57' title="bbox 2167 1266 3678 1337; baseline 0.003 -18"><span class='ocrx_word' id='word_1_374' title='bbox 2167 1278 2353 1320; x_wconf 90' lang='lat' dir='ltr'><strong>aurem</strong></span> <span class='ocrx_word' id='word_1_375' title='bbox 2385 1267 2796 1322; x_wconf 87' lang='lat' dir='ltr'><strong>accommodare</strong></span> <span class='ocrx_word' id='word_1_376' title='bbox 2823 1266 3045 1337; x_wconf 90' lang='lat' dir='ltr'><strong>placuit,</strong></span> <span class='ocrx_word' id='word_1_377' title='bbox 3068 1276 3125 1323; x_wconf 92' lang='lat' dir='ltr'><strong>et</strong></span> <span class='ocrx_word' id='word_1_378' title='bbox 3150 1269 3254 1323; x_wconf 87' lang='lat' dir='ltr'><strong>hoc</strong></span> <span class='ocrx_word' id='word_1_379' title='bbox 3285 1275 3472 1323; x_wconf 79' lang='lat' dir='ltr'><strong>nostra:</strong></span> <span class='ocrx_word' id='word_1_380' title='bbox 3497 1270 3678 1323; x_wconf 87' lang='lat' dir='ltr'><strong>auctori-</strong></span> 
     </span>
    </p>
   </div>
   <div class='ocr_carea' id='block_1_58' title="bbox 2168 1357 3680 1431">
    <p class='ocr_par' dir='ltr' id='par_1_58' title="bbox 2168 1357 3680 1431">
     <span class='ocr_line' id='line_1_58' title="bbox 2168 1357 3680 1431; baseline 0.003 -20"><span class='ocrx_word' id='word_1_381' title='bbox 2168 1357 2295 1412; x_wconf 86' lang='lat' dir='ltr'><strong>tatis</strong></span> <span class='ocrx_word' id='word_1_382' title='bbox 2328 1365 2658 1427; x_wconf 68' lang='lat' dir='ltr'><strong>praeceptum</strong></span> <span class='ocrx_word' id='word_1_383' title='bbox 2698 1358 3058 1413; x_wconf 76' lang='lat' dir='ltr'><strong>immanitatis</strong></span> <span class='ocrx_word' id='word_1_384' title='bbox 3094 1366 3257 1430; x_wconf 89' lang='lat' dir='ltr'><strong>atque</strong></span> <span class='ocrx_word' id='word_1_385' title='bbox 3290 1359 3518 1415; x_wconf 90' lang='lat' dir='ltr'><strong>tuitionis</strong></span> <span class='ocrx_word' id='word_1_386' title='bbox 3549 1363 3680 1431; x_wconf 77' lang='lat' dir='ltr'><strong>gratia</strong></span> 
     </span>
    </p>
   </div>
   <div class='ocr_carea' id='block_1_59' title="bbox 2168 1447 3680 1520">
    <p class='ocr_par' dir='ltr' id='par_1_59' title="bbox 2168 1447 3680 1520">
     <span class='ocr_line' id='line_1_59' title="bbox 2168 1447 3680 1520; baseline 0.001 -17"><span class='ocrx_word' id='word_1_387' title='bbox 2168 1448 2287 1503; x_wconf 86' lang='lat' dir='ltr'><strong>ﬁeri</strong></span> <span class='ocrx_word' id='word_1_388' title='bbox 2311 1447 2680 1514; x_wconf 85' lang='lat' dir='ltr'><strong>decrevimus;</strong></span> <span class='ocrx_word' id='word_1_389' title='bbox 2717 1463 2814 1518; x_wconf 87' lang='lat' dir='ltr'><strong>per</strong></span> <span class='ocrx_word' id='word_1_390' title='bbox 2849 1449 2993 1519; x_wconf 90' lang='lat' dir='ltr'><strong>quod</strong></span> <span class='ocrx_word' id='word_1_391' title='bbox 3027 1449 3368 1519; x_wconf 72' lang='lat' dir='ltr'><strong>pnecipimus</strong></span> <span class='ocrx_word' id='word_1_392' title='bbox 3401 1458 3543 1520; x_wconf 86' lang='lat' dir='ltr'><strong>atque</strong></span> <span class='ocrx_word' id='word_1_393' title='bbox 3566 1450 3680 1520; x_wconf 82' lang='lat' dir='ltr'><strong>jube-</strong></span> 
     </span>
    </p>
   </div>
   <div class='ocr_carea' id='block_1_60' title="bbox 2167 1538 3680 1611">
    <p class='ocr_par' dir='ltr' id='par_1_60' title="bbox 2167 1538 3680 1611">
     <span class='ocr_line' id='line_1_60' title="bbox 2167 1538 3680 1611; baseline 0 -15"><span class='ocrx_word' id='word_1_394' title='bbox 2167 1556 2289 1596; x_wconf 91' lang='lat' dir='ltr'><strong>mus</strong></span> <span class='ocrx_word' id='word_1_395' title='bbox 2318 1549 2380 1595; x_wconf 88' lang='lat' dir='ltr'><strong>ut</strong></span> <span class='ocrx_word' id='word_1_396' title='bbox 2413 1541 2593 1596; x_wconf 87' lang='lat' dir='ltr'><strong>nulius</strong></span> <span class='ocrx_word' id='word_1_397' title='bbox 2613 1539 2781 1609; x_wconf 80' lang='lat' dir='ltr'><strong>judex</strong></span> <span class='ocrx_word' id='word_1_398' title='bbox 2809 1541 3077 1611; x_wconf 81' lang='lat' dir='ltr'><strong>publicus,</strong></span> <span class='ocrx_word' id='word_1_399' title='bbox 3120 1541 3206 1596; x_wconf 88' lang='lat' dir='ltr'><strong>vel</strong></span> <span class='ocrx_word' id='word_1_400' title='bbox 3242 1538 3484 1610; x_wconf 81' lang='lat' dir='ltr'><strong>quislibet</strong></span> <span class='ocrx_word' id='word_1_401' title='bbox 3505 1539 3680 1610; x_wconf 79' lang='lat' dir='ltr'><strong>cxjudi-</strong></span> 
     </span>
    </p>
   </div>
   <div class='ocr_carea' id='block_1_61' title="bbox 2168 1630 3679 1702">
    <p class='ocr_par' dir='ltr' id='par_1_61' title="bbox 2168 1630 3679 1702">
     <span class='ocr_line' id='line_1_61' title="bbox 2168 1630 3679 1702; baseline 0 -17"><span class='ocrx_word' id='word_1_402' title='bbox 2168 1630 2337 1686; x_wconf 89' lang='lat' dir='ltr'><strong>ciaria</strong></span> <span class='ocrx_word' id='word_1_403' title='bbox 2356 1638 2624 1700; x_wconf 90' lang='lat' dir='ltr'><strong>potestate</strong></span> <span class='ocrx_word' id='word_1_404' title='bbox 2650 1632 2703 1685; x_wconf 90' lang='lat' dir='ltr'><strong>in</strong></span> <span class='ocrx_word' id='word_1_405' title='bbox 2734 1630 3018 1697; x_wconf 88' lang='lat' dir='ltr'><strong>ecclesias,</strong></span> <span class='ocrx_word' id='word_1_406' title='bbox 3053 1630 3141 1686; x_wconf 88' lang='lat' dir='ltr'><strong>vel</strong></span> <span class='ocrx_word' id='word_1_407' title='bbox 3173 1632 3312 1697; x_wconf 89' lang='lat' dir='ltr'><strong>loca,</strong></span> <span class='ocrx_word' id='word_1_408' title='bbox 3342 1640 3431 1686; x_wconf 87' lang='lat' dir='ltr'><strong>aut</strong></span> <span class='ocrx_word' id='word_1_409' title='bbox 3457 1644 3592 1702; x_wconf 85' lang='lat' dir='ltr'><strong>agros</strong></span> <span class='ocrx_word' id='word_1_410' title='bbox 3615 1644 3679 1685; x_wconf 83' lang='lat' dir='ltr'><strong>seu</strong></span> 
     </span>
    </p>
   </div>
   <div class='ocr_carea' id='block_1_62' title="bbox 2167 1720 3680 1791">
    <p class='ocr_par' dir='ltr' id='par_1_62' title="bbox 2167 1720 3680 1791">
     <span class='ocr_line' id='line_1_62' title="bbox 2167 1720 3680 1791; baseline 0 -16"><span class='ocrx_word' id='word_1_411' title='bbox 2167 1720 2403 1789; x_wconf 89' lang='lat' dir='ltr'><strong>reliquas</strong></span> <span class='ocrx_word' id='word_1_412' title='bbox 2442 1720 2815 1790; x_wconf 88' lang='lat' dir='ltr'><strong>possessiones</strong></span> <span class='ocrx_word' id='word_1_413' title='bbox 2848 1721 3093 1791; x_wconf 74' lang='lat' dir='ltr'><strong>prredicti</strong></span> <span class='ocrx_word' id='word_1_414' title='bbox 3125 1720 3449 1787; x_wconf 88' lang='lat' dir='ltr'><strong>monasterii,</strong></span> <span class='ocrx_word' id='word_1_415' title='bbox 3471 1733 3680 1790; x_wconf 78' lang='lat' dir='ltr'><strong>quasue-</strong></span> 
     </span>
    </p>
   </div>
   <div class='ocr_carea' id='block_1_63' title="bbox 2168 1811 3679 1884">
    <p class='ocr_par' dir='ltr' id='par_1_63' title="bbox 2168 1811 3679 1884">
     <span class='ocr_line' id='line_1_63' title="bbox 2168 1811 3679 1884; baseline -0.001 -17"><span class='ocrx_word' id='word_1_416' title='bbox 2168 1811 2338 1867; x_wconf 88' lang='lat' dir='ltr'><strong>derno</strong></span> <span class='ocrx_word' id='word_1_417' title='bbox 2366 1820 2607 1882; x_wconf 86' lang='lat' dir='ltr'><strong>tempore</strong></span> <span class='ocrx_word' id='word_1_418' title='bbox 2638 1813 2784 1884; x_wconf 87' lang='lat' dir='ltr'><strong>juste</strong></span> <span class='ocrx_word' id='word_1_419' title='bbox 2825 1821 2882 1868; x_wconf 94' lang='lat' dir='ltr'><strong>et</strong></span> <span class='ocrx_word' id='word_1_420' title='bbox 2925 1814 3320 1869; x_wconf 89' lang='lat' dir='ltr'><strong>rationabiliter</strong></span> <span class='ocrx_word' id='word_1_421' title='bbox 3354 1812 3584 1883; x_wconf 86' lang='lat' dir='ltr'><strong>possidet,</strong></span> <span class='ocrx_word' id='word_1_422' title='bbox 3621 1812 3679 1866; x_wconf 73' lang='lat' dir='ltr'><strong>vel</strong></span> 
     </span>
    </p>
   </div>
   <div class='ocr_carea' id='block_1_64' title="bbox 2167 1900 3678 1973">
    <p class='ocr_par' dir='ltr' id='par_1_64' title="bbox 2167 1900 3678 1973">
     <span class='ocr_line' id='line_1_64' title="bbox 2167 1900 3678 1973; baseline 0 -18"><span class='ocrx_word' id='word_1_423' title='bbox 2167 1915 2289 1970; x_wconf 65' lang='lat' dir='ltr'><strong>qua:</strong></span> <span class='ocrx_word' id='word_1_424' title='bbox 2309 1901 2477 1958; x_wconf 83' lang='lat' dir='ltr'><strong>etiam</strong></span> <span class='ocrx_word' id='word_1_425' title='bbox 2502 1900 2758 1971; x_wconf 90' lang='lat' dir='ltr'><strong>deinceps</strong></span> <span class='ocrx_word' id='word_1_426' title='bbox 2785 1901 2838 1956; x_wconf 90' lang='lat' dir='ltr'><strong>in</strong></span> <span class='ocrx_word' id='word_1_427' title='bbox 2865 1900 2990 1970; x_wconf 89' lang='lat' dir='ltr'><strong>jure</strong></span> <span class='ocrx_word' id='word_1_428' title='bbox 3017 1902 3190 1973; x_wconf 87' lang='lat' dir='ltr'><strong>ipsius</strong></span> <span class='ocrx_word' id='word_1_429' title='bbox 3216 1902 3384 1957; x_wconf 89' lang='lat' dir='ltr'><strong>sancti</strong></span> <span class='ocrx_word' id='word_1_430' title='bbox 3419 1900 3512 1957; x_wconf 90' lang='lat' dir='ltr'><strong>loci</strong></span> <span class='ocrx_word' id='word_1_431' title='bbox 3542 1900 3678 1955; x_wconf 79' lang='lat' dir='ltr'><strong>volue-</strong></span> 
     </span>
    </p>
   </div>
   <div class='ocr_carea' id='block_1_65' title="bbox 2169 1992 3680 2065">
    <p class='ocr_par' dir='ltr' id='par_1_65' title="bbox 2169 1992 3680 2065">
     <span class='ocr_line' id='line_1_65' title="bbox 2169 1992 3680 2065; baseline -0.002 -18"><span class='ocrx_word' id='word_1_432' title='bbox 2169 1993 2241 2047; x_wconf 88' lang='lat' dir='ltr'><strong>rit</strong></span> <span class='ocrx_word' id='word_1_433' title='bbox 2276 1992 2460 2047; x_wconf 87' lang='lat' dir='ltr'><strong>divina</strong></span> <span class='ocrx_word' id='word_1_434' title='bbox 2493 1992 2667 2063; x_wconf 88' lang='lat' dir='ltr'><strong>pietas</strong></span> <span class='ocrx_word' id='word_1_435' title='bbox 2700 1994 2905 2065; x_wconf 90' lang='lat' dir='ltr'><strong>augeri,</strong></span> <span class='ocrx_word' id='word_1_436' title='bbox 2956 1993 3025 2048; x_wconf 93' lang='lat' dir='ltr'><strong>ad</strong></span> <span class='ocrx_word' id='word_1_437' title='bbox 3075 2008 3272 2049; x_wconf 90' lang='lat' dir='ltr'><strong>causas</strong></span> <span class='ocrx_word' id='word_1_438' title='bbox 3316 1993 3591 2056; x_wconf 85' lang='lat' dir='ltr'><strong>audiendas,</strong></span> <span class='ocrx_word' id='word_1_439' title='bbox 3622 1992 3680 2045; x_wconf 79' lang='lat' dir='ltr'><strong>vel</strong></span> 
     </span>
    </p>
   </div>
   <div class='ocr_carea' id='block_1_66' title="bbox 2167 2082 3676 2158">
    <p class='ocr_par' dir='ltr' id='par_1_66' title="bbox 2167 2082 3676 2158">
     <span class='ocr_line' id='line_1_66' title="bbox 2167 2082 3676 2158; baseline 0.005 -20"><span class='ocrx_word' id='word_1_440' title='bbox 2167 2082 2319 2140; x_wconf 87' lang='lat' dir='ltr'><strong>freda</strong></span> <span class='ocrx_word' id='word_1_441' title='bbox 2347 2084 2631 2155; x_wconf 81' lang='lat' dir='ltr'><strong>exigenda,</strong></span> <span class='ocrx_word' id='word_1_442' title='bbox 2660 2093 2753 2139; x_wconf 89' lang='lat' dir='ltr'><strong>aut</strong></span> <span class='ocrx_word' id='word_1_443' title='bbox 2778 2084 3092 2141; x_wconf 86' lang='lat' dir='ltr'><strong>mansiones</strong></span> <span class='ocrx_word' id='word_1_444' title='bbox 3114 2086 3199 2141; x_wconf 94' lang='lat' dir='ltr'><strong>vel</strong></span> <span class='ocrx_word' id='word_1_445' title='bbox 3222 2094 3431 2158; x_wconf 85' lang='lat' dir='ltr'><strong>paratas</strong></span> <span class='ocrx_word' id='word_1_446' title='bbox 3451 2084 3676 2144; x_wconf 78' lang='lat' dir='ltr'><strong>faciendas.</strong></span> 
     </span>
    </p>
   </div>
   <div class='ocr_carea' id='block_1_67' title="bbox 2168 2174 3678 2245">
    <p class='ocr_par' dir='ltr' id='par_1_67' title="bbox 2168 2174 3678 2245">
     <span class='ocr_line' id='line_1_67' title="bbox 2168 2174 3678 2245; baseline -0.001 -14"><span class='ocrx_word' id='word_1_447' title='bbox 2168 2184 2263 2231; x_wconf 85' lang='lat' dir='ltr'><strong>aut</strong></span> <span class='ocrx_word' id='word_1_448' title='bbox 2291 2174 2636 2245; x_wconf 86' lang='lat' dir='ltr'><strong>ﬁdcjussores</strong></span> <span class='ocrx_word' id='word_1_449' title='bbox 2675 2175 2961 2242; x_wconf 90' lang='lat' dir='ltr'><strong>tollendos,</strong></span> <span class='ocrx_word' id='word_1_450' title='bbox 3001 2185 3100 2233; x_wconf 92' lang='lat' dir='ltr'><strong>aut</strong></span> <span class='ocrx_word' id='word_1_451' title='bbox 3139 2178 3383 2234; x_wconf 88' lang='lat' dir='ltr'><strong>homines</strong></span> <span class='ocrx_word' id='word_1_452' title='bbox 3411 2175 3678 2237; x_wconf 76' lang='lat' dir='ltr'><strong>monasterii.</strong></span> 
     </span>
    </p>
   </div>
   <div class='ocr_carea' id='block_1_68' title="bbox 2170 2265 3680 2337">
    <p class='ocr_par' dir='ltr' id='par_1_68' title="bbox 2170 2265 3680 2337">
     <span class='ocr_line' id='line_1_68' title="bbox 2170 2265 3680 2337; baseline -0.001 -17"><span class='ocrx_word' id='word_1_453' title='bbox 2170 2274 2279 2321; x_wconf 90' lang='lat' dir='ltr'><strong>tam</strong></span> <span class='ocrx_word' id='word_1_454' title='bbox 2306 2266 2568 2336; x_wconf 87' lang='lat' dir='ltr'><strong>ingenuos</strong></span> <span class='ocrx_word' id='word_1_455' title='bbox 2605 2281 2768 2336; x_wconf 90' lang='lat' dir='ltr'><strong>quam</strong></span> <span class='ocrx_word' id='word_1_456' title='bbox 2802 2274 2855 2321; x_wconf 89' lang='lat' dir='ltr'><strong>et</strong></span> <span class='ocrx_word' id='word_1_457' title='bbox 2889 2281 3101 2333; x_wconf 91' lang='lat' dir='ltr'><strong>servos,</strong></span> <span class='ocrx_word' id='word_1_458' title='bbox 3147 2281 3311 2337; x_wconf 86' lang='lat' dir='ltr'><strong>super</strong></span> <span class='ocrx_word' id='word_1_459' title='bbox 3349 2277 3528 2323; x_wconf 88' lang='lat' dir='ltr'><strong>terram</strong></span> <span class='ocrx_word' id='word_1_460' title='bbox 3558 2265 3680 2337; x_wconf 84' lang='lat' dir='ltr'><strong>ipsius</strong></span> 
     </span>
    </p>
   </div>
   <div class='ocr_carea' id='block_1_69' title="bbox 2169 2355 3681 2429">
    <p class='ocr_par' dir='ltr' id='par_1_69' title="bbox 2169 2355 3681 2429">
     <span class='ocr_line' id='line_1_69' title="bbox 2169 2355 3681 2429; baseline -0.004 -16"><span class='ocrx_word' id='word_1_461' title='bbox 2169 2364 2595 2423; x_wconf 87' lang='lat' dir='ltr'><strong>commanentes,</strong></span> <span class='ocrx_word' id='word_1_462' title='bbox 2627 2355 2824 2427; x_wconf 85' lang='lat' dir='ltr'><strong>injuste</strong></span> <span class='ocrx_word' id='word_1_463' title='bbox 2851 2357 3280 2429; x_wconf 87' lang='lat' dir='ltr'><strong>distringendos,</strong></span> <span class='ocrx_word' id='word_1_464' title='bbox 3297 2371 3392 2415; x_wconf 91' lang='lat' dir='ltr'><strong>uec</strong></span> <span class='ocrx_word' id='word_1_465' title='bbox 3414 2356 3533 2412; x_wconf 90' lang='lat' dir='ltr'><strong>ullas</strong></span> <span class='ocrx_word' id='word_1_466' title='bbox 3549 2355 3681 2411; x_wconf 83' lang='lat' dir='ltr'><strong>redhi-</strong></span> 
     </span>
    </p>
   </div>
   <div class='ocr_carea' id='block_1_70' title="bbox 2169 2444 3681 2518">
    <p class='ocr_par' dir='ltr' id='par_1_70' title="bbox 2169 2444 3681 2518">
     <span class='ocr_line' id='line_1_70' title="bbox 2169 2444 3681 2518; baseline -0.003 -17"><span class='ocrx_word' id='word_1_467' title='bbox 2169 2445 2402 2501; x_wconf 88' lang='lat' dir='ltr'><strong>bitiones</strong></span> <span class='ocrx_word' id='word_1_468' title='bbox 2429 2452 2522 2500; x_wconf 92' lang='lat' dir='ltr'><strong>aut</strong></span> <span class='ocrx_word' id='word_1_469' title='bbox 2549 2445 2763 2502; x_wconf 88' lang='lat' dir='ltr'><strong>illicitas</strong></span> <span class='ocrx_word' id='word_1_470' title='bbox 2796 2448 3113 2502; x_wconf 89' lang='lat' dir='ltr'><strong>occasiones</strong></span> <span class='ocrx_word' id='word_1_471' title='bbox 3148 2447 3500 2518; x_wconf 88' lang='lat' dir='ltr'><strong>requirendas,</strong></span> <span class='ocrx_word' id='word_1_472' title='bbox 3529 2444 3681 2500; x_wconf 80' lang='lat' dir='ltr'><strong>nostris</strong></span> 
     </span>
    </p>
   </div>
   <div class='ocr_carea' id='block_1_71' title="bbox 2169 2537 3679 2609">
    <p class='ocr_par' dir='ltr' id='par_1_71' title="bbox 2169 2537 3679 2609">
     <span class='ocr_line' id='line_1_71' title="bbox 2169 2537 3679 2609; baseline -0.002 -16"><span class='ocrx_word' id='word_1_473' title='bbox 2169 2546 2225 2593; x_wconf 88' lang='lat' dir='ltr'><strong>et</strong></span> <span class='ocrx_word' id='word_1_474' title='bbox 2256 2537 2451 2593; x_wconf 89' lang='lat' dir='ltr'><strong>futuris</strong></span> <span class='ocrx_word' id='word_1_475' title='bbox 2477 2537 2809 2608; x_wconf 89' lang='lat' dir='ltr'><strong>temporibus</strong></span> <span class='ocrx_word' id='word_1_476' title='bbox 2837 2538 3041 2609; x_wconf 85' lang='lat' dir='ltr'><strong>ingredi</strong></span> <span class='ocrx_word' id='word_1_477' title='bbox 3073 2539 3291 2606; x_wconf 89' lang='lat' dir='ltr'><strong>audeat,</strong></span> <span class='ocrx_word' id='word_1_478' title='bbox 3320 2539 3399 2595; x_wconf 89' lang='lat' dir='ltr'><strong>vel</strong></span> <span class='ocrx_word' id='word_1_479' title='bbox 3425 2554 3481 2594; x_wconf 89' lang='lat' dir='ltr'><strong>ea</strong></span> <span class='ocrx_word' id='word_1_480' title='bbox 3504 2553 3602 2607; x_wconf 76' lang='lat' dir='ltr'><strong>qua:</strong></span> <span class='ocrx_word' id='word_1_481' title='bbox 3616 2552 3679 2590; x_wconf 89' lang='lat' dir='ltr'><strong>su-</strong></span> 
     </span>
    </p>
   </div>
   <div class='ocr_carea' id='block_1_72' title="bbox 2171 2628 3678 2703">
    <p class='ocr_par' dir='ltr' id='par_1_72' title="bbox 2171 2628 3678 2703">
     <span class='ocr_line' id='line_1_72' title="bbox 2171 2628 3678 2703; baseline -0.002 -19"><span class='ocrx_word' id='word_1_482' title='bbox 2171 2644 2267 2701; x_wconf 91' lang='lat' dir='ltr'><strong>pra</strong></span> <span class='ocrx_word' id='word_1_483' title='bbox 2313 2638 2614 2685; x_wconf 90' lang='lat' dir='ltr'><strong>memorata</strong></span> <span class='ocrx_word' id='word_1_484' title='bbox 2653 2638 2780 2686; x_wconf 91' lang='lat' dir='ltr'><strong>sunt</strong></span> <span class='ocrx_word' id='word_1_485' title='bbox 2817 2632 3034 2701; x_wconf 86' lang='lat' dir='ltr'><strong>penitus</strong></span> <span class='ocrx_word' id='word_1_486' title='bbox 3075 2631 3296 2703; x_wconf 81' lang='lat' dir='ltr'><strong>exigere</strong></span> <span class='ocrx_word' id='word_1_487' title='bbox 3334 2637 3599 2703; x_wconf 65' lang='lat' dir='ltr'><strong>praesumat.</strong></span> <span class='ocrx_word' id='word_1_488' title='bbox 3631 2628 3678 2682; x_wconf 81' lang='lat' dir='ltr'><strong>Et</strong></span> 
     </span>
    </p>
   </div>
   <div class='ocr_carea' id='block_1_73' title="bbox 2169 2715 3684 2792">
    <p class='ocr_par' dir='ltr' id='par_1_73' title="bbox 2169 2715 3684 2792">
     <span class='ocr_line' id='line_1_73' title="bbox 2169 2715 3684 2792; baseline 0 -19"><span class='ocrx_word' id='word_1_489' title='bbox 2169 2719 2430 2789; x_wconf 66' lang='lat' dir='ltr'><strong>quidnuid</strong></span> <span class='ocrx_word' id='word_1_490' title='bbox 2459 2720 2526 2776; x_wconf 91' lang='lat' dir='ltr'><strong>de</strong></span> <span class='ocrx_word' id='word_1_491' title='bbox 2558 2722 2717 2777; x_wconf 91' lang='lat' dir='ltr'><strong>rebus</strong></span> <span class='ocrx_word' id='word_1_492' title='bbox 2750 2715 3309 2792; x_wconf 74' lang='lat' dir='ltr'><strong>prmfati&#39;monasterii</strong></span> <span class='ocrx_word' id='word_1_493' title='bbox 3343 2721 3489 2778; x_wconf 89' lang='lat' dir='ltr'><strong>ﬁscus</strong></span> <span class='ocrx_word' id='word_1_494' title='bbox 3515 2733 3684 2791; x_wconf 80' lang='lat' dir='ltr'><strong>sperare</strong></span> 
     </span>
    </p>
   </div>
   <div class='ocr_carea' id='block_1_74' title="bbox 2170 2811 3684 2884">
    <p class='ocr_par' dir='ltr' id='par_1_74' title="bbox 2170 2811 3684 2884">
     <span class='ocr_line' id='line_1_74' title="bbox 2170 2811 3684 2884; baseline -0.003 -16"><span class='ocrx_word' id='word_1_495' title='bbox 2170 2811 2386 2881; x_wconf 90' lang='lat' dir='ltr'><strong>poterit,</strong></span> <span class='ocrx_word' id='word_1_496' title='bbox 2422 2819 2591 2867; x_wconf 90' lang='lat' dir='ltr'><strong>totum</strong></span> <span class='ocrx_word' id='word_1_497' title='bbox 2629 2828 2729 2869; x_wconf 93' lang='lat' dir='ltr'><strong>nos</strong></span> <span class='ocrx_word' id='word_1_498' title='bbox 2765 2829 2864 2884; x_wconf 92' lang='lat' dir='ltr'><strong>pro</strong></span> <span class='ocrx_word' id='word_1_499' title='bbox 2900 2821 3104 2869; x_wconf 66' lang='lat' dir='ltr'><strong>aeterna</strong></span> <span class='ocrx_word' id='word_1_500' title='bbox 3152 2814 3554 2870; x_wconf 89' lang='lat' dir='ltr'><strong>remuneratione</strong></span> <span class='ocrx_word' id='word_1_501' title='bbox 3583 2824 3684 2881; x_wconf 66' lang='lat' dir='ltr'><strong>pra:—</strong></span> 
     </span>
    </p>
   </div>
   <div class='ocr_carea' id='block_1_75' title="bbox 2174 2903 3689 2972">
    <p class='ocr_par' dir='ltr' id='par_1_75' title="bbox 2174 2903 3689 2972">
     <span class='ocr_line' id='line_1_75' title="bbox 2174 2903 3689 2972; baseline -0.002 -15"><span class='ocrx_word' id='word_1_502' title='bbox 2174 2903 2287 2959; x_wconf 87' lang='lat' dir='ltr'><strong>fato</strong></span> <span class='ocrx_word' id='word_1_503' title='bbox 2316 2905 2651 2961; x_wconf 89' lang='lat' dir='ltr'><strong>monasterio</strong></span> <span class='ocrx_word' id='word_1_504' title='bbox 2679 2906 3046 2971; x_wconf 90' lang='lat' dir='ltr'><strong>concedimus,</strong></span> <span class='ocrx_word' id='word_1_505' title='bbox 3089 2915 3162 2960; x_wconf 94' lang='lat' dir='ltr'><strong>ut</strong></span> <span class='ocrx_word' id='word_1_506' title='bbox 3201 2907 3256 2961; x_wconf 91' lang='lat' dir='ltr'><strong>in</strong></span> <span class='ocrx_word' id='word_1_507' title='bbox 3289 2904 3516 2960; x_wconf 82' lang='lat' dir='ltr'><strong>alimonia</strong></span> <span class='ocrx_word' id='word_1_508' title='bbox 3545 2912 3689 2972; x_wconf 65' lang='lat' dir='ltr'><strong>paupe-</strong></span> 
     </span>
    </p>
   </div>
   <div class='ocr_carea' id='block_1_76' title="bbox 2173 2991 3685 3068">
    <p class='ocr_par' dir='ltr' id='par_1_76' title="bbox 2173 2991 3685 3068">
     <span class='ocr_line' id='line_1_76' title="bbox 2173 2991 3685 3068; baseline -0.005 -18"><span class='ocrx_word' id='word_1_509' title='bbox 2173 3012 2294 3051; x_wconf 91' lang='lat' dir='ltr'><strong>rum</strong></span> <span class='ocrx_word' id='word_1_510' title='bbox 2319 3004 2376 3053; x_wconf 88' lang='lat' dir='ltr'><strong>et</strong></span> <span class='ocrx_word' id='word_1_511' title='bbox 2399 2998 2667 3068; x_wconf 81' lang='lat' dir='ltr'><strong>stipendia</strong></span> <span class='ocrx_word' id='word_1_512' title='bbox 2694 2998 3083 3053; x_wconf 88' lang='lat' dir='ltr'><strong>monachorum</strong></span> <span class='ocrx_word' id='word_1_513' title='bbox 3111 2998 3317 3053; x_wconf 88' lang='lat' dir='ltr'><strong>ibidem</strong></span> <span class='ocrx_word' id='word_1_514' title='bbox 3353 2998 3454 3052; x_wconf 89' lang='lat' dir='ltr'><strong>Deo</strong></span> <span class='ocrx_word' id='word_1_515' title='bbox 3488 2991 3685 3048; x_wconf 80' lang='lat' dir='ltr'><strong>famulan-</strong></span> 
     </span>
    </p>
   </div>
   <div class='ocr_carea' id='block_1_77' title="bbox 2179 3081 3686 3158">
    <p class='ocr_par' dir='ltr' id='par_1_77' title="bbox 2179 3081 3686 3158">
     <span class='ocr_line' id='line_1_77' title="bbox 2179 3081 3686 3158; baseline -0.002 -19"><span class='ocrx_word' id='word_1_516' title='bbox 2179 3085 2312 3140; x_wconf 91' lang='lat' dir='ltr'><strong>tium</strong></span> <span class='ocrx_word' id='word_1_517' title='bbox 2340 3095 2603 3157; x_wconf 90' lang='lat' dir='ltr'><strong>perpetuo</strong></span> <span class='ocrx_word' id='word_1_518' title='bbox 2638 3087 2884 3156; x_wconf 90' lang='lat' dir='ltr'><strong>proﬁciat</strong></span> <span class='ocrx_word' id='word_1_519' title='bbox 2918 3086 2972 3141; x_wconf 90' lang='lat' dir='ltr'><strong>in</strong></span> <span class='ocrx_word' id='word_1_520' title='bbox 3002 3096 3375 3158; x_wconf 84' lang='lat' dir='ltr'><strong>augmentum.</strong></span> <span class='ocrx_word' id='word_1_521' title='bbox 3417 3084 3478 3140; x_wconf 85' lang='lat' dir='ltr'><strong>Et</strong></span> <span class='ocrx_word' id='word_1_522' title='bbox 3504 3081 3686 3154; x_wconf 86' lang='lat' dir='ltr'><strong>quando-</strong></span> 
     </span>
    </p>
   </div>
   <div class='ocr_carea' id='block_1_78' title="bbox 2175 3170 3685 3244">
    <p class='ocr_par' dir='ltr' id='par_1_78' title="bbox 2175 3170 3685 3244">
     <span class='ocr_line' id='line_1_78' title="bbox 2175 3170 3685 3244; baseline -0.004 -16"><span class='ocrx_word' id='word_1_523' title='bbox 2175 3174 2395 3243; x_wconf 87' lang='lat' dir='ltr'><strong>quidem</strong></span> <span class='ocrx_word' id='word_1_524' title='bbox 2429 3174 2609 3229; x_wconf 89' lang='lat' dir='ltr'><strong>diviua</strong></span> <span class='ocrx_word' id='word_1_525' title='bbox 2638 3175 2919 3230; x_wconf 86' lang='lat' dir='ltr'><strong>vocatione</strong></span> <span class='ocrx_word' id='word_1_526' title='bbox 2953 3175 3304 3244; x_wconf 87' lang='lat' dir='ltr'><strong>supradictus</strong></span> <span class='ocrx_word' id='word_1_527' title='bbox 3334 3173 3486 3229; x_wconf 86' lang='lat' dir='ltr'><strong>abbas</strong></span> <span class='ocrx_word' id='word_1_528' title='bbox 3509 3170 3576 3226; x_wconf 87' lang='lat' dir='ltr'><strong>vel</strong></span> <span class='ocrx_word' id='word_1_529' title='bbox 3597 3183 3685 3223; x_wconf 83' lang='lat' dir='ltr'><strong>sue-</strong></span> 
     </span>
    </p>
   </div>
   <div class='ocr_carea' id='block_1_79' title="bbox 2177 3258 3685 3337">
    <p class='ocr_par' dir='ltr' id='par_1_79' title="bbox 2177 3258 3685 3337">
     <span class='ocr_line' id='line_1_79' title="bbox 2177 3258 3685 3337; baseline -0.005 -15"><span class='ocrx_word' id='word_1_530' title='bbox 2177 3280 2421 3322; x_wconf 87' lang='lat' dir='ltr'><strong>cessores</strong></span> <span class='ocrx_word' id='word_1_531' title='bbox 2442 3265 2560 3334; x_wconf 85' lang='lat' dir='ltr'><strong>ejus</strong></span> <span class='ocrx_word' id='word_1_532' title='bbox 2588 3266 2653 3321; x_wconf 91' lang='lat' dir='ltr'><strong>de</strong></span> <span class='ocrx_word' id='word_1_533' title='bbox 2676 3268 2781 3322; x_wconf 86' lang='lat' dir='ltr'><strong>hac</strong></span> <span class='ocrx_word' id='word_1_534' title='bbox 2816 3267 2934 3321; x_wconf 89' lang='lat' dir='ltr'><strong>luce</strong></span> <span class='ocrx_word' id='word_1_535' title='bbox 2967 3267 3346 3337; x_wconf 85' lang='lat' dir='ltr'><strong>migraveriut,</strong></span> <span class='ocrx_word' id='word_1_536' title='bbox 3382 3264 3583 3335; x_wconf 89' lang='lat' dir='ltr'><strong>quandiu</strong></span> <span class='ocrx_word' id='word_1_537' title='bbox 3609 3258 3685 3329; x_wconf 84' lang='lat' dir='ltr'><strong>ipsi</strong></span> 
     </span>
    </p>
   </div>
   <div class='ocr_carea' id='block_1_80' title="bbox 2175 3353 3684 3427">
    <p class='ocr_par' dir='ltr' id='par_1_80' title="bbox 2175 3353 3684 3427">
     <span class='ocr_line' id='line_1_80' title="bbox 2175 3353 3684 3427; baseline -0.006 -16"><span class='ocrx_word' id='word_1_538' title='bbox 2175 3356 2425 3411; x_wconf 86' lang='lat' dir='ltr'><strong>monachi</strong></span> <span class='ocrx_word' id='word_1_539' title='bbox 2461 3357 2604 3411; x_wconf 92' lang='lat' dir='ltr'><strong>inter</strong></span> <span class='ocrx_word' id='word_1_540' title='bbox 2628 3371 2688 3412; x_wconf 85' lang='lat' dir='ltr'><strong>se</strong></span> <span class='ocrx_word' id='word_1_541' title='bbox 2715 3356 2851 3412; x_wconf 90' lang='lat' dir='ltr'><strong>tales</strong></span> <span class='ocrx_word' id='word_1_542' title='bbox 2874 3356 3117 3411; x_wconf 89' lang='lat' dir='ltr'><strong>invenire</strong></span> <span class='ocrx_word' id='word_1_543' title='bbox 3147 3356 3413 3427; x_wconf 89' lang='lat' dir='ltr'><strong>potuerint</strong></span> <span class='ocrx_word' id='word_1_544' title='bbox 3445 3354 3524 3424; x_wconf 87' lang='lat' dir='ltr'><strong>qui</strong></span> <span class='ocrx_word' id='word_1_545' title='bbox 3560 3353 3684 3422; x_wconf 81' lang='lat' dir='ltr'><strong>ipsam</strong></span> 
     </span>
    </p>
   </div>
   <div class='ocr_carea' id='block_1_81' title="bbox 2172 3439 3685 3518">
    <p class='ocr_par' dir='ltr' id='par_1_81' title="bbox 2172 3439 3685 3518">
     <span class='ocr_line' id='line_1_81' title="bbox 2172 3439 3685 3518; baseline -0.005 -17"><span class='ocrx_word' id='word_1_546' title='bbox 2172 3446 2649 3518; x_wconf 84' lang='lat' dir='ltr'><strong>congregationem</strong></span> <span class='ocrx_word' id='word_1_547' title='bbox 2676 3446 2969 3503; x_wconf 87' lang='lat' dir='ltr'><strong>secundum</strong></span> <span class='ocrx_word' id='word_1_548' title='bbox 2999 3448 3250 3517; x_wconf 85' lang='lat' dir='ltr'><strong>regulam</strong></span> <span class='ocrx_word' id='word_1_549' title='bbox 3278 3445 3442 3503; x_wconf 87' lang='lat' dir='ltr'><strong>sancti</strong></span> <span class='ocrx_word' id='word_1_550' title='bbox 3472 3439 3685 3500; x_wconf 84' lang='lat' dir='ltr'><strong>Benedicti</strong></span> 
     </span>
    </p>
   </div>
   <div class='ocr_carea' id='block_1_82' title="bbox 2178 3537 3685 3610">
    <p class='ocr_par' dir='ltr' id='par_1_82' title="bbox 2178 3537 3685 3610">
     <span class='ocr_line' id='line_1_82' title="bbox 2178 3537 3685 3610; baseline -0.007 -16"><span class='ocrx_word' id='word_1_551' title='bbox 2178 3552 2365 3610; x_wconf 86' lang='lat' dir='ltr'><strong>regere</strong></span> <span class='ocrx_word' id='word_1_552' title='bbox 2399 3538 2637 3604; x_wconf 90' lang='lat' dir='ltr'><strong>valeant,</strong></span> <span class='ocrx_word' id='word_1_553' title='bbox 2678 3552 2776 3608; x_wconf 91' lang='lat' dir='ltr'><strong>per</strong></span> <span class='ocrx_word' id='word_1_554' title='bbox 2823 3539 2962 3593; x_wconf 90' lang='lat' dir='ltr'><strong>hanc</strong></span> <span class='ocrx_word' id='word_1_555' title='bbox 3001 3547 3254 3594; x_wconf 87' lang='lat' dir='ltr'><strong>nostram</strong></span> <span class='ocrx_word' id='word_1_556' title='bbox 3295 3537 3622 3593; x_wconf 81' lang='lat' dir='ltr'><strong>auctoritatem</strong></span> <span class='ocrx_word' id='word_1_557' title='bbox 3646 3538 3685 3584; x_wconf 84' lang='lat' dir='ltr'><strong>et</strong></span> 
     </span>
    </p>
   </div>
   <div class='ocr_carea' id='block_1_83' title="bbox 2177 3627 3685 3701">
    <p class='ocr_par' dir='ltr' id='par_1_83' title="bbox 2177 3627 3685 3701">
     <span class='ocr_line' id='line_1_83' title="bbox 2177 3627 3685 3701; baseline -0.007 -16"><span class='ocrx_word' id='word_1_558' title='bbox 2177 3643 2502 3685; x_wconf 83' lang='lat' dir='ltr'><strong>consensum</strong></span> <span class='ocrx_word' id='word_1_559' title='bbox 2527 3627 2801 3684; x_wconf 91' lang='lat' dir='ltr'><strong>licentiam</strong></span> <span class='ocrx_word' id='word_1_560' title='bbox 2834 3628 3070 3685; x_wconf 87' lang='lat' dir='ltr'><strong>habeant</strong></span> <span class='ocrx_word' id='word_1_561' title='bbox 3095 3629 3333 3701; x_wconf 90' lang='lat' dir='ltr'><strong>eligendi</strong></span> <span class='ocrx_word' id='word_1_562' title='bbox 3356 3627 3572 3690; x_wconf 86' lang='lat' dir='ltr'><strong>abbates,</strong></span> <span class='ocrx_word' id='word_1_563' title='bbox 3590 3635 3685 3693; x_wconf 82' lang='lat' dir='ltr'><strong>qua-</strong></span> 
     </span>
    </p>
   </div>
   <div class='ocr_carea' id='block_1_84' title="bbox 2178 3717 3683 3791">
    <p class='ocr_par' dir='ltr' id='par_1_84' title="bbox 2178 3717 3683 3791">
     <span class='ocr_line' id='line_1_84' title="bbox 2178 3717 3683 3791; baseline -0.006 -18"><span class='ocrx_word' id='word_1_564' title='bbox 2178 3727 2337 3776; x_wconf 90' lang='lat' dir='ltr'><strong>tenus</strong></span> <span class='ocrx_word' id='word_1_565' title='bbox 2364 3718 2509 3790; x_wconf 87' lang='lat' dir='ltr'><strong>ipsos</strong></span> <span class='ocrx_word' id='word_1_566' title='bbox 2545 3720 2843 3776; x_wconf 88' lang='lat' dir='ltr'><strong>monachos</strong></span> <span class='ocrx_word' id='word_1_567' title='bbox 2881 3720 2973 3791; x_wconf 89' lang='lat' dir='ltr'><strong>qui</strong></span> <span class='ocrx_word' id='word_1_568' title='bbox 3013 3720 3221 3776; x_wconf 87' lang='lat' dir='ltr'><strong>ibidem</strong></span> <span class='ocrx_word' id='word_1_569' title='bbox 3255 3721 3365 3776; x_wconf 91' lang='lat' dir='ltr'><strong>Deo</strong></span> <span class='ocrx_word' id='word_1_570' title='bbox 3402 3717 3683 3775; x_wconf 82' lang='lat' dir='ltr'><strong>famulantur,</strong></span> 
     </span>
    </p>
   </div>
   <div class='ocr_carea' id='block_1_85' title="bbox 2174 3800 3686 3880">
    <p class='ocr_par' dir='ltr' id='par_1_85' title="bbox 2174 3800 3686 3880">
     <span class='ocr_line' id='line_1_85' title="bbox 2174 3800 3686 3880; baseline -0.003 -17"><span class='ocrx_word' id='word_1_571' title='bbox 2174 3823 2277 3878; x_wconf 91' lang='lat' dir='ltr'><strong>pro</strong></span> <span class='ocrx_word' id='word_1_572' title='bbox 2305 3809 2461 3864; x_wconf 91' lang='lat' dir='ltr'><strong>nobis</strong></span> <span class='ocrx_word' id='word_1_573' title='bbox 2488 3815 2542 3863; x_wconf 90' lang='lat' dir='ltr'><strong>et</strong></span> <span class='ocrx_word' id='word_1_574' title='bbox 2571 3808 2797 3880; x_wconf 88' lang='lat' dir='ltr'><strong>conjuge</strong></span> <span class='ocrx_word' id='word_1_575' title='bbox 2828 3809 3086 3879; x_wconf 90' lang='lat' dir='ltr'><strong>proleque</strong></span> <span class='ocrx_word' id='word_1_576' title='bbox 3115 3818 3327 3875; x_wconf 90' lang='lat' dir='ltr'><strong>nostra,</strong></span> <span class='ocrx_word' id='word_1_577' title='bbox 3356 3818 3504 3879; x_wconf 88' lang='lat' dir='ltr'><strong>atque</strong></span> <span class='ocrx_word' id='word_1_578' title='bbox 3535 3800 3686 3861; x_wconf 82' lang='lat' dir='ltr'><strong>stabili-</strong></span> 
     </span>
    </p>
   </div>
   <div class='ocr_carea' id='block_1_86' title="bbox 2181 3892 3686 3968">
    <p class='ocr_par' dir='ltr' id='par_1_86' title="bbox 2181 3892 3686 3968">
     <span class='ocr_line' id='line_1_86' title="bbox 2181 3892 3686 3968; baseline -0.005 -13"><span class='ocrx_word' id='word_1_579' title='bbox 2181 3906 2290 3955; x_wconf 87' lang='lat' dir='ltr'><strong>tate</strong></span> <span class='ocrx_word' id='word_1_580' title='bbox 2313 3899 2479 3953; x_wconf 90' lang='lat' dir='ltr'><strong>totius</strong></span> <span class='ocrx_word' id='word_1_581' title='bbox 2505 3898 2715 3968; x_wconf 89' lang='lat' dir='ltr'><strong>imperii</strong></span> <span class='ocrx_word' id='word_1_582' title='bbox 2743 3900 2913 3955; x_wconf 89' lang='lat' dir='ltr'><strong>nostri</strong></span> <span class='ocrx_word' id='word_1_583' title='bbox 2944 3915 2975 3953; x_wconf 92' lang='lat' dir='ltr'><strong>a</strong></span> <span class='ocrx_word' id='word_1_584' title='bbox 3005 3900 3116 3954; x_wconf 90' lang='lat' dir='ltr'><strong>Deo</strong></span> <span class='ocrx_word' id='word_1_585' title='bbox 3150 3900 3308 3955; x_wconf 89' lang='lat' dir='ltr'><strong>nobis</strong></span> <span class='ocrx_word' id='word_1_586' title='bbox 3328 3894 3565 3958; x_wconf 87' lang='lat' dir='ltr'><strong>concessi,</strong></span> <span class='ocrx_word' id='word_1_587' title='bbox 3583 3892 3686 3961; x_wconf 70' lang='lat' dir='ltr'><strong>ejus-</strong></span> 
     </span>
    </p>
   </div>
   <div class='ocr_carea' id='block_1_87' title="bbox 2179 3989 3685 4063">
    <p class='ocr_par' dir='ltr' id='par_1_87' title="bbox 2179 3989 3685 4063">
     <span class='ocr_line' id='line_1_87' title="bbox 2179 3989 3685 4063; baseline -0.003 -19"><span class='ocrx_word' id='word_1_588' title='bbox 2179 4004 2283 4059; x_wconf 91' lang='lat' dir='ltr'><strong>que</strong></span> <span class='ocrx_word' id='word_1_589' title='bbox 2309 3989 2730 4045; x_wconf 89' lang='lat' dir='ltr'><strong>clementissima</strong></span> <span class='ocrx_word' id='word_1_590' title='bbox 2761 3991 3109 4046; x_wconf 88' lang='lat' dir='ltr'><strong>miseratione</strong></span> <span class='ocrx_word' id='word_1_591' title='bbox 3140 4008 3242 4063; x_wconf 88' lang='lat' dir='ltr'><strong>per</strong></span> <span class='ocrx_word' id='word_1_592' title='bbox 3274 3992 3567 4047; x_wconf 90' lang='lat' dir='ltr'><strong>immensum</strong></span> <span class='ocrx_word' id='word_1_593' title='bbox 3595 3997 3685 4039; x_wconf 81' lang='lat' dir='ltr'><strong>con-</strong></span> 
     </span>
    </p>
   </div>
   <div class='ocr_carea' id='block_1_88' title="bbox 2180 4079 3686 4152">
    <p class='ocr_par' dir='ltr' id='par_1_88' title="bbox 2180 4079 3686 4152">
     <span class='ocr_line' id='line_1_88' title="bbox 2180 4079 3686 4152; baseline -0.004 -17"><span class='ocrx_word' id='word_1_594' title='bbox 2180 4081 2453 4146; x_wconf 90' lang='lat' dir='ltr'><strong>servandi,</strong></span> <span class='ocrx_word' id='word_1_595' title='bbox 2476 4079 2687 4135; x_wconf 85' lang='lat' dir='ltr'><strong>Domini</strong></span> <span class='ocrx_word' id='word_1_596' title='bbox 2711 4081 3029 4136; x_wconf 90' lang='lat' dir='ltr'><strong>immensam</strong></span> <span class='ocrx_word' id='word_1_597' title='bbox 3050 4081 3394 4138; x_wconf 88' lang='lat' dir='ltr'><strong>clementiam</strong></span> <span class='ocrx_word' id='word_1_598' title='bbox 3411 4080 3686 4152; x_wconf 77' lang='lat' dir='ltr'><strong>jugiterexo-</strong></span> 
     </span>
    </p>
   </div>
   <div class='ocr_carea' id='block_1_89' title="bbox 2181 4165 3686 4243">
    <p class='ocr_par' dir='ltr' id='par_1_89' title="bbox 2181 4165 3686 4243">
     <span class='ocr_line' id='line_1_89' title="bbox 2181 4165 3686 4243; baseline -0.008 -14"><span class='ocrx_word' id='word_1_599' title='bbox 2181 4190 2304 4230; x_wconf 86' lang='lat' dir='ltr'><strong>rare</strong></span> <span class='ocrx_word' id='word_1_600' title='bbox 2328 4174 2572 4229; x_wconf 87' lang='lat' dir='ltr'><strong>delectet.</strong></span> <span class='ocrx_word' id='word_1_601' title='bbox 2622 4171 2775 4227; x_wconf 82' lang='lat' dir='ltr'><strong>Hanc</strong></span> <span class='ocrx_word' id='word_1_602' title='bbox 2806 4174 2989 4243; x_wconf 88' lang='lat' dir='ltr'><strong>itaque</strong></span> <span class='ocrx_word' id='word_1_603' title='bbox 3024 4176 3422 4240; x_wconf 63' lang='lat' dir='ltr'><strong>auctaitatem,</strong></span> <span class='ocrx_word' id='word_1_604' title='bbox 3449 4181 3501 4226; x_wconf 92' lang='lat' dir='ltr'><strong>ut</strong></span> <span class='ocrx_word' id='word_1_605' title='bbox 3533 4165 3686 4240; x_wconf 89' lang='lat' dir='ltr'><strong>plenio-</strong></span> 
     </span>
    </p>
   </div>
   <div class='ocr_carea' id='block_1_90' title="bbox 2181 4257 3687 4336">
    <p class='ocr_par' dir='ltr' id='par_1_90' title="bbox 2181 4257 3687 4336">
     <span class='ocr_line' id='line_1_90' title="bbox 2181 4257 3687 4336; baseline -0.005 -17"><span class='ocrx_word' id='word_1_606' title='bbox 2181 4280 2294 4319; x_wconf 91' lang='lat' dir='ltr'><strong>rem</strong></span> <span class='ocrx_word' id='word_1_607' title='bbox 2335 4265 2387 4318; x_wconf 92' lang='lat' dir='ltr'><strong>in</strong></span> <span class='ocrx_word' id='word_1_608' title='bbox 2417 4263 2510 4317; x_wconf 89' lang='lat' dir='ltr'><strong>Dei</strong></span> <span class='ocrx_word' id='word_1_609' title='bbox 2543 4264 2759 4319; x_wconf 89' lang='lat' dir='ltr'><strong>nomine</strong></span> <span class='ocrx_word' id='word_1_610' title='bbox 2796 4263 3037 4319; x_wconf 90' lang='lat' dir='ltr'><strong>obtineat</strong></span> <span class='ocrx_word' id='word_1_611' title='bbox 3063 4265 3307 4336; x_wconf 87' lang='lat' dir='ltr'><strong>vigorem</strong></span> <span class='ocrx_word' id='word_1_612' title='bbox 3344 4272 3397 4320; x_wconf 89' lang='lat' dir='ltr'><strong>et</strong></span> <span class='ocrx_word' id='word_1_613' title='bbox 3434 4279 3464 4318; x_wconf 88' lang='lat' dir='ltr'><strong>a</strong></span> <span class='ocrx_word' id='word_1_614' title='bbox 3500 4257 3687 4317; x_wconf 84' lang='lat' dir='ltr'><strong>ﬁdelibus</strong></span> 
     </span>
    </p>
   </div>
   <div class='ocr_carea' id='block_1_91' title="bbox 498 4347 3685 4448">
    <p class='ocr_par' dir='ltr' id='par_1_91' title="bbox 498 4347 3685 4448">
     <span class='ocr_line' id='line_1_91' title="bbox 498 4347 3685 4448; baseline 0 -46"><span class='ocrx_word' id='word_1_615' title='bbox 498 4347 663 4402; x_wconf 89' lang='lat' dir='ltr'><strong>situm</strong></span> <span class='ocrx_word' id='word_1_616' title='bbox 694 4348 746 4400; x_wconf 91' lang='lat' dir='ltr'><strong>in</strong></span> <span class='ocrx_word' id='word_1_617' title='bbox 777 4349 1049 4404; x_wconf 87' lang='lat' dir='ltr'><strong>territorio</strong></span> <span class='ocrx_word' id='word_1_618' title='bbox 1077 4350 1435 4406; x_wconf 86' lang='lat' dir='ltr'><strong>Carcassensc</strong></span> <span class='ocrx_word' id='word_1_619' title='bbox 1460 4367 1624 4422; x_wconf 90' lang='lat' dir='ltr'><strong>super</strong></span> <span class='ocrx_word' id='word_1_620' title='bbox 1650 4353 1869 4409; x_wconf 84' lang='lat' dir='ltr'><strong>ﬂuvium</strong></span> <span class='ocrx_word' id='word_1_621' title='bbox 1900 4355 2074 4411; x_wconf 89' lang='lat' dir='ltr'><strong>Dura-</strong></span> <span class='ocrx_word' id='word_1_622' title='bbox 2103 4389 2156 4448; x_wconf 71' lang='grc' dir='ltr'><strong><em>Β</em></strong></span> <span class='ocrx_word' id='word_1_623' title='bbox 2181 4364 2380 4411; x_wconf 61' lang='lat' dir='ltr'><strong>sancta;</strong></span> <span class='ocrx_word' id='word_1_624' title='bbox 2403 4356 2497 4410; x_wconf 92' lang='lat' dir='ltr'><strong>Dei</strong></span> <span class='ocrx_word' id='word_1_625' title='bbox 2523 4356 2777 4410; x_wconf 69' lang='lat' dir='ltr'><strong>Ecclesiae</strong></span> <span class='ocrx_word' id='word_1_626' title='bbox 2799 4365 2854 4411; x_wconf 91' lang='lat' dir='ltr'><strong>et</strong></span> <span class='ocrx_word' id='word_1_627' title='bbox 2875 4358 3074 4412; x_wconf 88' lang='lat' dir='ltr'><strong>nostris</strong></span> <span class='ocrx_word' id='word_1_628' title='bbox 3099 4360 3283 4415; x_wconf 88' lang='lat' dir='ltr'><strong>verius</strong></span> <span class='ocrx_word' id='word_1_629' title='bbox 3316 4359 3541 4414; x_wconf 87' lang='lat' dir='ltr'><strong>credatur</strong></span> <span class='ocrx_word' id='word_1_630' title='bbox 3567 4360 3611 4407; x_wconf 90' lang='lat' dir='ltr'><strong>et</strong></span> <span class='ocrx_word' id='word_1_631' title='bbox 3630 4348 3685 4403; x_wconf 80' lang='lat' dir='ltr'><strong>di-</strong></span> 
     </span>
    </p>
   </div>
   <div class='ocr_carea' id='block_1_92' title="bbox 499 4443 2076 4519">
    <p class='ocr_par' dir='ltr' id='par_1_92' title="bbox 499 4443 2076 4519">
     <span class='ocr_line' id='line_1_92' title="bbox 499 4443 2076 4519; baseline 0.007 -27"><span class='ocrx_word' id='word_1_632' title='bbox 499 4453 649 4504; x_wconf 91' lang='lat' dir='ltr'><strong>num,</strong></span> <span class='ocrx_word' id='word_1_633' title='bbox 681 4446 1050 4496; x_wconf 90' lang='lat' dir='ltr'><strong>constructum</strong></span> <span class='ocrx_word' id='word_1_634' title='bbox 1088 4443 1143 4498; x_wconf 91' lang='lat' dir='ltr'><strong>in</strong></span> <span class='ocrx_word' id='word_1_635' title='bbox 1184 4444 1387 4500; x_wconf 90' lang='lat' dir='ltr'><strong>honore</strong></span> <span class='ocrx_word' id='word_1_636' title='bbox 1419 4446 1589 4501; x_wconf 88' lang='lat' dir='ltr'><strong>sancti</strong></span> <span class='ocrx_word' id='word_1_637' title='bbox 1627 4445 1851 4502; x_wconf 82' lang='lat' dir='ltr'><strong>Joannis</strong></span> <span class='ocrx_word' id='word_1_638' title='bbox 1895 4449 2076 4519; x_wconf 88' lang='lat' dir='ltr'><strong>Bapti-</strong></span> 
     </span>
    </p>
   </div>
   <div class='ocr_carea' id='block_1_93' title="bbox 500 4529 2077 4606">
    <p class='ocr_par' dir='ltr' id='par_1_93' title="bbox 500 4529 2077 4606">
     <span class='ocr_line' id='line_1_93' title="bbox 500 4529 2077 4606; baseline 0.006 -23"><span class='ocrx_word' id='word_1_639' title='bbox 500 4537 618 4593; x_wconf 74' lang='lat' dir='ltr'><strong>stae,</strong></span> <span class='ocrx_word' id='word_1_640' title='bbox 657 4529 851 4585; x_wconf 90' lang='lat' dir='ltr'><strong>obtulit</strong></span> <span class='ocrx_word' id='word_1_641' title='bbox 885 4532 1161 4589; x_wconf 90' lang='lat' dir='ltr'><strong>obtutibus</strong></span> <span class='ocrx_word' id='word_1_642' title='bbox 1202 4537 1405 4591; x_wconf 89' lang='lat' dir='ltr'><strong>nostris</strong></span> <span class='ocrx_word' id='word_1_643' title='bbox 1447 4536 1734 4606; x_wconf 88' lang='lat' dir='ltr'><strong>quamdam</strong></span> <span class='ocrx_word' id='word_1_644' title='bbox 1783 4539 2077 4599; x_wconf 38' lang='lat' dir='ltr'><strong>auctoritat-</strong></span> 
     </span>
    </p>
   </div>
   <div class='ocr_carea' id='block_1_94' title="bbox 500 4621 2081 4700">
    <p class='ocr_par' dir='ltr' id='par_1_94' title="bbox 500 4621 2081 4700">
     <span class='ocr_line' id='line_1_94' title="bbox 500 4621 2081 4700; baseline 0.007 -26"><span class='ocrx_word' id='word_1_645' title='bbox 500 4629 611 4675; x_wconf 87' lang='lat' dir='ltr'><strong>tem</strong></span> <span class='ocrx_word' id='word_1_646' title='bbox 642 4621 842 4675; x_wconf 89' lang='lat' dir='ltr'><strong>domini</strong></span> <span class='ocrx_word' id='word_1_647' title='bbox 872 4630 926 4677; x_wconf 91' lang='lat' dir='ltr'><strong>et</strong></span> <span class='ocrx_word' id='word_1_648' title='bbox 961 4624 1221 4694; x_wconf 83' lang='lat' dir='ltr'><strong>genitoris</strong></span> <span class='ocrx_word' id='word_1_649' title='bbox 1254 4628 1424 4683; x_wconf 88' lang='lat' dir='ltr'><strong>nostri</strong></span> <span class='ocrx_word' id='word_1_650' title='bbox 1463 4628 1640 4685; x_wconf 89' lang='lat' dir='ltr'><strong>Caroli</strong></span> <span class='ocrx_word' id='word_1_651' title='bbox 1686 4629 1784 4700; x_wconf 71' lang='lat' dir='ltr'><strong>pia.-</strong></span> <span class='ocrx_word' id='word_1_652' title='bbox 1835 4631 2081 4685; x_wconf 86' lang='lat' dir='ltr'><strong>recorda-</strong></span> 
     </span>
    </p>
   </div>
   <div class='ocr_carea' id='block_1_95' title="bbox 502 4710 2077 4787">
    <p class='ocr_par' dir='ltr' id='par_1_95' title="bbox 502 4710 2077 4787">
     <span class='ocr_line' id='line_1_95' title="bbox 502 4710 2077 4787; baseline 0.006 -23"><span class='ocrx_word' id='word_1_653' title='bbox 502 4710 663 4765; x_wconf 86' lang='lat' dir='ltr'><strong>tionis</strong></span> <span class='ocrx_word' id='word_1_654' title='bbox 706 4712 1037 4768; x_wconf 84' lang='lat' dir='ltr'><strong>serenissimi</strong></span> <span class='ocrx_word' id='word_1_655' title='bbox 1082 4714 1349 4785; x_wconf 81' lang='lat' dir='ltr'><strong>Augusti,</strong></span> <span class='ocrx_word' id='word_1_656' title='bbox 1398 4718 1453 4774; x_wconf 89' lang='lat' dir='ltr'><strong>in</strong></span> <span class='ocrx_word' id='word_1_657' title='bbox 1498 4734 1605 4787; x_wconf 91' lang='lat' dir='ltr'><strong>qua</strong></span> <span class='ocrx_word' id='word_1_658' title='bbox 1648 4728 1767 4773; x_wconf 90' lang='lat' dir='ltr'><strong>erat</strong></span> <span class='ocrx_word' id='word_1_659' title='bbox 1816 4720 2077 4775; x_wconf 87' lang='lat' dir='ltr'><strong>insertum</strong></span> 
     </span>
    </p>
   </div>
   <div class='ocr_carea' id='block_1_96' title="bbox 500 4799 2077 4875">
    <p class='ocr_par' dir='ltr' id='par_1_96' title="bbox 500 4799 2077 4875">
     <span class='ocr_line' id='line_1_96' title="bbox 500 4799 2077 4875; baseline 0.008 -24"><span class='ocrx_word' id='word_1_660' title='bbox 500 4799 729 4867; x_wconf 81' lang='lat' dir='ltr'><strong>qualiter</strong></span> <span class='ocrx_word' id='word_1_661' title='bbox 761 4801 901 4856; x_wconf 90' lang='lat' dir='ltr'><strong>idem</strong></span> <span class='ocrx_word' id='word_1_662' title='bbox 930 4801 1261 4860; x_wconf 86' lang='lat' dir='ltr'><strong>Olomundus</strong></span> <span class='ocrx_word' id='word_1_663' title='bbox 1282 4806 1456 4875; x_wconf 87' lang='lat' dir='ltr'><strong>ipsum</strong></span> <span class='ocrx_word' id='word_1_664' title='bbox 1479 4810 1864 4862; x_wconf 80' lang='lat' dir='ltr'><strong>monasterium</strong></span> <span class='ocrx_word' id='word_1_665' title='bbox 1886 4824 1916 4863; x_wconf 92' lang='lat' dir='ltr'><strong>a</strong></span> <span class='ocrx_word' id='word_1_666' title='bbox 1938 4824 2077 4864; x_wconf 90' lang='lat' dir='ltr'><strong>novo</strong></span> 
     </span>
    </p>
   </div>
   <div class='ocr_carea' id='block_1_97' title="bbox 501 4891 2077 4966">
    <p class='ocr_par' dir='ltr' id='par_1_97' title="bbox 501 4891 2077 4966">
     <span class='ocr_line' id='line_1_97' title="bbox 501 4891 2077 4966; baseline 0.008 -23"><span class='ocrx_word' id='word_1_667' title='bbox 501 4891 898 4946; x_wconf 73' lang='lat' dir='ltr'><strong>construxisset</strong></span> <span class='ocrx_word' id='word_1_668' title='bbox 922 4907 1103 4961; x_wconf 90' lang='lat' dir='ltr'><strong>opere,</strong></span> <span class='ocrx_word' id='word_1_669' title='bbox 1127 4902 1182 4948; x_wconf 92' lang='lat' dir='ltr'><strong>et</strong></span> <span class='ocrx_word' id='word_1_670' title='bbox 1210 4904 1428 4966; x_wconf 88' lang='lat' dir='ltr'><strong>propter</strong></span> <span class='ocrx_word' id='word_1_671' title='bbox 1455 4896 1570 4965; x_wconf 90' lang='lat' dir='ltr'><strong>ejus</strong></span> <span class='ocrx_word' id='word_1_672' title='bbox 1596 4898 1959 4955; x_wconf 84' lang='lat' dir='ltr'><strong>defensionem</strong></span> <span class='ocrx_word' id='word_1_673' title='bbox 1989 4901 2077 4956; x_wconf 91' lang='lat' dir='ltr'><strong>vel</strong></span> 
     </span>
    </p>
   </div>
   <div class='ocr_carea' id='block_1_98' title="bbox 499 4985 2074 5051">
    <p class='ocr_par' dir='ltr' id='par_1_98' title="bbox 499 4985 2074 5051">
     <span class='ocr_line' id='line_1_98' title="bbox 499 4985 2074 5051; baseline 0.01 -18"><span class='ocrx_word' id='word_1_674' title='bbox 499 4989 719 5050; x_wconf 87' lang='lat' dir='ltr'><strong>propter</strong></span> <span class='ocrx_word' id='word_1_675' title='bbox 742 4997 1026 5051; x_wconf 88' lang='lat' dir='ltr'><strong>pravorum</strong></span> <span class='ocrx_word' id='word_1_676' title='bbox 1058 4985 1332 5040; x_wconf 87' lang='lat' dir='ltr'><strong>hominum</strong></span> <span class='ocrx_word' id='word_1_677' title='bbox 1362 4988 1578 5044; x_wconf 85' lang='lat' dir='ltr'><strong>illicitas</strong></span> <span class='ocrx_word' id='word_1_678' title='bbox 1613 4988 1983 5047; x_wconf 85' lang='lat' dir='ltr'><strong>infestationes</strong></span> <span class='ocrx_word' id='word_1_679' title='bbox 2020 4993 2074 5048; x_wconf 92' lang='lat' dir='ltr'><strong>in</strong></span> 
     </span>
    </p>
   </div>
   <div class='ocr_carea' id='block_1_99' title="bbox 501 5069 2074 5146">
    <p class='ocr_par' dir='ltr' id='par_1_99' title="bbox 501 5069 2074 5146">
     <span class='ocr_line' id='line_1_99' title="bbox 501 5069 2074 5146; baseline 0.008 -22"><span class='ocrx_word' id='word_1_680' title='bbox 501 5085 659 5124; x_wconf 86' lang='lat' dir='ltr'><strong>manu</strong></span> <span class='ocrx_word' id='word_1_681' title='bbox 700 5069 938 5139; x_wconf 88' lang='lat' dir='ltr'><strong>ejusdem</strong></span> <span class='ocrx_word' id='word_1_682' title='bbox 974 5076 1176 5129; x_wconf 89' lang='lat' dir='ltr'><strong>domini</strong></span> <span class='ocrx_word' id='word_1_683' title='bbox 1214 5076 1555 5146; x_wconf 88' lang='lat' dir='ltr'><strong>imperatoris</strong></span> <span class='ocrx_word' id='word_1_684' title='bbox 1589 5096 1694 5134; x_wconf 90' lang='lat' dir='ltr'><strong>una</strong></span> <span class='ocrx_word' id='word_1_685' title='bbox 1732 5097 1854 5136; x_wconf 91' lang='lat' dir='ltr'><strong>cum</strong></span> <span class='ocrx_word' id='word_1_686' title='bbox 1886 5098 2074 5138; x_wconf 91' lang='lat' dir='ltr'><strong>mona-</strong></span> 
     </span>
    </p>
   </div>
   <div class='ocr_carea' id='block_1_100' title="bbox 500 5158 2073 5240">
    <p class='ocr_par' dir='ltr' id='par_1_100' title="bbox 500 5158 2073 5240">
     <span class='ocr_line' id='line_1_100' title="bbox 500 5158 2073 5240; baseline 0.011 -30"><span class='ocrx_word' id='word_1_687' title='bbox 500 5158 617 5213; x_wconf 79' lang='lat' dir='ltr'><strong>chis</strong></span> <span class='ocrx_word' id='word_1_688' title='bbox 646 5160 717 5214; x_wconf 91' lang='lat' dir='ltr'><strong>ibi</strong></span> <span class='ocrx_word' id='word_1_689' title='bbox 748 5161 1063 5233; x_wconf 85' lang='lat' dir='ltr'><strong>degentibus</strong></span> <span class='ocrx_word' id='word_1_690' title='bbox 1090 5180 1148 5220; x_wconf 87' lang='lat' dir='ltr'><strong>se</strong></span> <span class='ocrx_word' id='word_1_691' title='bbox 1170 5169 1586 5233; x_wconf 84' lang='lat' dir='ltr'><strong>commendavit,</strong></span> <span class='ocrx_word' id='word_1_692' title='bbox 1618 5179 1677 5223; x_wconf 87' lang='lat' dir='ltr'><strong>ut</strong></span> <span class='ocrx_word' id='word_1_693' title='bbox 1698 5170 1798 5225; x_wconf 92' lang='lat' dir='ltr'><strong>sub</strong></span> <span class='ocrx_word' id='word_1_694' title='bbox 1822 5171 1939 5240; x_wconf 87' lang='lat' dir='ltr'><strong>ejus</strong></span> <span class='ocrx_word' id='word_1_695' title='bbox 1968 5175 2073 5228; x_wconf 85' lang='lat' dir='ltr'><strong>tui-</strong></span> 
     </span>
    </p>
   </div>
   <div class='ocr_carea' id='block_1_101' title="bbox 568 5300 2073 5378">
    <p class='ocr_par' dir='ltr' id='par_1_101' title="bbox 568 5300 2073 5378">
     <span class='ocr_line' id='line_1_101' title="bbox 568 5300 2073 5378; baseline 0.009 -24"><span class='ocrx_word' id='word_1_696' title='bbox 568 5311 596 5340; x_wconf 74' lang='grc' dir='ltr'><strong>ι</strong></span> <span class='ocrx_word' id='word_1_697' title='bbox 635 5300 771 5356; x_wconf 84' lang='lat' dir='ltr'><strong>Male</strong></span> <span class='ocrx_word' id='word_1_698' title='bbox 808 5305 949 5378; x_wconf 83' lang='lat' dir='ltr'><strong>apud</strong></span> <span class='ocrx_word' id='word_1_699' title='bbox 979 5304 1233 5359; x_wconf 90' lang='lat' dir='ltr'><strong>domnum</strong></span> <span class='ocrx_word' id='word_1_700' title='bbox 1265 5305 1569 5370; x_wconf 81' lang='lat' dir='ltr'><strong>EstiennOt,</strong></span> <span class='ocrx_word' id='word_1_701' title='bbox 1610 5307 1893 5364; x_wconf 80' lang='lat' dir='ltr'><strong>indictione</strong></span> <span class='ocrx_word' id='word_1_702' title='bbox 1926 5310 1985 5378; x_wconf 88' lang='lat'><strong>8,</strong></span> <span class='ocrx_word' id='word_1_703' title='bbox 2020 5313 2073 5368; x_wconf 89' lang='lat' dir='ltr'><strong>in</strong></span> 
     </span>
    </p>
   </div>
   <div class='ocr_carea' id='block_1_102' title="bbox 500 5375 1593 5443">
    <p class='ocr_par' dir='ltr' id='par_1_102' title="bbox 500 5375 1593 5443">
     <span class='ocr_line' id='line_1_102' title="bbox 500 5375 1593 5443; baseline 0.005 -20"><span class='ocrx_word' id='word_1_704' title='bbox 500 5384 607 5443; x_wconf 84' lang='lat' dir='ltr'><strong>quo</strong></span> <span class='ocrx_word' id='word_1_705' title='bbox 628 5386 769 5443; x_wconf 70' lang='lat' dir='ltr'><strong>saepe</strong></span> <span class='ocrx_word' id='word_1_706' title='bbox 792 5375 987 5443; x_wconf 71' lang='lat' dir='ltr'><strong>szepius</strong></span> <span class='ocrx_word' id='word_1_707' title='bbox 1006 5384 1190 5429; x_wconf 86' lang='lat' dir='ltr'><strong>errant</strong></span> <span class='ocrx_word' id='word_1_708' title='bbox 1219 5390 1593 5430; x_wconf 87' lang='lat' dir='ltr'><strong>amanuenses.</strong></span> 
     </span>
    </p>
   </div>
   <div class='ocr_carea' id='block_1_103' title="bbox 572 5441 2075 5514">
    <p class='ocr_par' dir='ltr' id='par_1_103' title="bbox 572 5441 2075 5514">
     <span class='ocr_line' id='line_1_103' title="bbox 572 5441 2075 5514; baseline 0.008 -21"><span class='ocrx_word' id='word_1_709' title='bbox 572 5441 601 5514; x_wconf 55' lang='grc' dir='ltr'><strong>ἓξ</strong></span> <span class='ocrx_word' id='word_1_710' title='bbox 638 5441 979 5499; x_wconf 80' lang='lat' dir='ltr'><strong>Mabillonius</strong></span> <span class='ocrx_word' id='word_1_711' title='bbox 1006 5456 1061 5498; x_wconf 89' lang='lat' dir='ltr'><strong>et</strong></span> <span class='ocrx_word' id='word_1_712' title='bbox 1089 5444 1339 5500; x_wconf 84' lang='lat' dir='ltr'><strong>Baluzius</strong></span> <span class='ocrx_word' id='word_1_713' title='bbox 1372 5445 1499 5499; x_wconf 83' lang='lat' dir='ltr'><strong>illud</strong></span> <span class='ocrx_word' id='word_1_714' title='bbox 1525 5445 1756 5514; x_wconf 88' lang='lat' dir='ltr'><strong>diploma</strong></span> <span class='ocrx_word' id='word_1_715' title='bbox 1782 5463 1902 5503; x_wconf 90' lang='lat' dir='ltr'><strong>cum</strong></span> <span class='ocrx_word' id='word_1_716' title='bbox 1934 5465 2075 5504; x_wconf 90' lang='lat' dir='ltr'><strong>anno</strong></span> 
     </span>
    </p>
   </div>
   <div class='ocr_carea' id='block_1_104' title="bbox 500 5508 2076 5635">
    <p class='ocr_par' dir='ltr' id='par_1_104' title="bbox 500 5508 2076 5635">
     <span class='ocr_line' id='line_1_104' title="bbox 500 5508 2076 5635; baseline 0.007 -72"><span class='ocrx_word' id='word_1_717' title='bbox 500 5508 920 5591; x_wconf 38' lang='lat' dir='ltr'><strong>815.00pulant;</strong></span> <span class='ocrx_word' id='word_1_718' title='bbox 962 5515 1175 5635; x_wconf 53' lang='lat' dir='ltr'><strong>Pagins,</strong></span> <span class='ocrx_word' id='word_1_719' title='bbox 1209 5517 1301 5586; x_wconf 88' lang='lat' dir='ltr'><strong>qui</strong></span> <span class='ocrx_word' id='word_1_720' title='bbox 1335 5523 1519 5569; x_wconf 79' lang='lat' dir='ltr'><strong>censet</strong></span> <span class='ocrx_word' id='word_1_721' title='bbox 1549 5508 1601 5569; x_wconf 77' lang='lat' dir='ltr'><strong>in</strong></span> <span class='ocrx_word' id='word_1_722' title='bbox 1631 5519 1878 5572; x_wconf 88' lang='lat' dir='ltr'><strong>omnibus</strong></span> <span class='ocrx_word' id='word_1_723' title='bbox 1906 5520 2076 5590; x_wconf 85' lang='lat' dir='ltr'><strong>diplo-</strong></span> 
     </span>
     <span class='ocr_line' id='line_1_105' title="bbox 501 5585 2075 5635; baseline 0.004 -6"><span class='ocrx_word' id='word_1_724' title='bbox 501 5590 660 5633; x_wconf 78' lang='lat' dir='ltr'><strong>matts</strong></span> <span class='ocrx_word' id='word_1_725' title='bbox 690 5592 797 5635; x_wconf 88' lang='lat' dir='ltr'><strong>tam</strong></span> <span class='ocrx_word' id='word_1_726' title='bbox 828 5600 856 5635; x_wconf 91' lang='lat' dir='ltr'><strong>a</strong></span> <span class='ocrx_word' id='word_1_727' title='bbox 892 5585 1030 5635; x_wconf 78' lang='lat' dir='ltr'><strong>Caro</strong></span> <span class='ocrx_word' id='word_1_728' title='bbox 1051 5600 1083 5635; x_wconf 89' lang='grc' dir='ltr'>ο</span> <span class='ocrx_word' id='word_1_729' title='bbox 1111 5585 1299 5635; x_wconf 66' lang='lat' dir='ltr'><strong>Magno</strong></span> <span class='ocrx_word' id='word_1_730' title='bbox 1330 5601 1488 5635; x_wconf 84' lang='lat' dir='ltr'><strong>unam</strong></span> <span class='ocrx_word' id='word_1_731' title='bbox 1520 5600 1549 5635; x_wconf 89' lang='lat' dir='ltr'><strong>a</strong></span> <span class='ocrx_word' id='word_1_732' title='bbox 1586 5586 1857 5635; x_wconf 75' lang='lat' dir='ltr'><strong>Ludovico</strong></span> <span class='ocrx_word' id='word_1_733' title='bbox 1888 5588 1985 5635; x_wconf 79' lang='lat' dir='ltr'><strong>Pin</strong></span> <span class='ocrx_word' id='word_1_734' title='bbox 2020 5598 2075 5635; x_wconf 77' lang='grc' dir='ltr'>ρι</span> 
     </span>
    </p>
   </div>
   <div class='ocr_carea' id='block_1_105' title="bbox 501 5585 2075 5655">
    <p class='ocr_par' dir='ltr' id='par_1_105' title="bbox 501 5585 2075 5655">
     <span class='ocr_line' id='line_1_106' title="bbox 501 5585 2075 5655; baseline 0.01 -26"><span class='ocrx_word' id='word_1_735' title='bbox 501 5585 660 5655; x_wconf 63' lang='lat' dir='ltr'><strong>&quot;tatis</strong></span> <span class='ocrx_word' id='word_1_736' title='bbox 690 5592 797 5655; x_wconf 81' lang='lat' dir='ltr'><strong>tam</strong></span> <span class='ocrx_word' id='word_1_737' title='bbox 828 5600 856 5635; x_wconf 92' lang='lat' dir='ltr'><strong>a</strong></span> <span class='ocrx_word' id='word_1_738' title='bbox 892 5585 1083 5655; x_wconf 76' lang='lat' dir='ltr'><strong>Carolo</strong></span> <span class='ocrx_word' id='word_1_739' title='bbox 1111 5585 1299 5655; x_wconf 78' lang='lat' dir='ltr'><strong>Magno</strong></span> <span class='ocrx_word' id='word_1_740' title='bbox 1330 5601 1488 5655; x_wconf 81' lang='lat' dir='ltr'><strong>quam</strong></span> <span class='ocrx_word' id='word_1_741' title='bbox 1520 5600 1549 5638; x_wconf 90' lang='lat' dir='ltr'><strong>a</strong></span> <span class='ocrx_word' id='word_1_742' title='bbox 1586 5586 1857 5641; x_wconf 85' lang='lat' dir='ltr'><strong>Ludovico</strong></span> <span class='ocrx_word' id='word_1_743' title='bbox 1888 5585 1985 5644; x_wconf 80' lang='lat' dir='ltr'><strong>Pio</strong></span> <span class='ocrx_word' id='word_1_744' title='bbox 2020 5598 2075 5644; x_wconf 89' lang='lat' dir='ltr'><strong>et</strong></span> 
     </span>
    </p>
   </div>
   <div class='ocr_carea' id='block_1_106' title="bbox 506 5648 2073 5721">
    <p class='ocr_par' dir='ltr' id='par_1_106' title="bbox 506 5648 2073 5721">
     <span class='ocr_line' id='line_1_107' title="bbox 506 5648 2073 5721; baseline 0.01 -24"><span class='ocrx_word' id='word_1_745' title='bbox 506 5648 573 5699; x_wconf 79' lang='lat' dir='ltr'><strong>ab</strong></span> <span class='ocrx_word' id='word_1_746' title='bbox 602 5651 878 5716; x_wconf 81' lang='lat' dir='ltr'><strong>utriusque</strong></span> <span class='ocrx_word' id='word_1_747' title='bbox 916 5652 1037 5706; x_wconf 88' lang='lat' dir='ltr'><strong>ﬁliis</strong></span> <span class='ocrx_word' id='word_1_748' title='bbox 1070 5648 1469 5721; x_wconf 56' lang='lat' dir='ltr'><strong>ante‘ejusdem</strong></span> <span class='ocrx_word' id='word_1_749' title='bbox 1508 5655 1762 5712; x_wconf 83' lang='lat' dir='ltr'><strong>Ludovici</strong></span> <span class='ocrx_word' id='word_1_750' title='bbox 1802 5657 1882 5712; x_wconf 86' lang='lat' dir='ltr'><strong>Pii</strong></span> <span class='ocrx_word' id='word_1_751' title='bbox 1926 5674 2073 5715; x_wconf 81' lang='lat' dir='ltr'><strong>mor-</strong></span> 
     </span>
    </p>
   </div>
   <div class='ocr_carea' id='block_1_107' title="bbox 2182 4438 3686 4520">
    <p class='ocr_par' dir='ltr' id='par_1_107' title="bbox 2182 4438 3686 4520">
     <span class='ocr_line' id='line_1_108' title="bbox 2182 4438 3686 4520; baseline -0.003 -18"><span class='ocrx_word' id='word_1_752' title='bbox 2182 4447 2433 4518; x_wconf 87' lang='lat' dir='ltr'><strong>ligentius</strong></span> <span class='ocrx_word' id='word_1_753' title='bbox 2471 4456 2841 4514; x_wconf 75' lang='lat' dir='ltr'><strong>conservetur,</strong></span> <span class='ocrx_word' id='word_1_754' title='bbox 2865 4463 3028 4502; x_wconf 90' lang='lat' dir='ltr'><strong>manu</strong></span> <span class='ocrx_word' id='word_1_755' title='bbox 3064 4451 3284 4520; x_wconf 89' lang='lat' dir='ltr'><strong>propria</strong></span> <span class='ocrx_word' id='word_1_756' title='bbox 3331 4438 3686 4507; x_wconf 67' lang='lat' dir='ltr'><strong>subterﬁrmavi-</strong></span> 
     </span>
    </p>
   </div>
   <div class='ocr_carea' id='block_1_108' title="bbox 2181 4536 3632 4609">
    <p class='ocr_par' dir='ltr' id='par_1_108' title="bbox 2181 4536 3632 4609">
     <span class='ocr_line' id='line_1_109' title="bbox 2181 4536 3632 4609; baseline -0.006 -16"><span class='ocrx_word' id='word_1_757' title='bbox 2181 4555 2301 4593; x_wconf 91' lang='lat' dir='ltr'><strong>mus</strong></span> <span class='ocrx_word' id='word_1_758' title='bbox 2323 4548 2379 4593; x_wconf 91' lang='lat' dir='ltr'><strong>et</strong></span> <span class='ocrx_word' id='word_1_759' title='bbox 2405 4537 2586 4591; x_wconf 89' lang='lat' dir='ltr'><strong>annuli</strong></span> <span class='ocrx_word' id='word_1_760' title='bbox 2610 4538 2780 4593; x_wconf 90' lang='lat' dir='ltr'><strong>nostri</strong></span> <span class='ocrx_word' id='word_1_761' title='bbox 2811 4538 3163 4607; x_wconf 82' lang='lat' dir='ltr'><strong>impressione</strong></span> <span class='ocrx_word' id='word_1_762' title='bbox 3188 4536 3632 4609; x_wconf 86' lang='lat' dir='ltr'><strong>signarijussimns.</strong></span> 
     </span>
    </p>
   </div>
   <div class='ocr_carea' id='block_1_109' title="bbox 2253 4629 3495 4701">
    <p class='ocr_par' dir='ltr' id='par_1_109' title="bbox 2253 4629 3495 4701">
     <span class='ocr_line' id='line_1_110' title="bbox 2253 4629 3495 4701; baseline -0.002 -16"><span class='ocrx_word' id='word_1_763' title='bbox 2253 4629 2477 4700; x_wconf 87' lang='lat' dir='ltr'><strong>Signum</strong></span> <span class='ocrx_word' id='word_1_764' title='bbox 2506 4629 2761 4685; x_wconf 87' lang='lat' dir='ltr'><strong>Ludovici</strong></span> <span class='ocrx_word' id='word_1_765' title='bbox 2795 4630 3122 4685; x_wconf 88' lang='lat' dir='ltr'><strong>serenissimi</strong></span> <span class='ocrx_word' id='word_1_766' title='bbox 3148 4630 3495 4701; x_wconf 85' lang='lat' dir='ltr'><strong>imperatoris.</strong></span> 
     </span>
    </p>
   </div>
   <div class='ocr_carea' id='block_1_110' title="bbox 2253 4708 3685 4776">
    <p class='ocr_par' dir='ltr' id='par_1_110' title="bbox 2253 4708 3685 4776">
     <span class='ocr_line' id='line_1_111' title="bbox 2253 4708 3685 4776; baseline -0.004 -3"><span class='ocrx_word' id='word_1_767' title='bbox 2253 4720 2539 4776; x_wconf 87' lang='lat' dir='ltr'><strong>Durandus</strong></span> <span class='ocrx_word' id='word_1_768' title='bbox 2593 4719 2850 4776; x_wconf 89' lang='lat' dir='ltr'><strong>diaconus</strong></span> <span class='ocrx_word' id='word_1_769' title='bbox 2905 4720 2971 4775; x_wconf 89' lang='lat' dir='ltr'><strong>ad</strong></span> <span class='ocrx_word' id='word_1_770' title='bbox 3013 4721 3187 4776; x_wconf 87' lang='lat' dir='ltr'><strong>vicem</strong></span> <span class='ocrx_word' id='word_1_771' title='bbox 3238 4708 3534 4775; x_wconf 83' lang='lat' dir='ltr'><strong>Helisachar</strong></span> <span class='ocrx_word' id='word_1_772' title='bbox 3573 4724 3685 4767; x_wconf 84' lang='lat' dir='ltr'><strong>reco-</strong></span> 
     </span>
    </p>
   </div>
   <div class='ocr_carea' id='block_1_111' title="bbox 2181 4811 2384 4883">
    <p class='ocr_par' dir='ltr' id='par_1_111' title="bbox 2181 4811 2384 4883">
     <span class='ocr_line' id='line_1_112' title="bbox 2181 4811 2384 4883; baseline -0.01 -18"><span class='ocrx_word' id='word_1_773' title='bbox 2181 4811 2384 4883; x_wconf 84' lang='lat' dir='ltr'><strong>gnovit.</strong></span> 
     </span>
    </p>
   </div>
   <div class='ocr_carea' id='block_1_112' title="bbox 2254 4893 3682 4969">
    <p class='ocr_par' dir='ltr' id='par_1_112' title="bbox 2254 4893 3682 4969">
     <span class='ocr_line' id='line_1_113' title="bbox 2254 4893 3682 4969; baseline -0.004 -11"><span class='ocrx_word' id='word_1_774' title='bbox 2254 4903 2389 4958; x_wconf 87' lang='lat' dir='ltr'><strong>Data</strong></span> <span class='ocrx_word' id='word_1_775' title='bbox 2412 4917 2464 4957; x_wconf 85' lang='lat' dir='ltr'><strong>vt</strong></span> <span class='ocrx_word' id='word_1_776' title='bbox 2489 4902 2613 4956; x_wconf 90' lang='lat' dir='ltr'><strong>ldus</strong></span> <span class='ocrx_word' id='word_1_777' title='bbox 2643 4903 2975 4967; x_wconf 90' lang='lat' dir='ltr'><strong>Decembris,</strong></span> <span class='ocrx_word' id='word_1_778' title='bbox 3008 4905 3035 4943; x_wconf 73' lang='grc' dir='ltr'>δ</span> <span class='ocrx_word' id='word_1_779' title='bbox 3066 4918 3227 4968; x_wconf 63' lang='lat' dir='ltr'><strong>anno.</strong></span> <span class='ocrx_word' id='word_1_780' title='bbox 3252 4902 3459 4959; x_wconf 85' lang='lat' dir='ltr'><strong>Christo</strong></span> <span class='ocrx_word' id='word_1_781' title='bbox 3484 4893 3682 4969; x_wconf 71' lang='lat' dir='ltr'><strong>propitio.</strong></span> 
     </span>
    </p>
   </div>
   <div class='ocr_carea' id='block_1_113' title="bbox 2180 4982 3682 5064">
    <p class='ocr_par' dir='ltr' id='par_1_113' title="bbox 2180 4982 3682 5064">
     <span class='ocr_line' id='line_1_114' title="bbox 2180 4982 3682 5064; baseline -0.005 -14"><span class='ocrx_word' id='word_1_782' title='bbox 2180 4995 2417 5050; x_wconf 91' lang='lat' dir='ltr'><strong>secundo</strong></span> <span class='ocrx_word' id='word_1_783' title='bbox 2452 4994 2661 5064; x_wconf 87' lang='lat' dir='ltr'><strong>imperii</strong></span> <span class='ocrx_word' id='word_1_784' title='bbox 2702 4994 2903 5049; x_wconf 91' lang='lat' dir='ltr'><strong>domini</strong></span> <span class='ocrx_word' id='word_1_785' title='bbox 2943 4995 3197 5050; x_wconf 89' lang='lat' dir='ltr'><strong>Ludovici</strong></span> <span class='ocrx_word' id='word_1_786' title='bbox 3234 4993 3452 5064; x_wconf 87' lang='lat' dir='ltr'><strong>piissimi</strong></span> <span class='ocrx_word' id='word_1_787' title='bbox 3490 4982 3682 5057; x_wconf 69' lang='lat' dir='ltr'><strong>Augusti.</strong></span> 
     </span>
    </p>
   </div>
   <div class='ocr_carea' id='block_1_114' title="bbox 2179 5069 3684 5155">
    <p class='ocr_par' dir='ltr' id='par_1_114' title="bbox 2179 5069 3684 5155">
     <span class='ocr_line' id='line_1_115' title="bbox 2179 5069 3684 5155; baseline -0.01 -14"><span class='ocrx_word' id='word_1_788' title='bbox 2179 5086 2470 5141; x_wconf 88' lang='lat' dir='ltr'><strong>indictione</strong></span> <span class='ocrx_word' id='word_1_789' title='bbox 2495 5086 2548 5141; x_wconf 89' lang='lat'><strong>8.</strong></span> <span class='ocrx_word' id='word_1_790' title='bbox 2585 5084 2777 5139; x_wconf 82' lang='lat' dir='ltr'><strong>Actum</strong></span> <span class='ocrx_word' id='word_1_791' title='bbox 2812 5084 3132 5155; x_wconf 81' lang='lat' dir='ltr'><strong>Aquisgrani</strong></span> <span class='ocrx_word' id='word_1_792' title='bbox 3170 5084 3365 5155; x_wconf 86' lang='lat' dir='ltr'><strong>palatio</strong></span> <span class='ocrx_word' id='word_1_793' title='bbox 3396 5080 3529 5152; x_wconf 86' lang='lat' dir='ltr'><strong>regio</strong></span> <span class='ocrx_word' id='word_1_794' title='bbox 3552 5078 3595 5130; x_wconf 90' lang='lat' dir='ltr'><strong>in</strong></span> <span class='ocrx_word' id='word_1_795' title='bbox 3616 5069 3684 5127; x_wconf 78' lang='lat' dir='ltr'><strong>Dei</strong></span> 
     </span>
    </p>
   </div>
   <div class='ocr_carea' id='block_1_115' title="bbox 2181 5175 2903 5233">
    <p class='ocr_par' dir='ltr' id='par_1_115' title="bbox 2181 5175 2903 5233">
     <span class='ocr_line' id='line_1_116' title="bbox 2181 5175 2903 5233; baseline -0.007 0"><span class='ocrx_word' id='word_1_796' title='bbox 2181 5177 2397 5233; x_wconf 89' lang='lat' dir='ltr'><strong>nomine</strong></span> <span class='ocrx_word' id='word_1_797' title='bbox 2420 5175 2665 5231; x_wconf 88' lang='lat' dir='ltr'><strong>feliciter.</strong></span> <span class='ocrx_word' id='word_1_798' title='bbox 2711 5175 2903 5231; x_wconf 86' lang='lat' dir='ltr'><strong>Amen.</strong></span> 
     </span>
    </p>
   </div>
   <div class='ocr_carea' id='block_1_116' title="bbox 2180 5302 3683 5380">
    <p class='ocr_par' dir='ltr' id='par_1_116' title="bbox 2180 5302 3683 5380">
     <span class='ocr_line' id='line_1_117' title="bbox 2180 5302 3683 5380; baseline -0.003 -11"><span class='ocrx_word' id='word_1_799' title='bbox 2180 5322 2291 5369; x_wconf 87' lang='lat' dir='ltr'><strong>tem</strong></span> <span class='ocrx_word' id='word_1_800' title='bbox 2328 5312 2540 5366; x_wconf 92' lang='lat' dir='ltr'><strong>emissis</strong></span> <span class='ocrx_word' id='word_1_801' title='bbox 2567 5354 2581 5377; x_wconf 91' lang='lat'><strong>,</strong></span> <span class='ocrx_word' id='word_1_802' title='bbox 2628 5312 2945 5368; x_wconf 88' lang='lat' dir='ltr'><strong>indictiones</strong></span> <span class='ocrx_word' id='word_1_803' title='bbox 2987 5328 3019 5367; x_wconf 90' lang='lat' dir='ltr'><strong>a</strong></span> <span class='ocrx_word' id='word_1_804' title='bbox 3057 5314 3304 5369; x_wconf 81' lang='lat' dir='ltr'><strong>Kalendis</strong></span> <span class='ocrx_word' id='word_1_805' title='bbox 3342 5302 3683 5380; x_wconf 47' lang='lat' dir='ltr'><strong>Septembripni</strong></span> 
     </span>
    </p>
   </div>
   <div class='ocr_carea' id='block_1_117' title="bbox 2179 5371 3680 5451">
    <p class='ocr_par' dir='ltr' id='par_1_117' title="bbox 2179 5371 3680 5451">
     <span class='ocr_line' id='line_1_118' title="bbox 2179 5371 3680 5451; baseline -0.005 -13"><span class='ocrx_word' id='word_1_806' title='bbox 2179 5397 2396 5451; x_wconf 91' lang='lat' dir='ltr'><strong>semper</strong></span> <span class='ocrx_word' id='word_1_807' title='bbox 2422 5371 2703 5437; x_wconf 85' lang='lat' dir='ltr'><strong>inchoatas</strong></span> <span class='ocrx_word' id='word_1_808' title='bbox 2729 5382 2914 5447; x_wconf 85' lang='lat' dir='ltr'><strong>fuisse,</strong></span> <span class='ocrx_word' id='word_1_809' title='bbox 2950 5384 3078 5440; x_wconf 87' lang='lat' dir='ltr'><strong>illud</strong></span> <span class='ocrx_word' id='word_1_810' title='bbox 3109 5386 3176 5439; x_wconf 93' lang='lat' dir='ltr'><strong>ad</strong></span> <span class='ocrx_word' id='word_1_811' title='bbox 3204 5371 3525 5451; x_wconf 58' lang='lat' dir='ltr'><strong>ann‘um&#39;8li</strong></span> <span class='ocrx_word' id='word_1_812' title='bbox 3553 5371 3680 5427; x_wconf 73' lang='lat' dir='ltr'><strong>refcﬂ</strong></span> 
     </span>
    </p>
   </div>
   <div class='ocr_carea' id='block_1_118' title="bbox 2179 5448 3679 5522">
    <p class='ocr_par' dir='ltr' id='par_1_118' title="bbox 2179 5448 3679 5522">
     <span class='ocr_line' id='line_1_119' title="bbox 2179 5448 3679 5522; baseline -0.004 -16"><span class='ocrx_word' id='word_1_813' title='bbox 2179 5461 2234 5506; x_wconf 90' lang='lat' dir='ltr'><strong>et</strong></span> <span class='ocrx_word' id='word_1_814' title='bbox 2273 5448 2471 5505; x_wconf 51' lang='lat' dir='ltr'><strong>a&#39;nnum</strong></span> <span class='ocrx_word' id='word_1_815' title='bbox 2508 5452 2802 5522; x_wconf 87' lang='lat' dir='ltr'><strong>secundum</strong></span> <span class='ocrx_word' id='word_1_816' title='bbox 2837 5451 3089 5508; x_wconf 88' lang='lat' dir='ltr'><strong>Ludovici</strong></span> <span class='ocrx_word' id='word_1_817' title='bbox 3130 5453 3451 5522; x_wconf 74' lang='lat' dir='ltr'><strong>imperatoris</strong></span> <span class='ocrx_word' id='word_1_818' title='bbox 3484 5448 3542 5522; x_wconf 82' lang='lat' dir='ltr'><strong>ab</strong></span> <span class='ocrx_word' id='word_1_819' title='bbox 3571 5453 3679 5522; x_wconf 59' lang='grc' dir='ltr'><strong>ειεξηο</strong></span> 
     </span>
    </p>
   </div>
   <div class='ocr_carea' id='block_1_119' title="bbox 2177 5510 3678 5593">
    <p class='ocr_par' dir='ltr' id='par_1_119' title="bbox 2177 5510 3678 5593">
     <span class='ocr_line' id='line_1_120' title="bbox 2177 5510 3678 5593; baseline -0.006 -17"><span class='ocrx_word' id='word_1_820' title='bbox 2177 5523 2301 5584; x_wconf 75' lang='grc'><strong>81⁸5,</strong></span> <span class='ocrx_word' id='word_1_821' title='bbox 2337 5536 2442 5589; x_wconf 90' lang='lat' dir='ltr'><strong>quo</strong></span> <span class='ocrx_word' id='word_1_822' title='bbox 2464 5521 2821 5593; x_wconf 76' lang='lat' dir='ltr'><strong>isimperialis</strong></span> <span class='ocrx_word' id='word_1_823' title='bbox 2846 5523 3079 5593; x_wconf 85' lang='lat' dir='ltr'><strong>nominis</strong></span> <span class='ocrx_word' id='word_1_824' title='bbox 3106 5510 3321 5578; x_wconf 66' lang='lat' dir='ltr'><strong>consors</strong></span> <span class='ocrx_word' id='word_1_825' title='bbox 3346 5538 3375 5575; x_wconf 90' lang='lat' dir='ltr'><strong>a</strong></span> <span class='ocrx_word' id='word_1_826' title='bbox 3402 5510 3678 5593; x_wconf 34' lang='grc' dir='ltr'><strong>ατη-010⁸31³-</strong></span> 
     </span>
    </p>
   </div>
   <div class='ocr_carea' id='block_1_120' title="bbox 2178 5589 3680 5665">
    <p class='ocr_par' dir='ltr' id='par_1_120' title="bbox 2178 5589 3680 5665">
     <span class='ocr_line' id='line_1_121' title="bbox 2178 5589 3680 5665; baseline -0.003 -21"><span class='ocrx_word' id='word_1_827' title='bbox 2178 5607 2284 5665; x_wconf 76' lang='lat' dir='ltr'><strong>gno</strong></span> <span class='ocrx_word' id='word_1_828' title='bbox 2307 5600 2458 5665; x_wconf 77' lang='lat' dir='ltr'><strong>patre</strong></span> <span class='ocrx_word' id='word_1_829' title='bbox 2484 5591 2654 5665; x_wconf 77' lang='lat' dir='ltr'><strong>dictus</strong></span> <span class='ocrx_word' id='word_1_830' title='bbox 2681 5589 2797 5665; x_wconf 71' lang='lat' dir='ltr'><strong>fuit,</strong></span> <span class='ocrx_word' id='word_1_831' title='bbox 2824 5592 3056 5647; x_wconf 83' lang='lat' dir='ltr'><strong>deducit.</strong></span> <span class='ocrx_word' id='word_1_832' title='bbox 3101 5595 3203 5665; x_wconf 78' lang='lat' dir='ltr'><strong>Ego</strong></span> <span class='ocrx_word' id='word_1_833' title='bbox 3237 5593 3441 5661; x_wconf 69' lang='lat' dir='ltr'><strong>quidem</strong></span> <span class='ocrx_word' id='word_1_834' title='bbox 3463 5589 3680 5650; x_wconf 47' lang='lat' dir='ltr'><strong>corrigi“?</strong></span> 
     </span>
    </p>
   </div>
   <div class='ocr_carea' id='block_1_121' title="bbox 2179 5660 2969 5719">
    <p class='ocr_par' dir='ltr' id='par_1_121' title="bbox 2179 5660 2969 5719">
     <span class='ocr_line' id='line_1_122' title="bbox 2179 5660 2969 5719; baseline 0.003 -4"><span class='ocrx_word' id='word_1_835' title='bbox 2179 5661 2305 5715; x_wconf 90' lang='lat' dir='ltr'><strong>dum</strong></span> <span class='ocrx_word' id='word_1_836' title='bbox 2340 5662 2573 5716; x_wconf 81' lang='lat' dir='ltr'><strong>arbitror</strong></span> <span class='ocrx_word' id='word_1_837' title='bbox 2606 5660 2885 5718; x_wconf 80' lang='lat' dir='ltr'><strong>indictione</strong></span> <span class='ocrx_word' id='word_1_838' title='bbox 2918 5665 2969 5719; x_wconf 92' lang='lat'><strong>8.</strong></span> 
     </span>
    </p>
   </div>
  </div>
