  <div class='ocr_page' id='page_1' title='image "/cluster/home/n/w/nwhite01/storage/ocr_20150623/104/hvd.32044052819794/522.png"; bbox 0 0 3946 6174; ppageno 0'>
   <div class='ocr_carea' id='block_1_1' title="bbox 299 233 440 298">
    <p class='ocr_par' dir='ltr' id='par_1_1' title="bbox 299 233 440 298">
     <span class='ocr_line' id='line_1_1' title="bbox 299 233 440 298; baseline -0.028 0"><span class='ocrx_word' id='word_1_1' title='bbox 299 243 320 298; x_wconf 80' lang='grc' dir='ltr'><strong>Ι</strong></span> <span class='ocrx_word' id='word_1_2' title='bbox 333 233 440 297; x_wconf 68' lang='grc'><strong>053</strong></span> 
     </span>
    </p>
   </div>
   <div class='ocr_carea' id='block_1_2' title="bbox 1024 339 1158 402">
    <p class='ocr_par' dir='ltr' id='par_1_2' title="bbox 1024 339 1158 402">
     <span class='ocr_line' id='line_1_2' title="bbox 1024 339 1158 402; baseline -0.007 0"><span class='ocrx_word' id='word_1_3' title='bbox 1024 339 1158 402; x_wconf 74' lang='lat' dir='ltr'><strong>XLI.</strong></span> 
     </span>
    </p>
   </div>
   <div class='ocr_carea' id='block_1_3' title="bbox 729 451 1443 494">
    <p class='ocr_par' dir='ltr' id='par_1_3' title="bbox 729 451 1443 494">
     <span class='ocr_line' id='line_1_3' title="bbox 729 451 1443 494; baseline 0 -2"><span class='ocrx_word' id='word_1_4' title='bbox 729 451 828 494; x_wconf 67' lang='lat' dir='ltr'><strong>PRO</strong></span> <span class='ocrx_word' id='word_1_5' title='bbox 864 453 1112 494; x_wconf 74' lang='lat' dir='ltr'><strong>ECCLESIA</strong></span> <span class='ocrx_word' id='word_1_6' title='bbox 1148 454 1443 494; x_wconf 70' lang='lat' dir='ltr'><strong>VIENNENSI.</strong></span> 
     </span>
    </p>
   </div>
   <div class='ocr_carea' id='block_1_4' title="bbox 924 530 1277 603">
    <p class='ocr_par' dir='ltr' id='par_1_4' title="bbox 924 530 1277 603">
     <span class='ocr_line' id='line_1_4' title="bbox 924 530 1277 603; baseline 0.006 -20"><span class='ocrx_word' id='word_1_7' title='bbox 924 530 1098 603; x_wconf 82' lang='lat' dir='ltr'><strong>(Anno</strong></span> <span class='ocrx_word' id='word_1_8' title='bbox 1127 530 1277 603; x_wconf 80' lang='grc'><strong>815.)</strong></span> 
     </span>
    </p>
   </div>
   <div class='ocr_carea' id='block_1_5' title="bbox 299 619 1877 699">
    <p class='ocr_par' dir='ltr' id='par_1_5' title="bbox 299 619 1877 699">
     <span class='ocr_line' id='line_1_5' title="bbox 299 619 1877 699; baseline -0.003 -19"><span class='ocrx_word' id='word_1_9' title='bbox 299 622 476 699; x_wconf 82' lang='lat' dir='ltr'><strong>[Apud</strong></span> <span class='ocrx_word' id='word_1_10' title='bbox 490 622 858 699; x_wconf 88' lang='lat' dir='ltr'><strong>D.Bouqu_et.,</strong></span> <span class='ocrx_word' id='word_1_11' title='bbox 886 621 1056 699; x_wconf 76' lang='lat' dir='ltr'><strong>ibid.,_</strong></span> <span class='ocrx_word' id='word_1_12' title='bbox 1074 636 1198 693; x_wconf 87' lang='lat' dir='ltr'><strong>pag.</strong></span> <span class='ocrx_word' id='word_1_13' title='bbox 1224 620 1440 699; x_wconf 48' lang='lat'><strong>486,335</strong></span> <span class='ocrx_word' id='word_1_14' title='bbox 1462 620 1696 699; x_wconf 77' lang='lat' dir='ltr'><strong>Cointio,</strong></span> <span class='ocrx_word' id='word_1_15' title='bbox 1725 629 1764 675; x_wconf 89' lang='lat' dir='ltr'><strong>t.</strong></span> <span class='ocrx_word' id='word_1_16' title='bbox 1793 619 1877 675; x_wconf 88' lang='lat' dir='ltr'><strong>Vll</strong></span> 
     </span>
    </p>
   </div>
   <div class='ocr_carea' id='block_1_6' title="bbox 728 690 1492 762">
    <p class='ocr_par' dir='ltr' id='par_1_6' title="bbox 728 690 1492 762">
     <span class='ocr_line' id='line_1_6' title="bbox 728 690 1492 762; baseline -0.004 -15"><span class='ocrx_word' id='word_1_17' title='bbox 728 692 921 749; x_wconf 79' lang='lat' dir='ltr'><strong>Annal.</strong></span> <span class='ocrx_word' id='word_1_18' title='bbox 950 690 1166 757; x_wconf 49' lang='lat' dir='ltr'><strong>coctis,</strong></span> <span class='ocrx_word' id='word_1_19' title='bbox 1179 706 1302 761; x_wconf 90' lang='lat' dir='ltr'><strong>pag.</strong></span> <span class='ocrx_word' id='word_1_20' title='bbox 1336 690 1492 762; x_wconf 78' lang='lat'><strong>360.]</strong></span> 
     </span>
    </p>
   </div>
   <div class='ocr_carea' id='block_1_7' title="bbox 369 801 1881 865">
    <p class='ocr_par' dir='ltr' id='par_1_7' title="bbox 369 801 1881 865">
     <span class='ocr_line' id='line_1_7' title="bbox 369 801 1881 865; baseline -0.003 -1"><span class='ocrx_word' id='word_1_21' title='bbox 369 810 427 865; x_wconf 89' lang='lat' dir='ltr'><strong>In</strong></span> <span class='ocrx_word' id='word_1_22' title='bbox 459 810 678 864; x_wconf 85' lang='lat' dir='ltr'><strong>nomine</strong></span> <span class='ocrx_word' id='word_1_23' title='bbox 708 808 920 864; x_wconf 86' lang='lat' dir='ltr'><strong>Domini</strong></span> <span class='ocrx_word' id='word_1_24' title='bbox 961 807 1058 862; x_wconf 86' lang='lat' dir='ltr'><strong>Dei</strong></span> <span class='ocrx_word' id='word_1_25' title='bbox 1088 813 1143 862; x_wconf 91' lang='lat' dir='ltr'><strong>et</strong></span> <span class='ocrx_word' id='word_1_26' title='bbox 1188 806 1489 861; x_wconf 89' lang='lat' dir='ltr'><strong>Salvatoris</strong></span> <span class='ocrx_word' id='word_1_27' title='bbox 1539 806 1708 861; x_wconf 90' lang='lat' dir='ltr'><strong>nostri</strong></span> <span class='ocrx_word' id='word_1_28' title='bbox 1751 801 1881 860; x_wconf 82' lang='lat' dir='ltr'><strong>Jcsu</strong></span> 
     </span>
    </p>
   </div>
   <div class='ocr_carea' id='block_1_8' title="bbox 298 896 1882 968">
    <p class='ocr_par' dir='ltr' id='par_1_8' title="bbox 298 896 1882 968">
     <span class='ocr_line' id='line_1_8' title="bbox 298 896 1882 968; baseline -0.003 -13"><span class='ocrx_word' id='word_1_29' title='bbox 298 899 522 967; x_wconf 77' lang='lat' dir='ltr'><strong>Christi,</strong></span> <span class='ocrx_word' id='word_1_30' title='bbox 537 899 859 965; x_wconf 85' lang='lat' dir='ltr'><strong>Ludovicus,</strong></span> <span class='ocrx_word' id='word_1_31' title='bbox 882 899 1063 954; x_wconf 87' lang='lat' dir='ltr'><strong>divina</strong></span> <span class='ocrx_word' id='word_1_32' title='bbox 1084 898 1368 955; x_wconf 73' lang='lat' dir='ltr'><strong>ordinante</strong></span> <span class='ocrx_word' id='word_1_33' title='bbox 1390 897 1751 968; x_wconf 78' lang='lat' dir='ltr'><strong>providentia,</strong></span> <span class='ocrx_word' id='word_1_34' title='bbox 1784 896 1882 951; x_wconf 93' lang='lat' dir='ltr'><strong>im-</strong></span> 
     </span>
    </p>
   </div>
   <div class='ocr_carea' id='block_1_9' title="bbox 298 989 836 1061">
    <p class='ocr_par' dir='ltr' id='par_1_9' title="bbox 298 989 836 1061">
     <span class='ocr_line' id='line_1_9' title="bbox 298 989 836 1061; baseline 0.002 -17"><span class='ocrx_word' id='word_1_35' title='bbox 298 999 521 1061; x_wconf 89' lang='lat' dir='ltr'><strong>perator</strong></span> <span class='ocrx_word' id='word_1_36' title='bbox 544 989 836 1061; x_wconf 84' lang='lat' dir='ltr'><strong>Augustus.</strong></span> 
     </span>
    </p>
   </div>
   <div class='ocr_carea' id='block_1_10' title="bbox 373 1077 1885 1148">
    <p class='ocr_par' dir='ltr' id='par_1_10' title="bbox 373 1077 1885 1148">
     <span class='ocr_line' id='line_1_10' title="bbox 373 1077 1885 1148; baseline -0.002 -13"><span class='ocrx_word' id='word_1_37' title='bbox 373 1078 431 1135; x_wconf 88' lang='lat' dir='ltr'><strong>Si</strong></span> <span class='ocrx_word' id='word_1_38' title='bbox 476 1092 603 1147; x_wconf 87' lang='lat' dir='ltr'><strong>erga</strong></span> <span class='ocrx_word' id='word_1_39' title='bbox 645 1078 761 1133; x_wconf 87' lang='lat' dir='ltr'><strong>loca</strong></span> <span class='ocrx_word' id='word_1_40' title='bbox 806 1078 1001 1133; x_wconf 82' lang='lat' dir='ltr'><strong>divinis</strong></span> <span class='ocrx_word' id='word_1_41' title='bbox 1037 1078 1273 1133; x_wconf 77' lang='lat' dir='ltr'><strong>cultibus</strong></span> <span class='ocrx_word' id='word_1_42' title='bbox 1320 1077 1628 1148; x_wconf 72' lang='lat' dir='ltr'><strong>mancipata</strong></span> <span class='ocrx_word' id='word_1_43' title='bbox 1660 1087 1885 1147; x_wconf 86' lang='lat' dir='ltr'><strong>propter</strong></span> 
     </span>
    </p>
   </div>
   <div class='ocr_carea' id='block_1_11' title="bbox 297 1169 1883 1240">
    <p class='ocr_par' dir='ltr' id='par_1_11' title="bbox 297 1169 1883 1240">
     <span class='ocr_line' id='line_1_11' title="bbox 297 1169 1883 1240; baseline -0.002 -13"><span class='ocrx_word' id='word_1_44' title='bbox 297 1186 541 1227; x_wconf 85' lang='lat' dir='ltr'><strong>amorem</strong></span> <span class='ocrx_word' id='word_1_45' title='bbox 568 1170 685 1236; x_wconf 85' lang='lat' dir='ltr'><strong>Dei,</strong></span> <span class='ocrx_word' id='word_1_46' title='bbox 716 1170 904 1240; x_wconf 81' lang='lat' dir='ltr'><strong>eisque</strong></span> <span class='ocrx_word' id='word_1_47' title='bbox 932 1170 987 1224; x_wconf 91' lang='lat' dir='ltr'><strong>in</strong></span> <span class='ocrx_word' id='word_1_48' title='bbox 1015 1169 1218 1225; x_wconf 87' lang='lat' dir='ltr'><strong>eisdem</strong></span> <span class='ocrx_word' id='word_1_49' title='bbox 1261 1170 1397 1227; x_wconf 93' lang='lat' dir='ltr'><strong>locis</strong></span> <span class='ocrx_word' id='word_1_50' title='bbox 1431 1170 1536 1226; x_wconf 88' lang='lat' dir='ltr'><strong>sibi</strong></span> <span class='ocrx_word' id='word_1_51' title='bbox 1565 1169 1883 1225; x_wconf 80' lang='lat' dir='ltr'><strong>famulanti-</strong></span> 
     </span>
    </p>
   </div>
   <div class='ocr_carea' id='block_1_12' title="bbox 301 1264 1885 1335">
    <p class='ocr_par' dir='ltr' id='par_1_12' title="bbox 301 1264 1885 1335">
     <span class='ocr_line' id='line_1_12' title="bbox 301 1264 1885 1335; baseline -0.003 -12"><span class='ocrx_word' id='word_1_52' title='bbox 301 1268 404 1323; x_wconf 91' lang='lat' dir='ltr'><strong>bus</strong></span> <span class='ocrx_word' id='word_1_53' title='bbox 432 1266 695 1322; x_wconf 90' lang='lat' dir='ltr'><strong>beneﬁcia</strong></span> <span class='ocrx_word' id='word_1_54' title='bbox 730 1272 1029 1335; x_wconf 89' lang='lat' dir='ltr'><strong>opportuna</strong></span> <span class='ocrx_word' id='word_1_55' title='bbox 1062 1265 1378 1335; x_wconf 76' lang='lat' dir='ltr'><strong>largiamur,</strong></span> <span class='ocrx_word' id='word_1_56' title='bbox 1412 1266 1698 1335; x_wconf 66' lang='lat' dir='ltr'><strong>praemium</strong></span> <span class='ocrx_word' id='word_1_57' title='bbox 1728 1264 1885 1319; x_wconf 90' lang='lat' dir='ltr'><strong>nobis</strong></span> 
     </span>
    </p>
   </div>
   <div class='ocr_carea' id='block_1_13' title="bbox 297 1354 1884 1428">
    <p class='ocr_par' dir='ltr' id='par_1_13' title="bbox 297 1354 1884 1428">
     <span class='ocr_line' id='line_1_13' title="bbox 297 1354 1884 1428; baseline -0.003 -16"><span class='ocrx_word' id='word_1_58' title='bbox 297 1358 444 1428; x_wconf 87' lang='lat' dir='ltr'><strong>apud</strong></span> <span class='ocrx_word' id='word_1_59' title='bbox 476 1358 662 1411; x_wconf 46' lang='lat' dir='ltr'><strong>.Deum</strong></span> <span class='ocrx_word' id='word_1_60' title='bbox 707 1365 925 1411; x_wconf 69' lang='lat' dir='ltr'><strong>mternaa</strong></span> <span class='ocrx_word' id='word_1_61' title='bbox 994 1355 1451 1409; x_wconf 86' lang='lat' dir='ltr'><strong>remunerationis</strong></span> <span class='ocrx_word' id='word_1_62' title='bbox 1503 1354 1726 1423; x_wconf 82' lang='lat' dir='ltr'><strong>rependi</strong></span> <span class='ocrx_word' id='word_1_63' title='bbox 1776 1368 1884 1408; x_wconf 91' lang='lat' dir='ltr'><strong>non</strong></span> 
     </span>
    </p>
   </div>
   <div class='ocr_carea' id='block_1_14' title="bbox 300 1443 1888 1502">
    <p class='ocr_par' dir='ltr' id='par_1_14' title="bbox 300 1443 1888 1502">
     <span class='ocr_line' id='line_1_14' title="bbox 300 1443 1888 1502; baseline -0.003 0"><span class='ocrx_word' id='word_1_64' title='bbox 300 1446 614 1502; x_wconf 70' lang='lat' dir='ltr'><strong>diuidimus.</strong></span> <span class='ocrx_word' id='word_1_65' title='bbox 644 1446 852 1502; x_wconf 82' lang='lat' dir='ltr'><strong>Idcirco</strong></span> <span class='ocrx_word' id='word_1_66' title='bbox 876 1445 1091 1501; x_wconf 61' lang='lat' dir='ltr'><strong>nov’erit</strong></span> <span class='ocrx_word' id='word_1_67' title='bbox 1119 1445 1363 1499; x_wconf 91' lang='lat' dir='ltr'><strong>omnium</strong></span> <span class='ocrx_word' id='word_1_68' title='bbox 1396 1443 1633 1499; x_wconf 84' lang='lat' dir='ltr'><strong>ﬁdelium</strong></span> <span class='ocrx_word' id='word_1_69' title='bbox 1673 1452 1888 1498; x_wconf 88' lang='lat' dir='ltr'><strong>nostro-</strong></span> 
     </span>
    </p>
   </div>
   <div class='ocr_carea' id='block_1_15' title="bbox 301 1528 1885 1607">
    <p class='ocr_par' dir='ltr' id='par_1_15' title="bbox 301 1528 1885 1607">
     <span class='ocr_line' id='line_1_15' title="bbox 301 1528 1885 1607; baseline -0.004 -14"><span class='ocrx_word' id='word_1_70' title='bbox 301 1553 444 1603; x_wconf 87' lang='lat' dir='ltr'><strong>rum,</strong></span> <span class='ocrx_word' id='word_1_71' title='bbox 471 1550 581 1592; x_wconf 89' lang='lat' dir='ltr'><strong>tam</strong></span> <span class='ocrx_word' id='word_1_72' title='bbox 598 1537 949 1607; x_wconf 62' lang='lat' dir='ltr'><strong>praesentium</strong></span> <span class='ocrx_word' id='word_1_73' title='bbox 968 1551 1133 1606; x_wconf 89' lang='lat' dir='ltr'><strong>quam</strong></span> <span class='ocrx_word' id='word_1_74' title='bbox 1150 1534 1479 1600; x_wconf 81' lang='lat' dir='ltr'><strong>futurorum,</strong></span> <span class='ocrx_word' id='word_1_75' title='bbox 1501 1533 1741 1598; x_wconf 84' lang='lat' dir='ltr'><strong>solertia,</strong></span> <span class='ocrx_word' id='word_1_76' title='bbox 1758 1528 1885 1603; x_wconf 87' lang='lat' dir='ltr'><strong>quia</strong></span> 
     </span>
    </p>
   </div>
   <div class='ocr_carea' id='block_1_16' title="bbox 299 1626 1886 1701">
    <p class='ocr_par' dir='ltr' id='par_1_16' title="bbox 299 1626 1886 1701">
     <span class='ocr_line' id='line_1_16' title="bbox 299 1626 1886 1701; baseline -0.003 -19"><span class='ocrx_word' id='word_1_77' title='bbox 299 1629 504 1701; x_wconf 85' lang='lat' dir='ltr'><strong>placuit</strong></span> <span class='ocrx_word' id='word_1_78' title='bbox 534 1628 688 1683; x_wconf 91' lang='lat' dir='ltr'><strong>nobis</strong></span> <span class='ocrx_word' id='word_1_79' title='bbox 709 1643 808 1699; x_wconf 84' lang='lat' dir='ltr'><strong>pro</strong></span> <span class='ocrx_word' id='word_1_80' title='bbox 828 1626 1096 1682; x_wconf 88' lang='lat' dir='ltr'><strong>mercedis</strong></span> <span class='ocrx_word' id='word_1_81' title='bbox 1119 1634 1318 1680; x_wconf 80' lang='lat' dir='ltr'><strong>nostrae</strong></span> <span class='ocrx_word' id='word_1_82' title='bbox 1338 1633 1629 1695; x_wconf 82' lang='lat' dir='ltr'><strong>augmento</strong></span> <span class='ocrx_word' id='word_1_83' title='bbox 1654 1632 1711 1678; x_wconf 90' lang='lat' dir='ltr'><strong>et</strong></span> <span class='ocrx_word' id='word_1_84' title='bbox 1728 1631 1886 1678; x_wconf 85' lang='lat' dir='ltr'><strong>aeter-</strong></span> 
     </span>
    </p>
   </div>
   <div class='ocr_carea' id='block_1_17' title="bbox 1439 222 2418 295">
    <p class='ocr_par' dir='ltr' id='par_1_17' title="bbox 1439 222 2418 295">
     <span class='ocr_line' id='line_1_17' title="bbox 1439 222 2418 295; baseline -0.009 -1"><span class='ocrx_word' id='word_1_85' title='bbox 1439 222 1827 295; x_wconf 77' lang='lat' dir='ltr'><strong>DIPLOMA&#39;I‘A</strong></span> <span class='ocrx_word' id='word_1_86' title='bbox 1867 227 2418 293; x_wconf 76' lang='lat' dir='ltr'><strong>ECCLESIASTICA.</strong></span> 
     </span>
    </p>
   </div>
   <div class='ocr_carea' id='block_1_18' title="bbox 1905 341 3561 410">
    <p class='ocr_par' dir='ltr' id='par_1_18' title="bbox 1905 341 3561 410">
     <span class='ocr_line' id='line_1_18' title="bbox 1905 341 3561 410; baseline -0.004 -8"><span class='ocrx_word' id='word_1_87' title='bbox 1905 353 1955 410; x_wconf 73' lang='grc' dir='ltr'><strong>Α</strong></span> <span class='ocrx_word' id='word_1_88' title='bbox 1981 343 2426 402; x_wconf 89' lang='lat' dir='ltr'><strong>consuetudinem</strong></span> <span class='ocrx_word' id='word_1_89' title='bbox 2483 354 2824 408; x_wconf 83' lang='lat' dir='ltr'><strong>exercemus,</strong></span> <span class='ocrx_word' id='word_1_90' title='bbox 2864 353 3054 396; x_wconf 89' lang='lat' dir='ltr'><strong>verum</strong></span> <span class='ocrx_word' id='word_1_91' title='bbox 3099 342 3264 397; x_wconf 88' lang='lat' dir='ltr'><strong>etiam</strong></span> <span class='ocrx_word' id='word_1_92' title='bbox 3313 342 3380 397; x_wconf 87' lang='lat' dir='ltr'><strong>ad</strong></span> <span class='ocrx_word' id='word_1_93' title='bbox 3430 341 3561 401; x_wconf 60' lang='lat' dir='ltr'><strong>bea~</strong></span> 
     </span>
    </p>
   </div>
   <div class='ocr_carea' id='block_1_19' title="bbox 3430 222 3565 283">
    <p class='ocr_par' dir='ltr' id='par_1_19' title="bbox 3430 222 3565 283">
     <span class='ocr_line' id='line_1_19' title="bbox 3430 222 3565 283; baseline -0.007 -1"><span class='ocrx_word' id='word_1_94' title='bbox 3430 222 3565 283; x_wconf 58' lang='lat'><strong>1034</strong></span> 
     </span>
    </p>
   </div>
   <div class='ocr_carea' id='block_1_20' title="bbox 1984 431 3568 505">
    <p class='ocr_par' dir='ltr' id='par_1_20' title="bbox 1984 431 3568 505">
     <span class='ocr_line' id='line_1_20' title="bbox 1984 431 3568 505; baseline -0.002 -14"><span class='ocrx_word' id='word_1_95' title='bbox 1984 436 2265 491; x_wconf 91' lang='lat' dir='ltr'><strong>titudinem</strong></span> <span class='ocrx_word' id='word_1_96' title='bbox 2295 441 2511 489; x_wconf 68' lang='lat' dir='ltr'><strong>aeternae</strong></span> <span class='ocrx_word' id='word_1_97' title='bbox 2548 431 2920 488; x_wconf 86' lang='lat' dir='ltr'><strong>retributionis</strong></span> <span class='ocrx_word' id='word_1_98' title='bbox 2942 431 3071 505; x_wconf 79' lang='lat' dir='ltr'><strong>talia</strong></span> <span class='ocrx_word' id='word_1_99' title='bbox 3107 431 3262 486; x_wconf 91' lang='lat' dir='ltr'><strong>nobis</strong></span> <span class='ocrx_word' id='word_1_100' title='bbox 3284 431 3568 505; x_wconf 71' lang='lat' dir='ltr'><strong>profutura</strong></span> 
     </span>
    </p>
   </div>
   <div class='ocr_carea' id='block_1_21' title="bbox 1982 500 3569 598">
    <p class='ocr_par' dir='ltr' id='par_1_21' title="bbox 1982 500 3569 598">
     <span class='ocr_line' id='line_1_21' title="bbox 1982 500 3569 598; baseline -0.004 -14"><span class='ocrx_word' id='word_1_101' title='bbox 1982 528 2323 585; x_wconf 87' lang='lat' dir='ltr'><strong>conﬁdimus.</strong></span> <span class='ocrx_word' id='word_1_102' title='bbox 2358 527 2564 583; x_wconf 92' lang='lat' dir='ltr'><strong>Idcirco</strong></span> <span class='ocrx_word' id='word_1_103' title='bbox 2590 525 2888 597; x_wconf 90' lang='lat' dir='ltr'><strong>comperiat</strong></span> <span class='ocrx_word' id='word_1_104' title='bbox 2915 500 3157 598; x_wconf 68' lang='lat' dir='ltr'><strong>omnium</strong></span> <span class='ocrx_word' id='word_1_105' title='bbox 3197 520 3434 577; x_wconf 88' lang='lat' dir='ltr'><strong>ﬁdelium</strong></span> <span class='ocrx_word' id='word_1_106' title='bbox 3463 538 3569 578; x_wconf 55' lang='lat' dir='ltr'><strong>no-</strong></span> 
     </span>
    </p>
   </div>
   <div class='ocr_carea' id='block_1_22' title="bbox 1984 612 3559 688">
    <p class='ocr_par' dir='ltr' id='par_1_22' title="bbox 1984 612 3559 688">
     <span class='ocr_line' id='line_1_22' title="bbox 1984 612 3559 688; baseline -0.004 -15"><span class='ocrx_word' id='word_1_107' title='bbox 1984 626 2244 684; x_wconf 89' lang='lat' dir='ltr'><strong>strorum,</strong></span> <span class='ocrx_word' id='word_1_108' title='bbox 2270 626 2378 673; x_wconf 90' lang='lat' dir='ltr'><strong>tam</strong></span> <span class='ocrx_word' id='word_1_109' title='bbox 2403 617 2753 688; x_wconf 51' lang='lat' dir='ltr'><strong>praesentium</strong></span> <span class='ocrx_word' id='word_1_110' title='bbox 2776 629 2936 685; x_wconf 90' lang='lat' dir='ltr'><strong>quam</strong></span> <span class='ocrx_word' id='word_1_111' title='bbox 2958 613 3285 679; x_wconf 81' lang='lat' dir='ltr'><strong>futurorum,</strong></span> <span class='ocrx_word' id='word_1_112' title='bbox 3317 612 3559 676; x_wconf 82' lang='lat' dir='ltr'><strong>solertia,</strong></span> 
     </span>
    </p>
   </div>
   <div class='ocr_carea' id='block_1_23' title="bbox 1978 705 3569 782">
    <p class='ocr_par' dir='ltr' id='par_1_23' title="bbox 1978 705 3569 782">
     <span class='ocr_line' id='line_1_23' title="bbox 1978 705 3569 782; baseline -0.005 -16"><span class='ocrx_word' id='word_1_113' title='bbox 1978 711 2111 782; x_wconf 88' lang='lat' dir='ltr'><strong>quia</strong></span> <span class='ocrx_word' id='word_1_114' title='bbox 2139 712 2224 766; x_wconf 88' lang='lat' dir='ltr'><strong>vir</strong></span> <span class='ocrx_word' id='word_1_115' title='bbox 2244 709 2571 766; x_wconf 84' lang='lat' dir='ltr'><strong>venerabilis</strong></span> <span class='ocrx_word' id='word_1_116' title='bbox 2596 708 2931 773; x_wconf 88' lang='lat' dir='ltr'><strong>Tancradus,</strong></span> <span class='ocrx_word' id='word_1_117' title='bbox 2963 705 3103 761; x_wconf 89' lang='lat' dir='ltr'><strong>abba</strong></span> <span class='ocrx_word' id='word_1_118' title='bbox 3141 714 3207 761; x_wconf 75' lang='lat' dir='ltr'><strong>ex</strong></span> <span class='ocrx_word' id='word_1_119' title='bbox 3235 705 3569 760; x_wconf 86' lang='lat' dir='ltr'><strong>monasterio</strong></span> 
     </span>
    </p>
   </div>
   <div class='ocr_carea' id='block_1_24' title="bbox 1982 801 3573 874">
    <p class='ocr_par' dir='ltr' id='par_1_24' title="bbox 1982 801 3573 874">
     <span class='ocr_line' id='line_1_24' title="bbox 1982 801 3573 874; baseline -0.004 -15"><span class='ocrx_word' id='word_1_120' title='bbox 1982 804 2126 874; x_wconf 90' lang='lat' dir='ltr'><strong>quod</strong></span> <span class='ocrx_word' id='word_1_121' title='bbox 2166 803 2363 858; x_wconf 89' lang='lat' dir='ltr'><strong>dicitur</strong></span> <span class='ocrx_word' id='word_1_122' title='bbox 2402 802 2646 868; x_wconf 88' lang='lat' dir='ltr'><strong>Prumia,</strong></span> <span class='ocrx_word' id='word_1_123' title='bbox 2691 801 2836 871; x_wconf 91' lang='lat' dir='ltr'><strong>quod</strong></span> <span class='ocrx_word' id='word_1_124' title='bbox 2863 802 3092 855; x_wconf 90' lang='lat' dir='ltr'><strong>domnus</strong></span> <span class='ocrx_word' id='word_1_125' title='bbox 3133 805 3189 853; x_wconf 89' lang='lat' dir='ltr'><strong>et</strong></span> <span class='ocrx_word' id='word_1_126' title='bbox 3216 813 3352 853; x_wconf 90' lang='lat' dir='ltr'><strong>avus</strong></span> <span class='ocrx_word' id='word_1_127' title='bbox 3387 806 3573 853; x_wconf 89' lang='lat' dir='ltr'><strong>noster</strong></span> 
     </span>
    </p>
   </div>
   <div class='ocr_carea' id='block_1_25' title="bbox 1984 886 3572 963">
    <p class='ocr_par' dir='ltr' id='par_1_25' title="bbox 1984 886 3572 963">
     <span class='ocr_line' id='line_1_25' title="bbox 1984 886 3572 963; baseline -0.004 -17"><span class='ocrx_word' id='word_1_128' title='bbox 1984 893 2246 963; x_wconf 86' lang='lat' dir='ltr'><strong>Pippinus</strong></span> <span class='ocrx_word' id='word_1_129' title='bbox 2266 892 2533 963; x_wconf 85' lang='lat' dir='ltr'><strong>gloriosus</strong></span> <span class='ocrx_word' id='word_1_130' title='bbox 2561 906 2678 957; x_wconf 82' lang='lat' dir='ltr'><strong>rex,</strong></span> <span class='ocrx_word' id='word_1_131' title='bbox 2704 905 2845 945; x_wconf 86' lang='lat' dir='ltr'><strong>novo</strong></span> <span class='ocrx_word' id='word_1_132' title='bbox 2872 903 3057 959; x_wconf 82' lang='lat' dir='ltr'><strong>opere,</strong></span> <span class='ocrx_word' id='word_1_133' title='bbox 3084 886 3138 941; x_wconf 89' lang='lat' dir='ltr'><strong>in</strong></span> <span class='ocrx_word' id='word_1_134' title='bbox 3160 888 3368 942; x_wconf 83' lang='lat' dir='ltr'><strong>honore</strong></span> <span class='ocrx_word' id='word_1_135' title='bbox 3395 888 3572 941; x_wconf 82' lang='lat' dir='ltr'><strong>sancti</strong></span> 
     </span>
    </p>
   </div>
   <div class='ocr_carea' id='block_1_26' title="bbox 1986 982 3573 1049">
    <p class='ocr_par' dir='ltr' id='par_1_26' title="bbox 1986 982 3573 1049">
     <span class='ocr_line' id='line_1_26' title="bbox 1986 982 3573 1049; baseline -0.001 -10"><span class='ocrx_word' id='word_1_136' title='bbox 1986 983 2308 1049; x_wconf 87' lang='lat' dir='ltr'><strong>Salvatoris,</strong></span> <span class='ocrx_word' id='word_1_137' title='bbox 2327 998 2428 1037; x_wconf 91' lang='lat' dir='ltr'><strong>ceu</strong></span> <span class='ocrx_word' id='word_1_138' title='bbox 2447 990 2501 1038; x_wconf 87' lang='lat' dir='ltr'><strong>et</strong></span> <span class='ocrx_word' id='word_1_139' title='bbox 2521 991 2840 1039; x_wconf 76' lang='lat' dir='ltr'><strong>caeterorum</strong></span> <span class='ocrx_word' id='word_1_140' title='bbox 2860 991 3172 1037; x_wconf 88' lang='lat' dir='ltr'><strong>sanctorum</strong></span> <span class='ocrx_word' id='word_1_141' title='bbox 3194 982 3500 1037; x_wconf 79' lang='lat' dir='ltr'><strong>construxit</strong></span> <span class='ocrx_word' id='word_1_142' title='bbox 3521 994 3544 1022; x_wconf 73' lang='grc' dir='ltr'><strong>η</strong></span> <span class='ocrx_word' id='word_1_143' title='bbox 3557 1022 3573 1046; x_wconf 87' lang='grc'>,</span> 
     </span>
    </p>
   </div>
   <div class='ocr_carea' id='block_1_27' title="bbox 1985 1074 3576 1146">
    <p class='ocr_par' dir='ltr' id='par_1_27' title="bbox 1985 1074 3576 1146">
     <span class='ocr_line' id='line_1_27' title="bbox 1985 1074 3576 1146; baseline -0.003 -13"><span class='ocrx_word' id='word_1_144' title='bbox 1985 1077 2177 1133; x_wconf 89' lang='lat' dir='ltr'><strong>obtulit</strong></span> <span class='ocrx_word' id='word_1_145' title='bbox 2205 1077 2582 1132; x_wconf 87' lang='lat' dir='ltr'><strong>auctoritatem</strong></span> <span class='ocrx_word' id='word_1_146' title='bbox 2623 1076 2979 1131; x_wconf 90' lang='lat' dir='ltr'><strong>immunitatis</strong></span> <span class='ocrx_word' id='word_1_147' title='bbox 3021 1074 3205 1130; x_wconf 87' lang='lat' dir='ltr'><strong>domui</strong></span> <span class='ocrx_word' id='word_1_148' title='bbox 3232 1083 3286 1129; x_wconf 89' lang='lat' dir='ltr'><strong>et</strong></span> <span class='ocrx_word' id='word_1_149' title='bbox 3314 1074 3576 1146; x_wconf 79' lang='lat' dir='ltr'><strong>genitoris</strong></span> 
     </span>
    </p>
   </div>
   <div class='ocr_carea' id='block_1_28' title="bbox 1985 1166 3569 1237">
    <p class='ocr_par' dir='ltr' id='par_1_28' title="bbox 1985 1166 3569 1237">
     <span class='ocr_line' id='line_1_28' title="bbox 1985 1166 3569 1237; baseline -0.003 -13"><span class='ocrx_word' id='word_1_150' title='bbox 1985 1170 2157 1224; x_wconf 88' lang='lat' dir='ltr'><strong>nostri</strong></span> <span class='ocrx_word' id='word_1_151' title='bbox 2178 1168 2357 1224; x_wconf 86' lang='lat' dir='ltr'><strong>Caroli</strong></span> <span class='ocrx_word' id='word_1_152' title='bbox 2378 1169 2532 1223; x_wconf 57' lang='lat' dir='ltr'><strong>bona;</strong></span> <span class='ocrx_word' id='word_1_153' title='bbox 2554 1168 2829 1224; x_wconf 63' lang='lat' dir='ltr'><strong>memoria?</strong></span> <span class='ocrx_word' id='word_1_154' title='bbox 2849 1166 3182 1222; x_wconf 88' lang='lat' dir='ltr'><strong>serenissimi</strong></span> <span class='ocrx_word' id='word_1_155' title='bbox 3204 1167 3569 1237; x_wconf 86' lang='lat' dir='ltr'><strong>imperatoris,</strong></span> 
     </span>
    </p>
   </div>
   <div class='ocr_carea' id='block_1_29' title="bbox 1987 1258 3573 1331">
    <p class='ocr_par' dir='ltr' id='par_1_29' title="bbox 1987 1258 3573 1331">
     <span class='ocr_line' id='line_1_29' title="bbox 1987 1258 3573 1331; baseline -0.002 -17"><span class='ocrx_word' id='word_1_156' title='bbox 1987 1260 2042 1314; x_wconf 92' lang='lat' dir='ltr'><strong>in</strong></span> <span class='ocrx_word' id='word_1_157' title='bbox 2094 1276 2202 1331; x_wconf 88' lang='lat' dir='ltr'><strong>qua</strong></span> <span class='ocrx_word' id='word_1_158' title='bbox 2243 1270 2361 1316; x_wconf 90' lang='lat' dir='ltr'><strong>erat</strong></span> <span class='ocrx_word' id='word_1_159' title='bbox 2405 1261 2669 1315; x_wconf 89' lang='lat' dir='ltr'><strong>insertum</strong></span> <span class='ocrx_word' id='word_1_160' title='bbox 2700 1259 2933 1329; x_wconf 85' lang='lat' dir='ltr'><strong>qualiter</strong></span> <span class='ocrx_word' id='word_1_161' title='bbox 2972 1258 3148 1329; x_wconf 86' lang='lat' dir='ltr'><strong>ipsum</strong></span> <span class='ocrx_word' id='word_1_162' title='bbox 3183 1259 3573 1314; x_wconf 85' lang='lat' dir='ltr'><strong>monasterium</strong></span> 
     </span>
    </p>
   </div>
   <div class='ocr_carea' id='block_1_30' title="bbox 1986 1347 3572 1421">
    <p class='ocr_par' dir='ltr' id='par_1_30' title="bbox 1986 1347 3572 1421">
     <span class='ocr_line' id='line_1_30' title="bbox 1986 1347 3572 1421; baseline -0.003 -15"><span class='ocrx_word' id='word_1_163' title='bbox 1986 1352 2057 1407; x_wconf 91' lang='lat' dir='ltr'><strong>ob</strong></span> <span class='ocrx_word' id='word_1_164' title='bbox 2086 1367 2328 1407; x_wconf 89' lang='lat' dir='ltr'><strong>amorem</strong></span> <span class='ocrx_word' id='word_1_165' title='bbox 2352 1352 2469 1418; x_wconf 90' lang='lat' dir='ltr'><strong>Dei,</strong></span> <span class='ocrx_word' id='word_1_166' title='bbox 2494 1350 3050 1421; x_wconf 85' lang='lat' dir='ltr'><strong>tranquillitatemque</strong></span> <span class='ocrx_word' id='word_1_167' title='bbox 3096 1347 3329 1403; x_wconf 83' lang='lat' dir='ltr'><strong>fratrum</strong></span> <span class='ocrx_word' id='word_1_168' title='bbox 3371 1348 3572 1403; x_wconf 85' lang='lat' dir='ltr'><strong>ibidem</strong></span> 
     </span>
    </p>
   </div>
   <div class='ocr_carea' id='block_1_31' title="bbox 1987 1439 3576 1512">
    <p class='ocr_par' dir='ltr' id='par_1_31' title="bbox 1987 1439 3576 1512">
     <span class='ocr_line' id='line_1_31' title="bbox 1987 1439 3576 1512; baseline -0.004 -13"><span class='ocrx_word' id='word_1_169' title='bbox 1987 1443 2417 1509; x_wconf 89' lang='lat' dir='ltr'><strong>consistentium,</strong></span> <span class='ocrx_word' id='word_1_170' title='bbox 2446 1455 2660 1512; x_wconf 86' lang='lat' dir='ltr'><strong>semper</strong></span> <span class='ocrx_word' id='word_1_171' title='bbox 2688 1442 2864 1512; x_wconf 90' lang='lat' dir='ltr'><strong>ipsum</strong></span> <span class='ocrx_word' id='word_1_172' title='bbox 2899 1441 3292 1495; x_wconf 87' lang='lat' dir='ltr'><strong>monasterium</strong></span> <span class='ocrx_word' id='word_1_173' title='bbox 3337 1440 3437 1494; x_wconf 87' lang='lat' dir='ltr'><strong>sub</strong></span> <span class='ocrx_word' id='word_1_174' title='bbox 3467 1439 3576 1510; x_wconf 83' lang='lat' dir='ltr'><strong>plc-</strong></span> 
     </span>
    </p>
   </div>
   <div class='ocr_carea' id='block_1_32' title="bbox 1987 1531 3578 1591">
    <p class='ocr_par' dir='ltr' id='par_1_32' title="bbox 1987 1531 3578 1591">
     <span class='ocr_line' id='line_1_32' title="bbox 1987 1531 3578 1591; baseline -0.003 -2"><span class='ocrx_word' id='word_1_175' title='bbox 1987 1535 2211 1590; x_wconf 89' lang='lat' dir='ltr'><strong>nissima</strong></span> <span class='ocrx_word' id='word_1_176' title='bbox 2234 1534 2463 1591; x_wconf 91' lang='lat' dir='ltr'><strong>tuitione</strong></span> <span class='ocrx_word' id='word_1_177' title='bbox 2491 1544 2548 1589; x_wconf 91' lang='lat' dir='ltr'><strong>et</strong></span> <span class='ocrx_word' id='word_1_178' title='bbox 2567 1532 2924 1589; x_wconf 90' lang='lat' dir='ltr'><strong>immunitatis</strong></span> <span class='ocrx_word' id='word_1_179' title='bbox 2946 1531 3259 1588; x_wconf 84' lang='lat' dir='ltr'><strong>defensione</strong></span> <span class='ocrx_word' id='word_1_180' title='bbox 3278 1532 3578 1588; x_wconf 86' lang='lat' dir='ltr'><strong>habuisset.</strong></span> 
     </span>
    </p>
   </div>
   <div class='ocr_carea' id='block_1_33' title="bbox 1989 1620 3581 1694">
    <p class='ocr_par' dir='ltr' id='par_1_33' title="bbox 1989 1620 3581 1694">
     <span class='ocr_line' id='line_1_33' title="bbox 1989 1620 3581 1694; baseline -0.004 -14"><span class='ocrx_word' id='word_1_181' title='bbox 1989 1623 2098 1680; x_wconf 87' lang='lat' dir='ltr'><strong>Sed</strong></span> <span class='ocrx_word' id='word_1_182' title='bbox 2124 1639 2222 1694; x_wconf 90' lang='lat' dir='ltr'><strong>pro</strong></span> <span class='ocrx_word' id='word_1_183' title='bbox 2244 1623 2515 1679; x_wconf 82' lang='lat' dir='ltr'><strong>ﬁrmitatis</strong></span> <span class='ocrx_word' id='word_1_184' title='bbox 2538 1623 2717 1678; x_wconf 90' lang='lat' dir='ltr'><strong>studio</strong></span> <span class='ocrx_word' id='word_1_185' title='bbox 2744 1622 2901 1693; x_wconf 82' lang='lat' dir='ltr'><strong>petiit</strong></span> <span class='ocrx_word' id='word_1_186' title='bbox 2940 1620 3230 1692; x_wconf 82' lang='lat' dir='ltr'><strong>praedictus</strong></span> <span class='ocrx_word' id='word_1_187' title='bbox 3268 1621 3406 1676; x_wconf 89' lang='lat' dir='ltr'><strong>abba</strong></span> <span class='ocrx_word' id='word_1_188' title='bbox 3438 1621 3581 1675; x_wconf 90' lang='lat' dir='ltr'><strong>Tan-</strong></span> 
     </span>
    </p>
   </div>
   <div class='ocr_carea' id='block_1_34' title="bbox 301 1711 3581 1787">
    <p class='ocr_par' dir='ltr' id='par_1_34' title="bbox 301 1711 3581 1787">
     <span class='ocr_line' id='line_1_34' title="bbox 301 1711 3581 1787; baseline -0.003 -11"><span class='ocrx_word' id='word_1_189' title='bbox 301 1737 385 1777; x_wconf 71' lang='lat' dir='ltr'><strong>nte</strong></span> <span class='ocrx_word' id='word_1_190' title='bbox 412 1719 786 1776; x_wconf 87' lang='lat' dir='ltr'><strong>retributionis</strong></span> <span class='ocrx_word' id='word_1_191' title='bbox 811 1718 1008 1783; x_wconf 81' lang='lat' dir='ltr'><strong>fructu,</strong></span> <span class='ocrx_word' id='word_1_192' title='bbox 1034 1716 1296 1787; x_wconf 89' lang='lat' dir='ltr'><strong>quasdam</strong></span> <span class='ocrx_word' id='word_1_193' title='bbox 1322 1729 1433 1779; x_wconf 90' lang='lat' dir='ltr'><strong>res,</strong></span> <span class='ocrx_word' id='word_1_194' title='bbox 1460 1727 1581 1784; x_wconf 61' lang='lat' dir='ltr'><strong>quae</strong></span> <span class='ocrx_word' id='word_1_195' title='bbox 1608 1713 1741 1768; x_wconf 89' lang='lat' dir='ltr'><strong>olim</strong></span> <span class='ocrx_word' id='word_1_196' title='bbox 1768 1726 1887 1765; x_wconf 90' lang='lat' dir='ltr'><strong>ma—</strong></span> <span class='ocrx_word' id='word_1_197' title='bbox 1913 1725 1962 1785; x_wconf 81' lang='grc' dir='ltr'><strong>Β</strong></span> <span class='ocrx_word' id='word_1_198' title='bbox 1988 1714 2206 1780; x_wconf 91' lang='lat' dir='ltr'><strong>cradus,</strong></span> <span class='ocrx_word' id='word_1_199' title='bbox 2231 1722 2293 1768; x_wconf 90' lang='lat' dir='ltr'><strong>ut</strong></span> <span class='ocrx_word' id='word_1_200' title='bbox 2318 1714 2464 1769; x_wconf 89' lang='lat' dir='ltr'><strong>circa</strong></span> <span class='ocrx_word' id='word_1_201' title='bbox 2486 1714 2663 1783; x_wconf 88' lang='lat' dir='ltr'><strong>ipsum</strong></span> <span class='ocrx_word' id='word_1_202' title='bbox 2691 1713 2892 1778; x_wconf 90' lang='lat' dir='ltr'><strong>locum,</strong></span> <span class='ocrx_word' id='word_1_203' title='bbox 2915 1713 2985 1767; x_wconf 91' lang='lat' dir='ltr'><strong>ob</strong></span> <span class='ocrx_word' id='word_1_204' title='bbox 3010 1727 3253 1768; x_wconf 89' lang='lat' dir='ltr'><strong>amorem</strong></span> <span class='ocrx_word' id='word_1_205' title='bbox 3279 1711 3373 1766; x_wconf 91' lang='lat' dir='ltr'><strong>Dei</strong></span> <span class='ocrx_word' id='word_1_206' title='bbox 3400 1720 3581 1783; x_wconf 88' lang='lat' dir='ltr'><strong>pater-</strong></span> 
     </span>
    </p>
   </div>
   <div class='ocr_carea' id='block_1_35' title="bbox 301 1803 1890 1875">
    <p class='ocr_par' dir='ltr' id='par_1_35' title="bbox 301 1803 1890 1875">
     <span class='ocr_line' id='line_1_35' title="bbox 301 1803 1890 1875; baseline -0.007 -8"><span class='ocrx_word' id='word_1_207' title='bbox 301 1812 373 1867; x_wconf 85' lang='lat' dir='ltr'><strong>tri</strong></span> <span class='ocrx_word' id='word_1_208' title='bbox 400 1811 642 1866; x_wconf 63' lang='lat' dir='ltr'><strong>ecclesiae</strong></span> <span class='ocrx_word' id='word_1_209' title='bbox 671 1809 987 1875; x_wconf 82' lang='lat' dir='ltr'><strong>Viennensi,</strong></span> <span class='ocrx_word' id='word_1_210' title='bbox 1020 1808 1114 1863; x_wconf 91' lang='lat' dir='ltr'><strong>ubi</strong></span> <span class='ocrx_word' id='word_1_211' title='bbox 1143 1806 1304 1861; x_wconf 90' lang='lat' dir='ltr'><strong>modo</strong></span> <span class='ocrx_word' id='word_1_212' title='bbox 1332 1804 1644 1859; x_wconf 89' lang='lat' dir='ltr'><strong>Bernardus</strong></span> <span class='ocrx_word' id='word_1_213' title='bbox 1676 1803 1890 1859; x_wconf 85' lang='lat' dir='ltr'><strong>archie-</strong></span> 
     </span>
    </p>
   </div>
   <div class='ocr_carea' id='block_1_36' title="bbox 303 1893 1888 1974">
    <p class='ocr_par' dir='ltr' id='par_1_36' title="bbox 303 1893 1888 1974">
     <span class='ocr_line' id='line_1_36' title="bbox 303 1893 1888 1974; baseline -0.006 -17"><span class='ocrx_word' id='word_1_214' title='bbox 303 1902 559 1974; x_wconf 88' lang='lat' dir='ltr'><strong>piscopus</strong></span> <span class='ocrx_word' id='word_1_215' title='bbox 584 1907 799 1971; x_wconf 67' lang='lat' dir='ltr'><strong>praeest,</strong></span> <span class='ocrx_word' id='word_1_216' title='bbox 825 1914 946 1970; x_wconf 69' lang='lat' dir='ltr'><strong>qua:</strong></span> <span class='ocrx_word' id='word_1_217' title='bbox 964 1906 1049 1954; x_wconf 88' lang='lat' dir='ltr'><strong>est</strong></span> <span class='ocrx_word' id='word_1_218' title='bbox 1070 1903 1382 1953; x_wconf 89' lang='lat' dir='ltr'><strong>constructa</strong></span> <span class='ocrx_word' id='word_1_219' title='bbox 1410 1895 1465 1950; x_wconf 92' lang='lat' dir='ltr'><strong>in</strong></span> <span class='ocrx_word' id='word_1_220' title='bbox 1486 1895 1692 1950; x_wconf 86' lang='lat' dir='ltr'><strong>honore</strong></span> <span class='ocrx_word' id='word_1_221' title='bbox 1713 1893 1888 1949; x_wconf 88' lang='lat' dir='ltr'><strong>sancti</strong></span> 
     </span>
    </p>
   </div>
   <div class='ocr_carea' id='block_1_37' title="bbox 304 1983 1889 2061">
    <p class='ocr_par' dir='ltr' id='par_1_37' title="bbox 304 1983 1889 2061">
     <span class='ocr_line' id='line_1_37' title="bbox 304 1983 1889 2061; baseline -0.006 -14"><span class='ocrx_word' id='word_1_222' title='bbox 304 1991 553 2047; x_wconf 75' lang='lat' dir='ltr'><strong>Mauricii</strong></span> <span class='ocrx_word' id='word_1_223' title='bbox 601 1991 885 2061; x_wconf 70' lang='lat' dir='ltr'><strong>martyris,</strong></span> <span class='ocrx_word' id='word_1_224' title='bbox 902 1990 1193 2045; x_wconf 83' lang='lat' dir='ltr'><strong>abstractae</strong></span> <span class='ocrx_word' id='word_1_225' title='bbox 1222 1993 1398 2050; x_wconf 91' lang='lat' dir='ltr'><strong>erant,</strong></span> <span class='ocrx_word' id='word_1_226' title='bbox 1443 2000 1544 2054; x_wconf 89' lang='lat' dir='ltr'><strong>pro</strong></span> <span class='ocrx_word' id='word_1_227' title='bbox 1573 2000 1758 2041; x_wconf 86' lang='lat' dir='ltr'><strong>amore</strong></span> <span class='ocrx_word' id='word_1_228' title='bbox 1792 1983 1889 2039; x_wconf 88' lang='lat' dir='ltr'><strong>Dei</strong></span> 
     </span>
    </p>
   </div>
   <div class='ocr_carea' id='block_1_38' title="bbox 301 2076 1887 2149">
    <p class='ocr_par' dir='ltr' id='par_1_38' title="bbox 301 2076 1887 2149">
     <span class='ocr_line' id='line_1_38' title="bbox 301 2076 1887 2149; baseline -0.004 -13"><span class='ocrx_word' id='word_1_229' title='bbox 301 2089 359 2137; x_wconf 89' lang='lat' dir='ltr'><strong>et</strong></span> <span class='ocrx_word' id='word_1_230' title='bbox 384 2080 691 2137; x_wconf 88' lang='lat' dir='ltr'><strong>reverentia</strong></span> <span class='ocrx_word' id='word_1_231' title='bbox 725 2079 896 2149; x_wconf 88' lang='lat' dir='ltr'><strong>ipsius</strong></span> <span class='ocrx_word' id='word_1_232' title='bbox 924 2078 1095 2133; x_wconf 83' lang='lat' dir='ltr'><strong>sancti</strong></span> <span class='ocrx_word' id='word_1_233' title='bbox 1124 2076 1227 2131; x_wconf 87' lang='lat' dir='ltr'><strong>loci</strong></span> <span class='ocrx_word' id='word_1_234' title='bbox 1259 2076 1504 2140; x_wconf 89' lang='lat' dir='ltr'><strong>reddere,</strong></span> <span class='ocrx_word' id='word_1_235' title='bbox 1529 2091 1650 2145; x_wconf 71' lang='lat' dir='ltr'><strong>qua:</strong></span> <span class='ocrx_word' id='word_1_236' title='bbox 1680 2082 1807 2130; x_wconf 90' lang='lat' dir='ltr'><strong>sunt</strong></span> <span class='ocrx_word' id='word_1_237' title='bbox 1833 2076 1887 2129; x_wconf 92' lang='lat' dir='ltr'><strong>in</strong></span> 
     </span>
    </p>
   </div>
   <div class='ocr_carea' id='block_1_39' title="bbox 301 2166 1885 2245">
    <p class='ocr_par' dir='ltr' id='par_1_39' title="bbox 301 2166 1885 2245">
     <span class='ocr_line' id='line_1_39' title="bbox 301 2166 1885 2245; baseline -0.006 -17"><span class='ocrx_word' id='word_1_238' title='bbox 301 2188 442 2245; x_wconf 92' lang='lat' dir='ltr'><strong>pago</strong></span> <span class='ocrx_word' id='word_1_239' title='bbox 487 2171 820 2227; x_wconf 79' lang='lat' dir='ltr'><strong>Vasionense</strong></span> <span class='ocrx_word' id='word_1_240' title='bbox 870 2170 926 2223; x_wconf 91' lang='lat' dir='ltr'><strong>in</strong></span> <span class='ocrx_word' id='word_1_241' title='bbox 972 2168 1099 2222; x_wconf 88' lang='lat' dir='ltr'><strong>villa</strong></span> <span class='ocrx_word' id='word_1_242' title='bbox 1136 2183 1257 2237; x_wconf 75' lang='lat' dir='ltr'><strong>qua:</strong></span> <span class='ocrx_word' id='word_1_243' title='bbox 1299 2174 1529 2222; x_wconf 81' lang='lat' dir='ltr'><strong>vocatur</strong></span> <span class='ocrx_word' id='word_1_244' title='bbox 1558 2166 1885 2232; x_wconf 81' lang='lat' dir='ltr'><strong>Dalforiana,</strong></span> 
     </span>
    </p>
   </div>
   <div class='ocr_carea' id='block_1_40' title="bbox 299 2257 1893 2328">
    <p class='ocr_par' dir='ltr' id='par_1_40' title="bbox 299 2257 1893 2328">
     <span class='ocr_line' id='line_1_40' title="bbox 299 2257 1893 2328; baseline -0.005 -8"><span class='ocrx_word' id='word_1_245' title='bbox 299 2280 429 2320; x_wconf 90' lang='lat' dir='ltr'><strong>cum</strong></span> <span class='ocrx_word' id='word_1_246' title='bbox 457 2263 706 2318; x_wconf 86' lang='lat' dir='ltr'><strong>domibus</strong></span> <span class='ocrx_word' id='word_1_247' title='bbox 731 2270 788 2317; x_wconf 91' lang='lat' dir='ltr'><strong>et</strong></span> <span class='ocrx_word' id='word_1_248' title='bbox 809 2259 1072 2324; x_wconf 62' lang='lat' dir='ltr'><strong>aediﬁciis,</strong></span> <span class='ocrx_word' id='word_1_249' title='bbox 1112 2258 1418 2328; x_wconf 84' lang='lat' dir='ltr'><strong>mancipiis,</strong></span> <span class='ocrx_word' id='word_1_250' title='bbox 1442 2257 1753 2323; x_wconf 85' lang='lat' dir='ltr'><strong>accolabus,</strong></span> <span class='ocrx_word' id='word_1_251' title='bbox 1783 2266 1893 2312; x_wconf 48' lang='lat' dir='ltr'><strong>ter‘</strong></span> 
     </span>
    </p>
   </div>
   <div class='ocr_carea' id='block_1_41' title="bbox 303 2347 1891 2418">
    <p class='ocr_par' dir='ltr' id='par_1_41' title="bbox 303 2347 1891 2418">
     <span class='ocr_line' id='line_1_41' title="bbox 303 2347 1891 2418; baseline -0.005 -9"><span class='ocrx_word' id='word_1_252' title='bbox 303 2355 402 2418; x_wconf 82' lang='lat' dir='ltr'><strong>ris,</strong></span> <span class='ocrx_word' id='word_1_253' title='bbox 445 2351 693 2417; x_wconf 90' lang='lat' dir='ltr'><strong>olivetis,</strong></span> <span class='ocrx_word' id='word_1_254' title='bbox 745 2350 937 2415; x_wconf 87' lang='lat' dir='ltr'><strong>vineis,</strong></span> <span class='ocrx_word' id='word_1_255' title='bbox 987 2348 1160 2414; x_wconf 89' lang='lat' dir='ltr'><strong>silvis,</strong></span> <span class='ocrx_word' id='word_1_256' title='bbox 1189 2347 1394 2418; x_wconf 89' lang='lat' dir='ltr'><strong>pratis,</strong></span> <span class='ocrx_word' id='word_1_257' title='bbox 1439 2347 1686 2416; x_wconf 86' lang='lat' dir='ltr'><strong>pascuis,</strong></span> <span class='ocrx_word' id='word_1_258' title='bbox 1736 2347 1891 2417; x_wconf 89' lang='lat' dir='ltr'><strong>aquis</strong></span> 
     </span>
    </p>
   </div>
   <div class='ocr_carea' id='block_1_42' title="bbox 302 2438 1890 2518">
    <p class='ocr_par' dir='ltr' id='par_1_42' title="bbox 302 2438 1890 2518">
     <span class='ocr_line' id='line_1_42' title="bbox 302 2438 1890 2518; baseline -0.002 -22"><span class='ocrx_word' id='word_1_259' title='bbox 302 2455 636 2512; x_wconf 86' lang='lat' dir='ltr'><strong>aquarumve</strong></span> <span class='ocrx_word' id='word_1_260' title='bbox 678 2440 1034 2505; x_wconf 87' lang='lat' dir='ltr'><strong>decursibus,</strong></span> <span class='ocrx_word' id='word_1_261' title='bbox 1079 2453 1201 2495; x_wconf 89' lang='lat' dir='ltr'><strong>cum</strong></span> <span class='ocrx_word' id='word_1_262' title='bbox 1248 2438 1500 2518; x_wconf 85' lang='lat' dir='ltr'><strong>omnibus</strong></span> <span class='ocrx_word' id='word_1_263' title='bbox 1557 2438 1890 2509; x_wconf 88' lang='lat' dir='ltr'><strong>appendiciis</strong></span> 
     </span>
    </p>
   </div>
   <div class='ocr_carea' id='block_1_43' title="bbox 306 2530 1891 2603">
    <p class='ocr_par' dir='ltr' id='par_1_43' title="bbox 306 2530 1891 2603">
     <span class='ocr_line' id='line_1_43' title="bbox 306 2530 1891 2603; baseline -0.001 -16"><span class='ocrx_word' id='word_1_264' title='bbox 306 2531 392 2589; x_wconf 82' lang='lat' dir='ltr'><strong>vel</strong></span> <span class='ocrx_word' id='word_1_265' title='bbox 422 2533 759 2603; x_wconf 89' lang='lat' dir='ltr'><strong>adjacentiis.</strong></span> <span class='ocrx_word' id='word_1_266' title='bbox 807 2530 914 2585; x_wconf 84' lang='lat' dir='ltr'><strong>Has</strong></span> <span class='ocrx_word' id='word_1_267' title='bbox 956 2530 1141 2601; x_wconf 86' lang='lat' dir='ltr'><strong>itaque</strong></span> <span class='ocrx_word' id='word_1_268' title='bbox 1162 2544 1269 2593; x_wconf 91' lang='lat' dir='ltr'><strong>res,</strong></span> <span class='ocrx_word' id='word_1_269' title='bbox 1302 2544 1425 2584; x_wconf 89' lang='lat' dir='ltr'><strong>cum</strong></span> <span class='ocrx_word' id='word_1_270' title='bbox 1452 2530 1706 2585; x_wconf 91' lang='lat' dir='ltr'><strong>omnibus</strong></span> <span class='ocrx_word' id='word_1_271' title='bbox 1734 2530 1802 2585; x_wconf 90' lang='lat' dir='ltr'><strong>ad</strong></span> <span class='ocrx_word' id='word_1_272' title='bbox 1832 2544 1891 2585; x_wconf 86' lang='lat' dir='ltr'><strong>se</strong></span> 
     </span>
    </p>
   </div>
   <div class='ocr_carea' id='block_1_44' title="bbox 230 2620 1894 2701">
    <p class='ocr_par' dir='ltr' id='par_1_44' title="bbox 230 2620 1894 2701">
     <span class='ocr_line' id='line_1_44' title="bbox 230 2620 1894 2701; baseline -0.002 -23"><span class='ocrx_word' id='word_1_273' title='bbox 230 2698 235 2701; x_wconf 85' lang='lat'>_</span> <span class='ocrx_word' id='word_1_274' title='bbox 303 2623 698 2696; x_wconf 85' lang='lat' dir='ltr'><strong>pertinentibus</strong></span> <span class='ocrx_word' id='word_1_275' title='bbox 743 2622 831 2677; x_wconf 87' lang='lat' dir='ltr'><strong>vel</strong></span> <span class='ocrx_word' id='word_1_276' title='bbox 871 2621 1275 2692; x_wconf 88' lang='lat' dir='ltr'><strong>aspicientibus,</strong></span> <span class='ocrx_word' id='word_1_277' title='bbox 1322 2635 1441 2690; x_wconf 72' lang='lat' dir='ltr'><strong>qua:</strong></span> <span class='ocrx_word' id='word_1_278' title='bbox 1468 2621 1534 2676; x_wconf 90' lang='lat' dir='ltr'><strong>de</strong></span> <span class='ocrx_word' id='word_1_279' title='bbox 1567 2621 1781 2677; x_wconf 85' lang='lat' dir='ltr'><strong>ratione</strong></span> <span class='ocrx_word' id='word_1_280' title='bbox 1813 2620 1894 2690; x_wconf 86' lang='lat' dir='ltr'><strong>ip-</strong></span> 
     </span>
    </p>
   </div>
   <div class='ocr_carea' id='block_1_45' title="bbox 302 2712 1889 2787">
    <p class='ocr_par' dir='ltr' id='par_1_45' title="bbox 302 2712 1889 2787">
     <span class='ocr_line' id='line_1_45' title="bbox 302 2712 1889 2787; baseline -0.001 -18"><span class='ocrx_word' id='word_1_281' title='bbox 302 2715 419 2770; x_wconf 86' lang='lat' dir='ltr'><strong>sius</strong></span> <span class='ocrx_word' id='word_1_282' title='bbox 447 2715 588 2770; x_wconf 71' lang='lat' dir='ltr'><strong>villa:</strong></span> <span class='ocrx_word' id='word_1_283' title='bbox 632 2715 686 2770; x_wconf 93' lang='lat' dir='ltr'><strong>in</strong></span> <span class='ocrx_word' id='word_1_284' title='bbox 715 2714 905 2771; x_wconf 89' lang='lat' dir='ltr'><strong>eadem</strong></span> <span class='ocrx_word' id='word_1_285' title='bbox 942 2715 1222 2787; x_wconf 88' lang='lat' dir='ltr'><strong>provincia</strong></span> <span class='ocrx_word' id='word_1_286' title='bbox 1253 2712 1424 2787; x_wconf 88' lang='lat' dir='ltr'><strong>[sunt]</strong></span> <span class='ocrx_word' id='word_1_287' title='bbox 1463 2714 1717 2784; x_wconf 83' lang='lat' dir='ltr'><strong>praesenti</strong></span> <span class='ocrx_word' id='word_1_288' title='bbox 1750 2722 1889 2767; x_wconf 86' lang='lat' dir='ltr'><strong>tem-</strong></span> 
     </span>
    </p>
   </div>
   <div class='ocr_carea' id='block_1_46' title="bbox 304 2807 1890 2879">
    <p class='ocr_par' dir='ltr' id='par_1_46' title="bbox 304 2807 1890 2879">
     <span class='ocr_line' id='line_1_46' title="bbox 304 2807 1890 2879; baseline 0.002 -19"><span class='ocrx_word' id='word_1_289' title='bbox 304 2817 457 2877; x_wconf 85' lang='lat' dir='ltr'><strong>pore,</strong></span> <span class='ocrx_word' id='word_1_290' title='bbox 492 2814 665 2862; x_wconf 86' lang='lat' dir='ltr'><strong>totum</strong></span> <span class='ocrx_word' id='word_1_291' title='bbox 697 2816 752 2864; x_wconf 91' lang='lat' dir='ltr'><strong>et</strong></span> <span class='ocrx_word' id='word_1_292' title='bbox 790 2808 858 2862; x_wconf 92' lang='lat' dir='ltr'><strong>ad</strong></span> <span class='ocrx_word' id='word_1_293' title='bbox 886 2808 1153 2879; x_wconf 88' lang='lat' dir='ltr'><strong>integrum</strong></span> <span class='ocrx_word' id='word_1_294' title='bbox 1192 2807 1278 2862; x_wconf 90' lang='lat' dir='ltr'><strong>vel</strong></span> <span class='ocrx_word' id='word_1_295' title='bbox 1306 2808 1714 2879; x_wconf 77' lang='lat' dir='ltr'><strong>inexquisitum,</strong></span> <span class='ocrx_word' id='word_1_296' title='bbox 1747 2823 1890 2878; x_wconf 66' lang='lat' dir='ltr'><strong>pra:-</strong></span> 
     </span>
    </p>
   </div>
   <div class='ocr_carea' id='block_1_47' title="bbox 304 2897 1892 2969">
    <p class='ocr_par' dir='ltr' id='par_1_47' title="bbox 304 2897 1892 2969">
     <span class='ocr_line' id='line_1_47' title="bbox 304 2897 1892 2969; baseline 0.001 -17"><span class='ocrx_word' id='word_1_297' title='bbox 304 2898 461 2952; x_wconf 86' lang='lat' dir='ltr'><strong>dictae</strong></span> <span class='ocrx_word' id='word_1_298' title='bbox 491 2897 782 2953; x_wconf 79' lang='lat' dir='ltr'><strong>Viennensi</strong></span> <span class='ocrx_word' id='word_1_299' title='bbox 810 2898 1054 2954; x_wconf 82' lang='lat' dir='ltr'><strong>ecclesiae</strong></span> <span class='ocrx_word' id='word_1_300' title='bbox 1078 2913 1177 2969; x_wconf 90' lang='lat' dir='ltr'><strong>per</strong></span> <span class='ocrx_word' id='word_1_301' title='bbox 1202 2898 1343 2953; x_wconf 85' lang='lat' dir='ltr'><strong>hanc</strong></span> <span class='ocrx_word' id='word_1_302' title='bbox 1383 2906 1625 2954; x_wconf 79' lang='lat' dir='ltr'><strong>nostram</strong></span> <span class='ocrx_word' id='word_1_303' title='bbox 1655 2899 1892 2954; x_wconf 87' lang='lat' dir='ltr'><strong>auctori-</strong></span> 
     </span>
    </p>
   </div>
   <div class='ocr_carea' id='block_1_48' title="bbox 304 2988 1887 3060">
    <p class='ocr_par' dir='ltr' id='par_1_48' title="bbox 304 2988 1887 3060">
     <span class='ocr_line' id='line_1_48' title="bbox 304 2988 1887 3060; baseline 0.002 -18"><span class='ocrx_word' id='word_1_304' title='bbox 304 2994 470 3042; x_wconf 89' lang='lat' dir='ltr'><strong>tatem</strong></span> <span class='ocrx_word' id='word_1_305' title='bbox 500 2988 794 3044; x_wconf 83' lang='lat' dir='ltr'><strong>reddimus.</strong></span> <span class='ocrx_word' id='word_1_306' title='bbox 821 2988 1162 3060; x_wconf 84' lang='lat' dir='ltr'><strong>Quapropter</strong></span> <span class='ocrx_word' id='word_1_307' title='bbox 1187 2988 1436 3044; x_wconf 88' lang='lat' dir='ltr'><strong>volumus</strong></span> <span class='ocrx_word' id='word_1_308' title='bbox 1457 2997 1618 3059; x_wconf 89' lang='lat' dir='ltr'><strong>atque</strong></span> <span class='ocrx_word' id='word_1_309' title='bbox 1634 2988 1887 3059; x_wconf 70' lang='lat' dir='ltr'><strong>jubeant:</strong></span> 
     </span>
    </p>
   </div>
   <div class='ocr_carea' id='block_1_49' title="bbox 1990 1803 3584 1874">
    <p class='ocr_par' dir='ltr' id='par_1_49' title="bbox 1990 1803 3584 1874">
     <span class='ocr_line' id='line_1_49' title="bbox 1990 1803 3584 1874; baseline -0.001 -15"><span class='ocrx_word' id='word_1_310' title='bbox 1990 1818 2075 1859; x_wconf 83' lang='lat' dir='ltr'><strong>nae</strong></span> <span class='ocrx_word' id='word_1_311' title='bbox 2100 1804 2411 1859; x_wconf 88' lang='lat' dir='ltr'><strong>auctoritati</strong></span> <span class='ocrx_word' id='word_1_312' title='bbox 2440 1814 2681 1859; x_wconf 90' lang='lat' dir='ltr'><strong>nostram</strong></span> <span class='ocrx_word' id='word_1_313' title='bbox 2724 1816 2939 1874; x_wconf 85' lang='lat' dir='ltr'><strong>quoque</strong></span> <span class='ocrx_word' id='word_1_314' title='bbox 2970 1803 3460 1873; x_wconf 87' lang='lat' dir='ltr'><strong>superadderemus</strong></span> <span class='ocrx_word' id='word_1_315' title='bbox 3487 1819 3584 1858; x_wconf 84' lang='lat' dir='ltr'><strong>au-</strong></span> 
     </span>
    </p>
   </div>
   <div class='ocr_carea' id='block_1_50' title="bbox 1990 1894 2320 1950">
    <p class='ocr_par' dir='ltr' id='par_1_50' title="bbox 1990 1894 2320 1950">
     <span class='ocr_line' id='line_1_50' title="bbox 1990 1894 2320 1950; baseline 0 -1"><span class='ocrx_word' id='word_1_316' title='bbox 1990 1894 2320 1950; x_wconf 88' lang='lat' dir='ltr'><strong>ctoritatem.</strong></span> 
     </span>
    </p>
   </div>
   <div class='ocr_carea' id='block_1_51' title="bbox 1988 1976 3585 2058">
    <p class='ocr_par' dir='ltr' id='par_1_51' title="bbox 1988 1976 3585 2058">
     <span class='ocr_line' id='line_1_51' title="bbox 1988 1976 3585 2058; baseline -0.001 -15"><span class='ocrx_word' id='word_1_317' title='bbox 1988 1976 1995 1983; x_wconf 67' lang='grc'><em>’</em></span> <span class='ocrx_word' id='word_1_318' title='bbox 2060 1986 2226 2057; x_wconf 86' lang='lat' dir='ltr'><strong>Cujus</strong></span> <span class='ocrx_word' id='word_1_319' title='bbox 2266 1987 2515 2058; x_wconf 89' lang='lat' dir='ltr'><strong>petitioni</strong></span> <span class='ocrx_word' id='word_1_320' title='bbox 2563 1987 2797 2043; x_wconf 87' lang='lat' dir='ltr'><strong>libenter</strong></span> <span class='ocrx_word' id='word_1_321' title='bbox 2830 2000 3114 2041; x_wconf 87' lang='lat' dir='ltr'><strong>assensum</strong></span> <span class='ocrx_word' id='word_1_322' title='bbox 3144 1985 3496 2055; x_wconf 57' lang='lat' dir='ltr'><strong>praebuimus,</strong></span> <span class='ocrx_word' id='word_1_323' title='bbox 3527 1996 3585 2042; x_wconf 89' lang='lat' dir='ltr'><strong>et</strong></span> 
     </span>
    </p>
   </div>
   <div class='ocr_carea' id='block_1_52' title="bbox 1990 2079 3584 2149">
    <p class='ocr_par' dir='ltr' id='par_1_52' title="bbox 1990 2079 3584 2149">
     <span class='ocr_line' id='line_1_52' title="bbox 1990 2079 3584 2149; baseline 0.001 -16"><span class='ocrx_word' id='word_1_324' title='bbox 1990 2080 2064 2134; x_wconf 91' lang='lat' dir='ltr'><strong>ita</strong></span> <span class='ocrx_word' id='word_1_325' title='bbox 2096 2080 2151 2135; x_wconf 93' lang='lat' dir='ltr'><strong>in</strong></span> <span class='ocrx_word' id='word_1_326' title='bbox 2186 2080 2438 2135; x_wconf 89' lang='lat' dir='ltr'><strong>omnibus</strong></span> <span class='ocrx_word' id='word_1_327' title='bbox 2473 2079 2860 2143; x_wconf 89' lang='lat' dir='ltr'><strong>concessimus,</strong></span> <span class='ocrx_word' id='word_1_328' title='bbox 2894 2086 3057 2148; x_wconf 89' lang='lat' dir='ltr'><strong>atque</strong></span> <span class='ocrx_word' id='word_1_329' title='bbox 3096 2093 3194 2149; x_wconf 92' lang='lat' dir='ltr'><strong>per</strong></span> <span class='ocrx_word' id='word_1_330' title='bbox 3240 2079 3345 2134; x_wconf 89' lang='lat' dir='ltr'><strong>hoc</strong></span> <span class='ocrx_word' id='word_1_331' title='bbox 3381 2095 3584 2149; x_wconf 67' lang='lat' dir='ltr'><strong>praece-</strong></span> 
     </span>
    </p>
   </div>
   <div class='ocr_carea' id='block_1_53' title="bbox 1989 2173 3583 2245">
    <p class='ocr_par' dir='ltr' id='par_1_53' title="bbox 1989 2173 3583 2245">
     <span class='ocr_line' id='line_1_53' title="bbox 1989 2173 3583 2245; baseline 0.002 -19"><span class='ocrx_word' id='word_1_332' title='bbox 1989 2182 2142 2244; x_wconf 89' lang='lat' dir='ltr'><strong>ptum</strong></span> <span class='ocrx_word' id='word_1_333' title='bbox 2173 2180 2419 2227; x_wconf 89' lang='lat' dir='ltr'><strong>nostrum</strong></span> <span class='ocrx_word' id='word_1_334' title='bbox 2442 2173 2903 2228; x_wconf 88' lang='lat' dir='ltr'><strong>conﬁrmavimus.</strong></span> <span class='ocrx_word' id='word_1_335' title='bbox 2934 2173 3320 2243; x_wconf 71' lang='lat' dir='ltr'><strong>Praecipientcs</strong></span> <span class='ocrx_word' id='word_1_336' title='bbox 3345 2190 3474 2245; x_wconf 87' lang='lat' dir='ltr'><strong>ergo</strong></span> <span class='ocrx_word' id='word_1_337' title='bbox 3494 2175 3583 2245; x_wconf 77' lang='lat' dir='ltr'><strong>ju-</strong></span> 
     </span>
    </p>
   </div>
   <div class='ocr_carea' id='block_1_54' title="bbox 1991 2263 3584 2337">
    <p class='ocr_par' dir='ltr' id='par_1_54' title="bbox 1991 2263 3584 2337">
     <span class='ocr_line' id='line_1_54' title="bbox 1991 2263 3584 2337; baseline 0.003 -19"><span class='ocrx_word' id='word_1_338' title='bbox 1991 2265 2183 2318; x_wconf 91' lang='lat' dir='ltr'><strong>bemus</strong></span> <span class='ocrx_word' id='word_1_339' title='bbox 2221 2273 2284 2318; x_wconf 87' lang='lat' dir='ltr'><strong>ut</strong></span> <span class='ocrx_word' id='word_1_340' title='bbox 2307 2263 2488 2318; x_wconf 87' lang='lat' dir='ltr'><strong>nullus</strong></span> <span class='ocrx_word' id='word_1_341' title='bbox 2512 2264 2679 2335; x_wconf 79' lang='lat' dir='ltr'><strong>judex</strong></span> <span class='ocrx_word' id='word_1_342' title='bbox 2708 2264 2976 2334; x_wconf 91' lang='lat' dir='ltr'><strong>publicus,</strong></span> <span class='ocrx_word' id='word_1_343' title='bbox 3015 2280 3192 2334; x_wconf 89' lang='lat' dir='ltr'><strong>neque</strong></span> <span class='ocrx_word' id='word_1_344' title='bbox 3222 2267 3481 2337; x_wconf 86' lang='lat' dir='ltr'><strong>quislibet</strong></span> <span class='ocrx_word' id='word_1_345' title='bbox 3514 2282 3584 2324; x_wconf 74' lang='lat' dir='ltr'><strong>ex</strong></span> 
     </span>
    </p>
   </div>
   <div class='ocr_carea' id='block_1_55' title="bbox 1984 2348 3586 2428">
    <p class='ocr_par' dir='ltr' id='par_1_55' title="bbox 1984 2348 3586 2428">
     <span class='ocr_line' id='line_1_55' title="bbox 1984 2348 3586 2428; baseline 0.004 -21"><span class='ocrx_word' id='word_1_346' title='bbox 1984 2348 2275 2421; x_wconf 78' lang='lat' dir='ltr'><strong>iudiciaria</strong></span> <span class='ocrx_word' id='word_1_347' title='bbox 2294 2362 2586 2422; x_wconf 84' lang='lat' dir='ltr'><strong>potestate,</strong></span> <span class='ocrx_word' id='word_1_348' title='bbox 2612 2354 2667 2408; x_wconf 91' lang='lat' dir='ltr'><strong>in</strong></span> <span class='ocrx_word' id='word_1_349' title='bbox 2689 2354 2974 2421; x_wconf 89' lang='lat' dir='ltr'><strong>ecclesias,</strong></span> <span class='ocrx_word' id='word_1_350' title='bbox 3001 2362 3095 2408; x_wconf 89' lang='lat' dir='ltr'><strong>aut</strong></span> <span class='ocrx_word' id='word_1_351' title='bbox 3129 2355 3267 2421; x_wconf 89' lang='lat' dir='ltr'><strong>loca,</strong></span> <span class='ocrx_word' id='word_1_352' title='bbox 3294 2356 3378 2411; x_wconf 88' lang='lat' dir='ltr'><strong>vel</strong></span> <span class='ocrx_word' id='word_1_353' title='bbox 3401 2372 3586 2428; x_wconf 85' lang='lat' dir='ltr'><strong>agros,</strong></span> 
     </span>
    </p>
   </div>
   <div class='ocr_carea' id='block_1_56' title="bbox 1992 2442 3587 2518">
    <p class='ocr_par' dir='ltr' id='par_1_56' title="bbox 1992 2442 3587 2518">
     <span class='ocr_line' id='line_1_56' title="bbox 1992 2442 3587 2518; baseline 0.004 -22"><span class='ocrx_word' id='word_1_354' title='bbox 1992 2456 2088 2497; x_wconf 88' lang='lat' dir='ltr'><strong>seu</strong></span> <span class='ocrx_word' id='word_1_355' title='bbox 2130 2442 2366 2514; x_wconf 88' lang='lat' dir='ltr'><strong>reliquas</strong></span> <span class='ocrx_word' id='word_1_356' title='bbox 2400 2444 2771 2513; x_wconf 86' lang='lat' dir='ltr'><strong>possessiones</strong></span> <span class='ocrx_word' id='word_1_357' title='bbox 2797 2444 3041 2514; x_wconf 68' lang='lat' dir='ltr'><strong>praedicti</strong></span> <span class='ocrx_word' id='word_1_358' title='bbox 3074 2445 3416 2513; x_wconf 89' lang='lat' dir='ltr'><strong>monasterii,</strong></span> <span class='ocrx_word' id='word_1_359' title='bbox 3448 2462 3587 2518; x_wconf 86' lang='lat' dir='ltr'><strong>quas</strong></span> 
     </span>
    </p>
   </div>
   <div class='ocr_carea' id='block_1_57' title="bbox 1993 2534 3590 2608">
    <p class='ocr_par' dir='ltr' id='par_1_57' title="bbox 1993 2534 3590 2608">
     <span class='ocr_line' id='line_1_57' title="bbox 1993 2534 3590 2608; baseline 0.004 -19"><span class='ocrx_word' id='word_1_360' title='bbox 1993 2534 2254 2590; x_wconf 77' lang='lat' dir='ltr'><strong>moderno</strong></span> <span class='ocrx_word' id='word_1_361' title='bbox 2290 2542 2533 2606; x_wconf 89' lang='lat' dir='ltr'><strong>tempore</strong></span> <span class='ocrx_word' id='word_1_362' title='bbox 2554 2534 2610 2589; x_wconf 91' lang='lat' dir='ltr'><strong>in</strong></span> <span class='ocrx_word' id='word_1_363' title='bbox 2637 2535 2966 2605; x_wconf 85' lang='lat' dir='ltr'><strong>quibuslibet</strong></span> <span class='ocrx_word' id='word_1_364' title='bbox 2993 2537 3148 2608; x_wconf 86' lang='lat' dir='ltr'><strong>pagis</strong></span> <span class='ocrx_word' id='word_1_365' title='bbox 3179 2545 3272 2593; x_wconf 92' lang='lat' dir='ltr'><strong>aut</strong></span> <span class='ocrx_word' id='word_1_366' title='bbox 3300 2539 3590 2597; x_wconf 84' lang='lat' dir='ltr'><strong>territoriis</strong></span> 
     </span>
    </p>
   </div>
   <div class='ocr_carea' id='block_1_58' title="bbox 1994 2625 3589 2700">
    <p class='ocr_par' dir='ltr' id='par_1_58' title="bbox 1994 2625 3589 2700">
     <span class='ocr_line' id='line_1_58' title="bbox 1994 2625 3589 2700; baseline 0.003 -19"><span class='ocrx_word' id='word_1_367' title='bbox 1994 2625 2135 2681; x_wconf 78' lang='lat' dir='ltr'><strong>intra</strong></span> <span class='ocrx_word' id='word_1_368' title='bbox 2160 2626 2421 2681; x_wconf 89' lang='lat' dir='ltr'><strong>ditionem</strong></span> <span class='ocrx_word' id='word_1_369' title='bbox 2455 2626 2668 2696; x_wconf 90' lang='lat' dir='ltr'><strong>imperii</strong></span> <span class='ocrx_word' id='word_1_370' title='bbox 2692 2627 2865 2681; x_wconf 86' lang='lat' dir='ltr'><strong>nostri</strong></span> <span class='ocrx_word' id='word_1_371' title='bbox 2890 2626 3036 2695; x_wconf 88' lang='lat' dir='ltr'><strong>juste</strong></span> <span class='ocrx_word' id='word_1_372' title='bbox 3061 2636 3117 2683; x_wconf 91' lang='lat' dir='ltr'><strong>et</strong></span> <span class='ocrx_word' id='word_1_373' title='bbox 3146 2628 3393 2700; x_wconf 89' lang='lat' dir='ltr'><strong>Iegaliter</strong></span> <span class='ocrx_word' id='word_1_374' title='bbox 3417 2631 3589 2700; x_wconf 74' lang='lat' dir='ltr'><strong>possi~</strong></span> 
     </span>
    </p>
   </div>
   <div class='ocr_carea' id='block_1_59' title="bbox 1994 2715 3586 2789">
    <p class='ocr_par' dir='ltr' id='par_1_59' title="bbox 1994 2715 3586 2789">
     <span class='ocr_line' id='line_1_59' title="bbox 1994 2715 3586 2789; baseline 0.003 -19"><span class='ocrx_word' id='word_1_375' title='bbox 1994 2715 2178 2782; x_wconf 89' lang='lat' dir='ltr'><strong>deant,</strong></span> <span class='ocrx_word' id='word_1_376' title='bbox 2203 2715 2289 2771; x_wconf 88' lang='lat' dir='ltr'><strong>vel</strong></span> <span class='ocrx_word' id='word_1_377' title='bbox 2319 2731 2383 2770; x_wconf 91' lang='lat' dir='ltr'><strong>ea</strong></span> <span class='ocrx_word' id='word_1_378' title='bbox 2425 2730 2545 2785; x_wconf 69' lang='lat' dir='ltr'><strong>quae</strong></span> <span class='ocrx_word' id='word_1_379' title='bbox 2570 2715 2824 2786; x_wconf 87' lang='lat' dir='ltr'><strong>deinceps</strong></span> <span class='ocrx_word' id='word_1_380' title='bbox 2851 2716 2905 2770; x_wconf 91' lang='lat' dir='ltr'><strong>in</strong></span> <span class='ocrx_word' id='word_1_381' title='bbox 2929 2716 3053 2787; x_wconf 85' lang='lat' dir='ltr'><strong>jure</strong></span> <span class='ocrx_word' id='word_1_382' title='bbox 3082 2717 3252 2789; x_wconf 87' lang='lat' dir='ltr'><strong>ipsius</strong></span> <span class='ocrx_word' id='word_1_383' title='bbox 3268 2721 3448 2775; x_wconf 80' lang='lat' dir='ltr'><strong>sancti</strong></span> <span class='ocrx_word' id='word_1_384' title='bbox 3480 2720 3586 2777; x_wconf 92' lang='lat' dir='ltr'><strong>loci</strong></span> 
     </span>
    </p>
   </div>
   <div class='ocr_carea' id='block_1_60' title="bbox 1994 2805 3654 2878">
    <p class='ocr_par' dir='ltr' id='par_1_60' title="bbox 1994 2805 3654 2878">
     <span class='ocr_line' id='line_1_60' title="bbox 1994 2805 3654 2878; baseline 0.005 -19"><span class='ocrx_word' id='word_1_385' title='bbox 1994 2805 2227 2861; x_wconf 87' lang='lat' dir='ltr'><strong>voluerit</strong></span> <span class='ocrx_word' id='word_1_386' title='bbox 2267 2805 2448 2861; x_wconf 90' lang='lat' dir='ltr'><strong>divina</strong></span> <span class='ocrx_word' id='word_1_387' title='bbox 2490 2807 2663 2876; x_wconf 88' lang='lat' dir='ltr'><strong>pietas</strong></span> <span class='ocrx_word' id='word_1_388' title='bbox 2705 2807 2911 2878; x_wconf 83' lang='lat' dir='ltr'><strong>augeri,</strong></span> <span class='ocrx_word' id='word_1_389' title='bbox 2940 2808 3007 2862; x_wconf 88' lang='lat' dir='ltr'><strong>ad</strong></span> <span class='ocrx_word' id='word_1_390' title='bbox 3040 2824 3235 2865; x_wconf 88' lang='lat' dir='ltr'><strong>causas</strong></span> <span class='ocrx_word' id='word_1_391' title='bbox 3263 2811 3583 2877; x_wconf 88' lang='lat' dir='ltr'><strong>audiendas,</strong></span> <span class='ocrx_word' id='word_1_392' title='bbox 3646 2808 3654 2816; x_wconf 85' lang='grc'><em>’</em></span> 
     </span>
    </p>
   </div>
   <div class='ocr_carea' id='block_1_61' title="bbox 1993 2896 3589 2970">
    <p class='ocr_par' dir='ltr' id='par_1_61' title="bbox 1993 2896 3589 2970">
     <span class='ocr_line' id='line_1_61' title="bbox 1993 2896 3589 2970; baseline 0.005 -17"><span class='ocrx_word' id='word_1_393' title='bbox 1993 2897 2080 2953; x_wconf 84' lang='lat' dir='ltr'><strong>vel</strong></span> <span class='ocrx_word' id='word_1_394' title='bbox 2113 2896 2289 2963; x_wconf 83' lang='lat' dir='ltr'><strong>freda,</strong></span> <span class='ocrx_word' id='word_1_395' title='bbox 2321 2906 2413 2952; x_wconf 86' lang='lat' dir='ltr'><strong>aut</strong></span> <span class='ocrx_word' id='word_1_396' title='bbox 2438 2898 2748 2953; x_wconf 88' lang='lat' dir='ltr'><strong>mansiones</strong></span> <span class='ocrx_word' id='word_1_397' title='bbox 2784 2898 2870 2954; x_wconf 87' lang='lat' dir='ltr'><strong>vel</strong></span> <span class='ocrx_word' id='word_1_398' title='bbox 2912 2908 3132 2970; x_wconf 88' lang='lat' dir='ltr'><strong>paratas</strong></span> <span class='ocrx_word' id='word_1_399' title='bbox 3163 2900 3460 2970; x_wconf 81' lang='lat' dir='ltr'><strong>faciendas,</strong></span> <span class='ocrx_word' id='word_1_400' title='bbox 3492 2915 3589 2961; x_wconf 88' lang='lat' dir='ltr'><strong>aut</strong></span> 
     </span>
    </p>
   </div>
   <div class='ocr_carea' id='block_1_62' title="bbox 1997 2989 3587 3065">
    <p class='ocr_par' dir='ltr' id='par_1_62' title="bbox 1997 2989 3587 3065">
     <span class='ocr_line' id='line_1_62' title="bbox 1997 2989 3587 3065; baseline 0.005 -22"><span class='ocrx_word' id='word_1_401' title='bbox 1997 2989 2346 3061; x_wconf 84' lang='lat' dir='ltr'><strong>ﬁdejussores</strong></span> <span class='ocrx_word' id='word_1_402' title='bbox 2372 2989 2657 3057; x_wconf 90' lang='lat' dir='ltr'><strong>tollendos,</strong></span> <span class='ocrx_word' id='word_1_403' title='bbox 2680 2989 2766 3046; x_wconf 86' lang='lat' dir='ltr'><strong>vel</strong></span> <span class='ocrx_word' id='word_1_404' title='bbox 2800 3004 3035 3057; x_wconf 89' lang='lat' dir='ltr'><strong>scarras,</strong></span> <span class='ocrx_word' id='word_1_405' title='bbox 3065 3000 3157 3047; x_wconf 91' lang='lat' dir='ltr'><strong>aut</strong></span> <span class='ocrx_word' id='word_1_406' title='bbox 3176 2994 3450 3065; x_wconf 73' lang='lat' dir='ltr'><strong>coniectos</strong></span> <span class='ocrx_word' id='word_1_407' title='bbox 3476 3004 3587 3051; x_wconf 88' lang='lat' dir='ltr'><strong>tam</strong></span> 
     </span>
    </p>
   </div>
   <div class='ocr_carea' id='block_1_63' title="bbox 304 3079 3590 3152">
    <p class='ocr_par' dir='ltr' id='par_1_63' title="bbox 304 3079 3590 3152">
     <span class='ocr_line' id='line_1_63' title="bbox 304 3079 3590 3152; baseline 0.002 -19"><span class='ocrx_word' id='word_1_408' title='bbox 304 3088 367 3134; x_wconf 88' lang='lat' dir='ltr'><strong>ut</strong></span> <span class='ocrx_word' id='word_1_409' title='bbox 388 3093 489 3150; x_wconf 90' lang='lat' dir='ltr'><strong>per</strong></span> <span class='ocrx_word' id='word_1_410' title='bbox 514 3079 656 3135; x_wconf 87' lang='lat' dir='ltr'><strong>hanc</strong></span> <span class='ocrx_word' id='word_1_411' title='bbox 701 3088 944 3136; x_wconf 87' lang='lat' dir='ltr'><strong>nostram</strong></span> <span class='ocrx_word' id='word_1_412' title='bbox 990 3081 1371 3136; x_wconf 86' lang='lat' dir='ltr'><strong>auctoritatem</strong></span> <span class='ocrx_word' id='word_1_413' title='bbox 1411 3083 1612 3138; x_wconf 90' lang='lat' dir='ltr'><strong>nostris</strong></span> <span class='ocrx_word' id='word_1_414' title='bbox 1640 3083 1895 3142; x_wconf 82' lang='lat' dir='ltr'><strong>videlicet</strong></span> <span class='ocrx_word' id='word_1_415' title='bbox 1922 3090 1967 3152; x_wconf 71' lang='grc' dir='ltr'>ο</span> <span class='ocrx_word' id='word_1_416' title='bbox 1999 3080 2065 3136; x_wconf 90' lang='lat' dir='ltr'><strong>de</strong></span> <span class='ocrx_word' id='word_1_417' title='bbox 2097 3080 2269 3136; x_wconf 87' lang='lat' dir='ltr'><strong>carris</strong></span> <span class='ocrx_word' id='word_1_418' title='bbox 2295 3096 2456 3151; x_wconf 89' lang='lat' dir='ltr'><strong>quam</strong></span> <span class='ocrx_word' id='word_1_419' title='bbox 2489 3081 2652 3136; x_wconf 90' lang='lat' dir='ltr'><strong>etiam</strong></span> <span class='ocrx_word' id='word_1_420' title='bbox 2696 3082 2761 3137; x_wconf 91' lang='lat' dir='ltr'><strong>de</strong></span> <span class='ocrx_word' id='word_1_421' title='bbox 2787 3081 3093 3152; x_wconf 85' lang='lat' dir='ltr'><strong>paral&#39;redis</strong></span> <span class='ocrx_word' id='word_1_422' title='bbox 3114 3086 3453 3152; x_wconf 77' lang='lat' dir='ltr'><strong>exactandis,</strong></span> <span class='ocrx_word' id='word_1_423' title='bbox 3494 3096 3590 3141; x_wconf 88' lang='lat' dir='ltr'><strong>aut</strong></span> 
     </span>
    </p>
   </div>
   <div class='ocr_carea' id='block_1_64' title="bbox 304 3169 1890 3247">
    <p class='ocr_par' dir='ltr' id='par_1_64' title="bbox 304 3169 1890 3247">
     <span class='ocr_line' id='line_1_64' title="bbox 304 3169 1890 3247; baseline 0.006 -23"><span class='ocrx_word' id='word_1_424' title='bbox 304 3178 363 3224; x_wconf 87' lang='lat' dir='ltr'><strong>et</strong></span> <span class='ocrx_word' id='word_1_425' title='bbox 390 3169 586 3227; x_wconf 74' lang='lat' dir='ltr'><strong>futuris</strong></span> <span class='ocrx_word' id='word_1_426' title='bbox 613 3172 966 3242; x_wconf 89' lang='lat' dir='ltr'><strong>temporibus,</strong></span> <span class='ocrx_word' id='word_1_427' title='bbox 1015 3173 1286 3243; x_wconf 62' lang='lat' dir='ltr'><strong>praedictae</strong></span> <span class='ocrx_word' id='word_1_428' title='bbox 1328 3189 1435 3241; x_wconf 90' lang='lat' dir='ltr'><strong>res,</strong></span> <span class='ocrx_word' id='word_1_429' title='bbox 1471 3174 1613 3230; x_wconf 87' lang='lat' dir='ltr'><strong>sicut</strong></span> <span class='ocrx_word' id='word_1_430' title='bbox 1640 3176 1890 3247; x_wconf 86' lang='lat' dir='ltr'><strong>superius</strong></span> 
     </span>
    </p>
   </div>
   <div class='ocr_carea' id='block_1_65' title="bbox 305 3261 1891 3337">
    <p class='ocr_par' dir='ltr' id='par_1_65' title="bbox 305 3261 1891 3337">
     <span class='ocr_line' id='line_1_65' title="bbox 305 3261 1891 3337; baseline 0.003 -21"><span class='ocrx_word' id='word_1_431' title='bbox 305 3261 608 3329; x_wconf 79' lang='lat' dir='ltr'><strong>intulimus,</strong></span> <span class='ocrx_word' id='word_1_432' title='bbox 651 3271 916 3333; x_wconf 88' lang='lat' dir='ltr'><strong>perpetuo</strong></span> <span class='ocrx_word' id='word_1_433' title='bbox 945 3263 1000 3318; x_wconf 92' lang='lat' dir='ltr'><strong>in</strong></span> <span class='ocrx_word' id='word_1_434' title='bbox 1032 3261 1156 3332; x_wconf 84' lang='lat' dir='ltr'><strong>jure</strong></span> <span class='ocrx_word' id='word_1_435' title='bbox 1198 3272 1254 3318; x_wconf 91' lang='lat' dir='ltr'><strong>et</strong></span> <span class='ocrx_word' id='word_1_436' title='bbox 1298 3264 1666 3320; x_wconf 90' lang='lat' dir='ltr'><strong>dominatione</strong></span> <span class='ocrx_word' id='word_1_437' title='bbox 1721 3266 1891 3337; x_wconf 91' lang='lat' dir='ltr'><strong>ipsius</strong></span> 
     </span>
    </p>
   </div>
   <div class='ocr_carea' id='block_1_66' title="bbox 305 3353 1891 3427">
    <p class='ocr_par' dir='ltr' id='par_1_66' title="bbox 305 3353 1891 3427">
     <span class='ocr_line' id='line_1_66' title="bbox 305 3353 1891 3427; baseline 0.003 -18"><span class='ocrx_word' id='word_1_438' title='bbox 305 3353 550 3409; x_wconf 66' lang='lat' dir='ltr'><strong>ecclesia:</strong></span> <span class='ocrx_word' id='word_1_439' title='bbox 578 3355 898 3419; x_wconf 87' lang='lat' dir='ltr'><strong>consistant,</strong></span> <span class='ocrx_word' id='word_1_440' title='bbox 939 3363 1001 3410; x_wconf 91' lang='lat' dir='ltr'><strong>ut</strong></span> <span class='ocrx_word' id='word_1_441' title='bbox 1041 3354 1304 3427; x_wconf 84' lang='lat' dir='ltr'><strong>quidquid</strong></span> <span class='ocrx_word' id='word_1_442' title='bbox 1348 3356 1415 3411; x_wconf 91' lang='lat' dir='ltr'><strong>de</strong></span> <span class='ocrx_word' id='word_1_443' title='bbox 1446 3356 1580 3427; x_wconf 90' lang='lat' dir='ltr'><strong>ipsis</strong></span> <span class='ocrx_word' id='word_1_444' title='bbox 1620 3357 1780 3411; x_wconf 87' lang='lat' dir='ltr'><strong>rebus</strong></span> <span class='ocrx_word' id='word_1_445' title='bbox 1820 3358 1891 3413; x_wconf 84' lang='lat' dir='ltr'><strong>ob</strong></span> 
     </span>
    </p>
   </div>
   <div class='ocr_carea' id='block_1_67' title="bbox 305 3444 1892 3516">
    <p class='ocr_par' dir='ltr' id='par_1_67' title="bbox 305 3444 1892 3516">
     <span class='ocr_line' id='line_1_67' title="bbox 305 3444 1892 3516; baseline 0.003 -19"><span class='ocrx_word' id='word_1_446' title='bbox 305 3444 594 3500; x_wconf 86' lang='lat' dir='ltr'><strong>utilitatem</strong></span> <span class='ocrx_word' id='word_1_447' title='bbox 627 3454 683 3500; x_wconf 90' lang='lat' dir='ltr'><strong>et</strong></span> <span class='ocrx_word' id='word_1_448' title='bbox 726 3444 1030 3516; x_wconf 75' lang='lat' dir='ltr'><strong>profectum</strong></span> <span class='ocrx_word' id='word_1_449' title='bbox 1072 3453 1314 3501; x_wconf 87' lang='lat' dir='ltr'><strong>rectores</strong></span> <span class='ocrx_word' id='word_1_450' title='bbox 1342 3446 1512 3516; x_wconf 83' lang='lat' dir='ltr'><strong>ipsius</strong></span> <span class='ocrx_word' id='word_1_451' title='bbox 1540 3446 1683 3501; x_wconf 58' lang='lat' dir='ltr'><strong>sedis</strong></span> <span class='ocrx_word' id='word_1_452' title='bbox 1714 3446 1892 3501; x_wconf 77' lang='lat' dir='ltr'><strong>facere</strong></span> 
     </span>
    </p>
   </div>
   <div class='ocr_carea' id='block_1_68' title="bbox 305 3533 1894 3606">
    <p class='ocr_par' dir='ltr' id='par_1_68' title="bbox 305 3533 1894 3606">
     <span class='ocr_line' id='line_1_68' title="bbox 305 3533 1894 3606; baseline 0.003 -20"><span class='ocrx_word' id='word_1_453' title='bbox 305 3533 592 3600; x_wconf 87' lang='lat' dir='ltr'><strong>voluerint,</strong></span> <span class='ocrx_word' id='word_1_454' title='bbox 650 3535 821 3591; x_wconf 88' lang='lat' dir='ltr'><strong>libero</strong></span> <span class='ocrx_word' id='word_1_455' title='bbox 874 3536 929 3589; x_wconf 93' lang='lat' dir='ltr'><strong>in</strong></span> <span class='ocrx_word' id='word_1_456' title='bbox 982 3535 1234 3589; x_wconf 89' lang='lat' dir='ltr'><strong>omnibus</strong></span> <span class='ocrx_word' id='word_1_457' title='bbox 1276 3536 1627 3606; x_wconf 77' lang='lat' dir='ltr'><strong>perfruantur</strong></span> <span class='ocrx_word' id='word_1_458' title='bbox 1665 3537 1894 3591; x_wconf 89' lang='lat' dir='ltr'><strong>arbitrio</strong></span> 
     </span>
    </p>
   </div>
   <div class='ocr_carea' id='block_1_69' title="bbox 304 3621 1892 3697">
    <p class='ocr_par' dir='ltr' id='par_1_69' title="bbox 304 3621 1892 3697">
     <span class='ocr_line' id='line_1_69' title="bbox 304 3621 1892 3697; baseline 0.002 -19"><span class='ocrx_word' id='word_1_459' title='bbox 304 3621 560 3681; x_wconf 76' lang='lat' dir='ltr'><strong>faciendi.</strong></span> <span class='ocrx_word' id='word_1_460' title='bbox 596 3626 745 3682; x_wconf 81' lang='lat' dir='ltr'><strong>Hanc</strong></span> <span class='ocrx_word' id='word_1_461' title='bbox 780 3627 979 3697; x_wconf 88' lang='lat' dir='ltr'><strong>quippe</strong></span> <span class='ocrx_word' id='word_1_462' title='bbox 1021 3625 1397 3681; x_wconf 86' lang='lat' dir='ltr'><strong>auctoritatem</strong></span> <span class='ocrx_word' id='word_1_463' title='bbox 1420 3667 1434 3689; x_wconf 91' lang='lat'><strong>,</strong></span> <span class='ocrx_word' id='word_1_464' title='bbox 1467 3635 1524 3680; x_wconf 85' lang='lat' dir='ltr'><strong>ut</strong></span> <span class='ocrx_word' id='word_1_465' title='bbox 1557 3626 1764 3681; x_wconf 80' lang='lat' dir='ltr'><strong>ﬁrmior</strong></span> <span class='ocrx_word' id='word_1_466' title='bbox 1789 3627 1892 3681; x_wconf 88' lang='lat' dir='ltr'><strong>ha-</strong></span> 
     </span>
    </p>
   </div>
   <div class='ocr_carea' id='block_1_70' title="bbox 305 3714 1894 3789">
    <p class='ocr_par' dir='ltr' id='par_1_70' title="bbox 305 3714 1894 3789">
     <span class='ocr_line' id='line_1_70' title="bbox 305 3714 1894 3789; baseline 0.001 -19"><span class='ocrx_word' id='word_1_467' title='bbox 305 3715 520 3783; x_wconf 84' lang='lat' dir='ltr'><strong>beatur,</strong></span> <span class='ocrx_word' id='word_1_468' title='bbox 545 3726 600 3772; x_wconf 86' lang='lat' dir='ltr'><strong>et</strong></span> <span class='ocrx_word' id='word_1_469' title='bbox 619 3716 950 3789; x_wconf 85' lang='lat' dir='ltr'><strong>perennibus</strong></span> <span class='ocrx_word' id='word_1_470' title='bbox 979 3714 1313 3785; x_wconf 88' lang='lat' dir='ltr'><strong>temporibus</strong></span> <span class='ocrx_word' id='word_1_471' title='bbox 1347 3730 1378 3769; x_wconf 89' lang='lat' dir='ltr'><strong>a</strong></span> <span class='ocrx_word' id='word_1_472' title='bbox 1419 3715 1667 3771; x_wconf 85' lang='lat' dir='ltr'><strong>ﬁdelibus</strong></span> <span class='ocrx_word' id='word_1_473' title='bbox 1692 3724 1894 3771; x_wconf 76' lang='lat' dir='ltr'><strong>sanctze</strong></span> 
     </span>
    </p>
   </div>
   <div class='ocr_carea' id='block_1_71' title="bbox 305 3805 1899 3875">
    <p class='ocr_par' dir='ltr' id='par_1_71' title="bbox 305 3805 1899 3875">
     <span class='ocr_line' id='line_1_71' title="bbox 305 3805 1899 3875; baseline -0.004 -10"><span class='ocrx_word' id='word_1_474' title='bbox 305 3808 405 3865; x_wconf 86' lang='lat' dir='ltr'><strong>Dei</strong></span> <span class='ocrx_word' id='word_1_475' title='bbox 448 3808 704 3863; x_wconf 68' lang='lat' dir='ltr'><strong>Ecclesia:</strong></span> <span class='ocrx_word' id='word_1_476' title='bbox 730 3815 785 3862; x_wconf 90' lang='lat' dir='ltr'><strong>et</strong></span> <span class='ocrx_word' id='word_1_477' title='bbox 812 3806 1015 3862; x_wconf 88' lang='lat' dir='ltr'><strong>nostris</strong></span> <span class='ocrx_word' id='word_1_478' title='bbox 1055 3806 1238 3861; x_wconf 88' lang='lat' dir='ltr'><strong>verius</strong></span> <span class='ocrx_word' id='word_1_479' title='bbox 1270 3807 1543 3872; x_wconf 87' lang='lat' dir='ltr'><strong>credatur,</strong></span> <span class='ocrx_word' id='word_1_480' title='bbox 1575 3813 1630 3860; x_wconf 89' lang='lat' dir='ltr'><strong>et</strong></span> <span class='ocrx_word' id='word_1_481' title='bbox 1671 3805 1899 3875; x_wconf 82' lang='lat' dir='ltr'><strong>diligen-</strong></span> 
     </span>
    </p>
   </div>
   <div class='ocr_carea' id='block_1_72' title="bbox 307 3897 1898 3969">
    <p class='ocr_par' dir='ltr' id='par_1_72' title="bbox 307 3897 1898 3969">
     <span class='ocr_line' id='line_1_72' title="bbox 307 3897 1898 3969; baseline -0.004 -12"><span class='ocrx_word' id='word_1_482' title='bbox 307 3901 417 3957; x_wconf 91' lang='lat' dir='ltr'><strong>tius</strong></span> <span class='ocrx_word' id='word_1_483' title='bbox 442 3907 811 3964; x_wconf 86' lang='lat' dir='ltr'><strong>conservetur,</strong></span> <span class='ocrx_word' id='word_1_484' title='bbox 836 3915 997 3954; x_wconf 90' lang='lat' dir='ltr'><strong>manu</strong></span> <span class='ocrx_word' id='word_1_485' title='bbox 1021 3899 1237 3969; x_wconf 87' lang='lat' dir='ltr'><strong>propria</strong></span> <span class='ocrx_word' id='word_1_486' title='bbox 1265 3898 1454 3953; x_wconf 89' lang='lat' dir='ltr'><strong>subter</strong></span> <span class='ocrx_word' id='word_1_487' title='bbox 1470 3897 1824 3963; x_wconf 90' lang='lat' dir='ltr'><strong>ﬁrmavimus,</strong></span> <span class='ocrx_word' id='word_1_488' title='bbox 1842 3904 1898 3952; x_wconf 87' lang='lat' dir='ltr'><strong>et</strong></span> 
     </span>
    </p>
   </div>
   <div class='ocr_carea' id='block_1_73' title="bbox 307 3989 1617 4062">
    <p class='ocr_par' dir='ltr' id='par_1_73' title="bbox 307 3989 1617 4062">
     <span class='ocr_line' id='line_1_73' title="bbox 307 3989 1617 4062; baseline -0.004 -15"><span class='ocrx_word' id='word_1_489' title='bbox 307 3994 493 4049; x_wconf 81' lang='lat' dir='ltr'><strong>annuli</strong></span> <span class='ocrx_word' id='word_1_490' title='bbox 524 3993 696 4048; x_wconf 90' lang='lat' dir='ltr'><strong>nostri</strong></span> <span class='ocrx_word' id='word_1_491' title='bbox 726 3991 1084 4062; x_wconf 86' lang='lat' dir='ltr'><strong>impressione</strong></span> <span class='ocrx_word' id='word_1_492' title='bbox 1108 3990 1313 4062; x_wconf 85' lang='lat' dir='ltr'><strong>signari</strong></span> <span class='ocrx_word' id='word_1_493' title='bbox 1333 3989 1617 4061; x_wconf 84' lang='lat' dir='ltr'><strong>jussimus.</strong></span> 
     </span>
    </p>
   </div>
   <div class='ocr_carea' id='block_1_74' title="bbox 379 4080 1525 4157">
    <p class='ocr_par' dir='ltr' id='par_1_74' title="bbox 379 4080 1525 4157">
     <span class='ocr_line' id='line_1_74' title="bbox 379 4080 1525 4157; baseline -0.006 -16"><span class='ocrx_word' id='word_1_494' title='bbox 379 4083 603 4157; x_wconf 81' lang='lat' dir='ltr'><strong>Signum</strong></span> <span class='ocrx_word' id='word_1_495' title='bbox 625 4082 883 4139; x_wconf 83' lang='lat' dir='ltr'><strong>Ludovici</strong></span> <span class='ocrx_word' id='word_1_496' title='bbox 918 4082 1250 4138; x_wconf 88' lang='lat' dir='ltr'><strong>serenissimi</strong></span> <span class='ocrx_word' id='word_1_497' title='bbox 1276 4080 1525 4153; x_wconf 83' lang='lat' dir='ltr'><strong>Augusti.</strong></span> 
     </span>
    </p>
   </div>
   <div class='ocr_carea' id='block_1_75' title="bbox 379 4172 1889 4239">
    <p class='ocr_par' dir='ltr' id='par_1_75' title="bbox 379 4172 1889 4239">
     <span class='ocr_line' id='line_1_75' title="bbox 379 4172 1889 4239; baseline -0.005 -8"><span class='ocrx_word' id='word_1_498' title='bbox 379 4175 667 4231; x_wconf 89' lang='lat' dir='ltr'><strong>Durandus</strong></span> <span class='ocrx_word' id='word_1_499' title='bbox 689 4175 948 4230; x_wconf 81' lang='lat' dir='ltr'><strong>diacOnus</strong></span> <span class='ocrx_word' id='word_1_500' title='bbox 969 4174 1039 4228; x_wconf 91' lang='lat' dir='ltr'><strong>ad</strong></span> <span class='ocrx_word' id='word_1_501' title='bbox 1052 4173 1225 4227; x_wconf 88' lang='lat' dir='ltr'><strong>vicem</strong></span> <span class='ocrx_word' id='word_1_502' title='bbox 1240 4172 1561 4228; x_wconf 81' lang='lat' dir='ltr'><strong>Helisachar</strong></span> <span class='ocrx_word' id='word_1_503' title='bbox 1580 4184 1889 4239; x_wconf 73' lang='lat' dir='ltr'><strong>recognovn.</strong></span> 
     </span>
    </p>
   </div>
   <div class='ocr_carea' id='block_1_76' title="bbox 378 4260 1898 4332">
    <p class='ocr_par' dir='ltr' id='par_1_76' title="bbox 378 4260 1898 4332">
     <span class='ocr_line' id='line_1_76' title="bbox 378 4260 1898 4332; baseline -0.005 -8"><span class='ocrx_word' id='word_1_504' title='bbox 378 4269 513 4324; x_wconf 91' lang='lat' dir='ltr'><strong>Data</strong></span> <span class='ocrx_word' id='word_1_505' title='bbox 550 4283 646 4323; x_wconf 83' lang='lat' dir='ltr'><strong>xm</strong></span> <span class='ocrx_word' id='word_1_506' title='bbox 675 4265 794 4321; x_wconf 83' lang='lat' dir='ltr'><strong>Kal.</strong></span> <span class='ocrx_word' id='word_1_507' title='bbox 818 4264 1122 4327; x_wconf 68' lang='lat' dir='ltr'><strong>Ianuarias,</strong></span> <span class='ocrx_word' id='word_1_508' title='bbox 1144 4279 1309 4327; x_wconf 88' lang='lat' dir='ltr'><strong>anno,</strong></span> <span class='ocrx_word' id='word_1_509' title='bbox 1335 4262 1552 4319; x_wconf 90' lang='lat' dir='ltr'><strong>Christo</strong></span> <span class='ocrx_word' id='word_1_510' title='bbox 1580 4260 1832 4332; x_wconf 90' lang='lat' dir='ltr'><strong>propitio,</strong></span> <span class='ocrx_word' id='word_1_511' title='bbox 1863 4261 1898 4316; x_wconf 78' lang='lat'><strong>2</strong></span> 
     </span>
    </p>
   </div>
   <div class='ocr_carea' id='block_1_77' title="bbox 309 4351 1896 4429">
    <p class='ocr_par' dir='ltr' id='par_1_77' title="bbox 309 4351 1896 4429">
     <span class='ocr_line' id='line_1_77' title="bbox 309 4351 1896 4429; baseline -0.004 -15"><span class='ocrx_word' id='word_1_512' title='bbox 309 4358 519 4429; x_wconf 88' lang='lat' dir='ltr'><strong>imperii</strong></span> <span class='ocrx_word' id='word_1_513' title='bbox 550 4356 731 4412; x_wconf 88' lang='lat' dir='ltr'><strong>domui</strong></span> <span class='ocrx_word' id='word_1_514' title='bbox 768 4355 1023 4410; x_wconf 84' lang='lat' dir='ltr'><strong>Ludovici</strong></span> <span class='ocrx_word' id='word_1_515' title='bbox 1052 4354 1281 4425; x_wconf 86' lang='lat' dir='ltr'><strong>piissimi</strong></span> <span class='ocrx_word' id='word_1_516' title='bbox 1306 4353 1553 4424; x_wconf 82' lang='lat' dir='ltr'><strong>Augusti,</strong></span> <span class='ocrx_word' id='word_1_517' title='bbox 1600 4351 1896 4407; x_wconf 88' lang='lat' dir='ltr'><strong>indictione</strong></span> 
     </span>
    </p>
   </div>
   <div class='ocr_carea' id='block_1_78' title="bbox 1992 3170 3587 3249">
    <p class='ocr_par' dir='ltr' id='par_1_78' title="bbox 1992 3170 3587 3249">
     <span class='ocr_line' id='line_1_78' title="bbox 1992 3170 3587 3249; baseline 0.004 -23"><span class='ocrx_word' id='word_1_518' title='bbox 1992 3172 2240 3227; x_wconf 79' lang='lat' dir='ltr'><strong>homines</strong></span> <span class='ocrx_word' id='word_1_519' title='bbox 2261 3170 2502 3239; x_wconf 86' lang='lat' dir='ltr'><strong>ejusdem</strong></span> <span class='ocrx_word' id='word_1_520' title='bbox 2525 3173 2860 3237; x_wconf 88' lang='lat' dir='ltr'><strong>monasterii,</strong></span> <span class='ocrx_word' id='word_1_521' title='bbox 2899 3180 3006 3227; x_wconf 85' lang='lat' dir='ltr'><strong>tam</strong></span> <span class='ocrx_word' id='word_1_522' title='bbox 3035 3174 3294 3245; x_wconf 85' lang='lat' dir='ltr'><strong>ingenuos</strong></span> <span class='ocrx_word' id='word_1_523' title='bbox 3318 3192 3587 3249; x_wconf 83' lang='lat' dir='ltr'><strong>quamun</strong></span> 
     </span>
    </p>
   </div>
   <div class='ocr_carea' id='block_1_79' title="bbox 1992 3264 3588 3338">
    <p class='ocr_par' dir='ltr' id='par_1_79' title="bbox 1992 3264 3588 3338">
     <span class='ocr_line' id='line_1_79' title="bbox 1992 3264 3588 3338; baseline 0.003 -17"><span class='ocrx_word' id='word_1_524' title='bbox 1992 3274 2047 3321; x_wconf 90' lang='lat' dir='ltr'><strong>et</strong></span> <span class='ocrx_word' id='word_1_525' title='bbox 2073 3280 2284 3329; x_wconf 88' lang='lat' dir='ltr'><strong>servos,</strong></span> <span class='ocrx_word' id='word_1_526' title='bbox 2314 3280 2477 3336; x_wconf 89' lang='lat' dir='ltr'><strong>super</strong></span> <span class='ocrx_word' id='word_1_527' title='bbox 2510 3275 2713 3319; x_wconf 89' lang='lat' dir='ltr'><strong>terram</strong></span> <span class='ocrx_word' id='word_1_528' title='bbox 2745 3264 2916 3335; x_wconf 91' lang='lat' dir='ltr'><strong>ipsius</strong></span> <span class='ocrx_word' id='word_1_529' title='bbox 2944 3276 3353 3323; x_wconf 89' lang='lat' dir='ltr'><strong>commancntes</strong></span> <span class='ocrx_word' id='word_1_530' title='bbox 3388 3268 3588 3338; x_wconf 88' lang='lat' dir='ltr'><strong>injuste</strong></span> 
     </span>
    </p>
   </div>
   <div class='ocr_carea' id='block_1_80' title="bbox 1993 3353 3589 3426">
    <p class='ocr_par' dir='ltr' id='par_1_80' title="bbox 1993 3353 3589 3426">
     <span class='ocr_line' id='line_1_80' title="bbox 1993 3353 3589 3426; baseline 0.003 -14"><span class='ocrx_word' id='word_1_531' title='bbox 1993 3355 2415 3426; x_wconf 87' lang='lat' dir='ltr'><strong>distringendos,</strong></span> <span class='ocrx_word' id='word_1_532' title='bbox 2447 3369 2549 3413; x_wconf 91' lang='lat' dir='ltr'><strong>nec</strong></span> <span class='ocrx_word' id='word_1_533' title='bbox 2590 3353 2726 3409; x_wconf 90' lang='lat' dir='ltr'><strong>ullas</strong></span> <span class='ocrx_word' id='word_1_534' title='bbox 2769 3355 3179 3422; x_wconf 89' lang='lat' dir='ltr'><strong>redhibitiones,</strong></span> <span class='ocrx_word' id='word_1_535' title='bbox 3224 3367 3317 3412; x_wconf 90' lang='lat' dir='ltr'><strong>aut</strong></span> <span class='ocrx_word' id='word_1_536' title='bbox 3372 3358 3589 3417; x_wconf 77' lang='lat' dir='ltr'><strong>illicitas</strong></span> 
     </span>
    </p>
   </div>
   <div class='ocr_carea' id='block_1_81' title="bbox 1992 3444 3588 3514">
    <p class='ocr_par' dir='ltr' id='par_1_81' title="bbox 1992 3444 3588 3514">
     <span class='ocr_line' id='line_1_81' title="bbox 1992 3444 3588 3514; baseline 0.002 -14"><span class='ocrx_word' id='word_1_537' title='bbox 1992 3446 2307 3502; x_wconf 88' lang='lat' dir='ltr'><strong>occasiones</strong></span> <span class='ocrx_word' id='word_1_538' title='bbox 2353 3444 2746 3514; x_wconf 89' lang='lat' dir='ltr'><strong>requirendas,</strong></span> <span class='ocrx_word' id='word_1_539' title='bbox 2805 3446 3166 3514; x_wconf 85' lang='lat' dir='ltr'><strong>praesentibus</strong></span> <span class='ocrx_word' id='word_1_540' title='bbox 3226 3459 3326 3501; x_wconf 89' lang='lat' dir='ltr'><strong>nec</strong></span> <span class='ocrx_word' id='word_1_541' title='bbox 3390 3446 3588 3503; x_wconf 81' lang='lat' dir='ltr'><strong>futuris</strong></span> 
     </span>
    </p>
   </div>
   <div class='ocr_carea' id='block_1_82' title="bbox 1995 3535 3590 3605">
    <p class='ocr_par' dir='ltr' id='par_1_82' title="bbox 1995 3535 3590 3605">
     <span class='ocr_line' id='line_1_82' title="bbox 1995 3535 3590 3605; baseline 0.002 -14"><span class='ocrx_word' id='word_1_542' title='bbox 1995 3536 2349 3605; x_wconf 80' lang='lat' dir='ltr'><strong>temporibus,</strong></span> <span class='ocrx_word' id='word_1_543' title='bbox 2372 3535 2579 3605; x_wconf 88' lang='lat' dir='ltr'><strong>ingredi</strong></span> <span class='ocrx_word' id='word_1_544' title='bbox 2606 3535 2820 3600; x_wconf 85' lang='lat' dir='ltr'><strong>audeat,</strong></span> <span class='ocrx_word' id='word_1_545' title='bbox 2844 3535 2932 3588; x_wconf 91' lang='lat' dir='ltr'><strong>vel</strong></span> <span class='ocrx_word' id='word_1_546' title='bbox 2959 3549 3025 3590; x_wconf 80' lang='lat' dir='ltr'><strong>ea</strong></span> <span class='ocrx_word' id='word_1_547' title='bbox 3050 3545 3170 3605; x_wconf 68' lang='lat' dir='ltr'><strong>quas</strong></span> <span class='ocrx_word' id='word_1_548' title='bbox 3191 3550 3353 3604; x_wconf 91' lang='lat' dir='ltr'><strong>supra</strong></span> <span class='ocrx_word' id='word_1_549' title='bbox 3381 3553 3590 3594; x_wconf 82' lang='lat' dir='ltr'><strong>memo-</strong></span> 
     </span>
    </p>
   </div>
   <div class='ocr_carea' id='block_1_83' title="bbox 1995 3628 3273 3690">
    <p class='ocr_par' dir='ltr' id='par_1_83' title="bbox 1995 3628 3273 3690">
     <span class='ocr_line' id='line_1_83' title="bbox 1995 3628 3273 3690; baseline 0 -14"><span class='ocrx_word' id='word_1_550' title='bbox 1995 3631 2115 3676; x_wconf 81' lang='lat' dir='ltr'><strong>rata</strong></span> <span class='ocrx_word' id='word_1_551' title='bbox 2151 3629 2301 3685; x_wconf 85' lang='lat' dir='ltr'><strong>sunt,</strong></span> <span class='ocrx_word' id='word_1_552' title='bbox 2332 3629 2519 3689; x_wconf 82' lang='lat' dir='ltr'><strong>petere</strong></span> <span class='ocrx_word' id='word_1_553' title='bbox 2555 3628 2649 3674; x_wconf 83' lang='lat' dir='ltr'><strong>aut</strong></span> <span class='ocrx_word' id='word_1_554' title='bbox 2677 3628 2933 3676; x_wconf 78' lang='lat' dir='ltr'><strong>exactare</strong></span> <span class='ocrx_word' id='word_1_555' title='bbox 2958 3631 3273 3690; x_wconf 58' lang='lat' dir='ltr'><strong>praesumat.</strong></span> 
     </span>
    </p>
   </div>
   <div class='ocr_carea' id='block_1_84' title="bbox 2064 3708 3584 3782">
    <p class='ocr_par' dir='ltr' id='par_1_84' title="bbox 2064 3708 3584 3782">
     <span class='ocr_line' id='line_1_84' title="bbox 2064 3708 3584 3782; baseline 0.005 -18"><span class='ocrx_word' id='word_1_556' title='bbox 2064 3710 2134 3764; x_wconf 89' lang='lat' dir='ltr'><strong>Et</strong></span> <span class='ocrx_word' id='word_1_557' title='bbox 2157 3709 2419 3779; x_wconf 85' lang='lat' dir='ltr'><strong>quidquid</strong></span> <span class='ocrx_word' id='word_1_558' title='bbox 2443 3709 2639 3764; x_wconf 79' lang='lat' dir='ltr'><strong>exinde</strong></span> <span class='ocrx_word' id='word_1_559' title='bbox 2655 3709 2746 3779; x_wconf 86' lang='lat' dir='ltr'><strong>jus</strong></span> <span class='ocrx_word' id='word_1_560' title='bbox 2769 3708 2886 3763; x_wconf 85' lang='lat' dir='ltr'><strong>ﬁsci</strong></span> <span class='ocrx_word' id='word_1_561' title='bbox 2908 3711 3126 3782; x_wconf 81' lang='lat' dir='ltr'><strong>exigere</strong></span> <span class='ocrx_word' id='word_1_562' title='bbox 3154 3722 3387 3782; x_wconf 71' lang='lat' dir='ltr'><strong>poterat,</strong></span> <span class='ocrx_word' id='word_1_563' title='bbox 3413 3722 3584 3773; x_wconf 87' lang='lat' dir='ltr'><strong>totum</strong></span> 
     </span>
    </p>
   </div>
   <div class='ocr_carea' id='block_1_85' title="bbox 1995 3799 3587 3870">
    <p class='ocr_par' dir='ltr' id='par_1_85' title="bbox 1995 3799 3587 3870">
     <span class='ocr_line' id='line_1_85' title="bbox 1995 3799 3587 3870; baseline 0.005 -15"><span class='ocrx_word' id='word_1_564' title='bbox 1995 3815 2095 3856; x_wconf 89' lang='lat' dir='ltr'><strong>nos</strong></span> <span class='ocrx_word' id='word_1_565' title='bbox 2138 3815 2236 3870; x_wconf 90' lang='lat' dir='ltr'><strong>pro</strong></span> <span class='ocrx_word' id='word_1_566' title='bbox 2265 3807 2469 3855; x_wconf 62' lang='lat' dir='ltr'><strong>aeterna</strong></span> <span class='ocrx_word' id='word_1_567' title='bbox 2513 3799 2953 3856; x_wconf 89' lang='lat' dir='ltr'><strong>remuneratione</strong></span> <span class='ocrx_word' id='word_1_568' title='bbox 2993 3801 3168 3857; x_wconf 90' lang='lat' dir='ltr'><strong>eidem</strong></span> <span class='ocrx_word' id='word_1_569' title='bbox 3214 3806 3587 3864; x_wconf 84' lang='lat' dir='ltr'><strong>concessimus</strong></span> 
     </span>
    </p>
   </div>
   <div class='ocr_carea' id='block_1_86' title="bbox 1997 3889 3584 3964">
    <p class='ocr_par' dir='ltr' id='par_1_86' title="bbox 1997 3889 3584 3964">
     <span class='ocr_line' id='line_1_86' title="bbox 1997 3889 3584 3964; baseline 0.005 -19"><span class='ocrx_word' id='word_1_570' title='bbox 1997 3890 2365 3946; x_wconf 87' lang='lat' dir='ltr'><strong>monasterio:</strong></span> <span class='ocrx_word' id='word_1_571' title='bbox 2396 3889 2666 3957; x_wconf 87' lang='lat' dir='ltr'><strong>videlicet,</strong></span> <span class='ocrx_word' id='word_1_572' title='bbox 2714 3899 2775 3945; x_wconf 91' lang='lat' dir='ltr'><strong>ut</strong></span> <span class='ocrx_word' id='word_1_573' title='bbox 2812 3891 3089 3961; x_wconf 87' lang='lat' dir='ltr'><strong>perpetuis</strong></span> <span class='ocrx_word' id='word_1_574' title='bbox 3137 3895 3470 3964; x_wconf 86' lang='lat' dir='ltr'><strong>temporibus</strong></span> <span class='ocrx_word' id='word_1_575' title='bbox 3529 3898 3584 3954; x_wconf 89' lang='lat' dir='ltr'><strong>in</strong></span> 
     </span>
    </p>
   </div>
   <div class='ocr_carea' id='block_1_87' title="bbox 1998 3982 3586 4057">
    <p class='ocr_par' dir='ltr' id='par_1_87' title="bbox 1998 3982 3586 4057">
     <span class='ocr_line' id='line_1_87' title="bbox 1998 3982 3586 4057; baseline 0.004 -20"><span class='ocrx_word' id='word_1_576' title='bbox 1998 3982 2305 4038; x_wconf 83' lang='lat' dir='ltr'><strong>alimoniam</strong></span> <span class='ocrx_word' id='word_1_577' title='bbox 2352 3997 2651 4054; x_wconf 90' lang='lat' dir='ltr'><strong>pauperum</strong></span> <span class='ocrx_word' id='word_1_578' title='bbox 2695 3990 2753 4037; x_wconf 88' lang='lat' dir='ltr'><strong>et</strong></span> <span class='ocrx_word' id='word_1_579' title='bbox 2786 3983 3114 4054; x_wconf 89' lang='lat' dir='ltr'><strong>stipendium</strong></span> <span class='ocrx_word' id='word_1_580' title='bbox 3168 3989 3586 4057; x_wconf 84' lang='lat' dir='ltr'><strong>monachorum,</strong></span> 
     </span>
    </p>
   </div>
   <div class='ocr_carea' id='block_1_88' title="bbox 1999 4073 3584 4151">
    <p class='ocr_par' dir='ltr' id='par_1_88' title="bbox 1999 4073 3584 4151">
     <span class='ocr_line' id='line_1_88' title="bbox 1999 4073 3584 4151; baseline 0.004 -22"><span class='ocrx_word' id='word_1_581' title='bbox 1999 4074 2195 4129; x_wconf 90' lang='lat' dir='ltr'><strong>ibidem</strong></span> <span class='ocrx_word' id='word_1_582' title='bbox 2244 4073 2356 4129; x_wconf 89' lang='lat' dir='ltr'><strong>Deo</strong></span> <span class='ocrx_word' id='word_1_583' title='bbox 2397 4074 2771 4139; x_wconf 85' lang='lat' dir='ltr'><strong>servientium,</strong></span> <span class='ocrx_word' id='word_1_584' title='bbox 2819 4073 3066 4145; x_wconf 79' lang='lat' dir='ltr'><strong>proﬁciat</strong></span> <span class='ocrx_word' id='word_1_585' title='bbox 3115 4076 3167 4131; x_wconf 91' lang='lat' dir='ltr'><strong>in</strong></span> <span class='ocrx_word' id='word_1_586' title='bbox 3209 4090 3584 4151; x_wconf 83' lang='lat' dir='ltr'><strong>augmentum,</strong></span> 
     </span>
    </p>
   </div>
   <div class='ocr_carea' id='block_1_89' title="bbox 1996 4168 3583 4239">
    <p class='ocr_par' dir='ltr' id='par_1_89' title="bbox 1996 4168 3583 4239">
     <span class='ocr_line' id='line_1_89' title="bbox 1996 4168 3583 4239; baseline 0.003 -17"><span class='ocrx_word' id='word_1_587' title='bbox 1996 4176 2263 4239; x_wconf 86' lang='lat' dir='ltr'><strong>quatenus</strong></span> <span class='ocrx_word' id='word_1_588' title='bbox 2292 4168 2437 4238; x_wconf 89' lang='lat' dir='ltr'><strong>ipsos</strong></span> <span class='ocrx_word' id='word_1_589' title='bbox 2472 4168 2794 4233; x_wconf 87' lang='lat' dir='ltr'><strong>monachos,</strong></span> <span class='ocrx_word' id='word_1_590' title='bbox 2826 4168 2918 4239; x_wconf 92' lang='lat' dir='ltr'><strong>qui</strong></span> <span class='ocrx_word' id='word_1_591' title='bbox 2952 4168 3151 4225; x_wconf 89' lang='lat' dir='ltr'><strong>ibidem</strong></span> <span class='ocrx_word' id='word_1_592' title='bbox 3174 4170 3286 4226; x_wconf 77' lang='lat' dir='ltr'><strong>Deo</strong></span> <span class='ocrx_word' id='word_1_593' title='bbox 3315 4171 3583 4229; x_wconf 82' lang='lat' dir='ltr'><strong>famulan—</strong></span> 
     </span>
    </p>
   </div>
   <div class='ocr_carea' id='block_1_90' title="bbox 1998 4258 3586 4332">
    <p class='ocr_par' dir='ltr' id='par_1_90' title="bbox 1998 4258 3586 4332">
     <span class='ocr_line' id='line_1_90' title="bbox 1998 4258 3586 4332; baseline 0.002 -16"><span class='ocrx_word' id='word_1_594' title='bbox 1998 4270 2104 4326; x_wconf 87' lang='lat' dir='ltr'><strong>tur,</strong></span> <span class='ocrx_word' id='word_1_595' title='bbox 2134 4276 2234 4332; x_wconf 92' lang='lat' dir='ltr'><strong>pro</strong></span> <span class='ocrx_word' id='word_1_596' title='bbox 2264 4260 2419 4315; x_wconf 88' lang='lat' dir='ltr'><strong>nobis</strong></span> <span class='ocrx_word' id='word_1_597' title='bbox 2456 4267 2512 4314; x_wconf 90' lang='lat' dir='ltr'><strong>et</strong></span> <span class='ocrx_word' id='word_1_598' title='bbox 2539 4258 2768 4330; x_wconf 80' lang='lat' dir='ltr'><strong>conjuge</strong></span> <span class='ocrx_word' id='word_1_599' title='bbox 2796 4260 3055 4330; x_wconf 89' lang='lat' dir='ltr'><strong>proleque</strong></span> <span class='ocrx_word' id='word_1_600' title='bbox 3083 4269 3288 4328; x_wconf 85' lang='lat' dir='ltr'><strong>nostra,</strong></span> <span class='ocrx_word' id='word_1_601' title='bbox 3320 4271 3374 4317; x_wconf 92' lang='lat' dir='ltr'><strong>et</strong></span> <span class='ocrx_word' id='word_1_602' title='bbox 3417 4266 3586 4321; x_wconf 87' lang='lat' dir='ltr'><strong>stabi-</strong></span> 
     </span>
    </p>
   </div>
   <div class='ocr_carea' id='block_1_91' title="bbox 1996 4352 3586 4423">
    <p class='ocr_par' dir='ltr' id='par_1_91' title="bbox 1996 4352 3586 4423">
     <span class='ocr_line' id='line_1_91' title="bbox 1996 4352 3586 4423; baseline 0.002 -16"><span class='ocrx_word' id='word_1_603' title='bbox 1996 4354 2150 4409; x_wconf 90' lang='lat' dir='ltr'><strong>litate</strong></span> <span class='ocrx_word' id='word_1_604' title='bbox 2176 4352 2341 4407; x_wconf 89' lang='lat' dir='ltr'><strong>totius</strong></span> <span class='ocrx_word' id='word_1_605' title='bbox 2373 4353 2585 4422; x_wconf 91' lang='lat' dir='ltr'><strong>impcrii</strong></span> <span class='ocrx_word' id='word_1_606' title='bbox 2630 4368 2661 4406; x_wconf 89' lang='lat' dir='ltr'><strong>a</strong></span> <span class='ocrx_word' id='word_1_607' title='bbox 2697 4353 2808 4407; x_wconf 91' lang='lat' dir='ltr'><strong>Deo</strong></span> <span class='ocrx_word' id='word_1_608' title='bbox 2841 4352 2997 4407; x_wconf 86' lang='lat' dir='ltr'><strong>nobis</strong></span> <span class='ocrx_word' id='word_1_609' title='bbox 3023 4353 3223 4419; x_wconf 88' lang='lat' dir='ltr'><strong>collati,</strong></span> <span class='ocrx_word' id='word_1_610' title='bbox 3254 4364 3310 4409; x_wconf 87' lang='lat' dir='ltr'><strong>et</strong></span> <span class='ocrx_word' id='word_1_611' title='bbox 3343 4354 3460 4423; x_wconf 89' lang='lat' dir='ltr'><strong>ejus</strong></span> <span class='ocrx_word' id='word_1_612' title='bbox 3484 4357 3586 4410; x_wconf 88' lang='lat' dir='ltr'><strong>im-</strong></span> 
     </span>
    </p>
   </div>
   <div class='ocr_carea' id='block_1_92' title="bbox 307 4429 3587 4519">
    <p class='ocr_par' dir='ltr' id='par_1_92' title="bbox 307 4429 3587 4519">
     <span class='ocr_line' id='line_1_92' title="bbox 307 4429 3587 4519; baseline -0.002 -14"><span class='ocrx_word' id='word_1_613' title='bbox 307 4450 362 4505; x_wconf 88' lang='lat'><strong>8.</strong></span> <span class='ocrx_word' id='word_1_614' title='bbox 390 4450 585 4505; x_wconf 81' lang='lat' dir='ltr'><strong>Actum</strong></span> <span class='ocrx_word' id='word_1_615' title='bbox 608 4447 932 4518; x_wconf 83' lang='lat' dir='ltr'><strong>Aquisgrani</strong></span> <span class='ocrx_word' id='word_1_616' title='bbox 961 4447 1162 4517; x_wconf 90' lang='lat' dir='ltr'><strong>palatio</strong></span> <span class='ocrx_word' id='word_1_617' title='bbox 1190 4449 1339 4517; x_wconf 80' lang='lat' dir='ltr'><strong>regio</strong></span> <span class='ocrx_word' id='word_1_618' title='bbox 1366 4449 1416 4501; x_wconf 91' lang='lat' dir='ltr'><strong>in</strong></span> <span class='ocrx_word' id='word_1_619' title='bbox 1446 4446 1539 4501; x_wconf 91' lang='lat' dir='ltr'><strong>Dei</strong></span> <span class='ocrx_word' id='word_1_620' title='bbox 1566 4445 1783 4500; x_wconf 89' lang='lat' dir='ltr'><strong>nomine</strong></span> <span class='ocrx_word' id='word_1_621' title='bbox 1816 4444 1895 4500; x_wconf 80' lang='lat' dir='ltr'><strong>fe-</strong></span> <span class='ocrx_word' id='word_1_622' title='bbox 1919 4429 1973 4489; x_wconf 80' lang='grc' dir='ltr'><strong>Ι)</strong></span> <span class='ocrx_word' id='word_1_623' title='bbox 1999 4460 2182 4501; x_wconf 88' lang='lat' dir='ltr'><strong>mensa</strong></span> <span class='ocrx_word' id='word_1_624' title='bbox 2211 4443 2582 4499; x_wconf 89' lang='lat' dir='ltr'><strong>misericordia</strong></span> <span class='ocrx_word' id='word_1_625' title='bbox 2605 4458 2703 4514; x_wconf 89' lang='lat' dir='ltr'><strong>per</strong></span> <span class='ocrx_word' id='word_1_626' title='bbox 2725 4444 3050 4498; x_wconf 89' lang='lat' dir='ltr'><strong>immensum</strong></span> <span class='ocrx_word' id='word_1_627' title='bbox 3073 4447 3427 4501; x_wconf 80' lang='lat' dir='ltr'><strong>conservandi</strong></span> <span class='ocrx_word' id='word_1_628' title='bbox 3444 4446 3587 4519; x_wconf 70' lang='lat' dir='ltr'><strong>jugi~</strong></span> 
     </span>
    </p>
   </div>
   <div class='ocr_carea' id='block_1_93' title="bbox 310 4539 730 4596">
    <p class='ocr_par' dir='ltr' id='par_1_93' title="bbox 310 4539 730 4596">
     <span class='ocr_line' id='line_1_93' title="bbox 310 4539 730 4596; baseline -0.007 -2"><span class='ocrx_word' id='word_1_629' title='bbox 310 4539 508 4596; x_wconf 90' lang='lat' dir='ltr'><strong>liciter.</strong></span> <span class='ocrx_word' id='word_1_630' title='bbox 539 4539 730 4593; x_wconf 90' lang='lat' dir='ltr'><strong>Amen.</strong></span> 
     </span>
    </p>
   </div>
   <div class='ocr_carea' id='block_1_94' title="bbox 1022 4604 1177 4662">
    <p class='ocr_par' dir='ltr' id='par_1_94' title="bbox 1022 4604 1177 4662">
     <span class='ocr_line' id='line_1_94' title="bbox 1022 4604 1177 4662; baseline -0.013 0"><span class='ocrx_word' id='word_1_631' title='bbox 1022 4604 1177 4662; x_wconf 77' lang='lat' dir='ltr'><strong>XLII.</strong></span> 
     </span>
    </p>
   </div>
   <div class='ocr_carea' id='block_1_95' title="bbox 685 4710 1500 4756">
    <p class='ocr_par' dir='ltr' id='par_1_95' title="bbox 685 4710 1500 4756">
     <span class='ocr_line' id='line_1_95' title="bbox 685 4710 1500 4756; baseline -0.001 -2"><span class='ocrx_word' id='word_1_632' title='bbox 685 4715 786 4756; x_wconf 70' lang='lat' dir='ltr'><strong>PRO</strong></span> <span class='ocrx_word' id='word_1_633' title='bbox 822 4714 1163 4756; x_wconf 71' lang='lat' dir='ltr'><strong>IONASTERIO</strong></span> <span class='ocrx_word' id='word_1_634' title='bbox 1198 4710 1500 4755; x_wconf 57' lang='lat' dir='ltr'><strong>PRUHIENSI.</strong></span> 
     </span>
    </p>
   </div>
   <div class='ocr_carea' id='block_1_96' title="bbox 918 4791 1283 4866">
    <p class='ocr_par' dir='ltr' id='par_1_96' title="bbox 918 4791 1283 4866">
     <span class='ocr_line' id='line_1_96' title="bbox 918 4791 1283 4866; baseline 0.003 -21"><span class='ocrx_word' id='word_1_635' title='bbox 918 4791 1093 4866; x_wconf 80' lang='lat' dir='ltr'><strong>(Anno</strong></span> <span class='ocrx_word' id='word_1_636' title='bbox 1131 4791 1283 4864; x_wconf 64' lang='grc' dir='ltr'>διδ.)</span> 
     </span>
    </p>
   </div>
   <div class='ocr_carea' id='block_1_97' title="bbox 306 4878 1893 4957">
    <p class='ocr_par' dir='ltr' id='par_1_97' title="bbox 306 4878 1893 4957">
     <span class='ocr_line' id='line_1_97' title="bbox 306 4878 1893 4957; baseline -0.002 -18"><span class='ocrx_word' id='word_1_637' title='bbox 306 4878 644 4957; x_wconf 79' lang='lat' dir='ltr'><strong>[Houtheini,</strong></span> <span class='ocrx_word' id='word_1_638' title='bbox 678 4883 819 4939; x_wconf 77' lang='lat' dir='ltr'><strong>Hist.</strong></span> <span class='ocrx_word' id='word_1_639' title='bbox 853 4882 1055 4938; x_wconf 75' lang='lat' dir='ltr'><strong>Eccles.</strong></span> <span class='ocrx_word' id='word_1_640' title='bbox 1091 4882 1317 4948; x_wconf 72' lang='lat' dir='ltr'><strong>Trevir.,</strong></span> <span class='ocrx_word' id='word_1_641' title='bbox 1342 4890 1477 4938; x_wconf 87' lang='lat' dir='ltr'><strong>tom.</strong></span> <span class='ocrx_word' id='word_1_642' title='bbox 1502 4882 1555 4949; x_wconf 91' lang='grc' dir='ltr'>ι,</span> <span class='ocrx_word' id='word_1_643' title='bbox 1585 4898 1709 4955; x_wconf 83' lang='lat' dir='ltr'><strong>pag.</strong></span> <span class='ocrx_word' id='word_1_644' title='bbox 1744 4881 1893 4955; x_wconf 69' lang='lat'><strong>{66.}</strong></span> 
     </span>
    </p>
   </div>
   <div class='ocr_carea' id='block_1_98' title="bbox 378 4992 1893 5067">
    <p class='ocr_par' dir='ltr' id='par_1_98' title="bbox 378 4992 1893 5067">
     <span class='ocr_line' id='line_1_98' title="bbox 378 4992 1893 5067; baseline 0.001 -18"><span class='ocrx_word' id='word_1_645' title='bbox 378 4992 439 5050; x_wconf 90' lang='lat' dir='ltr'><strong>In</strong></span> <span class='ocrx_word' id='word_1_646' title='bbox 466 4996 683 5053; x_wconf 91' lang='lat' dir='ltr'><strong>nomine</strong></span> <span class='ocrx_word' id='word_1_647' title='bbox 698 4997 911 5052; x_wconf 89' lang='lat' dir='ltr'><strong>Domini</strong></span> <span class='ocrx_word' id='word_1_648' title='bbox 931 5005 987 5052; x_wconf 92' lang='lat' dir='ltr'><strong>et</strong></span> <span class='ocrx_word' id='word_1_649' title='bbox 1009 4996 1306 5053; x_wconf 88' lang='lat' dir='ltr'><strong>Salvatoris</strong></span> <span class='ocrx_word' id='word_1_650' title='bbox 1328 4997 1498 5053; x_wconf 89' lang='lat' dir='ltr'><strong>nostri</strong></span> <span class='ocrx_word' id='word_1_651' title='bbox 1522 4994 1648 5067; x_wconf 77' lang='lat' dir='ltr'><strong>Jcsu</strong></span> <span class='ocrx_word' id='word_1_652' title='bbox 1670 4996 1893 5063; x_wconf 91' lang='lat' dir='ltr'><strong>Christi,</strong></span> 
     </span>
    </p>
   </div>
   <div class='ocr_carea' id='block_1_99' title="bbox 312 5087 1896 5165">
    <p class='ocr_par' dir='ltr' id='par_1_99' title="bbox 312 5087 1896 5165">
     <span class='ocr_line' id='line_1_99' title="bbox 312 5087 1896 5165; baseline 0.001 -22"><span class='ocrx_word' id='word_1_653' title='bbox 312 5087 635 5160; x_wconf 85' lang='lat' dir='ltr'><strong>Ludovicus,</strong></span> <span class='ocrx_word' id='word_1_654' title='bbox 658 5092 837 5147; x_wconf 90' lang='lat' dir='ltr'><strong>divina</strong></span> <span class='ocrx_word' id='word_1_655' title='bbox 877 5091 1160 5149; x_wconf 88' lang='lat' dir='ltr'><strong>ordinante</strong></span> <span class='ocrx_word' id='word_1_656' title='bbox 1207 5092 1566 5165; x_wconf 86' lang='lat' dir='ltr'><strong>providentia,</strong></span> <span class='ocrx_word' id='word_1_657' title='bbox 1601 5092 1896 5161; x_wconf 91' lang='lat' dir='ltr'><strong>imperator</strong></span> 
     </span>
    </p>
   </div>
   <div class='ocr_carea' id='block_1_100' title="bbox 311 5179 604 5251">
    <p class='ocr_par' dir='ltr' id='par_1_100' title="bbox 311 5179 604 5251">
     <span class='ocr_line' id='line_1_100' title="bbox 311 5179 604 5251; baseline 0.01 -16"><span class='ocrx_word' id='word_1_658' title='bbox 311 5179 604 5251; x_wconf 84' lang='lat' dir='ltr'><strong>Augustus.</strong></span> 
     </span>
    </p>
   </div>
   <div class='ocr_carea' id='block_1_101' title="bbox 382 5270 1893 5347">
    <p class='ocr_par' dir='ltr' id='par_1_101' title="bbox 382 5270 1893 5347">
     <span class='ocr_line' id='line_1_101' title="bbox 382 5270 1893 5347; baseline 0 -21"><span class='ocrx_word' id='word_1_659' title='bbox 382 5270 568 5347; x_wconf 88' lang='lat' dir='ltr'><strong>[Dum]</strong></span> <span class='ocrx_word' id='word_1_660' title='bbox 609 5273 952 5329; x_wconf 89' lang='lat' dir='ltr'><strong>sacerdotum</strong></span> <span class='ocrx_word' id='word_1_661' title='bbox 999 5283 1056 5328; x_wconf 89' lang='lat' dir='ltr'><strong>et</strong></span> <span class='ocrx_word' id='word_1_662' title='bbox 1101 5288 1383 5329; x_wconf 90' lang='lat' dir='ltr'><strong>servorum</strong></span> <span class='ocrx_word' id='word_1_663' title='bbox 1432 5273 1526 5329; x_wconf 90' lang='lat' dir='ltr'><strong>Dei</strong></span> <span class='ocrx_word' id='word_1_664' title='bbox 1584 5272 1893 5343; x_wconf 89' lang='lat' dir='ltr'><strong>petitiones,</strong></span> 
     </span>
    </p>
   </div>
   <div class='ocr_carea' id='block_1_102' title="bbox 224 5359 1897 5432">
    <p class='ocr_par' dir='ltr' id='par_1_102' title="bbox 224 5359 1897 5432">
     <span class='ocr_line' id='line_1_102' title="bbox 224 5359 1897 5432; baseline 0.001 -17"><span class='ocrx_word' id='word_1_665' title='bbox 224 5359 234 5367; x_wconf 89' lang='grc'><em>’</em></span> <span class='ocrx_word' id='word_1_666' title='bbox 311 5375 433 5430; x_wconf 65' lang='lat' dir='ltr'><strong>quae</strong></span> <span class='ocrx_word' id='word_1_667' title='bbox 496 5363 652 5418; x_wconf 89' lang='lat' dir='ltr'><strong>nobis</strong></span> <span class='ocrx_word' id='word_1_668' title='bbox 710 5377 810 5432; x_wconf 92' lang='lat' dir='ltr'><strong>pro</strong></span> <span class='ocrx_word' id='word_1_669' title='bbox 864 5363 1277 5420; x_wconf 88' lang='lat' dir='ltr'><strong>necessitatibus</strong></span> <span class='ocrx_word' id='word_1_670' title='bbox 1338 5364 1452 5419; x_wconf 91' lang='lat' dir='ltr'><strong>suis</strong></span> <span class='ocrx_word' id='word_1_671' title='bbox 1507 5364 1897 5428; x_wconf 90' lang='lat' dir='ltr'><strong>innotuerunt,</strong></span> 
     </span>
    </p>
   </div>
   <div class='ocr_carea' id='block_1_103' title="bbox 313 5451 1897 5523">
    <p class='ocr_par' dir='ltr' id='par_1_103' title="bbox 313 5451 1897 5523">
     <span class='ocr_line' id='line_1_103' title="bbox 313 5451 1897 5523; baseline -0.001 -18"><span class='ocrx_word' id='word_1_672' title='bbox 313 5453 383 5507; x_wconf 92' lang='lat' dir='ltr'><strong>ad</strong></span> <span class='ocrx_word' id='word_1_673' title='bbox 439 5452 690 5509; x_wconf 73' lang='lat' dir='ltr'><strong>effectum</strong></span> <span class='ocrx_word' id='word_1_674' title='bbox 749 5453 1094 5523; x_wconf 88' lang='lat' dir='ltr'><strong>perducimus</strong></span> <span class='ocrx_word' id='word_1_675' title='bbox 1123 5495 1138 5520; x_wconf 95' lang='lat'><strong>,</strong></span> <span class='ocrx_word' id='word_1_676' title='bbox 1184 5469 1292 5509; x_wconf 92' lang='lat' dir='ltr'><strong>non</strong></span> <span class='ocrx_word' id='word_1_677' title='bbox 1340 5454 1515 5510; x_wconf 90' lang='lat' dir='ltr'><strong>solum</strong></span> <span class='ocrx_word' id='word_1_678' title='bbox 1564 5451 1897 5523; x_wconf 89' lang='lat' dir='ltr'><strong>imperialem</strong></span> 
     </span>
    </p>
   </div>
   <div class='ocr_carea' id='block_1_104' title="bbox 1999 4535 3587 4596">
    <p class='ocr_par' dir='ltr' id='par_1_104' title="bbox 1999 4535 3587 4596">
     <span class='ocr_line' id='line_1_104' title="bbox 1999 4535 3587 4596; baseline 0.001 -4"><span class='ocrx_word' id='word_1_679' title='bbox 1999 4546 2084 4596; x_wconf 90' lang='lat' dir='ltr'><strong>ter</strong></span> <span class='ocrx_word' id='word_1_680' title='bbox 2121 4538 2216 4593; x_wconf 90' lang='lat' dir='ltr'><strong>Dei</strong></span> <span class='ocrx_word' id='word_1_681' title='bbox 2265 4536 2691 4593; x_wconf 89' lang='lat' dir='ltr'><strong>misericordiam</strong></span> <span class='ocrx_word' id='word_1_682' title='bbox 2732 4548 2961 4592; x_wconf 79' lang='lat' dir='ltr'><strong>exorare</strong></span> <span class='ocrx_word' id='word_1_683' title='bbox 3009 4535 3362 4593; x_wconf 87' lang='lat' dir='ltr'><strong>delectentur.</strong></span> <span class='ocrx_word' id='word_1_684' title='bbox 3415 4538 3483 4594; x_wconf 90' lang='lat' dir='ltr'><strong>Et</strong></span> <span class='ocrx_word' id='word_1_685' title='bbox 3526 4549 3587 4594; x_wconf 92' lang='lat' dir='ltr'><strong>ut</strong></span> 
     </span>
    </p>
   </div>
   <div class='ocr_carea' id='block_1_105' title="bbox 1998 4629 3582 4700">
    <p class='ocr_par' dir='ltr' id='par_1_105' title="bbox 1998 4629 3582 4700">
     <span class='ocr_line' id='line_1_105' title="bbox 1998 4629 3582 4700; baseline -0.002 -11"><span class='ocrx_word' id='word_1_686' title='bbox 1998 4633 2115 4689; x_wconf 76' lang='lat' dir='ltr'><strong>haec</strong></span> <span class='ocrx_word' id='word_1_687' title='bbox 2140 4631 2436 4688; x_wconf 84' lang='lat' dir='ltr'><strong>auctoritas</strong></span> <span class='ocrx_word' id='word_1_688' title='bbox 2459 4630 2665 4685; x_wconf 89' lang='lat' dir='ltr'><strong>ﬁrmior</strong></span> <span class='ocrx_word' id='word_1_689' title='bbox 2689 4629 2971 4695; x_wconf 85' lang='lat' dir='ltr'><strong>habeatur,</strong></span> <span class='ocrx_word' id='word_1_690' title='bbox 2987 4643 3051 4683; x_wconf 90' lang='lat' dir='ltr'><strong>ac</strong></span> <span class='ocrx_word' id='word_1_691' title='bbox 3074 4643 3170 4699; x_wconf 89' lang='lat' dir='ltr'><strong>per</strong></span> <span class='ocrx_word' id='word_1_692' title='bbox 3192 4638 3457 4700; x_wconf 89' lang='lat' dir='ltr'><strong>tempora,</strong></span> <span class='ocrx_word' id='word_1_693' title='bbox 3472 4632 3582 4687; x_wconf 86' lang='lat' dir='ltr'><strong>Do-</strong></span> 
     </span>
    </p>
   </div>
   <div class='ocr_carea' id='block_1_106' title="bbox 1997 4722 3583 4796">
    <p class='ocr_par' dir='ltr' id='par_1_106' title="bbox 1997 4722 3583 4796">
     <span class='ocr_line' id='line_1_106' title="bbox 1997 4722 3583 4796; baseline -0.001 -15"><span class='ocrx_word' id='word_1_694' title='bbox 1997 4725 2146 4781; x_wconf 92' lang='lat' dir='ltr'><strong>mino</strong></span> <span class='ocrx_word' id='word_1_695' title='bbox 2185 4723 2507 4794; x_wconf 88' lang='lat' dir='ltr'><strong>opitulante,</strong></span> <span class='ocrx_word' id='word_1_696' title='bbox 2539 4722 2732 4779; x_wconf 91' lang='lat' dir='ltr'><strong>melius</strong></span> <span class='ocrx_word' id='word_1_697' title='bbox 2758 4731 3129 4789; x_wconf 91' lang='lat' dir='ltr'><strong>conservetur,</strong></span> <span class='ocrx_word' id='word_1_698' title='bbox 3174 4738 3337 4778; x_wconf 88' lang='lat' dir='ltr'><strong>manu</strong></span> <span class='ocrx_word' id='word_1_699' title='bbox 3363 4726 3583 4796; x_wconf 87' lang='lat' dir='ltr'><strong>propria</strong></span> 
     </span>
    </p>
   </div>
   <div class='ocr_carea' id='block_1_107' title="bbox 1998 4813 3587 4886">
    <p class='ocr_par' dir='ltr' id='par_1_107' title="bbox 1998 4813 3587 4886">
     <span class='ocr_line' id='line_1_107' title="bbox 1998 4813 3587 4886; baseline 0.001 -15"><span class='ocrx_word' id='word_1_700' title='bbox 1998 4815 2185 4871; x_wconf 86' lang='lat' dir='ltr'><strong>subter</strong></span> <span class='ocrx_word' id='word_1_701' title='bbox 2212 4815 2561 4886; x_wconf 81' lang='lat' dir='ltr'><strong>signavimus,</strong></span> <span class='ocrx_word' id='word_1_702' title='bbox 2601 4822 2656 4869; x_wconf 91' lang='lat' dir='ltr'><strong>et</strong></span> <span class='ocrx_word' id='word_1_703' title='bbox 2694 4813 2878 4869; x_wconf 88' lang='lat' dir='ltr'><strong>annuli</strong></span> <span class='ocrx_word' id='word_1_704' title='bbox 2909 4813 3083 4869; x_wconf 89' lang='lat' dir='ltr'><strong>nostri</strong></span> <span class='ocrx_word' id='word_1_705' title='bbox 3127 4813 3481 4884; x_wconf 85' lang='lat' dir='ltr'><strong>impressione</strong></span> <span class='ocrx_word' id='word_1_706' title='bbox 3514 4817 3587 4872; x_wconf 80' lang='lat' dir='ltr'><strong>si-</strong></span> 
     </span>
    </p>
   </div>
   <div class='ocr_carea' id='block_1_108' title="bbox 2001 4908 2460 4982">
    <p class='ocr_par' dir='ltr' id='par_1_108' title="bbox 2001 4908 2460 4982">
     <span class='ocr_line' id='line_1_108' title="bbox 2001 4908 2460 4982; baseline -0.004 -18"><span class='ocrx_word' id='word_1_707' title='bbox 2001 4908 2153 4982; x_wconf 86' lang='lat' dir='ltr'><strong>gnari</strong></span> <span class='ocrx_word' id='word_1_708' title='bbox 2178 4908 2460 4979; x_wconf 90' lang='lat' dir='ltr'><strong>jussimus.</strong></span> 
     </span>
    </p>
   </div>
   <div class='ocr_carea' id='block_1_109' title="bbox 2073 4998 3577 5072">
    <p class='ocr_par' dir='ltr' id='par_1_109' title="bbox 2073 4998 3577 5072">
     <span class='ocr_line' id='line_1_109' title="bbox 2073 4998 3577 5072; baseline -0.001 -16"><span class='ocrx_word' id='word_1_709' title='bbox 2073 5000 2298 5072; x_wconf 83' lang='lat' dir='ltr'><strong>Signum</strong></span> <span class='ocrx_word' id='word_1_710' title='bbox 2331 5000 2589 5056; x_wconf 89' lang='lat' dir='ltr'><strong>Ludovici</strong></span> <span class='ocrx_word' id='word_1_711' title='bbox 2618 5016 2795 5055; x_wconf 90' lang='lat' dir='ltr'><strong>seren.</strong></span> <span class='ocrx_word' id='word_1_712' title='bbox 2826 4999 2956 5071; x_wconf 89' lang='lat' dir='ltr'><strong>imp.</strong></span> <span class='ocrx_word' id='word_1_713' title='bbox 2988 4998 3236 5056; x_wconf 85' lang='lat' dir='ltr'><strong>Ileliosar</strong></span> <span class='ocrx_word' id='word_1_714' title='bbox 3270 5002 3577 5072; x_wconf 84' lang='lat' dir='ltr'><strong>recognovi.</strong></span> 
     </span>
    </p>
   </div>
   <div class='ocr_carea' id='block_1_110' title="bbox 2070 5091 3585 5165">
    <p class='ocr_par' dir='ltr' id='par_1_110' title="bbox 2070 5091 3585 5165">
     <span class='ocr_line' id='line_1_110' title="bbox 2070 5091 3585 5165; baseline -0.001 -16"><span class='ocrx_word' id='word_1_715' title='bbox 2070 5094 2205 5149; x_wconf 88' lang='lat' dir='ltr'><strong>Data</strong></span> <span class='ocrx_word' id='word_1_716' title='bbox 2240 5111 2301 5150; x_wconf 88' lang='grc' dir='ltr'><strong>ιιι</strong></span> <span class='ocrx_word' id='word_1_717' title='bbox 2325 5093 2462 5150; x_wconf 82' lang='grc' dir='ltr'>Νοιι.</span> <span class='ocrx_word' id='word_1_718' title='bbox 2491 5094 2677 5159; x_wconf 90' lang='lat' dir='ltr'><strong>Febr.,</strong></span> <span class='ocrx_word' id='word_1_719' title='bbox 2706 5108 2848 5151; x_wconf 88' lang='lat' dir='ltr'><strong>anno</strong></span> <span class='ocrx_word' id='word_1_720' title='bbox 2878 5094 3134 5159; x_wconf 86' lang='lat' dir='ltr'><strong>secundo,</strong></span> <span class='ocrx_word' id='word_1_721' title='bbox 3160 5091 3378 5148; x_wconf 88' lang='lat' dir='ltr'><strong>Christo</strong></span> <span class='ocrx_word' id='word_1_722' title='bbox 3402 5095 3585 5165; x_wconf 89' lang='lat' dir='ltr'><strong>propi-</strong></span> 
     </span>
    </p>
   </div>
   <div class='ocr_carea' id='block_1_111' title="bbox 2001 5182 3581 5257">
    <p class='ocr_par' dir='ltr' id='par_1_111' title="bbox 2001 5182 3581 5257">
     <span class='ocr_line' id='line_1_111' title="bbox 2001 5182 3581 5257; baseline 0.002 -19"><span class='ocrx_word' id='word_1_723' title='bbox 2001 5184 2094 5249; x_wconf 89' lang='lat' dir='ltr'><strong>tio,</strong></span> <span class='ocrx_word' id='word_1_724' title='bbox 2117 5185 2331 5253; x_wconf 90' lang='lat' dir='ltr'><strong>imperii</strong></span> <span class='ocrx_word' id='word_1_725' title='bbox 2361 5185 2555 5249; x_wconf 84' lang='lat' dir='ltr'><strong>nostri,</strong></span> <span class='ocrx_word' id='word_1_726' title='bbox 2585 5183 2773 5239; x_wconf 82' lang='lat' dir='ltr'><strong>indict.</strong></span> <span class='ocrx_word' id='word_1_727' title='bbox 2794 5183 2848 5238; x_wconf 90' lang='lat'><strong>8.</strong></span> <span class='ocrx_word' id='word_1_728' title='bbox 2873 5183 3072 5238; x_wconf 82' lang='lat' dir='ltr'><strong>Actum‘</strong></span> <span class='ocrx_word' id='word_1_729' title='bbox 3089 5182 3411 5255; x_wconf 86' lang='lat' dir='ltr'><strong>Aquisgrani</strong></span> <span class='ocrx_word' id='word_1_730' title='bbox 3432 5184 3581 5257; x_wconf 79' lang='lat' dir='ltr'><strong>pala-</strong></span> 
     </span>
    </p>
   </div>
   <div class='ocr_carea' id='block_1_112' title="bbox 2002 5268 3362 5344">
    <p class='ocr_par' dir='ltr' id='par_1_112' title="bbox 2002 5268 3362 5344">
     <span class='ocr_line' id='line_1_112' title="bbox 2002 5268 3362 5344; baseline 0 -17"><span class='ocrx_word' id='word_1_731' title='bbox 2002 5274 2077 5329; x_wconf 91' lang='lat' dir='ltr'><strong>tio</strong></span> <span class='ocrx_word' id='word_1_732' title='bbox 2102 5275 2272 5344; x_wconf 85' lang='lat' dir='ltr'><strong>regio,</strong></span> <span class='ocrx_word' id='word_1_733' title='bbox 2297 5275 2352 5328; x_wconf 94' lang='lat' dir='ltr'><strong>in</strong></span> <span class='ocrx_word' id='word_1_734' title='bbox 2383 5274 2475 5330; x_wconf 91' lang='lat' dir='ltr'><strong>Dei</strong></span> <span class='ocrx_word' id='word_1_735' title='bbox 2503 5275 2718 5330; x_wconf 89' lang='lat' dir='ltr'><strong>nomine</strong></span> <span class='ocrx_word' id='word_1_736' title='bbox 2750 5273 2999 5329; x_wconf 83' lang='lat' dir='ltr'><strong>feliciter.</strong></span> <span class='ocrx_word' id='word_1_737' title='bbox 3024 5272 3218 5328; x_wconf 84' lang='lat' dir='ltr'><strong>Amen.</strong></span> <span class='ocrx_word' id='word_1_738' title='bbox 3357 5268 3362 5273; x_wconf 80' lang='grc'><strong>’</strong></span> 
     </span>
    </p>
   </div>
   <div class='ocr_carea' id='block_1_113' title="bbox 388 5570 3580 5654">
    <p class='ocr_par' dir='ltr' id='par_1_113' title="bbox 388 5570 3580 5654">
     <span class='ocr_line' id='line_1_113' title="bbox 388 5570 3580 5654; baseline -0 -15"><span class='ocrx_word' id='word_1_739' title='bbox 388 5600 412 5628; x_wconf 77' lang='grc' dir='ltr'><strong><em>ο</em></strong></span> <span class='ocrx_word' id='word_1_740' title='bbox 445 5585 818 5640; x_wconf 72' lang='lat' dir='ltr'><strong>Auctoritatem</strong></span> <span class='ocrx_word' id='word_1_741' title='bbox 862 5584 1232 5654; x_wconf 74' lang='lat' dir='ltr'><strong>inmanitatis,</strong></span> <span class='ocrx_word' id='word_1_742' title='bbox 1271 5596 1379 5644; x_wconf 89' lang='lat' dir='ltr'><strong>etc.</strong></span> <span class='ocrx_word' id='word_1_743' title='bbox 1424 5588 1557 5645; x_wconf 88' lang='lat' dir='ltr'><strong>Vide</strong></span> <span class='ocrx_word' id='word_1_744' title='bbox 1585 5601 1708 5642; x_wconf 83' lang='lat' dir='ltr'><strong>eam</strong></span> <span class='ocrx_word' id='word_1_745' title='bbox 1735 5597 1901 5654; x_wconf 88' lang='lat' dir='ltr'><strong>supra</strong></span> <span class='ocrx_word' id='word_1_746' title='bbox 1940 5578 2007 5635; x_wconf 87' lang='lat' dir='ltr'><strong>ad</strong></span> <span class='ocrx_word' id='word_1_747' title='bbox 2058 5570 2403 5641; x_wconf 81' lang='lat' dir='ltr'><strong>annum775,</strong></span> <span class='ocrx_word' id='word_1_748' title='bbox 2420 5587 2606 5628; x_wconf 88' lang='lat' dir='ltr'><strong>mense</strong></span> <span class='ocrx_word' id='word_1_749' title='bbox 2626 5570 2916 5631; x_wconf 81' lang='lat' dir='ltr'><strong>Novembri</strong></span> <span class='ocrx_word' id='word_1_750' title='bbox 2944 5573 3174 5648; x_wconf 83' lang='lat' dir='ltr'><strong>(Patrol.</strong></span> <span class='ocrx_word' id='word_1_751' title='bbox 3201 5579 3580 5653; x_wconf 60' lang='lat' dir='ltr'><strong>(omnii/Il,</strong></span> 
     </span>
    </p>
   </div>
   <div class='ocr_carea' id='block_1_114' title="bbox 316 5656 633 5729">
    <p class='ocr_par' dir='ltr' id='par_1_114' title="bbox 316 5656 633 5729">
     <span class='ocr_line' id='line_1_114' title="bbox 316 5656 633 5729; baseline -0.003 -19"><span class='ocrx_word' id='word_1_752' title='bbox 316 5657 416 5711; x_wconf 78' lang='lat' dir='ltr'><strong>col.</strong></span> <span class='ocrx_word' id='word_1_753' title='bbox 450 5656 633 5729; x_wconf 73' lang='grc'><strong>1055).</strong></span> 
     </span>
    </p>
   </div>
   <div class='ocr_carea' id='block_1_115' title="bbox 639 5744 1105 5809">
    <p class='ocr_par' dir='ltr' id='par_1_115' title="bbox 639 5744 1105 5809">
     <span class='ocr_line' id='line_1_115' title="bbox 639 5744 1105 5809; baseline -0.011 -3"><span class='ocrx_word' id='word_1_754' title='bbox 639 5747 909 5806; x_wconf 70' lang='grc' dir='ltr'>ΡΑτιιοι..</span> <span class='ocrx_word' id='word_1_755' title='bbox 956 5744 1105 5809; x_wconf 85' lang='lat' dir='ltr'><strong>CIV.</strong></span> 
     </span>
    </p>
   </div>
   <div class='ocr_carea' id='block_1_116' title="bbox 2952 5739 3029 5798">
    <p class='ocr_par' dir='ltr' id='par_1_116' title="bbox 2952 5739 3029 5798">
     <span class='ocr_line' id='line_1_116' title="bbox 2952 5739 3029 5798; baseline 0 0"><span class='ocrx_word' id='word_1_756' title='bbox 2952 5739 3029 5798; x_wconf 82' lang='lat'><strong><em>33</em></strong></span> 
     </span>
    </p>
   </div>
  </div>
