3946 6174
548 277 684 336 Νέὅδ

1239 389 1415 444 XLI".

577 498 677 537 PRO
712 496 947 536 HISPANIS
985 495 1072 543 QUI
1114 495 1167 534 ιη
1207 495 1379 535 REGNO
1415 494 1732 535 FRANCOBUI
1772 494 2077 535 ΙΙΔΝΕΒΑΝΤ.

659 590 833 663 [Apud
865 590 1160 657 Baluzium,
1190 588 1446 660 Capitul.,
1475 599 1604 644 tom.
1636 590 1678 656 l,
1707 605 1830 660 pag.
1861 588 2011 660 569.]

540 704 652 757 Iloc
683 715 757 758 est
790 716 1103 776 prcccqplum
1130 703 1476 776 concessionis
1506 702 1658 776 quod
1675 702 1795 770 fecit
1824 700 2119 776 Ludovicus

606 771 888 845 imperator
926 771 1178 845 Hispanis
1219 776 1309 845 qui
1339 774 1408 827 ad
1441 791 1495 828 se
1518 771 1880 843 perfugerant
1914 771 2118 844 [contra

606 790 888 845 Νηρεῖ-(ιιον
926 790 1178 845 mspams
1255 791 1279 827 υ

604 847 959 915 oppressiones
987 790 1279 915 contitunilj.

605 936 661 988 ln
691 936 908 990 nomine
948 935 1159 989 Domini
1204 934 1301 989 Dei
1340 943 1395 988 ct
1430 932 1725 987 Salvatoris
1769 932 1941 986 nostri
1986 930 2113 986 Jesu

531 1027 766 1092 Christi,
814 1026 1147 1089 Ludovicus,
1193 1026 1372 1079 divina
1420 1008 1725 1079 ordinante!
1752 1024 2112 1093 providentia,

530 1118 825 1186 imperator
846 1114 1137 1183 Augustus.

598 1206 795 1260 Notum
826 1206 897 1260 sit
929 1205 1181 1260 omnibus
1216 1204 1467 1260 ﬁdelibus
1505 1213 1707 1259 sanctae
1733 1206 1826 1259 Dei
1861 1205 2113 1259 Ecclesia:

526 1306 582 1352 et
606 1297 826 1363 nostris,
870 1304 977 1351 tam
1026 1297 1384 1367 prtcsentibus
1422 1313 1583 1367 quam
1633 1306 1688 1353 et
1732 1298 1963 1363 futuris,
2015 1314 2109 1354 seu

525 1389 689 1463 etiam
713 1387 1120 1444 successoribus
1148 1388 1373 1453 nostris,
1397 1388 1521 1457 quia
1551 1397 1836 1459 postquam
1864 1389 2107 1458 Hispani,

522 1482 614 1548 qui
647 1482 712 1536 de
744 1488 1008 1550 potestate
1050 1478 1449 1549 Saracenorum
1496 1496 1554 1535 se
1597 1481 2008 1546 subtraxerunt,
2056 1490 2111 1536 et

521 1572 589 1626 ad
615 1579 857 1626 nostram
880 1586 972 1627 seu
999 1571 1258 1641 genitoris
1286 1572 1456 1626 nostri
1485 1571 1641 1626 ﬁdem
1664 1587 1722 1626 se
1743 1573 2105 1637 contulerunt,

519 1670 575 1715 et
601 1668 931 1731 praeceptum
957 1662 1294 1716 auctoritatis
1319 1670 1539 1726 nostrai,
1570 1662 1805 1731 qualiter
1843 1663 1897 1716 in
1938 1678 2107 1733 regno

519 1762 708 1809 nostro
746 1770 868 1809 cum
913 1755 1024 1810 suis
1068 1756 1357 1811 comitibus
1404 1756 1716 1810 conversari
1761 1765 1815 1812 et
1857 1764 2100 1810 nostrum

518 1843 800 1897 servitium
835 1856 1094 1914 peragere
1138 1843 1420 1909 deberent,
1469 1845 1709 1899 scribere
1753 1854 1807 1901 et
1854 1846 1936 1900 eis
1977 1846 2106 1900 dare

513 1933 793 2004 iussimus,
837 1934 1229 2004 querimoniam
1264 1933 1427 2003 aliqui
1456 1949 1519 1989 ex
1564 1935 1696 2003 ipsis
1720 1935 1974 2005 Hispanis
2010 1950 2105 1990 no-

514 2026 649 2080 stris
684 2024 905 2080 auribus
943 2025 1250 2080 detulerunt
1288 2024 1394 2078 duo
1425 2024 1657 2092 capitula
1697 2024 2099 2089 continentem;

518 2131 747 2186 quorum
799 2131 963 2169 unum
1008 2122 1091 2168 est
1125 2114 1270 2184 quod
1321 2114 1536 2183 quando
1577 2114 1736 2168 iidem
1788 2113 2013 2184 Hispani
2048 2114 2103 2167 in

516 2216 763 2261 nostrum
786 2220 1008 2276 regnum
1032 2211 1313 2269 venerunt,
1345 2211 1400 2256 et
1418 2202 1594 2258 locum
1618 2202 1913 2267 desertum,
1941 2217 2097 2271 quem

515 2298 583 2352 ad
612 2297 961 2352 habitandum
984 2303 1405 2365 occupaverunt,
1437 2308 1535 2364 per
1558 2303 1888 2363 praeceptum
1918 2293 2098 2348 domni

513 2396 568 2442 et
597 2387 858 2459 genitoris
893 2385 1065 2441 nostri
1096 2401 1160 2440 ac
1186 2394 1433 2443 nostrum
1472 2384 1576 2439 sibi
1602 2399 1666 2439 ac
1695 2384 2102 2439 successoribus

512 2478 625 2533 suis
667 2476 736 2531 ad
779 2476 1164 2547 possidendum
1211 2476 1390 2545 adepti
1440 2483 1589 2541 sunt,
1631 2476 1684 2530 hi
1716 2475 1807 2545 qui
1844 2476 1987 2530 inter
2008 2491 2101 2531 eos

512 2568 745 2640 maiores
770 2576 824 2625 et
867 2568 1201 2639 potentiores
1231 2574 1387 2623 erant
1417 2567 1486 2622 ad
1513 2566 1771 2638 palatium
1801 2568 2095 2632 venientes,

511 2662 612 2733 ipsi
644 2670 911 2734 praecepta
941 2662 1141 2734 regalia
1168 2669 1542 2730 susceperunt,
1591 2660 1786 2729 quibus
1813 2660 2094 2730 susceptis,

508 2770 605 2809 eos
630 2754 723 2825 qui
754 2755 896 2809 inter
917 2753 1038 2808 illos
1081 2754 1316 2807 minores
1350 2758 1405 2805 et
1432 2749 1757 2806 inﬁrmiores
1781 2757 1953 2811 erant,
1981 2750 2099 2805 loca

509 2854 690 2901 tamen
731 2860 827 2900 sua
870 2846 1008 2900 bene
1037 2843 1340 2899 excoluisse
1376 2843 1717 2907 videbantur,
1747 2856 1846 2911 per
1883 2841 2095 2896 illorum

506 2946 897 3008 praeceptorum
951 2935 1354 3000 auctoritatem,
1403 2942 1498 2988 aut
1540 2936 1758 3003 penitus
1794 2933 1861 2987 ab
1890 2932 2097 2989 eisdem

512 3028 648 3082 locis
674 3026 968 3097 depellere,
997 3034 1090 3080 aut
1112 3025 1215 3080 sibi
1240 3025 1306 3079 ad
1329 3023 1609 3079 servitium
1633 3021 1896 3091 subjicere
1919 3024 2097 3079 conati

510 3128 654 3174 sunt.
688 3117 929 3170 Alterum
958 3124 1058 3181 est,
1089 3114 1230 3185 quod
1258 3114 1421 3169 simili
1452 3115 1612 3169 modo
1635 3114 1700 3169 de
1719 3113 1975 3183 Hispania
2003 3129 2096 3168 ve-

508 3213 745 3275 nientes,
777 3221 831 3266 ct
864 3212 931 3266 ad
960 3211 1185 3265 comites
1213 3211 1328 3264 sive
1362 3223 1550 3263 vassos
1576 3216 1791 3264 nostros
1819 3208 1903 3263 vel
1927 3209 2093 3264 etiam

507 3302 577 3357 ad
606 3316 791 3357 vassos
815 3302 1073 3357 comitum
1102 3318 1160 3357 se
1189 3302 1727 3366 commendaverunt,
1757 3308 1812 3355 et
1842 3301 1911 3356 ad
1938 3301 2095 3357 habi-

509 3394 730 3449 tandum
761 3402 921 3463 atque
945 3394 1300 3468 excolendum
1332 3392 1546 3472 deserta
1577 3391 1695 3446 loca
1733 3386 2091 3461 acceperunt;

505 3502 628 3555 quae
650 3486 742 3540 ubi
765 3486 831 3541 ab
857 3485 936 3539 eis
963 3484 1176 3540 exculta
1217 3491 1362 3548 sunt,
1394 3498 1459 3538 ex
1492 3482 1823 3553 quibuslibet
1849 3483 2091 3538 occasio-

505 3578 665 3633 nibus
688 3592 781 3632 eos
812 3576 935 3631 inde
961 3574 1252 3646 expellere,
1282 3584 1337 3629 et
1365 3576 1433 3628 ad
1462 3588 1599 3643 opus
1634 3573 1914 3643 proprium
1965 3574 2095 3628 reti-

508 3682 657 3732 nere,
710 3675 801 3721 aut
846 3667 967 3721 aliis
1013 3675 1236 3737 propter
1282 3667 1562 3736 praemium
1609 3666 1737 3720 dare
1787 3665 2091 3720 voluerunt.

506 3759 750 3827 Quorum
792 3767 1045 3813 neutrum
1083 3756 1290 3826 iustum
1323 3765 1415 3811 aut
1446 3755 1764 3811 rationabile
1798 3756 1955 3810 nobis
1975 3769 2095 3811 esse

504 3854 739 3908 videtur.
767 3852 833 3906 Et
863 3851 983 3907 ideo
1002 3863 1100 3920 per
1127 3852 1268 3905 hanc
1292 3856 1487 3903 nostrae
1511 3848 1890 3919 praeceptionis
1911 3855 2096 3902 aucto-

508 3946 724 3998 ritatem
774 3942 1116 3998 decernimus
1169 3949 1332 4009 atque
1363 3938 1635 4007 iubemus,
1690 3947 1749 3992 ut
1795 3938 1848 3992 lii
1891 3938 1981 4007 qui
2011 3937 2097 3993 vel

505 4043 752 4091 nostrum
792 4033 878 4088 vel
916 4032 1100 4088 domni
1146 4040 1202 4086 et
1243 4029 1505 4101 genitoris
1543 4030 1716 4085 nostri
1769 4038 2096 4100 praeceptum

503 4126 752 4195 accipere
777 4128 1111 4186 meruerunt,
1150 4122 1255 4176 hoc
1304 4120 1448 4188 quod
1501 4119 1605 4189 ipsi
1654 4135 1777 4174 cum
1837 4119 1951 4175 suis
2000 4120 2097 4175 ho-

505 4216 740 4269 minibus
789 4214 857 4268 de
904 4213 1119 4268 deserto
1168 4211 1543 4277 excoluerunt,
1574 4227 1672 4282 per
1704 4220 1944 4267 nostram
1970 4227 2097 4267 con-

503 4305 804 4360 cessionem
866 4303 1121 4358 habeant.
1177 4299 1371 4358 Caeteri
1420 4317 1551 4358 vero
1611 4302 1702 4372 qui
1760 4302 1920 4357 simul
1971 4318 2095 4359 cum

503 4398 584 4453 eis
634 4404 896 4453 venerunt
943 4405 998 4450 et
1048 4396 1166 4452 loca
1197 4395 1412 4451 deserta
1463 4402 1885 4465 occupaverunt,
1940 4395 2097 4465 quid-

501 4489 632 4560 quid
672 4489 738 4544 de
785 4488 986 4545 inculto
1016 4488 1400 4555 excoluerunt,
1447 4489 1649 4558 absque
1694 4489 1854 4544 ullius
1883 4489 2092 4559 inquie-

503 4583 689 4638 tudine
739 4583 1069 4654 possideant,
1124 4591 1232 4637 tam
1283 4582 1382 4652 ipsi
1437 4598 1598 4652 quam
1645 4581 1858 4637 illorum
1911 4591 2090 4651 poste-

504 4675 665 4738 ritas;
696 4673 769 4727 ita
801 4674 1065 4728 duntaxat
1112 4680 1172 4727 ut
1215 4674 1496 4727 servitium
1543 4681 1788 4727 nostrum
1826 4687 1949 4727 cum
1999 4673 2088 4728 illo

504 4765 597 4834 qui
627 4764 800 4833 ipsum
826 4773 1153 4833 praeceptum
1181 4763 1418 4832 accepit,
1451 4777 1549 4832 pro
1594 4762 1753 4817 modo
1792 4763 2089 4832 possessio-

505 4858 590 4912 nis
620 4872 784 4927 quam
814 4864 978 4922 tenet,
1010 4854 1192 4911 facere
1231 4855 1445 4911 debeat.
1488 4853 1554 4907 Hi
1584 4869 1712 4908 vero
1762 4855 1854 4924 qui
1898 4863 2086 4924 postea

504 4958 790 5014 venerunt,
840 4956 898 5005 et
944 4963 1003 5002 se
1040 4956 1135 5002 aut
1186 4946 1496 5010 comitibus,
1543 4954 1637 4999 aut
1666 4947 1839 5001 vassis
1868 4945 2088 5010 nostris,

506 5053 599 5098 aut
624 5043 846 5112 paribus
874 5041 987 5097 suis
1012 5057 1071 5095 se
1094 5040 1628 5103 commcndaverunt,
1651 5046 1706 5092 et
1727 5039 1794 5092 ab
1816 5040 1895 5093 eis
1917 5048 2092 5095 terras

506 5132 574 5184 ad
609 5129 965 5186 habitandum
1009 5137 1355 5200 acceperunt,
1393 5130 1494 5185 sub
1541 5127 1684 5197 quali
1716 5128 2091 5184 convenientia

507 5231 670 5289 atque
696 5220 1006 5276 conditione
1043 5228 1390 5291 acceperunt,
1424 5218 1516 5273 tali
1559 5232 1651 5273 eas
1690 5216 1745 5271 in
1774 5215 2013 5273 futurum
2037 5228 2094 5274 et

506 5311 607 5377 ipsi
663 5312 1007 5382 possideant,
1064 5320 1120 5368 et
1174 5327 1285 5367 suae
1336 5310 1638 5382 posteritati
1695 5310 2088 5380 derelinquant.

507 5402 621 5455 Hoc
650 5410 846 5457 nostra:
881 5404 1217 5459 auctoritatis
1257 5402 1535 5457 decretum
1579 5419 1686 5457 non
1733 5402 1908 5458 solum
1961 5416 2089 5472 erga

508 5492 809 5557 praeteritos
848 5502 902 5546 et
931 5502 1246 5561 przcscntes,
1275 5508 1462 5548 verum
1493 5493 1657 5548 etiam
1704 5508 1832 5564 erga
1879 5491 2090 5548 futuros

508 5579 599 5644 qui
622 5579 796 5633 adhuc
818 5595 887 5633 ex
916 5581 1022 5635 illis
1045 5583 1291 5650 partibus
1329 5583 1397 5637 ad
1425 5592 1670 5637 nostram
1694 5582 1854 5638 ﬁdem
1877 5583 2089 5637 venturi

512 5674 656 5730 sunt,
685 5669 1110 5722 conservandum
1136 5671 1446 5736 statuimus,
1479 5671 1543 5726 de
1572 5671 1673 5727 hac
1703 5672 2089 5729 constitutione

1673 273 1998 330 LUDOVICI
2034 274 2055 329 ι
2091 272 2561 330 COGNOMENTO
2600 273 2682 329 ΡΠ

3578 295 3673 350 Nini

2153 391 2199 449 Α
2231 395 2414 441 nostra
2444 396 2648 457 septem
2684 397 2950 456 praecepta
2976 403 3078 443 uno
3105 398 3269 446 tenore
3291 397 3681 472 conscribereius-

2224 478 2393 533 simus
2420 496 2434 532 :
2467 494 2698 549 quorum
2737 495 2901 532 unum
2937 480 2989 533 in
3024 479 3270 549 Narbona,
3292 486 3488 542 alterum
3515 491 3558 545 in
3588 492 3682 550 Car.

2224 583 2469 632 cassona,
2494 569 2714 623 tertium
2735 569 2789 623 in
2813 568 3135 637 Rosciliona,
3158 584 3377 643 quartum
3395 577 3441 631 in
3460 580 3682 651 Empuriis,

2219 659 2469 728 quintum
2514 660 2569 715 in
2612 659 2975 725 Barchinona,
3008 671 3206 716 sertum
3232 664 3281 717 in
3312 664 3683 743 Gcrunda,sepu.

2220 766 2367 806 mum
2412 752 2465 805 in
2517 753 2742 806 Biterris
2787 751 2977 806 haberi
3027 754 3368 823 prmcepimus,
3405 766 3452 811 et
3482 762 3684 831 exemplar

2218 853 2402 895 eorum
2430 841 2483 895 in
2522 842 2744 897 archivo
2768 842 2955 912 palatii
2985 843 3170 908 nostri,
3212 852 3265 897 ut
3288 846 3496 913 praedicti
3520 848 3680 920 Hispani

2217 930 2286 984 ab
2323 930 2428 986 illis
2456 940 2662 1002 septem
2700 933 3031 1004 exemplaria
3077 935 3307 1004 accipere
3346 944 3393 989 et
3419 937 3584 995 habere
3601 958 3685 1012 pos-

2216 1022 2342 1085 sint,
2376 1030 2432 1076 et
2454 1038 2551 1092 per
2580 1025 2860 1093 exemplar
2891 1026 3036 1094 quod
3076 1025 3127 1079 in
3150 1026 3338 1095 palatio
3372 1029 3628 1096 retinemus,
3652 1035 3682 1088 si

2218 1128 2434 1167 rursum
2485 1114 2701 1183 querela
2748 1115 2904 1169 nobis
2947 1115 3122 1169 delata
3155 1115 3325 1181 fuerit,
3362 1116 3540 1173 facilius
3565 1122 3683 1188 possit

2215 1206 2451 1261 deﬁniri.
2495 1208 2564 1262 Et
2606 1215 2666 1262 ut
2696 1209 2812 1261 ὶιῑιεο
2856 1217 3059 1263 nostrm
3097 1210 3408 1264 auctoritatis
3450 1213 3683 1267 constitutio

2214 1296 2509 1353 ﬁrmiorem
2551 1298 2793 1354 obtineat
2838 1298 3101 1368 vigorem,
3140 1309 3191 1354 et
3228 1315 3257 1354 a
3301 1298 3516 1355 ﬁdelibus
3547 1312 3684 1358 sancta

2212 1389 2307 1444 Dei
2344 1390 2599 1445 Ecclesire
2624 1391 2832 1460 plenius
2853 1407 2953 1461 per
2979 1400 3215 1461 tempora
3236 1402 3554 1455 conservetur,
3577 1409 3683 1447 manu

2211 1480 2430 1550 propria
2460 1480 2648 1535 subter
2676 1481 3035 1547 ﬁrmavimus,
3074 1490 3128 1538 et
3158 1481 3331 1536 annuli
3357 1483 3503 1537 nostri
3528 1483 3686 1552 impres-

2210 1572 2361 1625 sione
2381 1571 2582 1641 signari
2608 1571 2891 1641 iussimus.

2285 1658 2508 1729 Signum
2533 1660 2713 1715 domni
2742 1660 2999 1715 Ludovici
3039 1660 3359 1716 serenissimi
3379 1660 3661 1731 imperatoris

2131 1745 2177 1803 B
2274 1747 2546 1804 Arnaldus
2574 1749 2644 1803 ad
2681 1750 2854 1805 vicem
2896 1749 3215 1805 Helisacbar
3246 1750 3541 1819 recognovit.

2283 1841 2417 1895 Data
2439 1858 2490 1896 IV
2511 1842 2633 1896 ldus
2653 1841 2955 1905 Februarii,
2974 1857 3139 1908 anno,
3164 1841 3368 1897 Christo
3393 1840 3601 1911 propitio,
3617 1846 3685 1893 ter

2210 1932 2285 1987 tio
2313 1931 2527 2001 imperii
2567 1931 2749 1986 domni
2795 1931 3056 1987 Ludovici
3103 1930 3321 2001 piissimi
3362 1930 3573 2001 Augusti,
3601 1928 3688 1982 indi-

2206 2026 2387 2081 ctione
2435 2028 2487 2081 9.
2531 2025 2726 2080 Actum
2767 2024 3099 2097 Aquisgrani
3137 2026 3331 2098 palatio
3369 2026 3517 2098 regio,
3556 2024 3596 2078 in
3625 2021 3687 2075 Dei

2208 2117 2424 2174 nomine
2454 2117 2705 2174 feliciter.
2737 2116 2929 2172 Amen.

2904 2211 3092 2268 XLIV.

2584 2340 2684 2380 PRO
2722 2340 3110 2381 IATISCONENSI
3148 2341 3386 2383 εεειεειλ
3442 2365 3447 2373 ι

2807 2436 2985 2507 (Anno
3036 2435 3191 2509 816.)

2206 2550 2381 2623 [Apud
2407 2551 2468 2606 D.
2503 2552 2789 2621 Bouquet.,
2821 2549 2975 2615 ibid.,
3002 2565 3134 2623 pag.
3181 2550 3302 2615 487,
3329 2564 3390 2604 ex
3430 2550 3630 2603 instruat.
3650 2545 3693 2598 ad

2422 2651 2552 2698 tom.
2582 2641 2650 2698 1V
2681 2639 2872 2696 Gallice
2898 2639 3244 2707 Christianw,
3284 2639 3382 2695 col.
3418 2636 3547 2710 265.]

2272 2751 2330 2806 In
2357 2752 2573 2807 nomine
2603 2750 2816 2805 Domini
2858 2749 2955 2805 Dei
2997 2759 3057 2806 et
3104 2750 3395 2806 Salvatoris
3432 2748 3575 2804 nostri
3607 2744 3694 2800 Jesu

2202 2842 2426 2909 Christi,
2443 2842 2773 2909 Ludovicus,
2791 2842 2975 2898 divina
2989 2845 3282 2900 ordinante
3294 2841 3610 2914 providentia,
3630 2840 3695 2893 iur

2200 2946 2418 3006 perator
2453 2936 2745 3009 Augustus.

2270 3026 2492 3082 Noverit
2524 3029 2731 3085 utilitas
2771 3029 3015 3086 ﬁdelium
3047 3041 3380 3097 nostrorum,
3417 3030 3627 3087 comitum
3645 3025 3698 3077 vi-

2124 3095 2168 3158 (δ
2200 3121 2399 3176 delicet
2417 3131 2473 3175 et
2494 3122 2829 3178 vassalorum
2851 3133 3199 3192 nostrorum,
3224 3128 3335 3183 sive
3353 3135 3406 3182 et
3428 3117 3691 3180 vicariorum.

2197 3214 2655 3281 eentenariorum,
2693 3215 2779 3270 vel
2818 3217 3118 3273 missorum
3147 3233 3249 3288 per
3290 3216 3549 3289 imperium
3575 3228 3600 3268 a
3620 3209 3693 3264 Deo

2197 3305 2354 3360 nobis
2400 3306 2653 3362 collatum
2690 3306 3140 3376 discurrentium,
3185 3310 3313 3381 quia
3341 3309 3418 3365 vir
3447 3299 3694 3363 venerabilis

2197 3395 2547 3452 Hildebaldus
2571 3396 2987 3454 Matisconensis
3008 3400 3261 3456 ecclesiae
3279 3399 3537 3470 episcopus
3559 3392 3692 3460 depre-

2198 3494 2355 3557 catus
2390 3495 2475 3542 est
2507 3487 2879 3545 celsitudinem
2905 3489 3168 3546 culminis
3209 3490 3400 3554 nostri,
3430 3497 3482 3542 ut
3504 3481 3691 3541 ecclesia.

2197 3576 2309 3641 cui,
2333 3575 2444 3632 Deo
2467 3586 2705 3644 auctore,
2735 3578 3022 3648 episcopus
3045 3589 3267 3650 praeest,
3283 3594 3399 3650 qua:
3423 3585 3497 3632 est
3519 3578 3691 3630 mastru-

2198 3674 2285 3722 cta
2312 3667 2367 3721 in
2403 3668 2607 3722 honore
2637 3670 2813 3723 sancti
2849 3667 3127 3726 Vincentii
3166 3670 3436 3742 martyris,
3468 3679 3617 3723 omnes
3635 3659 3693 3728 ιιυί

2198 3756 2463 3813 beneﬁcia
2490 3772 2558 3813 es
2589 3758 2776 3813 eadem
2811 3759 3053 3816 ecclesia
3075 3763 3369 3826 habebant,
3401 3772 3547 3815 nouas
3572 3760 3612 3808 et
3634 3750 3691 3803 de-

2199 3847 2371 3903 cimas
2393 3848 2549 3903 annis
2575 3848 2803 3918 singulis
2836 3849 2904 3904 de
2942 3850 3155 3906 eisdem
3186 3850 3457 3906 beneﬁciis
3480 3844 3694 3902 dareml

2199 3941 2267 3996 ad
2288 3942 2515 3997 tediﬁcia
2553 3942 2723 4012 ipsius
2767 3943 3010 3999 ecclesiae
3048 3946 3409 4001 restauranda
3433 3945 3566 4015 juxta
3599 3935 3717 4011 vim.

2198 4046 2356 4102 opem
2411 4031 2636 4089 terrent.
2692 4032 2846 4101 Quod
2895 4052 2996 4091 nos
3055 4038 3359 4093 secundum
3400 4035 3643 4105 iussion:m
3674 4014 3715 4075 δ’

2199 4120 2397 4175 domno
2419 4121 2744 4192 imperatore
2762 4124 2878 4195 iam
2901 4125 3109 4181 dudum
3138 4125 3343 4182 factam
3371 4124 3585 4180 omnibus
3605 4127 3695 4187 ἱππ·

2199 4212 2448 4281 cipimus,
2487 4220 2652 4284 atque
2692 4216 2853 4271 modo
2897 4231 2996 4286 per
3045 4219 3151 4274 has
3193 4219 3401 4274 litteras
3430 4216 3636 4286 jubcmm
3662 4210 3697 4257 εί

2197 4304 2583 4360 conﬁrmantes
2610 4309 3071 4376 commendamus,
3127 4321 3192 4366 ut
3233 4312 3521 4382 quicunque
3542 4317 3595 4359 ex
3626 4299 3697 4351 lar-

2199 4394 2399 4463 gitione
2426 4403 2612 4451 nostra
2638 4398 2705 4453 de
2734 4399 2896 4453 terris
2943 4399 3192 4468 praefata:
3236 4400 3470 4456 ecclesia:
3507 4386 3698 4450 beneﬁt“ia

2201 4485 2423 4549 habent,
2472 4502 2643 4541 nonas
2673 4496 2730 4543 et
2771 4488 3010 4545 decimas
3052 4493 3219 4547 annis
3264 4490 3477 4562 singulis
3508 4480 3697 4556 prazdit‘w

2201 4577 2455 4645 episcopo
2479 4575 2795 4633 Hildebaldo
2835 4593 2931 4633 seu
2973 4581 3387 4637 successoribus
3423 4578 3523 4635 suis
3556 4572 3697 4636 2W

2200 4669 2307 4722 ulla
2327 4671 2714 4725 contrarietate
2743 4678 2801 4725 et
2836 4671 3166 4742 negligentia
3195 4675 3327 4729 dare
3348 4688 3447 4727 non
3468 4664 3692 4737 negligat“;

2198 4769 2253 4815 et
2289 4761 2357 4815 ad
2385 4762 2575 4817 domos
2597 4762 2767 4831 ipsius
2797 4763 3042 4819 ecclesiae
3069 4764 3457 4820 restaurandas
3480 4750 3696 4822 unusquis'

2196 4867 2300 4921 que
2323 4868 2421 4922 pro
2460 4852 2667 4909 viribus
2694 4854 2808 4909 suis
2837 4852 3178 4923 adiutorium
3216 4856 3360 4910 ferre
3395 4869 3492 4908 nou
3516 4844 3693 4903 diﬂ'eral:

2194 4950 2249 4997 et
2277 4941 2455 4997 nullus
2503 4942 2729 5011 quilibet
2776 4944 2844 5000 de
2890 4945 3065 5011 vobis,
3114 4946 3213 5015 qui
3254 4942 3482 5016 praefata
3521 4927 3699 4993 ecclesil

2192 5030 2453 5086 beneﬁcia
2477 5032 2690 5087 habetis
2723 5045 2913 5090 contra
2960 5035 3064 5091 bne
3105 5036 3376 5105 iussionis
3413 5039 3586 5088 nostra:
3607 5034 3700 5092 Ρη*-

2193 5128 2408 5190 ceptum
2435 5120 2615 5178 facere
2654 5133 2983 5194 prtesumat:
3019 5125 3113 5181 sed
3145 5127 3201 5181 in
3255 5125 3496 5181 omnibus
3529 5119 3593 5174 ita
3613 5106 3701 5168 inid

2192 5213 2465 5279 observet,
2496 5213 2635 5269 sicut
2675 5230 2706 5268 a
2732 5214 2888 5271 nobis
2910 5213 3123 5284 iussum
3153 5225 3264 5281 est,
3315 5224 3371 5271 et
3397 5215 3524 5268 sicut
3560 5204 3636 5261 Dei
3666 5208 3703 5250 εί

2196 5311 2436 5358 nostram
2465 5304 2694 5375 gratiam
2723 5304 2808 5360 vel
2842 5305 3017 5376 ipsum
3052 5306 3384 5362 beneﬁcium
3417 5301 3591 5358 habere
3605 5285 3701 5345 ῖιιιι·

2195 5394 2267 5448 Et
2308 5404 2369 5449 ut
2415 5395 2616 5450 certius
2649 5396 2885 5452 credatis
2921 5397 3061 5453 hanc
3109 5406 3361 5453 nostram
3403 5407 3515 5448 esse
3549 5380 3704 5453 Ῑιιδείο·

2194 5503 2339 5555 nem,
2371 5495 2425 5544 et
2457 5504 2488 5541 a
2525 5488 2678 5543 vobis
2720 5489 2910 5545 melius
2938 5498 3319 5555 conservetur,
3363 5487 3428 5543 de
3448 5476 3619 5539 annulo
3639 5481 3705 5526 ιιο·

2194 5589 2308 5636 stro
2331 5579 2591 5652 iussimus
2627 5578 2871 5648 sigillari.

2264 5645 2396 5726 Data
2432 5685 2484 5725 Iv
2508 5668 2631 5725 ldus
2669 5645 2972 5739 Februarii,
3009 5683 3175 5737 anno,
3204 5668 3423 5727 Christo
3443 5645 3706 5738 υτορίῑὶῦνδ

2121 4448 2187 4506 D.
