3940 6180
336 300 470 358 ιοῖῚ

1474 296 1861 352 DiPLOllHTA
1901 297 2452 355 ECCLESIASTlCA.

3452 307 3586 363 1058

331 415 545 486 imperii
563 411 1012 469 domnilsudoviei
1035 409 1262 480 piissimi
1285 408 1842 478 Augusti,indictione
1858 407 1909 461 9.
1943 415 1990 470 Λ
2020 407 2165 470 terit,
2195 415 2363 461 totum
2409 392 2507 463 nos
2534 424 2634 479 pro
2664 417 2862 467 aeterna
2910 411 3343 469 remuneratione
3367 414 3593 484 prgefato

329 507 524 562 Actum
556 502 877 573 Aquisgrani
905 501 1106 571 palatio
1133 501 1282 571 regio
1309 500 1364 553 in
1397 498 1489 552 Dei
1525 497 1761 552 nomine.

331 707 433 747 PRO
472 705 806 746 llONASTEle)
846 702 1035 745 SANCTI
1075 706 1280 744 lllLARlI
1318 705 1369 743 LV
1420 703 1647 743 DllKZCESl
1688 702 1912 743 CARCAS-

1004 775 1240 813 SONENSI.

951 850 1124 921 (Auno
1160 848 1309 921 816.)

329 940 566 1014 [Baluz.,
597 939 853 1012 Capitul.,
885 938 1260 1079 ιοιηῂξῖἇῒιῖῗῗ.
1294 936 1451 1002 1409,
1488 951 1553 991 ex
1584 937 1807 993 archivo
1849 936 1907 992 S.

1046 1024 1207 1061 nam.

396 1100 457 1154 ln
490 1096 710 1152 nomine
750 1095 964 1149 Domini
1007 1094 1102 1149 Dei
1148 1103 1204 1148 et
1247 1092 1548 1147 Salvatoris
1576 1092 1747 1147 nostri
1782 1091 1911 1148 Jesu

327 1192 557 1255 Christi,
609 1187 932 1251 Ludovicus,
988 1186 1170 1240 divina
1221 1185 1506 1240 ordinante
1552 1184 1909 1254 providentia,

329 1285 623 1352 imperator
649 1278 938 1349 Augustus.

400 1371 458 1426 Si
488 1384 619 1440 erga
662 1368 779 1423 loca
820 1366 1021 1421 divinis
1065 1366 1301 1422 cultibus
1337 1366 1643 1434 mancipata
1690 1372 1913 1434 propter

327 1476 568 1518 amorem
597 1459 695 1514 Dei
722 1458 944 1528 ejusque
968 1459 1025 1512 in
1060 1459 1266 1513 eisdem
1294 1457 1428 1513 locis
1451 1458 1554 1512 sibi
1586 1458 1911 1513 famulantes

327 1550 591 1607 beneﬁcia
620 1557 922 1620 opportuna
960 1548 1241 1620 largimur,
1272 1549 1552 1618 praemium
1587 1549 1743 1604 nobis
1770 1550 1910 1619 apud

327 1643 616 1697 Dominum
646 1647 863 1694 aeterna:
897 1639 1350 1694 remunerationis
1377 1639 1601 1709 rependi
1630 1653 1736 1695 non
1767 1639 1907 1693 difﬁ-

326 1732 526 1787 dimus.
579 1730 785 1785 Idcirco
830 1729 1043 1784 noverit
1085 1729 1356 1799 sagacitas
1393 1744 1491 1785 seu
1544 1729 1750 1784 utilitas
1786 1743 1905 1783 om-
1937 1748 1983 1806 Β

307 1824 480 1881 .nium
512 1820 747 1876 ﬁdelium
777 1829 1107 1885 nostrorum,
1143 1828 1252 1874 tam
1292 1820 1640 1889 praesentium
1668 1834 1829 1890 quam
1856 1828 1914 1875 et

327 1909 652 1972 futurorum,
682 1908 939 1977 quoniam
964 1907 1051 1961 vir
1073 1906 1403 1961 Venerabilis
1443 1905 1745 1960 Monachus
1776 1904 1910 1960 abba

326 2018 398 2057 ex
458 2000 787 2055 monasterio
833 1997 1007 2054 sancti
1063 1997 1279 2063 Hilarii,
1317 1998 1463 2068 quod
1508 2004 1594 2052 est
1643 1997 1807 2051 situm
1853 1994 1909 2049 in

326 2110 471 2164 pago
493 2090 928 2147 Carcassonense
966 2104 1129 2159 super
1175 2088 1350 2143 rivum
1399 2087 1491 2157 qui
1542 2087 1742 2142 dicitur
1771 2086 1910 2141 Leu-

327 2184 485 2246 chus,
515 2189 883 2236 constructum
912 2179 1196 2237 inhonora
1237 2178 1411 2233 sancti
1457 2176 1737 2232 Saturnini
1762 2191 1910 2231 mar-

328 2276 487 2346 tyris,
516 2274 608 2329 ubi
634 2274 798 2329 etiam
839 2271 1131 2342 praedictus
1168 2280 1388 2326 sanctus
1423 2269 1661 2326 Hilarius
1691 2267 1907 2323 confes-

326 2383 424 2423 sor
456 2381 681 2436 corpore
726 2363 1041 2434 requiescit,
1075 2364 1145 2417 ad
1174 2372 1438 2418 .nostram
1492 2362 1756 2417 accedens
1800 2359 1908 2415 cle-

327 2458 609 2521 mentiam,
641 2456 831 2511 detulit
859 2454 1137 2510 obtutibus
1167 2455 1367 2509 nostris
1406 2452 1695 2522 quamdam
1725 2459 1907 2506 aucto-

327 2548 547 2601 ritatem
572 2544 774 2600 domini
805 2551 862 2599 et
898 2543 1161 2614 genitoris
1184 2542 1357 2598 nostri
1398 2540 1577 2597 Caroli
1618 2541 1773 2595 bona:
1799 2553 1909 2593 me-

326 2636 514 2690 morias
540 2634 767 2705 piissimi
803 2633 1050 2706 Augusti,
1087 2634 1141 2688 in
1169 2647 1274 2703 qua
1304 2632 1686 2688 continebatur
1719 2631 1899 2685 inser-

326 2735 441 2798 tum
461 2726 694 2797 qualiter
715 2726 857 2782 idem
878 2727 1090 2796 genitor
1109 2733 1294 2781 noster
1318 2724 1494 2795 ipsum
1516 2723 1905 2778 monasterium

325 2817 396 2870 ad
424 2816 856 2886 deprecationem
894 2816 1310 2886 praedecessoris
1336 2815 1420 2871 sui
1464 2813 1780 2884 Nampionis
1810 2813 1906 2868 ab-

326 2906 470 2961 batis
504 2908 604 2962 sub
656 2922 755 2963 suo
795 2906 1537 2977 suscepisset-mundeburdo
1582 2905 1668 2961 vel
1714 2905 1900 2960 defen-

326 2999 505 3063 sione,
538 2996 783 3053 videlicet
824 3006 886 3052 ut
936 2998 1190 3053 monachi
1230 2999 1288 3052 in
1336 2997 1523 3053 eodem
1575 2999 1904 3053 monasterio

2010 500 2339 557 monasterio
2362 505 2726 568 concedimus,
2758 514 2819 559 ut
2848 502 2902 559 in
2931 505 3185 560 alimonia
3214 522 3510 579 pauperum
3536 520 3598 568 et

2010 590 2274 660 stipendia
2298 595 2687 648 monachorum
2711 594 2908 651 ibidem
2937 594 3047 649 Deo
3077 591 3451 652 famulantium
3470 613 3599 670 pcr-

2011 694 2172 753 pctuo
2197 686 2446 756 proﬁciat
2471 685 2523 742 in
2555 699 2921 759 augmentum.
2950 690 3016 744 Et
3059 692 3490 763 quandoquidem
3517 696 3601 751 di-
3654 744 3659 749 .

2014 776 2137 828 vina
2192 778 2477 832 vocatione
2542 778 2886 848 supradictus
2937 778 3076 836 abba
3125 779 3210 836 vel
3260 799 3598 842 successores

2011 866 2127 936 ejus
2152 866 2217 921 de
2244 868 2345 922 hac
2384 869 2503 924 luce
2530 871 2907 941 migraverint,
2936 871 3169 941 quandiu
3213 875 3313 944 ipsi
3341 880 3595 933 monachi

2012 958 2155 1012 inter
2182 974 2241 1013 se
2269 958 2405 1014 tales
2449 961 2693 1016 invenire
2736 963 3011 1033 potuerint
3041 963 3133 1033 qui
3179 965 3349 1034 ipsam
3379 982 3602 1038 congre-

2011 1047 2283 1116 gationem
2310 1050 2602 1104 secundum
2633 1051 2872 1121 regulam
2900 1052 3074 1107 sancti
3099 1052 3373 1109 Benedicti
3411 1071 3600 1127 regere

2012 1137 2253 1202 valeant,
2277 1153 2377 1207 per
2415 1141 2555 1194 hanc
2602 1150 2842 1195 nostram
2886 1143 3264 1198 auctoritatem
3291 1154 3345 1200 et
3374 1162 3600 1203 consen-

2012 1240 2128 1281 sum
2165 1227 2438 1285 licentiam
2479 1230 2716 1284 habeant
2763 1231 2992 1301 eligendi
3032 1232 3284 1299 abbates;
3332 1245 3599 1303 quatenus

2011 1319 2158 1388 ipsos
2192 1322 2509 1387 monachos,
2559 1322 2651 1390 qui
2697 1321 2895 1376 ibidem
2944 1322 3056 1377 Deo
3100 1321 3453 1387 famulantur,
3496 1342 3598 1395 pro

2011 1410 2168 1465 nobis
2206 1418 2260 1464 et
2290 1410 2517 1483 conjuge
2559 1411 2822 1482 proleque
2864 1421 3047 1467 nostra
3099 1423 3262 1484 atque
3306 1414 3599 1471 stabilitate

2013 1502 2177 1557 totius
2209 1503 2420 1572 imperii
2451 1506 2621 1559 nostri
2653 1522 2684 1560 a
2730 1506 2842 1562 Deo
2886 1510 3043 1564 nobis
3078 1512 3344 1577 concessi,
3373 1512 3597 1584 ejusque

2011 1597 2427 1651 clementissima
2460 1594 2808 1654 miseratione
2858 1615 2958 1668 per
2999 1600 3321 1657 immensum
3373 1619 3595 1659 conscr-

2010 1690 2192 1755 vandi,
2223 1687 2434 1743 Domini
2475 1688 2795 1745 immensam
2845 1689 3187 1747 clementiam
3216 1688 3423 1763 jugiter
3462 1712 3596 1750 exo-

2013 1795 2133 1836 rare
2167 1782 2414 1837 delectet.
2447 1780 2600 1837 Ilanc
2638 1776 2819 1852 itaque
2859 1785 3260 1850 auctoritatem,
3292 1797 3351 1839 ut
3394 1786 3596 1854 plenio-

2010 1888 2123 1927 rem
2155 1872 2208 1926 in
2258 1872 2356 1928 Dei
2394 1875 2612 1928 nomine
2652 1875 2893 1931 obtineat
2918 1878 3159 1949 vigorem
3193 1886 3245 1933 et
3286 1894 3317 1933 a
3351 1878 3596 1935 ﬁdelibus

2008 1970 2210 2017 sancta:
2238 1963 2334 2017 Dei
2379 1963 2636 2019 Ecclesiae
2672 1973 2728 2019 et
2769 1966 2970 2021 nostris
3011 1966 3196 2022 verius
3246 1969 3502 2023 credatur
3540 1978 3597 2023 et

2008 2051 2320 2118 diligentius
2370 2054 2711 2121 observetur,
2771 2070 2934 2110 manu
2987 2057 3205 2128 propria
3269 2057 3456 2113 subter
3502 2060 3595 2114 ﬁr-

2008 2143 2277 2199 mavimus
2317 2151 2372 2198 et
2417 2143 2603 2200 annuli
2652 2147 2825 2202 nostri
2861 2146 3220 2218 impressione
3251 2150 3453 2221 signari
3478 2151 3594 2223 jus-

2006 2232 2192 2289 simus.

2715 2303 2899 2364 XLVI.

2390 2398 2490 2441 Ριιο
2527 2401 2776 2442 εςοιεειλ
2815 2397 3217 2442 AURELIANENS'.

2615 2480 2787 2552 (Anno
2819 2479 2970 2551 816.)

2076 2564 2310 2638 [Baluz.,
2338 2568 2491 2635 ibid.,
2520 2583 2586 2629 ex
2615 2569 2947 2651 chartulario
2985 2570 3229 2626 ecclesia:
3268 2571 3516 2628 Aurelia-

2682 2651 2910 2694 nensrstt

2682 2651 2883 2694 nensrs;
2893 2658 2910 2711 J

2074 2728 2133 2784 In
2159 2731 2377 2786 nomine
2412 2731 2626 2787 Domini
2653 2741 2706 2788 et
2743 2732 3044 2790 Salvatoris
3064 2737 3238 2791 nostri
3265 2735 3395 2793 Iesu
3422 2737 3584 2794 Chri-

2005 2819 2093 2883 sti,
2126 2819 2452 2886 Ludovicus,
2495 2821 2676 2877 divina
2705 2822 2992 2879 ordinante
3026 2826 3380 2895 providentia,
3424 2828 3588 2898 impe-

2005 2916 2155 2966 rator
2192 2908 2482 2981 Augustus.

2081 2997 2143 3053 Si
2186 2998 2532 3056 liberalitatis
2564 3008 2767 3057 nostra:
2807 3018 3034 3060 munere
3062 3004 3196 3061 locis
3234 3006 3345 3063 Deo
3390 3008 3587 3065 dicatis

324 3095 725 3145 commorantes
750 3102 873 3143 cum
900 3088 1151 3142 omnibus
1188 3088 1348 3142 rebus
1388 3101 1577 3141 eorum
1615 3087 1796 3156 quiete
1824 3088 1903 3141 vi-
1930 3078 1973 3140 C
2005 3087 2264 3156 quiddam
2286 3086 2614 3145 conferimus
2634 3091 2904 3158 beneﬁcii,
2933 3100 2992 3148 et
3029 3095 3383 3153 necessitates
3413 3098 3587 3153 eccle-

327 3192 455 3232 vere
478 3176 680 3246 absque
712 3175 940 3245 alicujus
960 3174 1304 3250 infestatione
1324 3175 1585 3231 licuisset.
1616 3174 1725 3230 Pro
1745 3175 1910 3231 firmi-

328 3268 453 3322 tatis
486 3282 717 3338 namque
747 3267 927 3327 studio
965 3265 1258 3336 postulavit
1285 3266 1441 3321 nobis
1471 3267 1760 3337 praedictus
1798 3266 1907 3323 Mo-

326 3353 499 3411 nellus
527 3357 663 3411 abba
695 3363 755 3410 ut
803 3354 1051 3410 eumdem
1094 3355 1483 3411 monasterium
1528 3371 1649 3411 eum
1697 3356 1908 3413 cellulis

323 3447 427 3501 sibi
460 3446 735 3515 subjectis,
779 3461 900 3517 quas
942 3456 1281 3517 nuncupatur
1316 3446 1661 3514 Garelianus,
1705 3455 1761 3503 et
1796 3448 1904 3504 alia

322 3553 445 3607 qum
473 3547 815 3609 nuncupatur
851 3539 1023 3594 sancti
1063 3539 1304 3605 Martini,
1332 3548 1390 3595 et
1418 3540 1600 3595 villam
1623 3540 1780 3609 juxta
1825 3542 1908 3612 ip-

322 3644 443 3684 sum
468 3630 857 3685 monasterium
898 3644 1018 3698 quae
1036 3640 1263 3685 vocatur
1294 3630 1474 3695 Salas,
1499 3633 1591 3686 ubi
1618 3640 1706 3687 est
1734 3633 1907 3687 eccle-

319 3719 403 3773 sia
428 3726 739 3775 constructa
768 3718 823 3772 in
851 3718 1055 3771 honore
1083 3725 1284 3773 sancte
1326 3719 1509 3772 Mariae
1547 3733 1763 3788 semper
1790 3720 1901 3775 vir-

317 3809 487 3878 ginis,
528 3823 690 3876 quam
713 3815 769 3861 et
810 3821 911 3860 nos
933 3799 1107 3861 eidem
1147 3808 1480 3862 monasterio
1512 3809 1901 3875 concessimus,

317 3912 448 3952 cum
472 3894 786 3963 adjacentiis
807 3895 890 3949 vel
921 3895 1186 3950 terminiis
1212 3896 1595 3965 przedictorum
1637 3896 1901 3963 locorum,

315 3988 425 4044 sub
446 3994 632 4041 nostra
652 3984 1103 4040 constitueremus
1133 3984 1445 4040 defensione
1471 3992 1527 4039 et
1549 3985 1905 4043 immunitatis

319 4076 571 4130 tuitione.
601 4075 765 4146 Cujus
788 4074 1037 4145 precibus
1069 4076 1137 4129 ob
1167 4089 1410 4130 amorem
1447 4074 1544 4129 Dei
1569 4084 1625 4130 et
1654 4090 1905 4132 reveren-

321 4168 458 4221 tiam
482 4165 646 4221 divini
674 4165 850 4221 cultus
892 4165 1123 4221 libenter
1143 4180 1329 4220 aurem
1355 4167 1765 4222 accommodare
1790 4167 1904 4237 pla-

319 4257 459 4320 cuit,
499 4263 553 4310 et
592 4256 695 4311 hoc
722 4265 925 4310 nostra:
965 4255 1303 4310 auctoritatis
1330 4265 1658 4328 praeceptum
1705 4257 1902 4313 immu-

320 4346 510 4400 nitatis
538 4354 695 4414 atque
742 4345 983 4400 tuitionis
1012 4345 1241 4415 gratiam
1269 4344 1386 4400 ﬁeri
1409 4346 1774 4412 decernimus,
1803 4362 1902 4417 per

320 4451 484 4505 quam
525 4435 862 4505 praecipimus
914 4444 1076 4504 atque
1100 4435 1354 4504 jubemus
1395 4445 1457 4491 ut
1499 4437 1676 4493 nullus
1727 4436 1895 4506 judex

318 4523 567 4596 publicus
594 4522 677 4579 vel
706 4525 928 4595 quilibet
949 4540 1013 4579 ex
1035 4523 1324 4593 judiciaria
1350 4533 1618 4597 potestate
1641 4528 1698 4582 in
1724 4528 1898 4583 eccle-

321 4611 436 4666 sias
487 4621 580 4665 aut
618 4610 731 4687 loca
779 4612 863 4668 vel
904 4629 1063 4684 agros
1104 4631 1197 4670 seu
1243 4615 1480 4685 reliquas
1529 4617 1895 4686 possessiones

321 4698 564 4768 praedicti
600 4702 929 4765 monasterii,
982 4718 1117 4772 quas
1157 4705 1705 4776 modernottempore
1750 4706 1897 4776 juste

319 4799 378 4845 et
400 4791 790 4846 rationabiliter
825 4792 1084 4862 possidet,
1128 4792 1212 4846 vel
1258 4810 1379 4862 quae
1426 4795 1589 4850 etiam
1641 4795 1895 4865 deinceps

321 4882 518 4952 injure
548 4883 715 4953 ipsius
749 4884 921 4939 sancti
966 4883 1071 4939 loci
1099 4884 1328 4940 voluerit
1369 4885 1549 4940 divina
1596 4886 1770 4954 pietas
1805 4902 1898 4939 au-

320 4971 462 5045 geri,
485 4974 553 5028 ad
594 4989 786 5031 causas
815 4974 1131 5040 audiendas,
1170 4975 1255 5031 vel
1289 4975 1439 5032 freda
1480 4977 1764 5047 exigenda,
1802 4988 1897 5033 aut

319 5063 632 5118 mansiones
685 5062 762 5120 vel
811 5073 1026 5134 paratas
1073 5065 1366 5132 faciendas,
1411 5076 1503 5122 aut
1557 5065 1897 5135 ﬁdejussores

320 5155 607 5222 tollendos,
634 5165 727 5211 aut
753 5158 998 5213 homines
1035 5156 1204 5228 ipsius
1244 5160 1557 5215 monasterii
1590 5169 1702 5215 tam
1743 5161 1895 5233 inge-

320 5262 460 5303 nuos
486 5263 649 5317 quam
689 5257 743 5303 et
790 5264 975 5305 servos
1004 5266 1167 5321 super
1198 5252 1364 5321 ipsius
1418 5259 1617 5307 terram
1659 5268 1896 5309 comma-

321 5344 512 5392 nentes
534 5337 729 5408 injuste
757 5336 1176 5409 distringendos,
1203 5356 1304 5397 nec
1347 5336 1484 5396 ullas
1506 5342 1895 5398 redhibitiones

320 5433 417 5480 aut
442 5426 653 5483 illicitas
694 5428 1008 5485 occasiones
1043 5428 1417 5501 requirendas,
1446 5434 1650 5489 nostris
1671 5440 1727 5488 et
1753 5431 1897 5489 futu-

321 5514 400 5569 ris
448 5518 781 5587 temporibus
824 5514 1030 5589 ingredi
1085 5520 1300 5586 audeat,
1335 5516 1419 5577 vel
1468 5537 1532 5577 ea
1578 5538 1697 5591 quae
1731 5538 1894 5593 supra

323 5616 620 5661 memorata
661 5618 786 5663 sunt
814 5622 1026 5678 penitus
1068 5610 1285 5681 exigere
1312 5620 1625 5683 praesumat,
1660 5621 1714 5668 et
1742 5614 1897 5684 quid-

325 5692 451 5761 quid
489 5694 555 5750 de
581 5697 742 5751 rebus
768 5695 975 5766 praefati
1016 5701 1327 5755 monasterii
1370 5701 1531 5759 fiscus
1558 5718 1773 5773 sperare
1800 5720 1896 5774 po-

1924 4415 1976 4475 D

2008 3177 2258 3233 siasticas
2280 3176 2347 3232 ad
2374 3179 2662 3247 petitiones
2688 3180 3028 3236 sacerdotum
3070 3191 3259 3238 nostro
3287 3184 3587 3242 relevemus

2001 3267 2296 3337 juvamine,
2351 3275 2514 3338 atque
2555 3268 2822 3340 imperiali
2886 3278 3100 3329 tuemur
3149 3275 3468 3340 munimine,
3526 3277 3585 3332 id

2007 3359 2164 3414 nobis
2188 3367 2244 3414 et
2268 3360 2337 3415 ad
2369 3360 2656 3416 mortalem
2687 3362 2855 3417 vitam
2881 3365 3250 3434 temporaliter
3272 3370 3583 3441 transigen-

2005 3447 2130 3503 dam
2164 3456 2219 3504 et
2240 3450 2309 3505 ad
2335 3458 2595 3506 :eternam
2621 3449 2853 3507 feliciter
2872 3454 3217 3512 obtinendam
3241 3459 3583 3529 profuturum

2006 3534 2209 3609 liquido
2239 3542 2529 3598 credimus.
2560 3541 2783 3599 Noverit
2810 3545 3014 3601 interea
3039 3552 3307 3619 sagacitas
3343 3570 3439 3608 seu
3472 3557 3584 3612 uti-

2004 3628 2130 3684 litas
2153 3632 2392 3685 omnium
2437 3632 2675 3688 ﬁdelium
2704 3642 2907 3690 sancta:
2936 3636 3034 3689 Dei
3072 3637 3330 3695 Ecclesia:
3364 3654 3581 3700 nostro-

2005 3735 2235 3789 rumque
2268 3729 2379 3774 tam
2408 3725 2757 3792 praesentium
2787 3740 2951 3794 quam
2997 3734 3054 3780 et
3105 3726 3432 3794 futurorum,
3455 3735 3582 3803 quia

2003 3810 2091 3863 vir
2126 3809 2454 3865 venerabilis
2494 3810 2848 3878 Theodulfus,
2876 3814 3286 3873 Aurelianensis
3327 3818 3582 3879 Ecclesiae

2005 3898 2464 3970 archiepiscopus,
2492 3900 2689 3956 obtulit
2720 3901 2997 3960 obtutibus
3040 3906 3243 3962 nostris
3283 3912 3575 3968 auctorita.
3630 3914 3637 3925 ‘

2005 3993 2113 4044 tem
2141 3990 2344 4046 domini
2383 4000 2440 4047 et
2480 3993 2742 4064 genitoris
2776 3996 2949 4052 nostri
2993 3997 3147 4054 bona:
3174 4004 3449 4060 memorias
3479 4006 3579 4061 (Ia-

2004 4078 2102 4132 roli
2151 4080 2382 4149 piissimi
2437 4080 2692 4153 Augusti,
2723 4084 2777 4140 in
2821 4102 2929 4157 qua
2970 4096 3091 4143 erat
3132 4089 3398 4149 insertum
3435 4098 3577 4165 quod

2004 4165 2145 4221 idem
2190 4168 2404 4238 genitor
2445 4177 2632 4226 noster
2675 4180 2732 4227 et
2772 4175 3199 4244 prmdecessores
3243 4181 3379 4252 ejus,
3422 4200 3579 4256 reges

2002 4255 2254 4313 videlicet
2281 4258 2637 4328 Francorum,
2682 4265 2967 4323 ecclesiam
2993 4278 3199 4327 sancta;
3221 4271 3431 4341 Crucis,
3465 4255 3575 4342 cui,

2004 4356 2225 4403 auctore
2261 4350 2393 4418 Deo,
2435 4353 2550 4424 ipse
2580 4354 2908 4415 Theodulfus
2933 4360 3192 4430 praelatus
3215 4375 3321 4432 est,
3350 4367 3452 4423 sul)
3473 4384 3572 4425 suo

2001 4442 2298 4498 munimine
2322 4452 2377 4500 et
2404 4445 2716 4503 defensione
2743 4450 3044 4509 consistere
3089 4453 3365 4525 fecissent,
3401 4469 3456 4513 et
3481 4477 3575 4517 eo~

2000 4549 2121 4587 rum
2168 4535 2569 4593 immunitatum
2617 4542 3033 4598 auctoritatibus
3076 4546 3340 4603 hactenus
3383 4550 3454 4604 ab
3493 4552 3577 4607 in-

1997 4624 2626 4695 quietudinejudiciaria:
2652 4632 2937 4699 potestatis
2964 4635 3151 4691 eadem
3179 4641 3386 4695 munita
3408 4651 3573 4713 atque

1998 4713 2218 4771 defensa
2268 4715 2461 4773 fuisset
2508 4719 2754 4776 ecclesia.
2796 4720 2877 4778 οι)
2907 4725 2986 4780 rei
3033 4733 3213 4782 tamen
3255 4728 3570 4788 firmitatem

1996 4806 2290 4875 postulavit
2324 4808 2480 4864 nobis
2514 4809 2656 4865 idem
2690 4810 3021 4870 Theodulfus
3047 4818 3333 4888 episcopus
3378 4831 3437 4876 ut
3478 4835 3573 4891 pa-

1997 4906 2211 4954 ternum
2236 4915 2442 4957 morem
2478 4912 2787 4972 sequentes,
2820 4915 3022 4963 nostra:
3060 4908 3417 4968 immanitatis
3436 4928 3573 4983 pra:-

1997 4996 2213 5058 ceptum
2236 4990 2412 5046 eidem
2437 4992 2555 5048 fieri
2584 5008 2929 5052 censeremus
2947 4997 3209 5055 ecclesias.
3236 5000 3402 5069 Cujus
3433 5003 3573 5072 peti-

1997 5079 2128 5134 tioni
2164 5080 2394 5138 libenter
2435 5085 2747 5153 annuimus,
2776 5095 2831 5142 et
2855 5088 2961 5145 hoc
2979 5099 3179 5146 nostra:
3210 5092 3571 5149 immunitatis
3630 5157 3639 5167 _

1995 5180 2322 5240 praeceptum
2351 5188 2450 5242 pro
2471 5173 2640 5229 divini
2672 5175 2850 5230 cultus
2870 5192 3056 5237 amore
3075 5186 3131 5233 et
3152 5180 3347 5234 animae
3370 5189 3570 5238 nostrae

1997 5260 2236 5316 remedio
2263 5276 2390 5332 erga
2406 5262 2575 5332 ipsam
2592 5271 2836 5320 sanctam
2856 5266 3037 5321 sedem
3059 5266 3178 5322 ﬁeri
3198 5268 3565 5339 decrevimus;

1995 5364 2092 5418 per
2126 5352 2268 5420 quod
2296 5354 2637 5424 principimus
2662 5364 2826 5425 atque
2844 5355 3098 5425 jubemus
3116 5367 3177 5413 ut
3199 5361 3379 5422 nullus
3400 5361 3567 5433 judex

1996 5440 2387 5531 publicusavel
2432 5445 2662 5513 quilibet
2712 5461 2781 5501 ex
2808 5445 3095 5516 judiciaria
3130 5459 3423 5522 potestate,
3474 5466 3568 5512 aut
3629 5524 3635 5531 θ

1995 5528 2137 5583 ullus
2171 5544 2239 5584 ex
2269 5529 2514 5587 fidelibus
2541 5534 2743 5589 nostris
2786 5543 2894 5589 tam
2940 5541 3299 5606 praesentibus
3324 5558 3485 5611 quam
3514 5555 3570 5601 et

1998 5614 2193 5672 futuris
2233 5619 2286 5672 in
2317 5619 2575 5675 ecclesias
2602 5630 2696 5676 aut
2737 5622 2853 5678 loca
2890 5633 2985 5680 aut
3025 5642 3184 5696 agros
3208 5645 3303 5686 seu
3331 5632 3568 5702 reliquas

1995 5707 2366 5775 possessiones
2400 5724 2538 5780 quas
2574 5710 2835 5769 moderno
2882 5722 3121 5787 tempore
3149 5719 3205 5774 in
3238 5720 3567 5790 quibuslibet
