3946 6174
471 334 494 387 ι
505 330 609 388 039

1619 321 1937 379 LUDOVICI
1976 319 1996 374 l
2038 318 2511 378 COCNOMENTO
2553 321 2634 376 PII

3532 296 3660 391 icio

471 449 622 522 pagis
647 446 730 501 vel
759 442 1047 500 territoriis
1082 439 1223 494 infra
1258 437 1518 493 ditionem
1547 436 1759 507 imperii
1786 435 1955 489 nostri
1976 448 2061 501 μι-
2092 436 2135 491 A
2166 433 2506 487 auctoritatis
2538 443 2737 488 nostra:
2778 433 3097 490 beneﬁcium
3125 437 3289 493 eidem
3311 443 3665 500 concederemus

472 550 555 599 ste
576 549 631 597 et
651 537 899 609 legaliter
931 541 1231 590 memorata
1255 542 1402 588 tenet
1425 531 1509 587 vel
1539 532 1780 602 possidet
1811 530 2056 593 ecclesia,

473 647 573 689 nec
600 632 654 686 in
693 645 787 685 eas
820 643 909 682 res
933 641 1054 696 quae
1081 626 1336 698 deinceps
1361 640 1391 679 a
1421 625 1704 681 catholicis
1728 623 1864 680 viris
1885 624 2059 679 eidem

472 720 679 777 collatae
724 716 925 771 fuerint
964 714 1229 781 ecclesiis,
1280 715 1345 769 ad
1381 730 1574 770 causas
1613 713 1931 779 audiendas,
1978 712 2061 767 vel

471 811 621 866 freda
651 816 744 863 aut
772 808 972 863 tributa
1005 806 1289 877 exigenda,
1320 814 1413 861 aut
1446 806 1760 862 mansiones
1783 806 1870 861 vel
1897 820 2060 876 para-

471 910 554 956 tas
578 898 873 962 faciendas,
902 905 995 951 aut
1016 895 1360 965 ﬁdeiussores
1382 896 1666 963 tollendos,
1696 904 1792 951 aut
1812 896 2062 951 homines

470 996 642 1067 ipsius
694 993 939 1050 ecclesiae
978 999 1091 1047 tam
1141 991 1402 1062 ingenuos
1456 1006 1620 1062 quam
1664 1006 1852 1046 servos
1901 1004 2063 1061 super

472 1096 649 1141 terras
677 1084 844 1156 ipsius
885 1092 1292 1138 commanentes
1334 1082 1752 1153 distringendos,
1791 1097 1892 1137 nec
1923 1081 2062 1136 ullas

474 1177 863 1234 redhibitiones
908 1184 1001 1229 aut
1043 1174 1258 1229 illicitas
1312 1176 1629 1230 occasiones
1678 1175 2059 1245 requirendas,

472 1267 674 1325 nostris
698 1273 752 1322 et
787 1264 982 1319 futuris
1012 1265 1345 1334 temporibus
1370 1265 1579 1336 ingredi
1615 1266 1835 1331 audeat,
1864 1282 1965 1321 nec
1997 1282 2062 1321 ea

473 1374 595 1429 qua:
624 1374 787 1429 supra
832 1364 1135 1412 memorata
1166 1366 1291 1411 sunt
1336 1359 1553 1429 exigere
1599 1358 1815 1428 penitus
1861 1373 2065 1427 praesu-

473 1459 607 1506 mat.
641 1449 748 1505 Sed
774 1450 934 1504 liceat
967 1449 1194 1520 priel'ato
1218 1450 1434 1520 praesuli
1474 1451 1694 1520 suisque
1737 1451 2064 1507 successori-

472 1539 575 1595 bus
597 1554 684 1594 res
712 1537 984 1609 priedictie
1027 1538 1294 1605 ecclesiae,
1338 1554 1460 1594 cum
1502 1539 1712 1595 cellulis
1742 1541 1846 1594 sibi
1887 1538 2065 1609 subje-

473 1630 577 1684 ctis
601 1639 655 1684 et
684 1629 845 1684 rebus
871 1629 957 1684 vel
999 1629 1310 1685 hominibus
1341 1632 1407 1685 ad
1447 1646 1505 1686 se
1548 1632 1938 1702 aspicientibus
1978 1633 2064 1688 vel

473 1720 892 1791 pertinentibus,
926 1721 1027 1775 sub
1078 1719 1322 1775 tuitionis
1351 1728 1512 1791 atque
1556 1722 1919 1778 immunitatis
1967 1740 2064 1779 no-

2166 524 2247 578 vel
2279 524 2725 579 conﬁrmareiuus
2748 526 3097 582 monasterio.
3119 528 3276 603 Cujus
3300 532 3526 605 precibus
3546 537 3667 592 nobis

2163 619 2232 671 ob
2284 631 2522 671 amorem
2565 618 2659 672 Dei
2699 627 2755 671 et
2810 621 3210 675 venerationem
3256 625 3414 679 sancti
3459 626 3669 684 Germani

2164 706 2435 776 pontificis
2487 715 2538 762 et
2586 707 2689 762 hoc
2733 717 3063 778 praeceptum
3114 712 3465 770 muniﬁcentia:
3511 726 3670 775 nostra:

2165 796 2441 852 [inuitatis
2470 798 2645 869 gratia
2697 799 2845 854 circa
2888 800 3065 870 ipsum
3110 806 3475 860 monasterium
3503 807 3601 864 ﬁeri
3629 811 3672 865 li-

2163 887 2313 952 buit;
2342 902 2441 957 per
2470 888 2614 958 quod
2633 886 2887 957 julemus
2919 899 3080 960 atque
3119 894 3441 964 praecipimus
3461 907 3513 951 ut
3535 901 3671 957 nullus

2159 976 2324 1047 judex
2351 979 2600 1048 publicus
2638 980 2723 1035 vel
2767 981 2996 1051 quilibet
3038 998 3104 1038 ex
3146 984 3420 1055 iudiciaria
3462 998 3672 1060 potestate

2164 1070 2450 1137 prtedictas
2480 1078 2715 1140 quatuor
2739 1086 2926 1139 naves,
2968 1089 3089 1143 quae
3123 1090 3220 1145 per
3264 1075 3469 1134 ﬂuvium
3513 1081 3673 1150 Ligeris

2165 1158 2249 1212 vel
2282 1173 2381 1228 per
2406 1168 2601 1215 cietera
2627 1158 2850 1215 flumina
2875 1159 3020 1216 infra
3048 1163 3305 1220 ditionem
3332 1166 3525 1236 imperii
3542 1174 3671 1227 nostri

2165 1247 2235 1302 ob
2265 1248 2558 1305 utilitatem
2585 1258 2641 1304 et
2674 1253 3056 1308 necessitatem
3104 1254 3272 1325 ipsius
3292 1261 3568 1314 monasterii
3594 1262 3674 1316 dis-

2167 1348 2415 1405 currunt,
2434 1341 2502 1395 ad
2522 1356 2873 1413 quascunque
2886 1345 3157 1410 civitates,
3171 1347 3406 1414 castella,
3417 1358 3497 1403 aut
3516 1359 3672 1420 portus,

2166 1430 2249 1484 vel
2294 1440 2492 1486 cmtera
2536 1432 2653 1486 loca
2704 1448 2984 1491 accessum
3013 1437 3333 1503 habuerint,
3365 1439 3524 1495 nullus
3545 1456 3598 1495 ex
3619 1444 3674 1497 eis

2166 1530 2262 1574 aut
2287 1521 2597 1579 hominibus
2624 1524 2718 1594 qui
2763 1540 2860 1580 eas
2886 1528 3190 1596 praevident
3234 1528 3426 1584 nullum
3467 1531 3674 1588 teloneum

2167 1618 2261 1665 aut
2293 1610 2585 1682 ripatieum
2612 1630 2678 1668 au
2706 1618 3034 1684 portatieum
3072 1626 3169 1673 aut
3194 1621 3506 1689 pontaticum
3529 1632 3603 1677 aut
3620 1639 3675 1677 sa-

2168 1702 2450 1758 lutaticum
2471 1711 2565 1758 aut
2588 1706 2951 1775 eispitaticum
2977 1717 3073 1764 aut
3096 1712 3413 1786 cmnaticum
3435 1722 3516 1768 aut
3531 1714 3674 1784 pastio-

474 1787 600 1863 strae
625 1806 956 1872 defensione,
997 1816 1205 1863 remota
1233 1810 1396 1865 totius
1427 1787 1736 1882 judiciaria:
1777 1814 2058 1882 potestatis

2166 1806 2289 1847 nem
2306 1800 2403 1847 aut
2430 1792 2760 1851 laudaticum
2788 1806 2885 1852 aut
2908 1806 3064 1853 traria
3073 1801 3239 1855 ticum
3256 1803 3674 1873 autpnlveratienm

473 1899 868 1969 inquietudine,
905 1899 1089 1970 quieto
1134 1915 1198 1955 ac
1241 1900 1414 1956 libero
1451 1902 1641 1958 ordine
1675 1905 1972 1974 possidere,
2005 1913 2061 1960 et

472 2000 660 2048 nostro
684 1991 914 2047 ﬁdeliter
937 2005 1131 2061 parere
1172 1992 1421 2064 imperio,
1447 2003 1611 2064 atque
1650 2011 1750 2065 pro
1780 1996 2062 2051 incolumi-

476 2091 586 2138 tate
624 2090 830 2149 nostra,
860 2083 1104 2154 conjugis
1128 2099 1191 2138 ac
1231 2082 1422 2153 prolis,
1450 2100 1543 2140 seu
1574 2087 1736 2141 etiam
1765 2087 1933 2142 totius
1963 2087 2063 2142 im-

472 2174 610 2246 perii
637 2189 668 2228 a
706 2173 815 2228 Deo
842 2174 1001 2228 nobis
1032 2172 1213 2228 collati
1243 2172 1468 2244 ejusque
1504 2174 1926 2232 clementissima
1957 2176 2062 2231 mi-

472 2266 745 2322 seratione
763 2280 862 2335 per
897 2264 1221 2320 immensum
1250 2266 1603 2320 conservandi
1628 2266 1925 2322 stabilitate
1954 2281 2059 2321 una

474 2371 598 2411 cum
632 2355 778 2411 clero
829 2363 887 2409 et
912 2353 1110 2425 pOpulo
1146 2353 1247 2408 sibi
1290 2351 1533 2422 subjecto
1583 2353 1680 2409 Dei
1730 2354 2058 2411 immensam

472 2447 811 2505 clementiam
832 2444 1037 2517 jugiter
1059 2461 1308 2502 exorare.
1337 2447 1406 2501 Et
1434 2447 1697 2517 quidquid
1724 2448 1791 2503 de
1820 2447 2060 2518 praefata:

471 2540 633 2596 rebus
666 2537 909 2594 ecclesia:
926 2536 1021 2606 jus
1048 2537 1165 2593 ﬁsci
1185 2537 1405 2608 exigere
1437 2545 1674 2608 poterat,
1705 2538 1759 2593 in
1787 2538 2059 2611 integrum

472 2631 648 2686 eidem
699 2628 1071 2685 concessimus
1121 2628 1390 2693 ecclesiae,
1440 2628 1648 2684 scilicet
1690 2636 1751 2683 ut
1800 2637 2060 2699 perpetuo

474 2729 714 2790 tempore
743 2719 799 2774 in
827 2716 1018 2774 eodem
1063 2716 1184 2773 loco
1209 2718 1323 2773 Deo
1364 2716 1755 2773 famulantibus
1801 2718 1869 2772 ad
1896 2731 2056 2788 pera-

469 2812 701 2883 gendum
732 2810 827 2864 Dei
854 2808 1134 2865 servitium
1162 2814 1515 2879 augmentum
1541 2814 1599 2863 et
1624 2807 2059 2878 supplementum

472 2901 562 2957 sit.
596 2900 747 2956 Hanc
786 2915 916 2955 vero
946 2898 1351 2965 auctoritatem,
1403 2906 1467 2954 ut
1513 2898 1813 2969 pleniorem
1862 2899 1918 2954 in
1961 2900 2057 2954 Boi

469 2992 690 3049 nomine
718 2990 965 3047 obtineat
990 2990 1256 3060 vigorem,
1287 2997 1343 3044 et
1369 3005 1401 3044 a
1437 2989 1689 3046 ﬁdelibus
1732 2996 1934 3045 sancta
1962 2990 2057 3046 Dei

471 3083 728 3140 Ecclesia:
756 3090 813 3137 et
847 3081 1051 3137 nostris
1070 3095 1170 3150 per
1199 3080 1451 3135 diuturna
1472 3088 1719 3150 tempora
1744 3079 2059 3152 diligentius

2163 1890 2257 1937 aut
2278 1883 2445 1938 ullum
2468 1900 2758 1942 occursum
2778 1889 2866 1944 vel
2887 1889 3060 1945 ullum
3083 1907 3306 1948 censum
3330 1903 3417 1950 aut
3434 1895 3573 1951 ullam
3591 1896 3675 1951 red-

2163 1971 2481 2028 hibitionem
2522 1976 2773 2046 accipere
2794 1978 2879 2033 vel
2904 1980 3126 2050 exigere
3152 1984 3375 2051 audeat;
3416 1985 3499 2040 sed
3522 1986 3674 2041 licitum

2163 2062 2255 2128 sit,
2286 2063 2488 2134 absque
2516 2065 2745 2135 alicujus
2786 2068 2976 2125 iﬁieita
3008 2073 3397 2130 contrarietate
3430 2075 3505 2131 vel
3538 2075 3674 2133 deten-

2165 2151 2331 2219 tione,
2362 2168 2461 2223 per
2497 2154 2640 2211 hanc
2668 2167 2915 2215 nostram
2937 2163 3321 2220 auctoritatem
3354 2181 3504 2222 naves
3532 2175 3577 2222 et
3603 2167 3673 2221 bo-

2162 2241 2339 2299 mines
2364 2245 2457 2314 qui
2483 2261 2578 2302 eas
2602 2250 2903 2318 praevidere
2942 2252 3171 2321 debent,
3198 2271 3320 2311 cum
3357 2257 3421 2312 iis
3450 2273 3552 2329 quia
3569 2258 3674 2313 dele-

2164 2342 2314 2400 runt,
2357 2335 2529 2393 libere
2553 2349 2715 2409 atque
2744 2356 2940 2399 secure
2961 2343 3043 2398 ire
3068 2354 3126 2399 et
3157 2346 3350 2402 redire.
3376 2348 3437 2402 Et
3455 2348 3496 2403 si
3519 2348 3675 2417 aliquas

2164 2439 2347 2481 moras
2392 2427 2447 2482 in
2485 2430 2728 2498 quolibet
2753 2432 2872 2489 loco
2896 2432 3156 2502 fecerint,
3181 2445 3274 2492 aut
3300 2439 3487 2509 aliquid
3506 2440 3676 2494 mercati

2164 2514 2364 2570 fuerint
2390 2526 2486 2573 aut
2512 2522 2891 2591 vendiderint,
2920 2527 3059 2582 nihil
3088 2530 3161 2586 ab
3190 2530 3272 2586 eis
3302 2546 3536 2601 prorsus,
3557 2539 3606 2585 ut
3624 2530 3677 2585 tli-

2163 2614 2309 2662 ctum
2333 2619 2437 2675 est,
2470 2611 2734 2682 exigatur.
2750 2615 2876 2673 Hinc
2896 2632 3025 2673 vero
3043 2622 3343 2677 auctoritas
3362 2630 3418 2676 ut
3442 2621 3675 2693 pleniorem

2163 2698 2219 2753 in
2243 2699 2339 2755 Dei
2367 2704 2589 2761 nomine
2606 2707 2852 2765 obtineat
2876 2712 3124 2783 vigorem
3147 2726 3204 2773 et
3230 2732 3261 2773 a
3289 2717 3510 2774 ﬁdelibus
3527 2724 3677 2773 sancta

2163 2786 2261 2842 Dei
2286 2788 2546 2848 Ecclesia:
2573 2805 2628 2849 et
2654 2800 2858 2855 nostris
2877 2803 3066 2859 verius
3086 2808 3349 2863 credatur
3366 2818 3416 2864 et
3434 2807 3680 2879 dil'gentius

2162 2890 2533 2948 conservetur,
2568 2900 2733 2942 manu
2756 2893 2977 2962 propria
3003 2896 3205 2953 subter
3237 2898 3537 2955 ﬁrmavimus
3558 2906 3680 2954 etan-

2163 2970 2278 3026 nuli
2306 2975 2479 3029 nostri
2522 2976 2881 3048 impressione
2904 2984 3115 3056 signari
3135 2988 3410 3059 jussimus.

2234 3062 2428 3119 Datum
2454 3081 2505 3121 vr
2528 3067 2654 3125 Idus
2676 3070 2876 3140 Martii,
2890 3090 3057 3143 anno,
3090 3078 3319 3138 Christo
3337 3081 3543 3153 propitio
3562 3079 3678 3135 tertio

470 3183 843 3240 conservetur,
894 3189 1061 3229 manu
1104 3174 1324 3244 propria
1370 3174 1556 3229 subter
1598 3173 1956 3239 ﬁrmavimus,
2006 3182 2058 3230 et

2164 3152 2373 3224 imperti
2400 3157 2600 3214 domini
2628 3161 2887 3221 Ludovici
2914 3168 3156 3238 piissimi
3181 3148 3677 3244 Augusiifindiciioii

469 3266 654 3322 annuli
680 3264 851 3320 nostri
879 3264 1238 3334 impressione
1264 3264 1468 3335 signari
1490 3264 1773 3334 jussimus.

1165 3372 1368 3429 XLVII.

572 3481 677 3522 PRO
716 3478 1053 3521 MONASTERIO
1082 3480 1129 3519 S.
1164 3480 1398 3520 GERMANI
1439 3478 1953 3521 ANTISSIODORENSIS.

1086 3550 1259 3626 (Anno
1305 3550 1429 3607 816.

473 3648 651 3721 [Apud
666 3642 870 3709 Baluz.,
894 3643 1050 3727 ἰρἱάη
1073 3658 1200 3726 pag.
1218 3642 1348 3727 Illi
1363 3684 1377 3709 ,
1398 3645 1824 3727 exchartulario
1841 3645 1898 3702 S.
1923 3645 2055 3703 Ger-

919 3724 924 3729 '
1020 3715 1167 3769 mani
1207 3714 1530 3789 Antissiod.]

540 3814 597 3868 In
624 3811 845 3868 nomine
868 3810 965 3866 Dei
995 3817 1052 3864 et
1097 3808 1398 3865 Salvatoris
1446 3811 1618 3865 nostri
1650 3808 1777 3867 Iesu
1815 3810 2058 3879 Christi,

472 3905 800 3970 Ludovicus,
829 3904 1014 3960 divina
1046 3902 1334 3957 ordinante
1356 3903 1730 3972 providentia,
1766 3903 2061 3974 imperator

470 3997 767 4069 Augustus,
795 3995 1045 4051 omnibus
1083 3993 1353 4063 episcOpis
1377 4033 1392 4058 ,
1427 3995 1715 4050 abbatibus
1740 4036 1754 4061 ,
1786 3994 2013 4051 ducibus
2043 4037 2058 4063 ,

472 4090 781 4155 comitibus,
810 4086 1051 4150 vinariis,
1081 4084 1433 4150 centenariis,
1455 4085 1788 4151 teloneariis,
1813 4088 2062 4142 aetiona-

473 4180 592 4244 riis,
622 4180 705 4234 vel
728 4178 983 4234 omnibus
1010 4174 1398 4245 rempublicam
1427 4176 1931 4233 administrantibus
1962 4195 2059 4235 seu

473 4271 684 4325 caeteris
707 4268 953 4324 ﬁdelibus
978 4277 1181 4322 sanctas
1206 4266 1302 4320 Dei
1347 4266 1602 4323 Ecclesia:
1631 4276 1687 4322 et
1714 4270 1917 4324 nostris
1948 4279 2058 4325 tam

470 4355 830 4426 przesentibus
859 4369 1020 4425 quam
1047 4353 1263 4410 futuris.

545 4445 745 4501 Notum
792 4445 864 4500 sit
893 4445 1019 4516 quia
1053 4445 1380 4501 venerabilis
1416 4446 1724 4517 Alegrerus,
1775 4449 1945 4507 abbas
1988 4466 2055 4507 ex

472 4534 803 4591 monasterio
832 4535 1009 4590 sancti
1039 4534 1296 4590 Germani
1331 4575 1346 4601 ,
1392 4537 1537 4606 quod
1565 4545 1653 4592 est
1678 4549 2053 4596 constructum

470 4627 526 4681 in
553 4626 813 4682 suburbio
850 4623 1340 4689 Autissiodorensis
1376 4627 1645 4693 civitatis,
1672 4628 1760 4683 ubi
1790 4630 1904 4701 ipse
1932 4648 2055 4688 san-

469 4727 591 4774 ctus
625 4732 853 4790 corpore
902 4719 1210 4788 requiescit,
1260 4721 1449 4776 detulit
1487 4723 1647 4778 nobis
1674 4726 2055 4779 auctoritatem

471 4809 557 4864 avi
602 4809 777 4863 nostri
825 4807 1039 4878 Pippini
1086 4810 1234 4880 regis
1275 4818 1329 4864 et
1372 4809 1550 4865 Caroli
1585 4812 1742 4867 bonae
1778 4815 2055 4869 memori-ie

468 4897 732 4969 genitoris
762 4898 1173 4967 nostripiissimi
1200 4898 1428 4971 Augusti
1457 4915 1550 4956 seu
1573 4909 1627 4956 et
1648 4911 2053 4960 antecessorum

470 4996 806 5053 nostrorum,
850 5003 1037 5059 regum
1086 4989 1340 5045 videlicet
1392 4991 1746 5058 Francorum,
1776 4995 1830 5050 in
1860 4996 2055 5065 quibus

395 5144 403 5157 η
471 5080 845 5136 continebatur
879 5080 1115 5150 qualiter
1156 5081 1257 5150 ipsi
1302 5083 1371 5136 ob
1418 5092 1633 5139 aeterme
1687 5086 2054 5143 retributionis

471 5171 706 5225 fructum
745 5170 1142 5226 OOIICBSaISSCIII.
1176 5170 1353 5225 eidem
1396 5174 1725 5228 monasterio
1785 5175 2051 5233 teloneum

470 5262 539 5318 de
559 5272 792 5332 quatuor
816 5262 1045 5317 navibus
1074 5277 1195 5332 qua:
1222 5277 1320 5331 per
1345 5262 1553 5334 Ligeris
1580 5263 1779 5319 ﬁumen
1816 5282 1911 5322 seu
1951 5284 2055 5324 cae-

475 5363 589 5408 tera
614 5353 836 5409 ﬁumina
858 5363 1079 5425 propter
1102 5354 1182 5419 sal
1201 5362 1255 5410 et
1281 5364 1476 5411 caetera
1497 5359 1825 5414 commercia
1848 5360 2055 5416 discur-

469 5443 679 5507 rebant,
708 5447 1065 5516 undecunque
1094 5445 1255 5503 ﬁscus
1283 5448 1551 5505 teloneum
1572 5450 1790 5521 exigere
1814 5461 2047 5521 poterat.

470 5533 579 5587 Pro
605 5533 877 5590 ﬁrmitatis
905 5552 1137 5606 namque
1164 5538 1344 5593 studio
1368 5539 1663 5609 postulavit
1704 5541 1861 5596 nobis
1907 5557 2048 5611 prae-

472 5621 615 5677 fatus
654 5625 943 5693 Alegrerus
974 5627 1138 5682 abbas
1167 5637 1224 5682 ut
1250 5638 1532 5697 paternum
1565 5646 1660 5685 seu
1690 5632 2051 5701 praedecesso-

473 5726 593 5765 rum
624 5723 929 5766 nostrorum
959 5732 1141 5784 regum
1173 5734 1374 5773 morem
1403 5730 1706 5789 sequentes,
1740 5724 2047 5793 hujusmodi

2083 4501 2136 4563 D

2164 3245 2219 3334 ξ).
2250 3246 2448 3303 Actum
2475 3250 2799 3324 Aquiagrani
2836 3258 3040 3327 palatio
3089 3264 3250 3334 regio
3293 3266 3346 3320 in
3392 3263 3476 3319 Dei
3515 3261 3677 3318 nomine

2166 3332 2413 3393 feliciter.
2436 3338 2631 3396 Amen.

2848 3439 3076 3496 XLVIII.

2501 3544 2603 3584 PRO
2631 3545 2974 3592 NONAS‘I'ERIO
3002 3553 3415 3598 οοιιιλιιιςεκει.

2779 3624 2953 3695 (Anno
2977 3628 3133 3702 816.)

2166 3727 2361 3799 [Apud
2421 3732 2629 3803 Baluz.,
2670 3738 2946 3865 ibid.,Tex
3012 3744 3352 3865 cljartulario
3411 3748 3464 3804 S.
3516 3743 3673 3802 Martini

2886 3827 3037 3865 uron.

2234 3889 2293 3944 In
2327 3893 2546 3948 nomine
2589 3894 2799 3953 Domini
2829 3812 3366 3965 gg‘ertHSalratoris
3403 3908 3552 3964 nostri
3584 3904 3674 3959 Iesu

2163 3978 2384 4048 Christi,
2413 3982 2735 4054 Ludovicus,
2770 3990 2951 4046 divina
2991 3995 3287 4053 ordinante
3315 3995 3587 4063 clementia,
3609 3995 3674 4048 im-

2162 4080 2381 4140 perator
2402 4074 2701 4147 Augustus.

2236 4161 2295 4219 Si
2325 4167 2678 4235 petitionibus
2708 4187 2989 4232 servorum
3019 4178 3119 4235 Dei
3166 4197 3266 4251 pro
3292 4182 3585 4254 quibuslibet
3613 4192 3675 4233 ec-

2163 4252 2485 4313 clesiasticis
2513 4263 2929 4322 necessitatibus
2957 4282 3120 4324 aures
3160 4252 3374 4328 nostras
3415 4270 3671 4342 pulsantium

2165 4343 2396 4402 libenter
2421 4351 2708 4408 annuimus
2735 4363 2790 4409 et
2824 4357 2890 4411 ad
2920 4358 3114 4415 divinae
3145 4366 3396 4431 potentize
3419 4365 3467 4417 in
3502 4358 3673 4416 Domino

2164 4435 2360 4493 dicatis
2406 4440 2540 4496 locis
2580 4443 2800 4500 uberius
2843 4446 3216 4509 famulandum
3268 4457 3508 4511 auxilium
3546 4450 3676 4525 porti'

2163 4529 2359 4599 gimus,
2393 4532 2447 4586 id
2472 4534 2839 4606 nobisprocul
2883 4541 3045 4598 dubio
3075 4553 3131 4599 et
3158 4548 3227 4601 ad
3268 4548 3527 4603 mortalem
3549 4546 3671 4598 vitam

2161 4623 2513 4693 temporalem
2534 4626 2901 4687 deducendam
2924 4617 3067 4690 et'ad
3098 4637 3331 4695 futuram
3356 4640 3559 4696 feliciter
3574 4634 3673 4690 oliti-

2162 4714 2392 4770 nendam
2438 4720 2778 4776 commodum
2822 4728 3109 4793 pervenire
3153 4731 3480 4786 conﬁdimus.
3523 4728 3669 4783 Notum

2161 4808 2327 4878 igitur
2352 4825 2472 4867 esse
2500 4814 2743 4871 volumus
2773 4821 2981 4876 cunctis
3014 4821 3266 4880 fidelibus
3289 4825 3494 4889 nostris,
3513 4822 3673 4891 episco-

2162 4900 2245 4969 pis
2272 4901 2542 4970 videlicet,
2571 4905 2877 4974 abbatibus,
2902 4912 3140 4982 virisque
3170 4914 3456 4969 illustribus
3478 4907 3669 4970 ducibus.

2157 4993 2465 5061 comitibus,
2509 4997 2840 5065 domesticis,
2892 5003 3242 5073 graﬁonibns,
3273 5005 3494 5071 vieariis,
3533 5006 3672 5056 center

2156 5086 2345 5153 uariis,
2377 5103 2673 5160 eorumque
2705 5092 3035 5161 junioribus,
3080 5113 3289 5153 necnon
3321 5097 3488 5152 missis
3511 5087 3669 5147 nostris

2155 5193 2253 5248 per
2298 5181 2607 5236 universum
2666 5184 2950 5255 imperium
2988 5198 3235 5243 nostrum
3283 5181 3667 5245 discurrentibus

2157 5283 2251 5324 seu
2277 5271 2441 5325 etiam
2489 5276 2701 5329 cieteris
2745 5275 2988 5333 ﬁdelibus
3038 5289 3237 5335 sancta:
3273 5279 3363 5334 Dei
3394 5273 3607 5332 Ecclesia!
3629 5274 3669 5320 et

2156 5362 2358 5417 nostris
2380 5367 2737 5433 priesentibus
2763 5368 2968 5424 scilicet
2996 5379 3051 5426 et
3093 5369 3301 5437 futuris,
3332 5370 3447 5440 quia
3472 5363 3585 5420 adiit
3604 5371 3669 5414 se-

2156 5453 2439 5509 renitatem
2467 5455 2716 5511 culminis
2739 5460 2910 5514 nostri
2937 5461 3257 5516 venerabilis
3281 5460 3361 5514 vir
3386 5451 3663 5543 Fredegisusj

2154 5544 2322 5597 abbas
2351 5559 2415 5599 ex
2443 5548 2774 5603 monasterio
2802 5551 3092 5619 peculiaris
3113 5550 3318 5622 patroni
3354 5545 3504 5603 nostri
3529 5544 3662 5596 sancti

2155 5631 2393 5700 Martini,
2438 5635 2529 5689 ubi
2570 5637 2810 5706 ejusdem
2844 5641 3239 5711 pmolarissimi
3282 5639 3379 5694 viri
3415 5622 3661 5719 veneram!e

2154 5737 2350 5793 corpus
2374 5726 2684 5796 requiescit,
2732 5728 2911 5787 ferens
2940 5732 3183 5788 manibus
3212 5727 3549 5785 immunitates
3570 5726 3657 5787 prt-
