3940 6180
314 316 443 372 lii-$1

1452 308 1847 367 DIPLOMATA
1883 306 2437 365 ECCLESIASTICA.
2510 370 2521 377 μ

3445 311 3584 368 105?.

309 447 529 489 acorum
556 444 744 501 regum
774 427 1130 494 Francorum,
1177 443 1388 484 necnon
1436 427 1526 483 avi
1551 428 1721 483 nostri
1771 427 1894 498 Pip-
1920 426 2182 497 Aptione
2224 427 2427 485 domini
2471 438 2523 483 et
2571 429 2833 496 genitoris
2878 431 3048 485 nostri
3097 432 3422 499 continetur,
3474 449 3581 491 non

307 523 422 594 pini
451 521 723 594 quondam
752 519 915 592 regis,
950 534 1046 575 seu
1074 519 1240 574 etiam
1262 520 1365 589 piae
1389 519 1780 576 recordationis
1804 521 1897 577 do-

309 613 445 669 mini
483 621 539 669 et
563 611 826 684 genitoris
864 611 1037 668 nostri
1085 609 1262 666 Caroli
1301 612 1635 669 serenissimi
1664 612 1895 682 impera-

308 708 466 774 toris,
494 706 692 776 quibus
741 705 887 760 idem
916 705 1309 761 monasterium
1339 705 1521 774 quiete
1549 705 1603 759 in
1651 704 1747 762 Dei
1781 718 1896 761 ser-

309 798 442 853 vitio
470 797 668 870 degere
696 803 1014 861 sanxerunt,
1042 802 1097 851 et
1112 802 1314 850 'omnes
1344 811 1433 851 res
1458 794 1669 865 praefati
1709 812 1894 852 monao

306 892 461 947 sterii
491 891 546 946 in
574 890 830 945 universo
858 888 1075 945 Christo
1096 888 1357 958 largiente
1386 904 1553 959 regno
1599 898 1808 956 nostro,
1837 890 1894 945 in

307 985 530 1040 Austria
587 984 817 1048 scilicet,
873 981 1150 1045 Niustria,
1199 980 1533 1052 Burgundia,
1583 979 1890 1051 Aquitania,

308 1074 615 1139 I’rovincia,
638 1072 813 1138 Italia,
849 1079 905 1128 et
932 1072 988 1126 in
1014 1071 1227 1127 cazteris
1252 1071 1402 1141 regni
1443 1070 1617 1126 nostri
1647 1070 1893 1140 partibus

306 1164 687 1229 consistentes,
715 1175 836 1232 qua:
862 1175 970 1216 non
992 1160 1162 1216 solum
1188 1160 1257 1215 ab
1282 1159 1602 1216 orthodoxis
1638 1159 1895 1230 principi-

305 1257 435 1323 bus,
456 1268 648 1309 verum
673 1251 836 1308 etiam
863 1266 893 1305 a
914 1250 1127 1305 ueteris
1156 1248 1405 1306 ﬁdelibus
1426 1249 1658 1318 collatae,
1689 1249 1774 1304 vel
1796 1265 1894 1320 per

308 1344 581 1415 quoslibet
602 1350 911 1398 contractus
940 1348 995 1396 et
1015 1340 1313 1396 munimina
1337 1340 1673 1408 chartarum,
1706 1342 1893 1397 usibus

307 1437 550 1508 ejusdem
593 1434 838 1506 legaliter
864 1432 1075 1489 traditae
1118 1441 1246 1490 sunt
1278 1434 1616 1501 monasterii,
1658 1434 1758 1489 sub
1786 1434 1890 1488 im-

307 1526 590 1582 munitatis
620 1539 731 1580 suae
760 1522 1072 1580 defensione
1097 1524 1398 1580 consistere
1436 1532 1493 1580 et
1525 1525 1596 1580 ab
1623 1523 1771 1578 omni
1801 1539 1894 1593 pu-

305 1617 449 1672 blica
474 1614 750 1670 functione
777 1611 1130 1681 etjudiciaria
1151 1613 1436 1670 exactione
1475 1613 1744 1668 immunes
1771 1613 1893 1669 red-

306 1707 591 1764 didissent.
639 1704 793 1773 Quod
839 1721 1037 1761 munus
1083 1706 1260 1790 autem
1294 1707 1645 1771 monasterio,
1683 1720 1892 1761 necnon

1996 516 2171 573 solum
2202 518 2259 573 in
2286 518 2545 574 offensam
2574 528 2817 575 nostram
2854 520 3152 591 lapsurum,
3195 537 3382 581 verum
3413 526 3579 580 etiam

1997 617 2377 665 sexcentorum
2423 609 2721 665 solidorum
2768 612 2885 666 auri
2919 612 2987 668 ad
3031 628 3226 683 purum
3271 618 3482 673 excocti
3522 633 3580 675 se

1996 699 2209 754 noverit
2251 714 2414 770 pmna
2457 700 2828 756 mulctandum
2854 719 2870 769 ;
2900 717 2968 756 ex
2998 718 3104 773 qua
3129 705 3264 761 duas
3297 715 3479 775 partes
3505 723 3584 765 re-

1997 798 2178 846 ctores
2220 791 2503 845 memorati
2532 792 2869 859 monasterii,
2914 795 3128 849 tertiam
3152 795 3243 865 jus
3287 797 3405 854 ﬁsci
3445 801 3582 856 reci—

1992 880 2127 952 piat.
2175 880 2406 952 Dignum
2454 897 2691 951 namque
2731 890 2787 938 et
2826 882 3034 962 justum
3059 894 3143 941 est
3176 895 3234 941 ut
3264 896 3344 943 tot
3363 886 3581 968 piorum

1995 985 2184 1040 regum
2237 970 2583 1027 decessorum
2631 980 2944 1029 nostrorum
2996 976 3276 1046 nostrique
3327 982 3582 1050 praecepti

1994 1062 2226 1118 violator
2252 1064 2626 1135 hujuscemodi
2656 1066 2853 1123 habeat
2888 1080 3128 1138 poenam,
3157 1077 3219 1123 ut
3241 1077 3296 1125 et
3335 1085 3393 1129 se
3420 1078 3583 1129 tanta:

1996 1157 2322 1213 temeritatis
2344 1159 2542 1215 merito
2564 1161 2717 1231 argui
2746 1170 3057 1233 cognoscat,
3087 1171 3144 1218 et
3180 1164 3409 1229 caeteris,
3438 1180 3507 1221 ne
3528 1167 3582 1221 id

1994 1261 2155 1316 agere
2176 1249 2414 1319 quolibet
2442 1265 2576 1307 ausu
2606 1260 2933 1322 pertentent,
2979 1253 3232 1310 timorem
3268 1255 3495 1325 injiciat,
3524 1266 3583 1312 ut

1994 1341 2174 1397 nullus
2202 1342 2412 1398 scilicet
2435 1343 2696 1399 beneﬁcia
2729 1345 2932 1416 regalia
2958 1345 3092 1402 locis
3123 1347 3245 1406 .Deo
3270 1349 3465 1407 dicatis
3494 1367 3584 1408 ve-

1993 1443 2248 1489 neranter
2271 1433 2514 1489 exhibita
2546 1442 2814 1490 temerare
2839 1445 3083 1493 conetur.
3114 1436 3374 1496 Volumus
3396 1441 3582 1512 itaque

1993 1532 2156 1595 atque
2181 1539 2485 1590 censemus,
2518 1533 2726 1581 remota
2768 1528 2933 1584 totius
2954 1527 3255 1597 judiciarim
3297 1533 3583 1601 potestatis

1992 1614 2389 1685 inquietudine,
2413 1616 2600 1687 quieto
2623 1616 2817 1674 ordine
2841 1628 3176 1677 memoratus
3196 1623 3365 1677 abbas
3390 1624 3582 1694 suique

1993 1718 2339 1762 successores
2384 1707 2627 1777 prtedicti
2673 1711 3014 1775 monasterii,
3043 1727 3167 1768 cum
3201 1713 3452 1770 omnibus
3479 1716 3581 1771 sibi

306 1810 363 1857 et
398 1798 793 1857 Cormaricensi
839 1798 1091 1854 coenobio
1135 1798 1203 1853 ab
1246 1798 1410 1853 reb'us
1455 1798 1631 1853 sancti
1677 1796 1890 1852 Martini
1921 1793 1968 1851 B
1995 1795 2256 1867 subjectis
2286 1796 2370 1851 vel
2417 1797 2484 1852 ad
2532 1813 2590 1853 se
2617 1800 3006 1867 aspicientibus
3047 1815 3143 1856 seu
3187 1803 3584 1872 pertinentibus

306 1897 643 1956 constructo,
672 1887 998 1953 exhibitnm,
1034 1888 1144 1943 Deo
1171 1895 1467 1953 annuente,
1511 1886 1894 1942 inviolabiliter

308 1978 572 2035 hactenus
616 1984 826 2032 constat
858 1990 979 2032 esse
1020 1987 1421 2032 conservatum.
1474 1975 1579 2030 Pro
1618 1975 1894 2031 ﬁrmitatis

309 2083 542 2138 namque
583 2068 762 2123 studio
805 2066 1175 2136 hujuscemodi
1218 2066 1541 2122 beneﬁcium
1588 2081 1715 2139 erga
1757 2081 1895 2137 prce-

310 2160 482 2217 fatum
532 2159 842 2218 venerabile
889 2159 1280 2217 monasterium
1331 2167 1520 2214 nostra
1573 2159 1895 2215 auctoritate

308 2251 589 2308 humiliter
611 2251 863 2322 precibus
891 2250 1086 2320 quibus
1110 2250 1280 2305 valuit
1299 2249 1417 2305 ﬁeri
1445 2251 1755 2321 postulavit.
1785 2250 1893 2307 Cu-

309 2342 395 2410 ius
436 2342 682 2412 petitioni
711 2344 781 2400 ob
805 2356 1045 2396 amorem
1089 2340 1187 2396 Dei
1224 2348 1279 2396 et
1320 2342 1725 2396 venerationem
1749 2342 1895 2397 beati

310 2432 532 2489 Martini
582 2432 818 2488 libenter
879 2445 1161 2487 assensum
1212 2431 1457 2502 praebere
1511 2446 1896 2502 usquequaque

555 2523 730 2580 libuit.
780 2522 1119 2594 Quapropter
1161 2522 1410 2578 volumus
1444 2531 1606 2594 atque
1649 2522 1897 2578 decemi-

310 2631 435 2672 mus
463 2623 523 2672 ut
546 2631 734 2673 onmes
774 2631 864 2673 res
902 2614 1142 2685 ejusdem
1171 2613 1506 2680 monasterii,
1551 2629 1675 2668 cum
1720 2614 1898 2669 homi-

308 2707 471 2763 nibus
515 2706 619 2762 sibi
659 2704 941 2777 subjectis,
989 2704 1090 2759 sub
1133 2713 1334 2760 nostrae
1364 2702 1694 2760 defensionis
1719 2703 1896 2759 muni-

310 2799 457 2855 mine
501 2798 680 2855 modis
725 2797 977 2853 omnibus
1006 2796 1325 2852 consistant.
1360 2794 1713 2866 Praecipimus
1741 2809 1892 2868 ergo,

308 2892 557 2960 iubemus
585 2897 746 2961 atque
779 2889 1123 2969 praecipimus
1164 2897 1223 2943 ut
1251 2887 1429 2942 nullus
1455 2885 1620 2956 judex
1649 2886 1896 2957 publicus

311 2989 409 3036 aut
437 2981 694 3053 quislibet
718 2980 1012 3051 superioris
1055 2989 1151 3036 aut
1177 2978 1453 3035 inferioris
1478 2978 1685 3035 ordinis
1714 2977 1895 3047 reipu—

310 3072 466 3128 blicae
489 3060 812 3143 procurator
839 3072 907 3128 ad
931 3087 1127 3128 causas
1167 3070 1457 3142 judiciario
1485 3083 1636 3125 more
1676 3067 1896 3124 audien-

2004 1887 2341 1953 hominibus,
2386 1887 2486 1943 sub
2530 1888 2889 1945 immunitatis
2913 1898 3073 1959 atque
3097 1892 3454 1961 protectionis
3483 1909 3582 1948 no-

1994 1986 2121 2033 strae
2164 1977 2479 2035 defensione
2524 1979 2845 2046 consistant,
2878 1989 3173 2053 nostroque
3219 1982 3451 2039 ﬁdeliter
3489 2000 3586 2056 pa-

1996 2078 2178 2126 rentes
2210 2070 2459 2141 imperio,
2501 2084 2600 2141 pro
2646 2070 3015 2128 incolumitate
3056 2079 3243 2129 nostra
3276 2082 3585 2144 nostraeque

1994 2157 2240 2231 conjugis
2280 2166 2336 2215 et
2374 2160 2565 2230 prolis,
2611 2175 2708 2217 seu
2741 2161 2905 2216 etiam
2948 2162 3115 2218 totius
3158 2162 3371 2234 imperii
3398 2178 3429 2216 a
3473 2162 3585 2219 Deo

1993 2251 2149 2308 nobis
2168 2251 2349 2308 collati
2371 2252 2597 2324 ejusque
2615 2252 2923 2325 gratissima
2950 2253 3301 2310 miseratione
3322 2262 3584 2325 perpetuo

1994 2344 2374 2413 conservandi,
2399 2360 2507 2400 una
2547 2360 2673 2402 cum
2695 2344 2844 2401 clero
2867 2346 2971 2402 sibi
2994 2346 3310 2414 commisso,
3353 2348 3586 2403 immen-

1994 2451 2110 2492 sam
2155 2436 2498 2493 clementiam
2529 2436 2735 2509 jugiter
2767 2446 3012 2493 exorent.
3066 2437 3124 2494 Si
3173 2438 3304 2508 quid
3343 2454 3477 2495 vero
3515 2441 3585 2498 de

1994 2522 2205 2596 praefati
2246 2526 2563 2583 monasterii
2607 2527 2772 2582 rebus
2817 2542 2916 2596 per
2943 2527 3281 2598 tepiditatem
3324 2536 3382 2585 et
3415 2531 3585 2602 negli-

1994 2617 2233 2688 gentiam
2263 2619 2522 2675 abbatum
2547 2628 2641 2676 aut
2665 2620 3078 2693 praeceptionem
3101 2622 3339 2692 judicum
3373 2625 3584 2691 abstra-

1994 2714 2142 2762 ctum
2169 2714 2274 2774 est,
2301 2707 2360 2771 id
2392 2723 2494 2778 per
2530 2719 2773 2766 nostram
2814 2694 3192 2769 auctoritatem
3235 2728 3460 2784 prorsus
3500 2729 3584 2770 re-

1995 2800 2347 2856 staurandum
2370 2801 2733 2872 praecipimus.
2772 2801 2840 2856 Et
2859 2809 2920 2857 ut
2944 2803 3061 2859 haec
3090 2803 3387 2861 auctoritas
3414 2804 3585 2860 invio-

1994 2892 2211 2950 labilem
2255 2896 2502 2951 obtineat
2542 2894 2794 2952 eﬁ'ectum
2818 2903 2873 2953 et
2902 2911 2933 2951 a
2960 2894 3209 2953 ﬁdelibus
3245 2906 3446 2954 sancta:
3488 2897 3582 2953 Dei

1994 2985 2250 3042 Ecclesia:
2277 2994 2334 3042 et
2358 2978 2562 3042 nostris
2611 2986 2794 3043 verius
2838 2986 3110 3053 credatur,
3157 2980 3319 3042 manu
3364 2989 3585 3058 propria

1996 3076 2184 3132 subter
2208 3075 2542 3133 ﬁrmavimus
2591 3084 2645 3131 et
2683 3077 2866 3134 annuli
2914 3077 3085 3135 nostri
3131 3077 3486 3150 impressione
3513 3078 3585 3133 εἱ-

310 3165 409 3222 das
441 3165 495 3221 in
517 3165 777 3222 ecclesias
808 3171 901 3220 aut
939 3164 1095 3220 villas
1124 3179 1218 3220 seu
1248 3161 1486 3233 reliquas
1522 3159 1891 3231 possessiones
1920 3151 1965 3213 C
1996 3166 2151 3237 gnari
2165 3166 2445 3237 jussimus.

311 3272 449 3327 quas
471 3255 730 3313 moderno
756 3264 995 3327 tempore
1020 3257 1076 3311 in
1105 3256 1427 3327 quibusdam
1468 3252 1761 3326 provinciis
1801 3260 1894 3308 aut

312 3346 606 3403 territoriis
646 3347 860 3418 imperii
896 3345 1069 3401 nostri
1090 3344 1238 3415 jusle
1279 3352 1333 3419 et
1356 3343 1603 3415 legaliter
1627 3341 1890 3414 possidet,

311 3438 399 3494 vel
442 3453 565 3509 qua:
610 3439 863 3512 deinceps
909 3439 964 3495 in
1000 3436 1125 3508 jure
1164 3438 1335 3512 ipsius
1360 3437 1679 3494 monasterii
1707 3435 1893 3491 divina

313 3529 489 3600 pietas
516 3529 746 3586 voluerit
780 3530 988 3601 augeri,
1018 3529 1227 3601 ingredi
1255 3536 1567 3600 praesumat,
1612 3543 1713 3583 nec
1739 3525 1892 3581 freda

298 3628 408 3677 aut
450 3618 664 3675 telonea
702 3628 796 3674 aut
838 3619 1149 3673 mansiones
1185 3627 1281 3671 aut
1320 3625 1506 3686 pastus
1549 3625 1644 3681 aut
1670 3615 1890 3679 tributa,

313 3707 455 3763 sicut
493 3715 765 3777 przecepto
809 3706 1010 3760 domini
1055 3714 1110 3759 et
1140 3706 1400 3775 genitoris
1428 3706 1602 3760 nostri
1645 3703 1894 3758 contine-

316 3813 426 3869 tur,
472 3803 709 3871 exigere,
745 3807 839 3853 aut
882 3798 1228 3870 ﬁdejussores
1262 3796 1466 3863 tollere,
1513 3806 1607 3852 aut
1645 3795 1896 3851 homines

314 3905 429 3951 tam
457 3894 718 3962 ingenuos
745 3906 908 3961 quam
938 3905 1123 3946 servos
1157 3904 1318 3960 super
1340 3898 1539 3945 terram
1578 3888 1748 3959 ipsius
1782 3902 1895 3941 mo-

314 3980 542 4038 nasterii
570 3988 973 4036 commanentes
1017 3979 1362 4050 distringere,
1411 3993 1513 4035 nec
1552 3977 1689 4033 ullas
1714 3976 1891 4048 publi—

313 4091 407 4132 cas
430 4072 737 4129 functiones
763 4082 853 4127 aut
878 4071 1266 4128 redhibitiones
1292 4070 1377 4125 vel
1408 4068 1621 4125 illicitas
1646 4067 1890 4124 occasio-

314 4182 414 4222 nes
457 4163 757 4234 requirere,
816 4164 1013 4233 quibus
1057 4163 1200 4218 idem
1252 4161 1641 4218 monasterium
1686 4159 1897 4229 sibique

312 4258 542 4328 subjecti
565 4256 783 4327 aliquod
810 4255 1009 4328 injuste
1041 4256 1319 4327 patiantur
1348 4250 1769 4317 incommodum,
1800 4264 1897 4305 no-

313 4350 444 4404 stris
487 4347 787 4419 futurisque
845 4349 1177 4418 temporibus
1227 4347 1515 4419 quisquam
1570 4343 1896 4400 temerarius

312 4440 515 4495 existat
539 4439 681 4511 quod
703 4437 934 4495 faciendi
960 4439 1204 4495 illicitam
1231 4438 1335 4494 sibi
1372 4444 1695 4509 potestatem
1737 4435 1893 4489 attri-

314 4532 483 4586 buere
523 4531 738 4586 audeat.
769 4530 1040 4601 Quidquid
1081 4532 1245 4603 igitur
1271 4531 1335 4586 de
1377 4529 1618 4601 praefatis
1648 4526 1889 4597 ejusdem

315 4622 823 4678 monasterii-rebus
855 4620 979 4690 jure
1009 4622 1125 4677 ﬁsci
1152 4623 1450 4679 cedendum
1495 4621 1616 4687 fuit,
1663 4629 1718 4676 et
1744 4636 1774 4675 a
1805 4620 1897 4675 de-

316 4712 628 4769 cessoribus
675 4713 874 4769 nostris
918 4712 1281 4782 comperimus
1321 4712 1598 4777 collatum,
1639 4719 1696 4767 et
1737 4710 1898 4781 largi-

315 4806 482 4862 tionis
531 4813 734 4860 nostrae
783 4820 1008 4861 munere
1052 4804 1283 4860 libenter
1333 4804 1583 4860 volumus
1633 4817 1756 4858 esse
1800 4816 1900 4871 per

312 4897 628 4952 universum
672 4894 849 4951 eidem
892 4895 1220 4952 monasterio
1259 4909 1601 4960 concessum,
1640 4902 1701 4949 ut
1729 4892 1781 4949 id
1806 4906 1896 4946 re-

312 4994 464 5043 moto
502 4985 618 5042 fisci
665 4986 959 5055 dominatu,
1010 4986 1079 5042 ad
1129 4985 1415 5042 luminaria
1468 4984 1707 5040 basilica:
1754 4982 1899 5039 beati

314 5074 534 5132 Martini
558 5076 931 5132 concinnanda
958 5085 1013 5132 et
1035 5076 1101 5131 ad
1120 5075 1569 5131 sustentationem
1595 5090 1891 5145 pauperum

314 5182 411 5223 seu
442 5168 762 5222 clericorum
813 5170 866 5220 in
906 5166 1092 5222 eodem
1124 5166 1242 5221 loco
1292 5166 1518 5221 Domino
1544 5164 1891 5222 servientium

313 5258 936 5329 supplementum........
983 5257 1041 5314 Si
1066 5259 1186 5330 quis
1238 5267 1416 5313 autem
1449 5258 1500 5312 in
1534 5267 1736 5313 tantam
1763 5276 1892 5330 pro-

315 5362 569 5420 rumpere
598 5363 763 5404 ausus
808 5347 973 5404 fuerit
1014 5348 1316 5424 audaciam,
1346 5356 1405 5402 ut
1452 5347 1611 5418 hujus
1640 5352 1892 5421 praecepti

315 5438 488 5494 nostri
512 5438 743 5497 violator
789 5438 1081 5504 exstiterit,
1113 5439 1563 5507 quemadmodum
1596 5439 1650 5494 in
1696 5457 1895 5511 praece-

387 5585 414 5613 ι
440 5570 555 5627 Hoc
578 5578 902 5642 pmcepmm
930 5582 991 5642 se
1018 5567 1215 5642 vidisse
1246 5575 1472 5642 testatur
1492 5570 1893 5642 RobertusMa-

316 5638 606 5699 cl’oviensis
629 5638 917 5713 episcopus
938 5638 1025 5713 his
1044 5639 1222 5713 verbis
1246 5657 1305 5713 :_c
1335 5639 1528 5713 Datum
1555 5638 1715 5713 hujus
1736 5641 1893 5713 visio-

319 5713 403 5770 nis
427 5713 582 5770 factae
619 5709 845 5771 a'nobi's
885 5709 1121 5767 Roberto
1148 5709 1490 5786 Macloviensi
1516 5709 1771 5784 episcOpo
1805 5712 1891 5769 die

2068 3257 2296 3331 Signum
2343 3259 2599 3315 Ludovici
2649 3260 2983 3317 serenissimi
3031 3260 3489 3332 imperatoris.....
3515 3262 3581 3315 ad

1996 3349 2169 3405 vicem
2198 3350 2515 3406 Helisacbar
2544 3351 2833 3423 recognovi
2859 3359 2915 3408 et
2941 3351 3259 3424 subscripsi.

2068 3439 2205 3495 Data
2236 3456 2295 3495 III
2344 3440 2571 3496 Kalend.
2605 3439 2961 3513 Septembris,
3000 3458 3163 3509 anno,
3204 3441 3423 3498 Christo
3468 3458 3589 3513 pro-

1995 3531 2208 3600 pitio,3
2254 3532 2466 3602 imperii
2513 3533 2696 3589 domni
2743 3532 3004 3589 Ludovici
3052 3533 3281 3603 piissimi
3333 3532 3582 3602 Augusti,

1998 3621 2292 3676 indictione
2322 3621 2409 3675 li).
2432 3621 2629 3677 Actum
2654 3620 2979 3691 Aquisgrani
3004 3619 3206 3689 palatio
3236 3620 3384 3689 regio
3411 3620 3465 3673 in
3490 3621 3585 3676 Dei

1997 3709 2216 3763 nomine
2244 3708 2494 3764 feliciter.
2536 3710 2727 3765 Amen.
3387 3721 3399 3729 '

2070 3797 2252 3868 (Bulla
2278 3807 2353 3853 est
2382 3798 2591 3869 aurea.)

2696 3889 2876 3945 XLIX.

2266 3993 2291 4021 ⁸
2331 3996 2431 4037 PRO
2462 3996 2800 4036 IONAS'I'EBIO
2834 3997 3021 4037 SANC‘I’I
3062 3998 3312 4038 ὶΙΙ-ἉἘΝΝΙ.

2609 4069 2784 4142 (Anno
2829 4069 2979 4144 8l6.)

2001 4159 2177 4232 [Apud
2217 4161 2280 4232 D.
2320 4160 2582 4231 Bouquet.
2623 4158 2813 4232 Script.
2856 4159 2981 4232 Rer.
3030 4160 3254 4228 ι’τωω..
3309 4172 3440 4219 tom.
3496 4163 3582 4232 Vl,

2069 4178 2177 4230 puu
2219 4178 2280 4214 υ.
2321 4178 2582 4231 bouquet.
2623 4178 2813 4283 unﬁt.
2856 4178 2981 4216 uer.
3030 4178 3254 4228 rranc.,
3309 4178 3440 4219 tom.

2068 4246 2194 4302 pag.
2236 4231 2362 4296 489,
2395 4233 2449 4286 in
2475 4232 2690 4302 probat.
2781 4234 2866 4286 ist.
2905 4230 3178 4299 Britann.,
3209 4249 3331 4306 pag.
3361 4233 3478 4308 20.]

2068 4344 2127 4399 In
2157 4344 2376 4400 nomine
2415 4342 2629 4399 Domini
2675 4343 2769 4399 Dei
2821 4352 2877 4399 et
2925 4342 3224 4401 Salvatoris
3255 4346 3425 4401 nostri
3456 4344 3583 4403 Jesu

1999 4432 2225 4501 Christi,
2277 4434 2601 4501 Ludovicus,
2653 4433 2832 4490 divina
2884 4435 3170 4489 ordinante
3224 4435 3581 4505 providentia,

1996 4527 2293 4599 imperator
2322 4526 2615 4597 Augustus.

2070 4617 2207 4673 Cum
2232 4616 2586 4687 petitionibus
2613 4630 2893 4671 servorum
2933 4615 3027 4671 Dei
3048 4615 3213 4686 justis
3254 4624 3309 4672 et
3338 4618 3583 4673 rationa-

1995 4707 2196 4764 bilibus
2229 4706 2423 4762 .divino
2469 4705 2698 4763 interius
2740 4720 2924 4761 amore
2972 4707 3000 4747 ιι
3054 4708 3319 4776 favemus,
3365 4713 3580 4781 superni

1995 4800 2240 4856 muneris
2254 4799 2455 4856 donum
2478 4815 2508 4853 a
2524 4798 2750 4855 Domino
2772 4799 3041 4870 impartiri
3061 4800 3352 4855 credimus.
3376 4798 3583 4856 Idcirco

1999 4896 2186 4943 notum
2215 4888 2285 4943 sit
2303 4887 2554 4943 omnibus
2578 4887 2824 4945 ﬁdelibus
2844 4888 3063 4952 nostris,
3097 4897 3203 4943 tam
3225 4890 3583 4959 praesentibus

1996 4995 2161 5050 quam
2188 4977 2405 5044 futuris,
2435 4979 2578 5048 quod
2624 4979 2841 5050 quidam
2890 4980 2973 5034 vir
3016 4979 3246 5052 Iielogar
3275 4980 3581 5040 Alethensis

2002 5070 2288 5141 episcopus
2320 5068 2514 5124 detulit
2538 5069 2814 5125 obtutibus
2849 5071 3050 5125 nostris
3076 5072 3364 5140 quamdam
3388 5081 3577 5127 aucto-

2001 5163 2241 5227 ritatem,
2281 5176 2446 5231 quam
2487 5160 2737 5216 dominus
2781 5170 2837 5215 et
2883 5163 3096 5234 genitor
3132 5172 3316 5219 noster
3352 5162 3579 5221 Carolus

2000 5254 2155 5310 bonae
2180 5252 2455 5308 memoria:
2477 5252 2855 5308 serenissimus
2874 5252 3147 5324 Augustus
3176 5253 3243 5308 ad
3263 5255 3575 5323 petitionem

2002 5347 2170 5417 ipsius
2195 5343 2457 5407 ecclesiae,
2494 5343 2581 5397 cui
2625 5344 2738 5414 ipse
2783 5343 2893 5399 Deo
2939 5351 3159 5400 auctore
3205 5356 3421 5416 praeest,
3458 5348 3573 5405 ﬁeri

1994 5437 2175 5511 jussit,
2206 5438 2260 5493 in
2297 5450 2403 5507 qua
2436 5436 2815 5491 continebatur
2848 5435 3110 5491 insertum
3156 5439 3299 5509 quod
3336 5447 3577 5512 tempore

2001 5573 2139 5627 lunae
2159 5578 2285 5626 ante
2303 5569 2500 5623 festum
2520 5564 2917 5623 Puriﬁcationis
2930 5566 3103 5625 beatae
3126 5568 3306 5630 Mariae
3319 5575 3573 5650 Virginis,

2000 5657 2144 5698 anno
2165 5655 2411 5695 ποιων.
2449 5657 2466 5691 ι

2070 5715 2095 5753 b
2119 5711 2281 5767 Forte
2298 5710 2580 5781 legendum
2607 5706 2768 5761 divini
2792 5703 2961 5765 cultu:
2993 5724 3191 5769 amore.
