3940 6180
398 287 539 343 Ιοὲὂ

1534 291 1858 349 LUDOVICI
1896 294 1916 348 Ι
1956 293 2425 351 COGNOMENTO
2458 292 2545 350 Ρη

3524 298 3547 351 1
3560 298 3649 354 θρῑῦ

397 402 706 459 rebellionis
745 403 936 457 domus
980 399 1220 457 ecclesiae
1260 400 1316 455 S.
1350 400 1594 457 Mevenni
1631 412 1685 458 et
1730 402 1789 457 S.
1818 403 1972 459 Judi-
2002 408 2052 467 Α
2078 405 2349 476 mancipia
2373 405 2687 469 defendant,
2717 403 2876 457 sicuti
2917 417 3013 473 per
3050 403 3236 458 eadem
3278 404 3653 473 instrumenta,

394 494 585 560 caelis,
621 510 740 564 qua:
768 502 852 548 est
890 493 946 547 in
975 492 1093 547 loco
1129 502 1435 562 nuncnpato
1464 493 1655 547 Wadel
1683 510 1890 550 necnon
1921 496 1974 550 in

2080 498 2124 554 si
2171 498 2379 567 perdita
2410 513 2516 551 non
2571 494 2821 561 fuissent,
2870 495 3078 567 legibus
3122 494 3334 551 defendi
3383 505 3655 567 poterant.

393 587 502 642 alio
529 586 647 641 loco
670 587 725 640 in
761 586 933 639 insula
967 601 1087 655 quae
1123 593 1351 641 vocatur
1382 584 1617 639 Machuti
1649 585 1977 656 depopulan-
2076 590 2204 645 Hcce
2238 589 2435 660 quippe
2463 587 2758 643 auctoritas
2800 596 2862 641 ut
2891 586 3183 642 ﬁrmiorem
3204 587 3403 642 habeat
3419 587 3658 659 vigorem

391 678 536 732 tibus
566 662 812 731 hostibus
857 677 1142 746 ignemque
1173 676 1633 741 submittentibus,
1662 691 1769 731 non
1800 677 1971 732 solum

392 771 679 825 thesaurus
705 769 950 824 ecclesia:
979 777 1033 823 et
1062 766 1363 822 ministeria
1397 767 1464 821 ad
1509 766 1682 822 officia
1710 767 1973 821 ecclesia-

386 862 524 916 stica
568 861 873 932 peragenda
922 860 1233 931 perierunt,
1281 874 1468 913 verum
1516 857 1679 913 etiam
1727 867 1784 914 et
1827 867 1972 912 strn-

389 960 686 1007 menta.....
744 952 885 1007 unde
922 951 1160 1023 praefata:
1205 950 1447 1006 ecclesia:
1495 951 1679 1005 ditata:
1734 949 1967 1016 fuerant,

384 1051 574 1098 exusta
604 1051 657 1098 et
677 1051 1020 1099 concremata
1051 1042 1318 1097 fuissent:
1350 1050 1404 1097 et
1423 1042 1566 1112 quod
1590 1042 1732 1097 idem
1760 1042 1972 1111 genitor

384 1132 572 1191 noster
600 1135 667 1190 ad
711 1135 826 1205 ejus
853 1133 1290 1205 deprecationem
1318 1148 1418 1203 per
1461 1132 1707 1188 eamdem
1736 1133 1972 1188 auctori-

384 1236 553 1282 tatem
581 1227 954 1283 constituisset
980 1235 1041 1281 ut
1068 1227 1272 1295 absque
1296 1225 1522 1296 alicujus
1546 1226 1970 1282 contradictione

385 1319 468 1373 vel
491 1318 872 1387 impedimento
909 1318 1022 1387 ipse
1054 1316 1285 1385 liJogar
1323 1316 1698 1387 cpisc0pus....
1732 1314 1848 1384 ejus
1875 1316 1968 1386 qui

325 1425 335 1437 ·
381 1410 599 1465 ﬁlerunt
628 1426 682 1464 in
708 1409 843 1464 locis
868 1408 926 1463 S.
960 1407 1204 1463 Mevenni
1235 1415 1291 1462 et
1318 1405 1376 1462 S.
1409 1406 1719 1468 Judicaelis,
1751 1423 1963 1463 necnon

382 1511 437 1555 et
473 1501 530 1556 S.
578 1501 839 1565 Macbuti,
876 1508 938 1553 ut
980 1514 1170 1554 omnes
1198 1515 1286 1553 res
1325 1499 1679 1569 undecunque
1718 1514 1784 1553 co
1832 1507 1969 1553 tctu-

380 1608 512 1662 pore
558 1593 829 1663 praedicta:
858 1591 1102 1646 ecclesia!
1141 1588 1291 1658 iuste
1334 1597 1390 1645 et
1436 1590 1827 1646 rationabiliter
1870 1606 1967 1660 per

381 1660 595 1737 diversa
648 1681 764 1736 loca
806 1681 1019 1736 vestita:
1065 1687 1240 1745 erant,
1298 1680 1383 1734 vel
1426 1679 1480 1733 in
1519 1688 1792 1750 posterum
1839 1695 1961 1734 cum
2068 1660 2171 1783 [Ag

382 1773 765 1846 aequitatis..."
799 1772 998 1827 ibidem
1029 1772 1346 1827 attributum
1373 1772 1587 1838 fuisset,
1625 1782 1685 1827 ut
1723 1788 1829 1828 non
1878 1788 1965 1829 so-
1992 1764 2039 1822 Β

383 1867 495 1921 lum
521 1865 577 1919 in
605 1864 865 1919 ditionem
895 1863 1275 1934 praedictarum
1309 1863 1664 1919 ecclesiarum
1704 1871 1968 1934 perpetuo

382 1955 775 2020 consisterent;
809 1970 999 2009 verum
1039 1955 1206 2011 etiam
1261 1963 1317 2010 et
1367 1954 1547 2008 nullus
1585 1954 1836 2023 quislibet
1870 1954 1968 2009 ali-

381 2049 512 2127 quid
537 2049 734 2104 exinde
763 2049 1081 2103 abstrahere
1108 2055 1200 2102 aut
1222 2047 1465 2101 minuere
1486 2054 1672 2101 contra
1700 2044 1966 2114 justitiam

382 2140 491 2195 nilo
521 2156 756 2212 unquam
785 2148 1025 2210 tempore
1045 2143 1414 2208 przcsnmeret,
1441 2145 1533 2191 aut
1554 2136 1769 2207 aliquod
1798 2137 1967 2208 impe-

380 2232 679 2287 dimentum
703 2238 794 2285 aut
817 2231 1142 2286 calumniam
1172 2243 1430 2300 generare
1464 2228 1704 2292 auderet,
1742 2228 1837 2283 sed
1865 2243 1965 2298 pro

379 2323 607 2392 hujusce
634 2321 711 2377 rei
740 2320 991 2376 firmitate
1019 2328 1259 2375 nostram
1286 2319 1592 2374 obsecravit
1621 2318 1962 2373 clementiam

377 2422 437 2466 ut
459 2420 697 2482 paternae
734 2410 1044 2466 auctoritati
1084 2417 1326 2464 nostram
1355 2408 1838 2479 superadderemus
1866 2422 1964 2464 au-

377 2503 706 2558 ctoritatem.
738 2500 868 2573 Ejus
896 2499 1144 2570 petitioni
1180 2498 1411 2554 libenter
1442 2514 1629 2555 aurem
1659 2512 1962 2559 accommo-

379 2593 511 2648 dare
541 2592 764 2664 placuit,
795 2607 860 2647 ac
890 2597 1091 2646 nostrae
1129 2590 1468 2645 auctoritatis
1510 2596 1565 2644 et
1592 2587 1960 2645 confirmatio-

373 2684 463 2741 nis
513 2692 844 2756 praeceptum
906 2683 976 2738 ob
1024 2696 1264 2736 amorem
1319 2680 1414 2735 Dei
1477 2688 1533 2736 et
1596 2680 1957 2735 reverentiam

371 2776 758 2847 praedictorum
812 2782 1122 2830 sanctorum
1170 2773 1415 2829 locorum
1464 2772 1582 2828 ﬁeri
1634 2772 1812 2838 libuit,
1858 2785 1959 2842 per

374 2870 518 2941 quod
544 2871 889 2943 praecipimus
919 2878 1081 2940 atque
1102 2866 1355 2938 iubemus
1380 2876 1457 2935 ut,
1495 2867 1635 2923 sicut
1662 2883 1691 2921 a
1722 2865 1957 2921 Domino

372 2965 434 3021 et
465 2965 710 3039 genitore
749 2973 937 3020 nostro
979 2962 1251 3035 prtedictls
1286 2954 1531 3017 ec‘clesiis
1578 2959 1953 3015 conﬁrmatum

373 3063 537 3126 atque
564 3070 880 3111 concessum
903 3062 1007 3120 est,
1034 3053 1108 3108 ita
1132 3067 1229 3124 per
1272 3052 1412 3107 hanc
1454 3058 1693 3106 nostram
1720 3046 1955 3104 auctori-

371 3123 543 3208 tatem
598 3145 855 3216 quidquid
899 3144 1058 3199 modo
1096 3123 1368 3214 praedicta:
1417 3143 1659 3199 ecclesiae
1702 3143 1847 3214 iuste
1896 3149 1950 3197 et
1976 3123 2021 3186 (Ζ

371 3234 618 3308 legaliter
638 3236 938 3305 possident,
979 3235 1232 3305 deinceps
1273 3234 1501 3289 ﬁrmiter
1532 3242 1694 3303 atque
1730 3233 1956 3289 inviola-

370 3325 559 3382 biliter
602 3333 825 3380 teneant
871 3332 1035 3395 atque
1084 3325 1427 3393 possideant;
1469 3333 1523 3378 ct
1572 3316 1749 3378 nullus
1788 3325 1953 3394 index

372 3415 640 3488 publicus,
675 3414 759 3468 vel
789 3413 1042 3485 quislibet
1074 3425 1135 3469 ex
1160 3412 1445 3484 iudiciaria
1484 3421 1746 3484 potestate
1771 3414 1825 3469 in
1866 3428 1955 3469 ec-

376 3508 572 3567 clesias
600 3514 695 3563 aut
719 3507 836 3563 loca
878 3507 961 3563 vel
990 3522 1149 3577 agros
1186 3522 1280 3563 seu
1323 3507 1559 3578 reliquas
1587 3508 1954 3577 possessiones

373 3614 510 3669 quas
547 3599 806 3654 moderno
849 3607 1090 3670 tempore
1115 3596 1258 3667 iuste
1290 3607 1343 3654 et
1382 3597 1773 3655 rationabiliter
1811 3599 1951 3653 intra

373 3692 630 3747 ditionem
670 3691 883 3762 imperii
923 3690 1095 3745 nostri
1126 3690 1423 3761 possident,
1450 3689 1534 3744 vel
1564 3705 1627 3744 ea
1656 3705 1773 3759 quae
1801 3689 1953 3745 dein-

372 3795 500 3850 ceps
526 3779 581 3834 in
601 3778 724 3850 jure
768 3778 1007 3849 ipsarum
1051 3778 1407 3835 ecclesiarum
1438 3777 1619 3833 divina
1649 3778 1822 3847 pietas
1855 3792 1949 3832 vo-

370 3872 532 3929 luerit
572 3887 769 3941 augere
811 3872 879 3925 ad
922 3884 1117 3926 causas
1148 3871 1464 3938 audiendas,
1514 3871 1597 3926 vel
1627 3870 1789 3929 frcda.
1831 3871 1948 3926 exi-

370 3962 563 4032 genda,
596 3970 686 4017 aut
713 3961 1021 4018 mansiones
1075 3960 1201 4034 [vel]
1244 3973 1461 4031 paratas
1500 3961 1802 4028 faciendas,
1851 3970 1949 4017 aut

368 4051 712 4123 fideiussores
738 4053 1014 4123 ponendos
1040 4051 1372 4126 [tollendos],
1411 4058 1504 4106 aut
1548 4053 1793 4108 homines
1836 4062 1947 4108 tam

367 4145 632 4215 ingenuos
675 4159 835 4214 quam
880 4153 935 4198 et
992 4160 1215 4210 servos,
1263 4160 1424 4215 super
1466 4154 1667 4200 terram
1710 4146 1945 4217 ipsarum

367 4236 718 4291 ecclesiarum
749 4246 1152 4292 commanentes
1183 4235 1377 4306 iniuste
1403 4239 1815 4311 distringendos,
1846 4256 1947 4295 nec

366 4326 504 4381 ullas
530 4325 917 4381 redhibitiones
950 4333 1042 4380 aut
1068 4326 1283 4382 illicitas
1322 4329 1637 4383 occasiones
1668 4328 1947 4398 requiren-

366 4418 484 4482 das,
523 4416 725 4472 nostris
758 4426 813 4471 et
837 4415 1034 4473 futuris
1065 4419 1394 4489 temporibus
1434 4418 1644 4488 ingredi
1687 4418 1940 4483 audeant,

362 4508 447 4564 vel
474 4523 538 4564 ea
563 4523 683 4578 qute
720 4524 880 4578 supra
926 4519 1223 4565 memorata
1267 4519 1409 4577 sunt,
1457 4512 1674 4582 penitus
1725 4513 1941 4584 exigere

361 4607 691 4671 prazsumat:
718 4600 811 4656 sed
841 4601 1001 4655 liceat
1039 4601 1294 4671 praadicto
1322 4602 1549 4656 antistiti
1578 4603 1795 4672 suisque
1820 4619 1941 4658 suc-

362 4694 669 4750 cessoribus
696 4709 782 4748 res
806 4693 1183 4762 praedictarum
1223 4693 1573 4747 ecclesiarum
1609 4710 1729 4748 cum
1769 4697 1938 4750 omni-

359 4790 461 4844 bus
489 4789 650 4843 rebus
676 4794 729 4840 et
754 4784 1060 4840 hominibus
1097 4784 1197 4838 sibi
1244 4782 1520 4851 subjectis,
1556 4785 1655 4839 sub
1685 4785 1937 4839 immuni-

359 4881 489 4937 tatis
516 4887 715 4935 nostra:
744 4876 1055 4933 defensione
1092 4875 1274 4945 quieto
1321 4875 1510 4929 ordine
1539 4876 1833 4945 possidere,
1875 4890 1939 4930 ac

362 4982 546 5027 nostro
579 4968 809 5024 ﬁdeliter
835 4981 1026 5041 parere
1049 4966 1296 5035 imperio,
1322 4976 1483 5035 atque
1515 4982 1613 5036 pro
1643 4966 1936 5019 stabilitate

352 5071 564 5127 nostra,
598 5058 840 5131 conjugis
890 5075 953 5113 ac
997 5057 1183 5129 prolis,
1219 5057 1304 5112 vel
1347 5059 1509 5111 totius
1538 5057 1747 5126 imperii
1772 5071 1800 5109 a
1837 5057 1938 5109 Do.

354 5156 505 5211 mino
533 5154 689 5209 nobis
718 5152 895 5209 collati
933 5150 1017 5205 vel
1047 5150 1431 5211 conservandi,
1477 5164 1581 5202 una
1622 5164 1743 5202 cum
1788 5147 1933 5202 clero

355 5250 409 5299 et
439 5241 635 5313 populo
665 5241 767 5297 sibi
796 5238 1037 5307 subjecto
1061 5237 1229 5295 libere
1254 5236 1466 5295 Domini
1505 5236 1930 5291 misericordiam

356 5346 582 5387 exorare
607 5330 852 5386 delectet.
902 5329 1053 5395 Quod
1098 5327 1144 5382 si
1191 5325 1328 5382 forte
1356 5342 1516 5396 super
1543 5326 1744 5381 eisdem
1772 5326 1931 5383 rebus

354 5432 479 5477 ante
504 5422 813 5491 prmdictam
858 5420 1192 5475 exustioncm
1233 5433 1264 5471 a
1311 5418 1548 5487 prmlatis
1586 5418 1928 5487 przef'atarum

354 5511 703 5567 ecclesiarum
740 5510 863 5581 iure
909 5509 1176 5578 possessis
1220 5508 1444 5577 quaestio
1493 5515 1613 5563 orta
1657 5506 1837 5573 fuerit,
1870 5517 1929 5563 ut

351 5618 453 5675 pro
475 5601 554 5655 eis
576 5600 817 5671 legaliter
843 5600 897 5653 in
937 5599 1175 5669 quolibet
1215 5599 1333 5655 loco
1361 5602 1657 5670 disceptare
1704 5616 1926 5658 necesse

352 5693 446 5758 sit,
475 5690 547 5744 ita
594 5704 690 5765 per
725 5688 865 5742 hanc
913 5695 1152 5744 nostram
1196 5690 1570 5745 auctoritatem
1615 5692 1829 5748 easdem
1870 5702 1924 5748 et

1488 5792 1513 5807 ς

2076 688 2131 735 et
2171 681 2239 735 ab
2276 680 2530 734 omnibus
2581 679 2771 733 verius
2804 678 3114 746 certiusque
3168 678 3442 743 credatur,
3492 693 3657 733 manu

2073 769 2290 840 propria
2320 770 2506 823 subter
2537 767 2894 832 ﬁrmavimus,
2921 776 2979 823 et
3006 767 3191 824 annuli
3217 769 3393 824 nostri
3432 768 3660 842 impres-

2075 859 2227 913 sione
2251 857 2457 928 signari
2475 856 2755 926 iussimus.

2146 951 2371 1022 Signum
2394 951 2652 1006 Ludovici
2685 951 3047 1022 imperatoris.

2142 1043 2277 1096 Data
2307 1058 2382 1098 vn
2414 1042 2533 1097 Kal.
2558 1042 2778 1113 Aprilis,
2794 1057 2960 1107 anno,
2990 1041 3209 1097 Christo
3240 1043 3497 1112 propitio,
3522 1040 3657 1114 [ter-

2073 1132 2171 1206 tio]
2202 1134 2411 1205 imperii
2455 1134 2657 1189 domini
2708 1134 2964 1189 Ludovici
3008 1133 3236 1204 piissimi
3285 1134 3536 1205 Augusti,
3578 1134 3652 1188 in-

2070 1225 2306 1280 dictione
2338 1225 2388 1280 9.
2417 1224 2609 1279 Actum
2657 1224 2982 1297 Aquisgrani
3021 1224 3227 1295 palatio
3269 1225 3422 1296 regio
3470 1225 3525 1280 in
3556 1225 3647 1280 Dei

2070 1315 2287 1370 nomine
2314 1314 2561 1369 feliciter.
2589 1314 2781 1369 Amen.
2831 1385 2872 1439 ι

2460 1491 2559 1530 PRO
2595 1492 2844 1531 BCCLESIA
2880 1492 3019 1531 CAHE
3025 1490 3243 1533 “GENS!

2687 1569 2859 1639 (Anno
2889 1568 3041 1641 816.)

2174 1660 2243 1743 nd
2270 1660 2333 1714 D.
2365 1659 2649 1743 Douqugtn
2680 1659 2894 1743 Regna"!
2927 1661 3017 1743 de:
3044 1659 3213 1743 Hist,
3240 1667 3384 1743 tom.
3403 1658 3493 1742 Vi,
3524 1673 3642 1743 pag.

2172 1731 2260 1795 90,
2283 1747 2349 1786 ex
2380 1727 2534 1785 Joati.
2561 1727 2913 1802 Carpenteﬁo
2939 1732 2995 1787 in
3023 1732 3234 1802 probat.
3265 1727 3644 1787 Ηὶειοτὶαεεᾱ-

2139 1802 2479 1867 meracensis,
2500 1816 2622 1873 pag.
2648 1798 2727 1872 1“.]

2138 1888 2195 1943 In
2223 1890 2439 1946 nomine
2468 1889 2678 1944 Domini
2719 1887 2813 1943 Dei
2858 1897 2915 1944 et
2958 1888 3256 1944 Salvatoris
3300 1890 3473 1945 nostri
3519 1888 3641 1948 Iesu

2067 1978 2290 2046 Christi,
2310 1979 2633 2046 Ludovicus,
2649 1979 2830 2034 divina
2856 1980 3141 2035 ordinante
3159 1979 3520 2051 providentia,
3547 1980 3641 2033 im-

2064 2082 2286 2142 perator
2308 2072 2601 2141 Augustus.

2135 2161 2268 2218 Cum
2304 2163 2655 2235 petitionibus
2692 2176 2974 2217 servorum
3014 2162 3108 2219 Dei
3145 2161 3328 2232 iustis,
3359 2170 3468 2217 etc.
3516 2160 3643 2215 Pro-

2063 2256 2187 2311 inde
2216 2255 2604 2321 immunitates,
2635 2254 2721 2315 avi
2751 2254 3000 2310 videlicet
3031 2254 3221 2321 nostri,
3252 2254 3396 2326 regis
3430 2252 3639 2323 Pippiui

2062 2353 2117 2400 et
2145 2346 2404 2417 genitoris
2429 2345 2598 2400 nostri
2625 2343 2803 2400 Caroli
2826 2342 2981 2398 bonae
3009 2343 3283 2398 memoria:
3306 2342 3636 2414 prmstantis-

2061 2437 2185 2494 simi
2216 2438 2581 2510 imperatoris,
2625 2436 2682 2494 in
2730 2435 2925 2506 quibus
2965 2434 3342 2527 continebatur
3379 2434 3637 2489 inscrtum

2061 2527 2297 2597 qualiter
2324 2527 2467 2585 idem
2496 2527 2708 2600 genitor
2754 2535 2940 2582 noster
2976 2534 3033 2581 et
3073 2534 3446 2607 antecesso‘res
3489 2539 3638 2596 reges

2057 2615 2372 2686 prmdictam
2402 2614 2609 2683 sedem,
2640 2632 2761 2688 qua:
2793 2616 2844 2670 iu
2874 2616 3079 2670 honore
3119 2623 3204 2670 est
3240 2615 3335 2669 Dei
3363 2614 3637 2686 genitricis

2057 2710 2240 2764 Mariae
2271 2725 2590 2780 semperque
2614 2709 2857 2781 virginis,
2890 2708 2959 2763 ob
2981 2722 3222 2763 amorem
3245 2707 3341 2761 Dei
3374 2706 3633 2776 tranquil-

2056 2802 2373 2872 litatemque
2417 2801 2828 2856 consistentium
2882 2799 3131 2866 fratrum,
3184 2799 3285 2853 sub
3328 2797 3636 2869 plenissima

2056 2893 2283 2948 tuitione
2330 2902 2387 2947 et
2435 2890 2794 2947 immunitatis
2823 2890 3134 2946 defensione
3168 2888 3504 2953 habuissent,
3528 2896 3633 2941 etc.

2052 2984 2158 3040 Per
2206 2986 2311 3041 hoc
2362 2991 2691 3055 praeceptum
2740 2991 2942 3039 nostrae
2979 2981 3319 3037 auctoritatis
3349 2980 3635 3036 confirma-

2052 3092 2193 3141 mus,
2232 3084 2339 3131 etc.

2130 3166 2354 3236 Signum
2380 3164 2636 3220 Ludovici
2667 3162 3002 3219 screnissimi
3030 3163 3389 3234 imperatoris.

2130 3256 2414 3313 Durandus
2464 3255 2722 3311 diaconus
2770 3253 2838 3308 ad
2893 3254 3064 3310 vicem
3110 3252 3422 3309 Helisachar
3477 3267 3631 3313 reco-

2057 3351 2239 3422 gnovi.

2125 3442 2260 3496 Data
2310 3454 2444 3497 xvtu
2485 3439 2603 3498 Kal.
2634 3439 2820 3506 Maias,
2850 3453 3015 3504 anno,
3049 3436 3265 3494 Christo
3299 3436 3551 3509 propitio,
3596 3435 3630 3489 3

2054 3531 2258 3586 domini
2304 3530 2560 3587 Ludovici
2596 3530 2823 3602 piissimi
2851 3529 3099 3599 Augusti,
3142 3528 3327 3585 indict.
3355 3528 3408 3582 9.
3444 3526 3630 3582 Actum

2054 3622 2379 3694 Aquisgrani
2412 3622 2561 3694 regio
2584 3621 2785 3692 palatio
2812 3621 2866 3680 in
2894 3619 2990 3677 Dei
3026 3620 3262 3677 nomine.
3287 3618 3481 3674 Amen.

2803 3710 2888 3765 LI.

2420 3816 2517 3857 PRO
2556 3816 2896 3858 NONASTEBIO
2935 3814 3271 3856 FOSSATENSI.

2660 3892 2830 3965 (Anno
2861 3889 3010 3963 816.)

2051 3983 2229 4057 [Apud
2255 3984 2478 4057 Mabill,
2509 3982 2850 4057 Annal._ord.
2891 3981 3204 4057 S._Bened.,
3243 3990 3383 4057 tom.
3408 3979 3473 4048 Il,
3508 3995 3625 4051 pag.

2365 4055 2486 4119 72f,
2515 4071 2583 4109 cx
2609 4053 2919 4107 authentico
2947 4050 3303 4124 Fossatcnsi.]

2121 4145 2177 4198 ln
2218 4146 2433 4199 nomine
2474 4144 2682 4199 Domini
2717 4143 2808 4197 Dei
2855 4150 2910 4197 et
2958 4141 3259 4197 Salvatoris
3305 4143 3479 4197 nostri
3503 4141 3624 4196 Jesu

2050 4234 2271 4301 Christi,
2324 4235 2651 4301 Ludovicus,
2696 4232 2880 4289 divina
2929 4232 3218 4289 ordinante
3268 4231 3622 4301 providentia,

2052 4329 2347 4399 imperator
2376 4329 2666 4395 Augustus.

2120 4421 2254 4476 Cum
2281 4421 2630 4490 petitionibus
2668 4435 2949 4475 servorum
2980 4420 3073 4475 Dei
3117 4420 3282 4490 iustis
3314 4428 3373 4475 et
3399 4420 3623 4475 rationa-

2046 4512 2242 4567 bilibus
2282 4512 2447 4566 divini
2487 4510 2664 4567 cultus
2703 4526 2886 4566 amore
2924 4511 3189 4576 favemus,
3249 4526 3482 4580 superna
3529 4526 3621 4565 nos

2044 4602 2214 4672 gratia
2242 4602 2437 4656 muniri
2464 4616 2571 4657 non
2599 4601 2905 4657 difﬁdimus.
2931 4602 3139 4658 Idcirco
3166 4610 3359 4657 notum
3402 4605 3475 4659 sit
3509 4620 3621 4658 om-

2045 4693 2201 4747 nibus
2229 4690 2474 4746 ﬁdclibus
2508 4692 2728 4758 nostris,
2760 4692 3117 4762 praesentibus
3152 4691 3362 4746 scilicet
3399 4701 3455 4746 et
3483 4692 3619 4746 futu-

2045 4786 2140 4848 ris,
2164 4786 2288 4854 quia
2319 4783 2461 4853 Bego
2489 4783 2662 4837 ﬁdelis
2691 4792 2876 4839 noster
2903 4783 3085 4838 retulit
3116 4784 3399 4839 serenitati
3427 4792 3620 4839 nostra:

2042 4874 2275 4944 qualiter
2296 4874 2564 4943 quoddam
2595 4874 2951 4929 coenobiolum
2991 4874 3047 4928 in
3074 4889 3211 4944 pago
3234 4874 3536 4941 Parisiaeo,
3566 4874 3617 4928 in

2042 4964 2161 5019 loco
2192 4965 2283 5034 qui
2327 4964 2527 5019 dicitur
2564 4965 2842 5032 Fossatus,
2869 4966 2922 5018 in
2946 4965 3152 5021 honore
3174 4966 3461 5022 beatorum
3490 4982 3615 5037 apo-

2043 5055 2300 5109 stolorum
2330 5054 2477 5109 Petri
2516 5063 2572 5110 et
2595 5054 2770 5120 Pauli,
2814 5055 2900 5109 vel
2938 5067 3139 5110 sanctae
3184 5056 3371 5112 Mariae
3410 5072 3616 5127 semper

2039 5147 2263 5217 virginis
2283 5154 2671 5209 constructum,
2691 5146 2855 5200 situm
2877 5161 3037 5218 super
3053 5146 3274 5205 ﬂuvium
3298 5148 3611 5211 Maternam,

2039 5239 2128 5291 ubi
2152 5237 2277 5291 olim
2304 5235 2555 5291 monachi
2578 5236 2677 5289 sub
2706 5243 2892 5291 sancta
2920 5236 3100 5307 regula
3128 5236 3453 5307 deguerunt,
3482 5252 3615 5309 pene

2036 5328 2370 5381 destructum
2396 5326 2698 5391 inveniens,
2724 5327 2793 5381 ob
2816 5327 3233 5384 emolumentum
3273 5329 3469 5384 anima:
3506 5345 3612 5383 sua“:

2035 5419 2284 5472 eumdem
2328 5417 2505 5472 locum
2546 5402 2824 5487 assumpto
2868 5418 3053 5475 labore
3082 5428 3412 5485 restaurare,
3456 5431 3513 5476 et
3543 5420 3610 5474 ad

2032 5509 2319 5577 pristinum
2348 5515 2548 5560 statum
2573 5523 2834 5563 revocare
2871 5510 3098 5564 curavit.
3131 5508 3239 5566 Sed
3268 5511 3354 5566 his
3379 5510 3605 5582 peractis

2034 5600 2254 5655 veniens
2280 5606 2405 5655 ante
2441 5599 2786 5668 praesentiam
2814 5608 3054 5654 nostram
3084 5602 3483 5657 commendavit
3508 5615 3602 5656 no-

2028 5692 2111 5747 bis
2139 5692 2279 5748 idem
2309 5690 2716 5760 monasterium,
2757 5707 2882 5747 cum
2924 5692 3141 5762 abbate,
3180 5693 3399 5751 nomine
3434 5691 3595 5748 Bene-
